4018 6314
1408 591 2419 723 PR/EFATIO.

370 955 420 1010 l.
448 954 665 1011 Librum
691 956 1154 1012 Sacramentorum
1197 954 1397 1023 absque
1423 950 1527 1005 ulla
1560 948 1892 1004 dubitatione
1933 946 2171 1002 omnium
2197 943 2656 1017 antiquissimum,
2687 959 2843 1017 quem
2866 947 3038 1016 primo
3059 948 3178 1003 loco
3204 945 3547 1018 proferimus,

276 1048 452 1104 Lsom
478 1049 669 1106 Masso
692 1050 1004 1120 ascriptum,
1034 1063 1175 1105 anno
1205 1047 1345 1103 1755
1374 1045 1512 1116 typis
1540 1043 1689 1097 dedit
1728 1042 1789 1096 P.
1821 1040 2021 1110 Joseph
2058 1038 2403 1095 Blanchinius
2446 1048 2592 1094 tomo
2622 1050 2813 1110 quarto
2859 1043 3121 1097 Anastasii
3150 1040 3551 1098 Bibliothecarii

272 1156 396 1197 cum
425 1142 525 1197 hac
552 1142 903 1213 inscriptione
930 1160 941 1194 :
974 1140 1151 1197 Codex
1175 1140 1635 1196 Sacramentorum
1664 1146 1803 1187 vetus
1830 1131 2073 1186 Romanae
2110 1130 2355 1185 Ecclesia
2376 1148 2405 1185 a
2435 1132 2495 1188 S.
2519 1130 2689 1185 Leone
2717 1150 2851 1203 papa
2880 1134 3133 1203 confectus
3168 1138 3387 1206 primum
3429 1151 3550 1204 pro-

272 1231 351 1285 dit
381 1248 407 1286 e
430 1249 526 1287 ms.
560 1233 690 1288 libro
712 1242 829 1287 ante
858 1234 996 1287 mille
1016 1248 1177 1285 annos
1207 1229 1522 1298 conscripto,
1552 1226 1640 1294 qui
1668 1233 1829 1279 exstat
1862 1224 1917 1277 in
1946 1224 2244 1278 bibliotheca
2289 1224 2591 1297 amplissimi
2620 1225 2834 1292 capituli
2864 1224 3186 1281 Veronensis.
3216 1226 3327 1281 Non
3360 1236 3441 1283 est
3470 1228 3549 1281 in-

274 1333 427 1395 teger
457 1325 652 1393 codex,
685 1325 779 1381 sed
805 1325 1047 1390 mutilus,
1072 1339 1101 1379 e
1123 1338 1231 1394 quo
1253 1322 1417 1377 multa
1442 1319 1565 1375 folia
1596 1319 1749 1373 initio
1770 1318 2102 1384 exciderunt,
2132 1318 2377 1374 nimirum
2401 1334 2429 1373 a
2451 1318 2705 1374 Januario
2722 1320 2788 1374 ad
2813 1320 3049 1376 medium
3082 1323 3315 1392 Aprilem
3342 1337 3507 1391 usque
3535 1338 3548 1373 :

274 1414 422 1471 unde
450 1430 513 1470 ea
548 1415 856 1486 inscriptio,
884 1431 988 1485 qua
1011 1414 1073 1470 8.
1099 1414 1209 1468 Leo
1240 1428 1377 1483 papa
1406 1411 1559 1481 hujus
1588 1409 2002 1466 Sacrainentarii
2031 1419 2216 1464 auctor
2244 1424 2337 1465 seu
2366 1412 2684 1480 compilator
2725 1414 2975 1479 traditur,
3008 1429 3113 1469 non
3151 1430 3216 1469 ex
3258 1408 3551 1467 manuscﬂ~

271 1520 391 1580 pto,
424 1510 519 1565 sed
551 1525 621 1565 ex
650 1508 875 1565 editoris
905 1509 1171 1565 sententia
1200 1508 1439 1576 apposita
1472 1504 1591 1558 fuit.
1622 1503 1770 1557 Hanc
1794 1502 2010 1571 quidem
2038 1502 2341 1571 opinionem
2368 1519 2473 1557 non
2502 1504 2653 1573 pauci
2678 1504 3064 1575 approbarunt,
3096 1506 3235 1560 inter
3260 1520 3397 1575 quos
3419 1519 3551 1574 prae.

274 1602 439 1671 cipue
474 1603 811 1657 nominamus
836 1600 1148 1670 Gajetanum
1179 1598 1440 1653 Cennium
1464 1598 1516 1651 in
1548 1596 1925 1651 dissertatione
1947 1597 2011 1649 de
2033 1596 2264 1650 Romana
2288 1597 2543 1651 Cathedra
2574 1600 2773 1654 inserta
2800 1609 2943 1654 tonio
2968 1600 3036 1655 IV
3057 1601 3327 1657 Anastasii
3358 1602 3557 1655 Biblio-

246 1696 249 1697 ⁷
278 1692 509 1750 thecarii
536 1693 566 1765 ς
606 1694 661 1747 Η
700 1702 754 1747 et
786 1692 870 1759 l2,
896 1708 1015 1762 pag.
1048 1690 1171 1755 152,
1202 1701 1255 1745 et
1284 1690 1518 1744 editores
1548 1688 1779 1743 Missalis
1820 1688 2133 1741 Parisiensis
2166 1688 2290 1742 anni
2328 1688 2483 1753 1759,
2522 1690 2607 1759 qui
2642 1689 2783 1744 idem
2827 1690 3311 1745 Sacramentarium
3362 1692 3554 1761 insigni

269 1783 451 1851 elogio
475 1780 937 1848 commendantes,
972 1780 1289 1851 proﬁtentur
1323 1794 1381 1833 se
1409 1794 1474 1833 ex
1510 1794 1576 1833 eo
1606 1778 1902 1849 sumpsisse
1932 1792 2104 1849 preces
2133 1779 2383 1849 plurimas
2420 1781 2658 1833 eximiam
2696 1784 2931 1851 pietatm
2963 1784 3234 1854 spirantes,
3274 1782 3554 1855 Magnique

264 1875 479 1943 Leonis,
503 1876 587 1931 cui
619 1884 874 1947 tamquam
900 1885 1036 1929 certo
1066 1876 1260 1929 auctori
1284 1874 1590 1937 tribuuntur,
1612 1872 1805 1943 stglum
1834 1888 1894 1925 ac
1924 1872 2212 1926 doctrinam
2241 1874 2534 1944 referentes.
3392 1900 3401 1905 -

336 1965 391 2019 2.
435 1965 543 2021 Alii
568 1980 700 2023 vero
730 1968 778 2021 in
807 1966 1049 2021 diversas
1078 1964 1369 2019 sententias
1401 1963 1603 2019 abiere.
1633 1964 1691 2017 P.
1722 1962 1922 2034 Joseph
1944 1964 2277 2034 Augustinus
2302 1965 2422 2020 Orsi
2457 1964 2660 2022 ordinis
2689 1966 3125 2036 Prredicatorum,
3168 1971 3409 2040 pluribus
3452 1985 3551 2027 no-

260 2061 507 2117 minibus
540 2061 793 2125 celebris,
817 2060 886 2115 ab
906 2060 1092 2115 eodem
1117 2059 1434 2115 Blanchinio
1457 2071 1696 2132 rogatus,
1722 2064 1773 2117 in
1806 2064 2168 2134 manuscripta
2194 2064 2418 2134 epistola
2447 2078 2597 2119 suam
2622 2067 2926 2137 opinionem
2945 2069 3229 2139 expressit.
3263 2068 3337 2125 lbi
3369 2080 3551 2125 autem

260 2160 479 2219 censet,
510 2155 612 2210 hoc
638 2154 1128 2211 Sacramentarium
1153 2170 1272 2210 esse
1304 2170 1488 2211 verum
1520 2166 1574 2210 et
1603 2171 1792 2225 purum
1824 2155 2190 2225 Gelasianum,
2223 2158 2297 2213 ita
2328 2166 2387 2213 ut
2417 2158 2570 2227 illud,
2600 2161 2739 2230 quod
2763 2176 2791 2214 a
2825 2177 2947 2217 ven.
2974 2163 3234 2217 cardinali
3258 2162 3549 2219 Thomasio

264 2250 497 2317 editum,
527 2259 582 2305 et
613 2248 833 2305 Gelasio
863 2250 1174 2304 attributum
1208 2250 1327 2317 fuit,
1366 2250 1431 2303 ad
1468 2259 1741 2304 auctorem
1774 2250 1875 2306 hoc
1907 2251 2157 2320 pontiﬁce
2189 2254 2542 2323 posteriorem
2577 2256 2860 2324 pertineat.
2886 2256 3032 2312 lianc
3060 2258 3304 2314 eamdem
3338 2257 3548 2327 opinio-

261 2358 387 2398 nem
424 2343 777 2413 propugnavit
818 2342 879 2397 P.
909 2341 1205 2412 Gajetanus
1229 2343 1397 2398 Maria
1423 2342 1655 2398 Meratus
1684 2343 1909 2399 clericus
1930 2346 2189 2415 regularis
2220 2347 2271 2401 in
2314 2346 2780 2404 observationibus
2808 2360 2860 2406 et
2904 2350 3267 2406 additionibus
3294 2351 3360 2406 ad
3406 2350 3552 2407 The-

266 2452 493 2493 saurum
548 2452 825 2493 sacrorum
870 2438 1070 2492 rituum
1098 2437 1476 2493 Bartholomtei
1504 2438 1734 2493 Gavanti
1764 2448 1894 2494 tom.
1918 2439 1961 2509 l,
1995 2451 2130 2511 part.
2167 2457 2205 2507 ι,
2230 2456 2349 2513 pag.
2377 2443 2427 2498 8.
2467 2442 2525 2499 P.
2562 2443 2825 2500 Eusebius
2853 2448 3042 2501 Amort
3076 2447 3366 2501 canonicus
3396 2462 3551 2516 regu-

263 2533 397 2588 laris
425 2532 773 2604 Pollinganus
803 2533 855 2587 in
890 2531 1117 2603 epistola
1147 2547 1249 2587 ms.
1279 2533 1345 2587 ad
1370 2531 1431 2587 P.
1478 2532 1875 2601 Blanchinium,
1908 2534 2177 2591 Gelasium
2213 2538 2427 2608 quidem
2482 2539 2639 2609 hujus
2681 2541 3092 2597 Sacramentarii
3124 2554 3401 2598 auctorem
3442 2558 3550 2598 non

264 2629 526 2695 credidit;
558 2637 614 2683 at
654 2643 751 2684 nec
785 2627 946 2683 Leoni
986 2641 1201 2698 prorsus
1230 2627 1525 2694 ascribens,
1560 2628 1764 2698 inquit:
1802 2627 1924 2683 Non
1950 2642 2022 2685 est
2056 2646 2185 2700 opus
2222 2633 2371 2686 unius
2396 2633 2619 2707 alicujus
2651 2634 2927 2703 pontiﬁcis,
2960 2636 3050 2689 sed
3085 2646 3155 2689 est
3188 2635 3552 2691 Sacramenta-

265 2725 397 2778 rium
430 2725 785 2780 Romanorum
808 2722 1129 2794 pontiﬁcum,
1163 2738 1259 2777 usu
1288 2732 1545 2791 receptum
1578 2722 1757 2791 primis
1783 2722 2112 2793 imparibus,
2145 2733 2351 2777 auctum
2380 2736 2547 2780 tamen
2573 2734 2619 2779 et
2647 2726 3009 2793 interpolatum
3047 2744 3135 2795 per
3166 2728 3333 2782 varios
3374 2728 3549 2799 ponti-

271 2816 385 2885 ﬁces
410 2814 656 2887 usquead
684 2825 910 2883 tempora
940 2811 1132 2867 Gelasii
1158 2829 1327 2884 papa.
1354 2813 1661 2884 Specialiter
1681 2814 1735 2866 in
1766 2816 1861 2867 hoc
1893 2810 2313 2868 Sacramentario
2352 2826 2701 2885 agnoscuntur
2735 2834 2915 2871 manus
2960 2818 3098 2872 Sixti
3139 2816 3255 2882 III,
3290 2819 3475 2872 Leonis
3514 2818 3545 2873 Ι

274 2918 317 2987 et
343 2908 536 2964 Felicis
563 2906 684 2963 111.
720 2907 1022 2962 Ludovicus
1049 2897 1368 2961 bluratorius
1400 2908 1452 2961 in
1484 2908 1865 2962 dissertatione
1906 2906 1973 2960 de
2021 2908 2238 2977 Origine
2282 2923 2450 2961 sacra:
2501 2909 2746 2977 liturgizr,
2796 2910 3068 2977 prtemissa
3111 2910 3258 2976 operi
3293 2910 3553 2979 inscripto

278 2980 505 3073 Liturgia
546 3002 781 3056 Romana
823 3008 981 3066 vetus,
1008 3012 1126 3066 cap.
1166 3000 1222 3067 5,
1253 2998 1320 3053 ad
1351 2997 1545 3052 Felicis
1584 2997 1648 3052 lll
1686 3006 1899 3051 aetatem
1937 2996 2036 3051 hoc
2066 2999 2555 3053 Sacramentarium
2600 2998 2935 3054 referendum
2971 3011 3145 3069 putat;
3181 3002 3251 3053 ita
3286 3012 3461 3055 tamen
3493 3010 3553 3055 ut

291 3093 400 3161 ejus
423 3104 689 3151 auctorem
720 3110 823 3148 non
855 3092 1043 3149 credat
1062 3092 1235 3162 ipsum
1264 3092 1498 3147 Felicem
1529 3092 1616 3158 Ill,
1645 3093 1738 3147 sed
1762 3091 1997 3159 aliquem
2030 3094 2215 3158 alium,
2247 3094 2332 3161 qui
2366 3109 2729 3163 quascumque
2759 3097 2957 3163 reperit
3000 3097 3273 3149 orationes
3306 3111 3368 3152 ac
3408 3111 3546 3165 prm-

300 3180 510 3239 fationes
530 3184 579 3237 in
611 3200 770 3239 unum
797 3184 1038 3239 codicem
1064 3182 1249 3238 retulit
1272 3182 1391 3236 sine
1423 3192 1674 3237 accurato
1704 3182 1793 3235 illo
1816 3180 2026 3235 delectu
2048 3192 2099 3235 et
2122 3182 2334 3248 ordine,
2367 3198 2523 3252 quem
2549 3185 2623 3238 rei
2653 3185 2887 3254 gravitas
2913 3188 3262 3256 exposcebat.
3297 3188 3419 3243 Post
3446 3188 3543 3241 hos

289 3272 670 3333 Blanchinianrc
702 3277 985 3334 sententias
1013 3275 1379 3332 defensionem
1411 3275 1644 3344 suscepit
1680 3274 1775 3329 Co.
1808 3273 2039 3330 Jacobus
2072 3277 2326 3331 Acamius
2378 3276 2563 3331 fusiori
2592 3293 2754 3347 opere
2792 3278 2969 3336 ltalice
3019 3281 3219 3349 scripto
3259 3293 3312 3337 et
3358 3282 3541 3337 Roma:

280 3373 532 3440 impresso
555 3389 694 3428 anno
732 3372 884 3436 1748,
918 3387 1039 3427 cum
1079 3369 1267 3425 titulo:
1318 3367 1455 3423 Dell’
1498 3367 1767 3434 antichita,
1799 3376 1996 3429 autore,
2021 3384 2049 3421 e
2088 3369 2233 3439 prcgj
2262 3368 2344 3420 del
2381 3366 2801 3424 Sacramentario
2851 3370 3097 3426 Veronese
3130 3373 3418 3441 pubblicato
3460 3373 3550 3426 dal
3636 3368 3637 3371 “

276 3460 354 3518 Μ.
378 3464 439 3519 R.
466 3464 532 3520 P.
563 3466 820 3538 Giuseppe
851 3464 1127 3519 Biancltini
1148 3463 1286 3518 della
1313 3462 1712 3534 congregazione
1737 3460 1859 3515 dell‘
1891 3460 2131 3515 Oratorio
2160 3461 2243 3515 nel
2268 3470 2392 3517 tom.
2416 3459 2501 3516 IV
2530 3464 2583 3516 di
2611 3464 2885 3519 Anastasio
2916 3465 3275 3521 Bibliotecario
3297 3510 3309 3532 ,
3362 3470 3550 3523 diaer-

272 3559 463 3613 tasione
489 3562 813 3633 apologetica
842 3560 1119 3627 tripartito.
1157 3557 1397 3613 Tandem
1429 3571 1555 3611 vero
1580 3541 1643 3611 Ρ.
1668 3555 1930 3611 Antonius
1964 3556 2285 3613 Franciscus
2306 3557 2564 3613 Vezosius
2593 3558 2822 3615 clericus
2852 3563 3115 3631 regularis
3148 3564 3199 3616 in
3235 3563 3549 3633 priefatiouc

267 3654 331 3709 ad
362 3664 489 3711 tom.
517 3654 584 3711 γι
603 3655 838 3725 Operum
870 3654 1193 3710 venerabilis
1231 3653 1381 3709 card.
1416 3652 1709 3717 Thomasii,
1759 3667 1879 3707 cum
1922 3652 1975 3707 in
2025 3654 2077 3707 id
2110 3669 2272 3708 unum
2316 3655 2613 3721 incumbat,
2645 3667 2702 3710 ut
2734 3657 3221 3715 Sacramentarium
3262 3662 3328 3715 ab
3358 3663 3547 3717 eodem

268 3750 525 3805 cardinali
558 3750 760 3805 editum
787 3750 1053 3814 vindicet;
1086 3762 1203 3802 eam
1235 3746 1403 3801 solam
1434 3746 1751 3800 sententiam
1776 3744 1989 3809 refellit,
2014 3759 2133 3815 qua:
2157 3745 2645 3801 Sacramentarium
2671 3762 2699 3800 a
2727 3747 3040 3804 Blanchiuio
3071 3751 3342 3821 vulgatum
3370 3754 3546 3808 cidem

268 3840 478 3896 Gelasio
499 3840 793 3910 adjudicat.
825 3839 939 3894 Etsi
963 3852 1093 3893 vero
1124 3837 1281 3907 hujus
1306 3845 1579 3891 auctorem
1627 3836 1868 3891 exactius
1892 3835 2166 3905 inquirere
2192 3852 2223 3891 e
2251 3852 2311 3893 re
2346 3852 2439 3892 sua
2481 3852 2585 3891 non
2635 3840 2856 3907 putavit,
2889 3841 3164 3896 notatione
3198 3852 3373 3897 tamen
3419 3846 3453 3897 2
3494 3846 3548 3898 ἱη

265 3932 506 3988 eamdem
533 3931 899 4001 prmfationem
924 3942 1040 3995 eos,
1068 3928 1160 3999 qui
1186 3926 1354 3982 Leoni
1383 3927 1509 3982 illud
1542 3936 1813 3994 asserunt,
1843 3927 2245 3983 difficultatibus
2270 3943 2375 3983 non
2398 3930 2557 3998 plane
2579 3930 2902 3986 satisfecisse
2927 3934 3251 4001 pronuntiat.
3280 3936 3550 3994 Hactenus

268 4028 550 4098 opiniones
577 4027 754 4083 varias
784 4025 1155 4095 exposuimus.
1188 4021 1331 4089 Quid
1356 4034 1535 4078 autem
1584 4023 1637 4077 in
1686 4032 1831 4078 tanta
1875 4023 2136 4080 varietate
2163 4031 2371 4080 certum
2403 4034 2493 4079 aut
2535 4024 2865 4095 probabilius
2906 4028 3059 4083 nobis
3094 4026 3355 4093 videatur,
3408 4047 3548 4087 nunc

261 4132 655 4189 prOponemus.

252 4252 253 4255 η
334 4209 390 4265 3.
435 4207 620 4265 Primo
651 4216 862 4264 certum
891 4206 1185 4274 credimus,
1211 4207 1313 4263 hoc
1339 4206 1831 4263 Sacramentarium
1860 4206 2160 4261 Romanum
2187 4222 2307 4262 esse
2330 4216 2385 4261 et
2410 4206 2830 4262 vetustissimum
2861 4210 3099 4263 omnium
3130 4224 3249 4278 quae
3284 4212 3547 4270 hactenus

261 4302 544 4372 prodiere.
574 4300 900 4365 Romanum,
933 4316 1029 4356 seu
1058 4300 1248 4355 Missas
1274 4302 1559 4355 continens
1588 4298 1845 4353 Romanae
1876 4296 2133 4352 Ecclesiae
2161 4298 2425 4366 proprias,
2461 4306 2657 4366 praeter
2685 4298 2785 4351 alia
2824 4300 2985 4353 multa
3018 4300 3245 4367 probant
3270 4304 3397 4373 ipsae
3427 4322 3547 4374 pre-

257 4405 383 4448 cum
414 4392 682 4460 formulre,
720 4406 841 4462 quas
887 4400 1192 4446 sanctorum
1231 4391 1596 4461 apostolorum
1647 4389 1793 4445 Petri
1832 4396 1887 4443 et
1915 4386 2067 4442 Pauli
2098 4403 2160 4442 ac
2194 4401 2501 4443 sanetorum
2533 4387 2755 4443 Joannis
2786 4399 2839 4445 et
2877 4391 3023 4446 Pauli
3070 4407 3293 4463 corpora
3343 4397 3393 4451 in
3433 4398 3548 4465 ipsa

261 4487 409 4543 Urbe
439 4484 696 4541 tumulata
724 4482 1024 4547 afﬁrmant;
1058 4481 1232 4537 Missa
1264 4482 1317 4536 in
1348 4481 1758 4537 consecratione
1784 4479 1873 4536 vel
1914 4478 2251 4549 depositione
2280 4478 2640 4534 Romanorum
2686 4482 3016 4549 pontiﬁcum,
3044 4500 3264 4547 quorum
3314 4504 3417 4540 una
3452 4507 3547 4545 ex-

257 4596 455 4653 presse
477 4581 634 4637 estin
668 4578 1007 4647 depositione
1030 4576 1089 4632 S.
1113 4576 1357 4633 Silvestri
1389 4592 1515 4633 cum
1551 4577 1655 4631 alia
1686 4576 1932 4632 oratione
1959 4576 2009 4629 in
2042 4575 2379 4645 depositione
2406 4575 2461 4631 S.
2501 4576 2760 4646 Simplicii
2800 4578 2908 4648 (a);
2942 4581 3375 4638 denuntiatimies
3412 4586 3551 4654 jeju-

256 4674 483 4730 niorum
507 4686 627 4726 cum
664 4669 857 4741 vigiliis
878 4669 1082 4724 sabbati
1115 4669 1254 4739 apud
1284 4669 1345 4723 Β.
1378 4668 1628 4736 Petrum;
1658 4683 1721 4723 ac
1747 4668 1948 4723 mentio
1978 4669 2409 4723 cmmeteriorum
2436 4680 2489 4721 et
2518 4669 2753 4725 locorum
2788 4671 3042 4728 Romanae
3080 4677 3223 4729 urbis
3259 4680 3308 4731 in
3355 4680 3548 4746 quibus

250 4782 423 4823 sacra
447 4764 838 4835 peragebantur
874 4762 972 4833 (ὁ),
999 4776 1223 4832 quaeque
1248 4762 1408 4831 plane
1430 4763 1721 4816 concinunt
1748 4776 1870 4815 cum
1892 4760 1995 4817 illis
2023 4762 2310 4828 descriptis
2342 4762 2391 4814 in
2425 4758 2747 4815 Kalendurio
2782 4764 3135 4830 Bucheriano,
3167 4769 3305 4834 quod
3346 4767 3546 4823 Roma-
3616 4758 3621 4765 “

249 4877 391 4916 num
423 4874 547 4915 esse
575 4873 763 4914 omnes
788 4857 1149 4913 consentiunt.
1190 4855 1620 4912 Vetustissimum
1649 4867 1828 4910 autem
1874 4857 2114 4911 omnium
2146 4856 2481 4910 demonstrat
2524 4854 2637 4923 ipsa
2686 4855 2901 4909 collatio
2934 4871 3054 4911 cum
3113 4858 3546 4913 Sacramentario

249 4951 578 5016 Gelasiano,
600 4950 769 5021 quod,
804 4949 883 5005 uti
905 4950 1175 5021 vulgatum
1205 4958 1306 5016 est,
1339 4948 1539 5018 aliquot
1571 4951 1888 5017 posterioris
1918 4952 2088 5003 astatis
2116 4949 2478 5004 additamenta
2508 4950 2747 5019 recepit:
2783 4960 2837 5004 at
2868 4951 2918 5005 iu
2966 4960 3147 5006 nostro
3176 4951 3311 5006 nihil
3351 4968 3540 5007 occur-

247 5044 329 5099 rit
359 5042 508 5115 quod
555 5043 810 5099 saeculum
842 5042 1085 5114 quintum
1118 5051 1431 5109 pmtereat;
1464 5043 1604 5097 unde
1633 5042 1732 5097 hoc
1765 5053 2003 5097 nostrum
2035 5041 2209 5096 nullas
2239 5057 2305 5095 ex
2333 5038 2444 5095 illis
2472 5040 2863 5110 objectionibus
2909 5041 3155 5107 incurrit,
3185 5060 3315 5113 quas
3346 5043 3411 5096 ad
3442 5058 3541 5096 au-

248 5140 571 5211 tiquitatem
596 5137 989 5195 extenuandam
1019 5138 1328 5193 heterodoxi
1374 5138 1659 5193 Gelasiano
1685 5152 1965 5207 perperam
1998 5136 2364 5190 obtruserunt.
2397 5132 2534 5188 Num
2578 5150 2707 5189 vero
2746 5133 2887 5189 istud
2935 5132 3111 5205 potius
3149 5136 3320 5204 quam}
3349 5134 3477 5187 illud
3509 5152 3537 5187 a

248 5230 532 5287 cardinali
552 5232 841 5288 Thomasio
864 5232 1090 5296 editum,
1122 5231 1191 5285 sit
1219 5246 1401 5285 verum
1429 5230 1921 5287 Sacramentarium
1947 5228 2167 5296 Gelasii,
2192 5228 2430 5283 dicemus
2472 5238 2678 5297 postea.

328 5323 393 5378 4.
432 5321 655 5378 Certum
678 5337 892 5394 quoque
922 5331 1024 5385 est,
1056 5322 1109 5377 in
1139 5322 1240 5377 hoc
1268 5322 1703 5400 Sacramentario
1734 5322 1898 5376 multa
1922 5321 2141 5393 quidem
2165 5320 2431 5377 contineri
2460 5320 2795 5376 diversorum
2823 5328 3130 5384 auctorum;
3156 5328 3208 5371 at
3240 5332 3343 5372 non
3377 5334 3543 5387 pauca

234 5412 334 5470 ".ta
360 5415 565 5472 Leonis
592 5414 767 5486 Magni
792 5416 990 5487 stylum
1018 5431 1079 5470 ac
1102 5417 1347 5486 spiritum
1378 5416 1689 5486 praeferunt,
1720 5423 1777 5471 ut
1801 5430 1862 5471 ea
1898 5414 1969 5470 ab
2010 5415 2113 5470 hoc
2144 5423 2331 5470 sancto
2362 5414 2615 5480 pontiﬁce
2654 5414 2927 5468 lucubrata
2972 5411 3132 5466 fuisse
3173 5411 3544 5479 probabilissi-

253 5527 419 5568 mum
450 5511 537 5567 sit.
570 5510 746 5567 Unum
793 5510 930 5565 haud
959 5525 1082 5566 esse
1121 5511 1362 5566 omnium
1411 5525 1627 5579 precum
1658 5519 1713 5565 et
1744 5508 2117 5580 praefationum
2162 5519 2461 5575 auctorem,
2513 5517 2708 5579 praster
2745 5503 3203 5562 evidentissimum
3250 5503 3541 5564 discrimen

244 5604 420 5677 styli,
439 5605 527 5675 qui
561 5604 614 5660 in
640 5604 760 5660 aliis
790 5606 1085 5671 remissior,
1116 5605 1169 5659 in
1200 5604 1325 5659 aliis
1354 5603 1639 5659 sublimior
1666 5613 1771 5670 est,
1798 5602 2080 5661 multitudo
2103 5604 2265 5660 etiam
2295 5602 2577 5658 Missarum
2608 5603 2662 5657 in
2686 5601 2888 5669 aliquot
2914 5598 3343 5654 solemnitatibus
3368 5604 3541 5671 palam
3616 5588 3619 5591 ἰ

340 5804 425 5871 (α)
466 5800 596 5855 Vide
623 5803 860 5857 ultimam
885 5803 1095 5857 Missnm
1119 5804 1306 5859 Octob.

340 5873 422 5941 tl»)
456 5872 585 5926 l'ide
608 5874 763 5941 epist.
792 5874 859 5929 25
890 5873 1180 5929 Innocentii
1209 5875 1249 5941 Ι,
1276 5889 1303 5928 a

340 5888 399 5915 il)

506 5874 585 5926 ide
608 5874 763 5943 epist.
792 5874 859 5929 25
890 5873 1180 5929 Innocentii
1209 5875 1249 5943 Ι,
1276 5874 1341 5929 ad
1375 5874 1703 5940 Decentium,
1731 5890 1847 5943 cap.
1888 5874 1905 5925 l
1939 5874 2121 5942 (Tomo
2156 5873 2255 5926 XX
2286 5872 2639 5939 l'ttlrulvgla‘).

642 5970 906 6029 ΡΑτηοι..
960 5968 1080 6027 LV.

3059 5962 3089 6021 ι
