4018 6314
462 356 521 416 tt
1904 355 2308 437 ,VPRASFATIO.
3670 355 3757 412 ιε

424 477 618 541 εΐειεῑιε
641 488 814 546 neque
844 475 985 531 enim
1016 473 1272 530 credibile
1294 480 1377 529 est
1398 489 1495 544 pro
1525 486 1632 552 uno
1656 471 1953 543 eodemque
1982 472 2121 528 festo
2152 481 2230 526 tot
2260 487 2322 527 ac
2344 482 2449 527 tam
2479 470 2721 527 diversas
2741 469 2926 524 Missas
2955 475 3009 523 et
3030 480 3217 538 preces
3242 467 3308 521 ab
3333 480 3437 522 uno
3467 468 3752 539 scriptore

430 554 764 628 'lucubratas
785 568 971 624 fuisse.
1002 568 1057 623 In
1084 567 1165 621 his
1194 579 1373 623 autem
1409 568 1669 637 permulta
1701 566 1994 622 Leoninam
2040 564 2310 619 scribendi
2352 565 2612 620 rationem
2644 578 2853 633 sapere,
2880 577 3086 627 omnes,
3111 562 3208 615 etsi
3254 560 3321 616 de
3359 560 3515 629 hujus
3566 563 3750 617 colle-

463 669 659 721 ctionis
684 676 909 720 auctore
936 665 986 717 in
1020 664 1195 717 varias
1226 664 1517 717 sententias
1545 662 1798 727 abierint,
1830 661 2154 718 unanimiter
2177 662 2512 731 proﬁtentur.
2537 660 2856 728 Quesnellus
2889 659 2941 713 in
2971 658 3087 728 ipso
3115 657 3408 712 Pontiﬁcali
3438 673 3500 712 ac
3530 658 3751 715 Missaii

459 757 705 812 Romano
727 756 967 824 quaedam
996 755 1230 809 Leoniua
1258 770 1546 822 superesse
1577 752 1828 823 pervidit,
1865 770 1981 822 quae
2025 768 2089 807 ex
2127 760 2313 807 nostro
2357 752 2789 807 Sacramentario
2828 750 3071 805 derivata
3113 760 3425 804 noscuntur.
3472 750 3748 807 Mouitum

461 850 631 916 ipsius
655 850 825 903 tribus
856 849 1191 903 documentis
1220 848 1412 903 exinde
1444 848 1719 917 cxcerptis
1748 856 1801 901 et
1830 857 1950 916 post
1994 862 2272 901 sermones
2298 845 2528 915 vulgatis
2555 845 2622 899 ab
2662 860 2728 900 eo
2762 844 3095 914 praemissum
3133 843 3235 897 hoc
3265 842 3383 897 loco
3416 844 3739 911 inserimus,
3824 828 3825 835 “

464 957 585 994 cum
628 941 679 994 id
707 940 847 1011 quod
879 941 1253 1011 proposuimus
1296 939 1520 993 miriﬁce
1548 948 1767 993 statuat.
1801 938 1902 1005 Qui
1926 936 2232 1007 Pontiﬁcale
2263 936 2571 1007 Missaleque
2598 936 2889 991 Romanum
2910 935 3065 1007 paulo
3094 936 3332 991 attentius
3365 935 3561 1005 legerit,
3592 937 3738 991 haud

461 1032 665 1104 diﬁicile
692 1034 1033 1102 deprehendet
1057 1032 1278 1102 plurima
1302 1032 1381 1085 his
1405 1033 1595 1086 inserta
1630 1032 1751 1103 legi,
1774 1047 1890 1103 quas
1919 1029 2201 1085 Leoninam
2227 1031 2455 1101 phrasim
2495 1030 2865 1101 dictionemquc
2896 1031 3103 1084 omnino
3144 1029 3395 1097 redolent,
3429 1038 3481 1082 ut
3518 1029 3742 1086 dubium

458 1124 599 1193 apud
622 1140 698 1176 me
726 1141 826 1177 non
850 1125 935 1192 sit,
961 1138 1197 1193 magnam
1223 1138 1397 1177 eorum
1421 1132 1640 1194 partem,
1673 1139 1787 1189 aute
1827 1123 1906 1176 uel
1934 1123 1987 1176 in
2025 1122 2207 1192 oﬂiciis
2244 1123 2615 1187 ecclesiasticis,
2652 1124 2981 1193 antiquarum
3015 1124 3293 1193 praesertim
3332 1126 3740 1194 solemuitatum,

463 1218 682 1273 Paschte
709 1226 831 1291 puta
854 1227 898 1273 et
929 1217 1275 1279 Pentecosles,
1299 1217 1596 1282 recitantur,
1631 1218 1709 1271 vel
1738 1218 1790 1270 in
1812 1234 2076 1272 sacrorum
2103 1219 2345 1272 ordinum
2365 1218 2703 1274 celebratione
2726 1236 2757 1273 α
2776 1220 3096 1274 sanctissimo
3113 1220 3353 1290 pontiﬁce
3376 1217 3545 1273 Leone
3572 1216 3607 1272 Ι
3628 1235 3746 1274 esse

426 1326 431 1331 '
458 1314 741 1383 composita
772 1315 847 1367 vel
869 1314 1122 1367 restituta.
1158 1310 1303 1364 Inter
1324 1310 1435 1365 hazc
1463 1314 1793 1367 numeranda:
1823 1314 1946 1366 mihi
1993 1314 2227 1368 videnlur
2259 1312 2604 1383 Prwfationes
2637 1329 2750 1384 quae
2777 1312 2976 1368 Canoni
3008 1312 3183 1367 Missa:
3214 1314 3613 1382 pru’mittuntur,
3646 1328 3745 1369 nec

444 1426 558 1488 σου
585 1417 633 1460 et
653 1408 769 1461 alite
789 1408 926 1471 duce,
950 1423 1075 1475 quas
1101 1405 1250 1459 habet
1276 1405 1583 1471 Ponti/icale
1611 1406 1925 1471 Romanum,
1952 1404 2116 1461 altera
2144 1408 2197 1462 in
2218 1408 2441 1477 episcopi
2470 1408 2869 1473 consecratione,
2899 1405 3070 1460 altera
3104 1407 3157 1460 in
3181 1406 3504 1459 ordinatione
3525 1406 3743 1477 presby-

454 1504 569 1557 teri.
602 1500 885 1569 Utramque
908 1500 989 1553 hic
1014 1500 1340 1553 inserendam
1370 1499 1613 1553 duximus
1634 1516 1747 1553 cum
1769 1497 2082 1555 allocutione
2107 1502 2331 1572 quadam
2352 1502 2703 1555 archidiaconi
2732 1500 2801 1554 ad
2827 1502 3144 1570 episc0pum,
3175 1514 3289 1569 qua
3312 1501 3367 1553 in
3394 1501 3570 1553 eodem
3596 1499 3742 1554 Pon-

456 1596 642 1665 tiﬁcali
672 1596 827 1663 iacet,
849 1611 943 1664 pro
970 1595 1378 1648 reconciliatione
1410 1594 1782 1661 pmnitentium.
1811 1594 2096 1648 Asserenda
2122 1593 2231 1649 haec
2270 1593 2427 1649 Leoni
2455 1610 2562 1649 esse
2581 1597 2743 1665 stylus
2771 1594 2880 1662 ipse
2908 1592 3117 1648 clamat.
3150 1591 3258 1644 Pro
3284 1592 3509 1645 secunda
3534 1589 3741 1661 Prefa-

459 1694 593 1745 tione
613 1690 1009 1762 suffragatorem
1040 1690 1281 1745 habemus
1310 1691 1497 1743 eximia
1534 1691 1818 1743 eruditione
1853 1690 2097 1745 celebrem
2131 1690 2415 1747 Henricunt
2452 1691 2737 1757 Valerium,
2764 1691 2849 1759 qui
2886 1702 3081 1763 partem
3117 1691 3272 1759 hujus
3308 1687 3641 1759 Prwfationis
3678 1706 3738 1743 ea:

458 1786 666 1853 antiquo
692 1781 991 1851 Pontiﬁcali
1016 1782 1328 1836 Senonensis
1358 1780 1605 1836 Ecclesiae
1626 1786 1855 1852 referens
1886 1784 1939 1836 in
1971 1782 2121 1837 Notis
2141 1784 2209 1837 ad
2237 1784 2527 1838 Historiam
2564 1784 2762 1838 Eccles.
2795 1783 3001 1837 Eusebii
3032 1782 3383 1847 Caesariensis,
3431 1797 3544 1833 eam
3580 1780 3733 1833 Leoni

456 1884 629 1928 nostro
657 1876 943 1947 adjudicut.
976 1874 1169 1928 Revera
1210 1873 1310 1927 Leo
1344 1872 1503 1927 Leoni
1530 1891 1634 1928 non
1672 1882 1744 1927 est
1773 1875 2011 1938 similior,
2046 1890 2201 1943 quam
2242 1874 2582 1946 Prwfationis
2618 1874 2776 1945 hujus
2816 1874 2979 1944 stylus
3016 1872 3238 1927 aliorum
3284 1871 3539 1939 pontiﬁcis
3582 1870 3733 1923 nostri

458 1967 825 2037 opusculorum
848 1968 979 2039 stle
1009 1968 1191 2021 similis
1227 1974 1321 2020 est.
1358 1966 1507 2033 Quod
1549 1965 1845 2035 generatim
1883 1967 2118 2021 afﬁrmat
2165 1966 2233 2020 de
2284 1966 2685 2035 przefationihus
2735 1966 2938 2022 Carioni
2993 1963 3302 2034 prmmissis,
3354 1962 3574 2015 nimium
3622 1969 3734 2015 est:

458 2060 715 2129 quasdam
747 2059 887 2114 enim
923 2059 1089 2113 Leoni
1134 2058 1296 2111 tribui
1326 2074 1430 2112 non
1475 2072 1653 2127 posse,
1684 2058 1864 2112 multis
1906 2058 2133 2126 probare
2164 2064 2469 2129 possemus.
2502 2060 2580 2115 De
2633 2060 2802 2114 tribus
2838 2067 3018 2113 autem
3063 2056 3396 2112 documentis
3434 2054 3503 2108 ab
3546 2054 3736 2108 eodem

461 2153 679 2210 seleCtis
710 2154 865 2208 facile
891 2153 1236 2208 assentimur.
1272 2153 1384 2206 Duo
1409 2168 1473 2207 ex
1506 2152 1588 2205 his
1622 2153 1673 2206 in
1719 2160 1905 2206 nostro
1934 2152 2369 2209 Sacramentario
2394 2153 2669 2222 leguntur;
2699 2150 2912 2205 tertium
2934 2165 3063 2205 vero
3088 2150 3137 2203 in
3162 2163 3223 2202 ea
3246 2157 3395 2216 parte
3418 2161 3534 2215 qua:
3559 2145 3735 2214 periit,

392 2286 399 2295 υ
460 2247 626 2303 fuisse
650 2229 908 2302 inscrtu‘m
940 2246 1070 2301 nihil
1096 2244 1436 2315 ambigimus.
1467 2245 1595 2298 Post
1622 2244 1968 2315 Quesnellum
2002 2243 2151 2299 card.
2185 2244 2514 2299 Tltomasius
2545 2246 2769 2311 loquens
2798 2242 2866 2296 de
2894 2238 3326 2298 Sacramentario
3352 2236 3661 2299 Gelasiauo,
3688 2236 3741 2290 in

456 2339 601 2411 quod
633 2340 785 2409 plura
815 2356 879 2395 ex
922 2348 1107 2394 nostro
1141 2338 1381 2395 traducta
1417 2336 1655 2401 fuerunt,
1690 2338 1826 2392 adeo
1864 2337 2097 2392 Leonem
2130 2338 2360 2407 plurium
2406 2353 2626 2409 precum
2659 2346 2932 2393 auctorem
2966 2334 3216 2399 credidit,
3248 2342 3306 2387 ut
3344 2333 3398 2387 in
3427 2332 3741 2401 prmfatiouc

459 2449 565 2485 non
592 2433 920 2487 dubitaverit
940 2432 1209 2487 scribere:
1247 2432 1307 2486 S.
1334 2430 1555 2484 Leonem
1586 2429 1833 2501 Magnum
1859 2432 1989 2483 inter
2018 2430 2150 2485 alios
2180 2442 2382 2485 sanctos
2410 2431 2662 2484 antistites
2684 2429 2884 2500 egregio
2906 2428 3023 2481 huic
3042 2428 3181 2496 operi
3202 2442 3407 2480 manum
3430 2424 3739 2491 admovisse,

456 2523 565 2597 ipse
581 2527 689 2597 ejus
718 2522 901 2595 stylus,
934 2525 1018 2594 qui
1041 2541 1094 2578 se
1124 2523 1318 2577 homini
1340 2524 1413 2578 vel
1441 2524 1698 2578 tantillum
1718 2524 1772 2579 in
1800 2527 1911 2596 ejus
1939 2526 2145 2595 scriptis
2171 2534 2367 2580 versato
2398 2526 2539 2579 illico
2570 2525 2761 2597 prodit,
2796 2532 2970 2595 aperte
2998 2522 3235 2577 ostendit.
3265 2522 3321 2576 Si
3352 2520 3663 2584 cardittalis,
3688 2518 3740 2573 in

456 2614 682 2669 ferendo
711 2614 1036 2685 caeteroquin
1065 2614 1267 2684 judicio
1299 2615 1666 2681 cautissimus,
1697 2615 1750 2670 id
1785 2617 2153 2685 pronuntiavit
2188 2618 2257 2673 ob
2286 2617 2575 2673 nonnullas
2610 2616 2901 2683 Leouinas,
2936 2626 2993 2670 ut
3019 2615 3289 2683 videntur,
3318 2629 3502 2683 preces
3528 2622 3582 2668 et
3610 2611 3743 2666 allo-

464 2708 728 2773 cutiones,
761 2723 880 2778 quae
912 2708 963 2761 in
990 2707 1422 2763 Sacratnentario
1452 2708 1736 2764 Gelasiano
1767 2710 1983 2765 fuerunt
2020 2724 2283 2781 receptui;
2313 2712 2439 2784 quid
2471 2713 2810 2768 sentiendum
2841 2713 2943 2768 erit
2984 2712 3055 2766 ob
3089 2712 3256 2765 multo
3291 2711 3467 2780 plures
3505 2708 3740 2763 Leonem

461 2814 640 2871 aeque,
683 2798 770 2854 vel
802 2798 1102 2854 evidentius
1134 2799 1293 2854 etiam
1335 2801 1624 2871 spirantes,
1660 2817 1780 2873 qua:
1812 2804 1863 2857 in
1918 2816 2107 2860 nosuo
2148 2804 2436 2874 antiquiori
2481 2805 2911 2860 Sacrantentario
2949 2803 3239 2858 identidem
3276 2803 3598 2858 occurrunt?
3630 2800 3741 2858 Etsi

453 2908 585 2948 vero
626 2907 731 2947 non
762 2891 940 2946 omnia
972 2908 1090 2962 qute
1133 2890 1327 2947 Leonis
1369 2894 1659 2949 dictionem
1696 2896 1950 2965 praeferre
1991 2897 2259 2963 videntur,
2292 2897 2487 2953 Leonis
2521 2913 2642 2953 esse
2670 2897 2925 2953 alﬁrmari
2965 2906 3113 2953 certo
3138 2906 3329 2966 queat;
3362 2897 3522 2950 multa
3563 2905 3742 2952 tamen

456 2988 526 3043 ab
548 2984 736 3043 eodem
769 2986 1046 3041 lucubrata
1078 2985 1572 3057 probabilissimum
1612 2998 1713 3044 est.
1754 2992 1829 3045 Ex
1860 2989 1942 3044 his
1982 2991 2159 3061 aliqua
2190 2992 2512 3048 Muratorius
2561 2993 2614 3047 in
2651 2993 2863 3047 laudata
2898 2992 3272 3049 dissertatione
3320 2991 3540 3055 notavit,
3587 2993 3743 3060 plura

453 3092 632 3141 autem
664 3084 923 3139 Acamius
957 3083 1126 3137 fusius
1159 3084 1446 3137 recensuit.
1478 3084 1586 3139 Nos
1616 3086 1882 3157 praecipua
1917 3088 1968 3141 in
1998 3088 2437 3142 annotationibus
2466 3086 2840 3143 indicabimus.

527 3180 579 3233 5.
623 3178 789 3248 Hujus
820 3178 1232 3235 Sacramentarii
1258 3188 1535 3233 auctorem
1564 3195 1667 3233 non
1699 3195 1830 3235 esse
1851 3180 1910 3235 S.
1956 3179 2225 3236 Gelasium
2258 3196 2473 3251 papam,
2520 3179 2587 3234 ad
2633 3177 3007 3235 certitudinem
3039 3192 3197 3247 quam
3230 3175 3473 3246 proxime
3501 3173 3737 3230 accedit.

452 3270 883 3339 Peremptorium
915 3273 1056 3325 enim
1091 3271 1301 3326 videtur
1329 3281 1699 3340 argumentum
1746 3273 1949 3327 Acamii
2003 3289 2065 3327 ex
2103 3273 2345 3342 ejusdem
2397 3273 2670 3342 pontiﬁcis
2704 3272 2922 3327 decreto
2968 3272 3031 3325 de
3078 3270 3398 3341 Apocryphis
3431 3269 3728 3339 Scripturis.

454 3364 673 3420 Certum
705 3367 1077 3433 praesumimus
1114 3366 1212 3418 hoc
1246 3363 1518 3419 decretum
1549 3363 1749 3418 editum
1779 3366 1941 3419 fuisse
1971 3380 2001 3418 a
2037 3365 2275 3430 Gelasio,
2304 3368 2376 3421 uti
2406 3366 2647 3433 pluribus
2689 3365 3124 3421 conﬁrmabimus
3156 3374 3302 3418 tomo
3332 3364 3513 3418 tertio.
3543 3363 3595 3417 In
3634 3360 3728 3415 huc

455 3466 637 3509 autem
679 3452 896 3508 decreto
942 3452 1207 3508 haereticis
1259 3455 1509 3507 tribuitur
1548 3456 1814 3509 sententia
1852 3472 1957 3526 qua
1996 3460 2168 3514 sancti
2207 3459 2437 3527 apostoli
2488 3459 2681 3513 Petrus
2716 3468 2771 3511 et
2804 3458 3002 3513 Paulus
3031 3460 3228 3512 diverso
3258 3468 3484 3525 tempore
3513 3466 3735 3512 mortem

458 3547 689 3603 subiisse
725 3546 1007 3602 traduntur
1035 3565 1045 3597 :
1081 3546 1180 3612 Qui
1213 3545 1489 3618 (Paulus),
1517 3546 1719 3616 inquit,
1754 3564 1855 3600 non
1883 3550 2100 3614 diverso,
2130 3550 2260 3604 sicut
2286 3550 2513 3605 haeretici
2538 3550 2799 3620 garriunt,
2832 3550 2921 3601 sed
2942 3565 3043 3603 uno
3072 3558 3313 3619 tempore,
3341 3566 3444 3604 uno
3474 3552 3743 3616 eademque

462 3642 545 3697 die
569 3641 792 3714 gloriosa
824 3653 981 3696 morte
1001 3658 1113 3696 cum
1134 3641 1289 3695 Petro
1312 3644 1365 3697 in
1396 3642 1516 3695 urbe
1542 3642 1708 3697 Roma
1734 3644 1826 3697 sub
1854 3641 2053 3698 Caesare
2077 3644 2287 3699 Nerone
2314 3645 2595 3716 agonizans
2624 3654 2896 3698 coronatus
2932 3654 3025 3698 est.
3059 3644 3310 3699 Nostrum
3338 3652 3513 3699 autem
3552 3644 3744 3700 Sacra-

461 3736 784 3793 mentarium
820 3738 873 3791 in
903 3738 1063 3789 natali
1097 3736 1443 3806 apostolorum
1486 3736 1627 3791 Petri
1658 3747 1703 3791 et
1734 3737 1891 3791 Pauli
1919 3738 2286 3804 praelationem
2318 3738 2539 3793 exhibet
2574 3753 2719 3793 num.
2748 3736 2841 3804 ‘26,
2869 3739 2919 3791 in
2949 3752 3051 3803 qua
3082 3738 3255 3792 eidem
3281 3738 3494 3808 quidem
3525 3737 3657 3803 diei,
3690 3743 3749 3790 at

464 3830 679 3900 tempori
710 3828 925 3884 discreto
955 3844 1141 3885 eorum
1169 3843 1312 3883 mors
1342 3828 1594 3899 affigitur.
1625 3830 1714 3885 Sic
1746 3832 2123 3903 dispensatione
2153 3833 2353 3886 diversa
2390 3848 2546 3884 unam
2585 3830 2772 3884 Christi
2808 3831 3056 3900 familiam
3088 3841 3484 3905 congregantes,
3519 3841 3748 3902 tempore

464 3926 579 3981 licet
602 3926 839 3991 discreto,
866 3940 1127 3978 recurrens
1154 3939 1259 3977 una
1285 3923 1390 3978 dies
1420 3924 1473 3978 in
1499 3933 1746 3979 teteruum
1770 3933 1819 3978 et
1849 3942 1955 3979 una
1989 3942 2178 3979 corona
2207 3927 2439 3981 sociavit.
2470 3924 2594 3979 Haec
2616 3924 2885 3979 sententia
2913 3939 2942 3977 a
2975 3924 3190 3980 Gelasio
3214 3935 3318 3979 tam
3350 3934 3530 3993 aperte
3557 3938 3749 3992 repro-

464 4023 589 4077 bata
630 4032 872 4075 n05trum
918 4018 1406 4075 Sacramentarium
1435 4018 1502 4073 ab
1541 4018 1732 4073 eodem
1764 4018 2052 4088 abjudicat.
2086 4018 2143 4075 Si
2188 4021 2335 4074 enim
2366 4018 2469 4073 hoc
2496 4031 2634 4086 opus
2664 4017 2780 4086 ipse
2808 4018 3166 4089 compegisset
3197 4030 3320 4073 ante
3351 4016 3621 4072 laudatum
3651 4016 3750 4071 de-

466 4124 672 4172 cretum
696 4156 710 4181 ,
742 4129 846 4169 non
880 4112 1214 4167 attribuisset
1241 4112 1505 4167 Ineretieis
1528 4127 1644 4167 eam
1676 4112 2019 4179 sententiam,
2051 4128 2210 4183 quam
2245 4114 2360 4183 ipse
2382 4112 2435 4165 in
2465 4127 2620 4167 suum
2643 4111 3130 4167 Sacramentarium
3157 4122 3308 4165 antea
3334 4110 3655 4179 recepisset.
3686 4108 3751 4167 Si

462 4224 598 4265 vero
625 4214 749 4280 post
776 4207 1051 4263 decretum
1086 4206 1210 4260 huic
1241 4206 1673 4261 Sacramentario
1697 4221 1885 4259 manus
1913 4205 2243 4260 admovisset
2264 4244 2278 4268 ,
2308 4204 2360 4261 ei
2383 4220 2491 4259 non
2524 4206 2838 4261 inseruisset
2863 4208 3198 4273 sententiam,
3220 4220 3379 4276 quam
3409 4221 3509 4262 suo
3530 4203 3753 4263 decreto

464 4310 579 4357 tam
601 4300 749 4370 gravi
773 4314 1000 4354 censura
1030 4298 1436 4369 perstrinxerat.
1466 4298 1582 4355 Alia
1613 4308 1926 4369 argumenta
1952 4298 2149 4353 videsis
2176 4298 2318 4369 apud
2346 4306 2699 4353 memoratum
2728 4299 3033 4367 Acamium,
3056 4310 3111 4354 et
3133 4300 3273 4369 apud
3299 4300 3413 4355 Pat.
3445 4299 3749 4356 Vezosium.

466 4391 635 4447 Nobis
670 4393 772 4447 hoc
812 4407 997 4454 unum,
1033 4401 1087 4445 ut
1127 4392 1356 4459 videtur,
1390 4392 1645 4448 invictum
1689 4394 1817 4448 satis
1846 4401 1957 4459 est,
1991 4393 2189 4463 quippe
2224 4393 2368 4461 quod
2396 4393 2623 4464 objecta
2660 4393 2730 4450 ab
2766 4395 2887 4451 aliis
2915 4396 3336 4466 conjectationes
3361 4396 3504 4468 apud
3530 4392 3754 4451 eosdem

469 4496 601 4551 satis
630 4493 778 4549 elisa:
809 4491 941 4546 nihil
971 4491 1271 4545 debilitant.

547 4588 603 4643 6.
646 4586 760 4640 Non
798 4593 882 4639 est
920 4594 1121 4639 eertum
1169 4583 1270 4637 hoc
1310 4582 1798 4637 Sacramentarium
1832 4598 1860 4635 a
1893 4582 2072 4638 Leone
2104 4594 2288 4639 nostro
2319 4583 2489 4642 fuisse
2519 4588 2896 4659 compositum.
2937 4584 3193 4643 Rationes
3221 4587 3457 4658 quinque
3482 4584 3755 4643 uberrime

474 4678 725 4750 producit
755 4680 1022 4741 Acamius,
1058 4688 1113 4731 ut
1148 4677 1312 4732 Leoni
1343 4680 1441 4731 hoc
1473 4692 1606 4745 opus
1646 4676 1918 4745 adjudicet
1951 4694 1963 4729 :
2008 4678 2063 4730 1⁸
2089 4679 2210 4747 quia
2249 4680 2301 4733 in
2331 4676 2513 4734 multis
2551 4682 2800 4751 precibus
2828 4695 2890 4735 ac
2918 4680 3317 4751 praefationibus
3350 4679 3519 4751 stylus
3545 4685 3602 4733 et
3628 4692 3756 4733 sen-

475 4772 658 4825 tentiae
684 4785 803 4823 cum
831 4768 949 4821 aliis
977 4768 1137 4821 certis
1168 4768 1363 4822 Leonis
1392 4768 1643 4837 cperibus
1672 4770 1992 4833 cancinunt;
2022 4769 2079 4822 ‘2'
2104 4770 2225 4838 quia
2255 4771 2485 4827 Nestorii
2516 4781 2571 4829 et
2599 4774 2906 4845 Eutychetis
2934 4780 3167 4827 haereses
3193 4774 3592 4842 impugnantur,
3623 4785 3758 4840 quas

475 4860 621 4916 idem
653 4858 889 4929 pontifex
924 4860 1273 4927 perstrinxit;
1298 4856 1354 4912 3°
1377 4859 1501 4927 quia
1533 4858 1729 4912 ibidem
1752 4858 1819 4913 de
1841 4858 2148 4916 Manichazis
2176 4867 2351 4932 agitur
2372 4866 2439 4919 ad
2466 4881 2649 4920 sanam
2679 4875 2911 4921 mentem
2944 4866 3228 4929 retineatis,
3252 4876 3341 4920 aut
3366 4864 3534 4919 Roma
3563 4864 3756 4933 pulsis,

475 4956 554 5011 uti
585 4954 683 5010 sub
710 4955 891 5008 Leone
920 4954 1174 5022 contigit;
1208 4951 1267 5008 ιο
1302 4953 1424 5021 quia
1467 4956 1808 5007 confutantur
1840 4952 2247 5023 Pelagianorum
2277 4974 2488 5015 errores
2520 4960 2663 5015 circa
2698 4972 2973 5029 peccatum
3005 4960 3287 5029 originale,
3320 4967 3374 5013 et
3401 4960 3541 5013 circa
3572 4972 3761 5013 neces-

476 5049 689 5106 sitatem
731 5047 924 5102 divinae
953 5048 1165 5117 gratiae,
1193 5056 1380 5102 contra
1421 5062 1557 5117 quos
1598 5048 1658 5103 S.
1710 5048 1946 5118 pontifex
1977 5050 2225 5119 scripsit;
2256 5049 2314 5105 5'
2344 5054 2468 5121 quia
2510 5053 2815 5108 indicantur
2841 5054 3154 5107 Hunnorum
3198 5051 3438 5120 irruptio,
3470 5049 3761 5103 \‘andaliea

476 5143 745 5210 incursio,
768 5140 934 5206 ,Urbis
959 5141 1324 5211 depopulatio,
1355 5142 1567 5211 aliaque
1603 5142 1762 5207 facta,
1788 5158 1907 5212 quae
1949 5144 1998 5196 in
2036 5144 2233 5199 Leonis
2266 5147 2631 5214 pontiﬁcatum
2680 5146 3003 5201 inciderunt.
3048 5146 3356 5200 Omittimus
3387 5157 3547 5209 nunc,
3581 5157 3645 5197 ex
3677 5140 3762 5196 his

477 5234 735 5289 nonnulla
764 5232 829 5286 ad
865 5232 1092 5286 aliorum
1126 5233 1432 5302 pontiﬁcum
1463 5242 1677 5288 aetatem
1708 5249 1865 5303 posse
1891 5235 2103 5291 referri.
2136 5236 2264 5291 Haec
2291 5240 2434 5292 enim
2464 5240 2663 5305 omnia,
2686 5240 2897 5293 etiamsi
2927 5238 3090 5294 Leoni
3123 5249 3418 5307 congruere
3445 5236 3761 5300 credantur,

479 5329 534 5385 id
577 5343 739 5383 unum
785 5327 1045 5398 probant,
1078 5326 1221 5382 hunc
1245 5326 1551 5397 pontiﬁcem
1582 5338 1854 5384 auctorem
1886 5328 2052 5385 fuisse
2082 5346 2265 5386 earum
2304 5347 2521 5402 precum
2559 5341 2615 5388 et
2658 5334 3031 5402 prtelationum
3064 5334 3117 5385 in
3148 5330 3341 5401 quibus
3372 5336 3459 5384 res
3490 5327 3765 5397 ejusmodi

482 5434 845 5504 designantur.
879 5431 1015 5488 Num
1050 5448 1180 5489 vero
1234 5433 1374 5489 idem
1414 5432 1651 5503 pontifex
1686 5443 1878 5503 praeter
1906 5432 2001 5488 has
2029 5434 2429 5489 lucubrationes
2461 5444 2631 5488 tutum
2666 5432 3157 5490 Sacramentarium
3193 5429 3468 5500 collegerit
3496 5433 3657 5495 atque
3682 5426 3764 5482 di-

481 5527 709 5596 gesserit
728 5566 742 5591 ,
766 5543 833 5581 ex
860 5526 943 5583 his
971 5528 1264 5584 rationibus
1289 5535 1439 5583 certo
1468 5527 1713 5583 concludi
1742 5527 1925 5597 nequit
1964 5545 1975 5581 :
2004 5527 2143 5584 alius
2177 5528 2319 5583 enim
2351 5527 2771 5584 Sacramentarii
2798 5535 2987 5580 auctor
3012 5536 3106 5579 seu
3132 5523 3390 5579 collector
3416 5535 3535 5576 esse
3565 5520 3762 5590 potuit,

484 5618 571 5688 qui
612 5617 878 5675 Leoniuas
911 5620 1173 5691 ejusmodi
1213 5635 1401 5690 preces
1446 5638 1509 5676 ac
1555 5622 1898 5691 prtcl‘ationes
1935 5626 2148 5681 caeteris
2186 5625 2495 5680 inseruerit.
2532 5623 2623 5680 Sic
2655 5638 2760 5678 non
2790 5636 2959 5692 pauca
2996 5617 3233 5675 Leonina
3278 5617 3531 5686 leguntur
3560 5615 3767 5672 inserta

484 5709 645 5763 etiam
671 5709 725 5764 in
755 5710 1179 5766 Sacramentario
1205 5710 1521 5776 Gelasiano;
1548 5727 1644 5767 nec
1667 5714 1867 5770 idcirco
1891 5714 1946 5770 S.
1976 5716 2084 5771 Leo
2114 5717 2231 5787 ejus
2260 5726 2446 5773 auctor
2474 5715 2678 5771 traduci
2708 5722 2903 5785 potest.
2929 5711 3089 5768 Aliud
3119 5710 3372 5767 nimirum
3396 5716 3499 5775 est,
3522 5707 3764 5764 Leonem

482 5804 718 5873 plurium
750 5822 961 5876 precum
1002 5815 1273 5862 auctorem
1309 5822 1445 5873 esse,
1480 5825 1599 5879 qnze
1628 5809 1681 5865 in
1712 5811 1888 5881 aliquo
1926 5811 2355 5869 Sacramentario
2385 5813 2800 5876 describuntur;
2846 5808 2989 5865 aliud
3023 5820 3156 5864 vero
3185 5818 3307 5862 eum
3334 5818 3457 5859 esse
3484 5813 3764 5859 auctorem

487 5896 652 5966 ipsius
684 5900 1119 5963 Sacramentarii,
1152 5899 1202 5955 in
1231 5916 1337 5971 quo
1366 5902 1545 5972 plures
1580 5902 1914 5960 diversorum
1946 5906 2255 5976 pontiﬁcum
2287 5924 2471 5977 preces
2517 5906 2760 5963 collecta
2791 5912 2845 5961 et
2886 5906 2938 5959 in
2970 5901 3211 5959 ordinem
3239 5899 3513 5970 dispositae
3539 5896 3761 5953 fuerint.
