4018 6314
244 326 317 394 η
1707 340 1831 399 PItA

1922 342 2083 399 Α’Ῐίυ.
3448 365 3509 420 η

243 446 325 504 Ad
358 446 472 505 haec
499 449 725 517 accedit,
758 450 1008 509 nonnulla
1051 451 1103 509 in
1139 461 1323 509 nostro
1352 452 1785 511 Sacramentario
1820 456 2065 520 inveniri,
2100 471 2220 526 quae
2244 457 2435 515 Leonis
2462 473 2575 515 (evo
2602 462 2893 532 posteriora
2921 476 3067 533 sunt,
3105 468 3178 529 uti
3207 473 3379 529 oratio
3411 492 3507 547 pro

166 558 173 563 ·
244 542 518 610 Simplicio
556 560 683 612 papa
726 543 920 603 Leonis
957 554 1011 600 et
1041 544 1201 601 liii-ari
1243 562 1574 613 successore,
1611 558 1663 603 et
1705 550 1904 603 mentio
1944 549 2294 604 dedicationis
2334 551 2559 607 basilica:
2587 554 2642 609 ὃ.
2678 555 2960 624 Stephani,
3004 576 3160 629 quam
3201 563 3268 619 ab
3314 542 3501 627 eodem

241 632 517 703 Simplicio
554 648 819 707 peractam
850 654 948 695 suo
989 638 1105 694 loco
1139 640 1536 695 aunotabimus.
1569 641 1721 697 Adde
1766 643 1979 699 Missam
2028 643 2080 696 iu
2128 643 2304 711 vigilia
2340 644 2679 703 Pentecostes
2723 663 2842 703 cum
2882 650 3108 721 jejunio,
3141 657 3278 725 quod
3311 659 3506 723 Leonis

237 740 448 830 actutum
491 735 763 803 ignorasse
807 737 1035 803 prohsre
1064 739 1274 795 videtur
1311 740 1552 807 ejusdem
1591 757 1772 797 sermo
1809 744 1863 807 ι,
1894 742 1963 799 de
1998 742 2205 811 jejunio
2248 744 2614 814 PetttecOstes,
2645 765 2736 809 seu
2778 762 3004 817 quatuor
3045 765 3344 826 temporum
3388 776 3505 830 post

240 820 611 930 Pett'tecosteu,
646 833 730 934 ubi
762 834 1143 905 quinquaginta
1172 837 1360 892 diebus
1393 854 1421 892 a
1451 839 1653 895 Pascha
1684 840 1749 895 ad
1782 841 2136 897 Pentecosten
2169 844 2221 897 in
2260 845 2439 899 laetitia
2470 846 2735 916 principum
2775 850 3054 919 festiuitatis
3093 820 3299 923 exactis,
3333 820 3401 915 ad
3420 868 3505 934 je-

238 919 499 1017 juniorum
537 924 761 978 remedia
794 929 1157 983 recurrentium
1198 934 1447 998 tradens,
1477 932 1713 1003 integros
1754 935 1873 988 illos
1903 936 2282 1005 quinquaginta
2321 936 2439 991 dies
2479 936 2682 1006 jejunio
2721 954 2969 1011 expertes
3006 948 3175 1015 palam
3217 919 3499 1017 signiticet.

234 1010 418 1112 Neque
452 1029 584 1069 vero
609 1015 693 1071 hic
724 1019 1126 1089 intelligendum
1156 1033 1237 1078 est
1270 1027 1754 1080 extraordinarium
1785 1026 1998 1096 aliquod
2026 1028 2293 1095 jejunium
2320 1045 2347 1081 a
2389 1028 2571 1084 Leone
2602 1010 2874 1089 indictum.
2907 1010 3037 1091 Cum
3071 1041 3213 1099 enim
3240 1010 3499 1112 jejunium

235 1106 498 1174 ejusmodi
529 1110 763 1169 futurum
794 1124 1003 1185 tempus
1035 1134 1139 1172 non
1169 1120 1450 1189 obligaret.
1480 1122 1636 1175 Missa
1668 1122 1782 1174 haec
1820 1123 2018 1177 inserta
2045 1139 2152 1177 non
2184 1124 2371 1177 fuisset
2401 1124 2851 1190 Sacramentsrio,
2880 1130 3020 1197 quod
3048 1134 3110 1187 ad
3142 1106 3485 1195 usuin'l'uturi

235 1200 493 1267 temporis
521 1217 852 1275 compactum
885 1210 974 1263 sit.
1008 1210 1191 1266 Potius
1229 1212 1513 1267 dicendum
1558 1221 1732 1275 esset,
1772 1213 2003 1267 Leonem
2034 1216 2132 1268 sub
2163 1217 2319 1271 linem
2360 1217 2697 1285 pontiﬁcatus
2727 1218 2830 1274 hoc
2865 1220 3124 1289 jejunium
3164 1226 3454 1285 instituisse
3482 1246 3497 1293 ;

231 1306 514 1353 sermones
544 1308 743 1368 autem,
780 1304 867 1370 qui
900 1303 1000 1357 hoc
1030 1306 1290 1371 jejunium
1316 1304 1628 1367 excludunt,
1661 1305 1725 1358 ad
1751 1306 2048 1360 anteriores
2077 1321 2246 1362 annos
2278 1310 2561 1375 pertinere.
2596 1307 2691 1362 Vel
2716 1308 2819 1367 dici
2854 1322 3051 1378 posset,
3089 1314 3227 1371 hanc
3257 1319 3497 1384 Missam,

228 1391 365 1446 sicut
396 1404 451 1448 et
478 1396 776 1449 orationem
810 1412 909 1465 pro
932 1398 1227 1466 Simplicio,
1261 1408 1311 1452 et
1341 1398 1550 1453 Missam
1585 1399 1636 1452 in
1666 1398 2002 1454 dedicatione
2030 1400 2262 1455 basilicas
2284 1402 2341 1455 S.
2372 1401 2630 1470 Stephani
2659 1402 3018 1461 additamenta
3049 1423 3191 1473 esse,
3212 1426 3340 1478 qum
3372 1412 3504 1465 Leo-

225 1486 314 1541 nis
340 1488 783 1544 Sacramentario
813 1492 1079 1559 posterius
1109 1494 1450 1547 accesserint.
1483 1492 1585 1547 Sed
1620 1493 1698 1544 ita:
1728 1494 2106 1561 responsiones
2138 1495 2379 1549 valerent
2408 1495 2619 1562 quidem
2650 1496 2877 1565 aliquid,
2912 1499 2956 1552 si
3000 1500 3100 1555 hoc
3130 1501 3505 1558 Sacramenta-

223 1580 373 1635 rium
416 1581 613 1636 Leonis
641 1588 788 1636 certe
813 1598 929 1638 esse
957 1586 1169 1640 aliunde
1199 1588 1471 1651 probatum
1507 1586 1723 1651 fuisset;
1760 1587 1835 1640 uti
1868 1586 2070 1640 similes
2100 1587 2351 1643 similium
2383 1586 2742 1656 objectionum
2776 1590 3074 1648 Solutiones
3097 1595 3277 1650 valent
3313 1598 3363 1650 in
3398 1598 3499 1653 Ss-

227 1676 607 1774 cr‘ame‘ttariis
652 1676 844 1774 Gelasii
887 1688 937 1731 et
977 1678 1215 1774 Gregorii
1254 1679 1455 1774 Magni,
1494 1694 1628 1750 quos
1664 1680 2135 1774 Sacrameutorum
2178 1681 2361 1774 liitros_
2386 1681 2697 1737 lttcubrasse
2737 1684 2953 1774 aliunde
2988 1686 3172 1756 liquet.
3206 1688 3339 1745 Cum
3378 1706 3505 1745 vero

227 1767 438 1835 aliquoi
473 1770 685 1839 antiqua
728 1769 1024 1824 testimonia
1054 1781 1338 1839 suppetant
1367 1772 1431 1826 de
1460 1773 1676 1828 Gelasio
1709 1784 1869 1843 atque
1898 1772 2189 1843 Gregorio;
2234 1774 2300 1828 de
2342 1772 2521 1829 Leone
2567 1788 2635 1829 ne
2682 1773 2937 1829 indicium
2966 1778 3201 1845 quidem.
3236 1779 3347 1834 Hoc
3373 1796 3505 1835 sane

222 1872 599 1930 argumentum
632 1864 932 1932 negativum
966 1874 1046 1920 est
1081 1885 1093 1918 :
1127 1866 1266 1936 quod
1309 1870 1408 1921 etsi
1448 1883 1553 1922 non
1596 1868 1823 1921 multum
1870 1868 1983 1921 ﬁeri
2028 1869 2185 1934 solet,
2216 1868 2304 1923 ubi
2334 1877 2643 1938 argumenta
2695 1870 2919 1938 positiva
2955 1879 3009 1926 et
3040 1872 3169 1926 satis
3210 1875 3500 1941 probabilia

221 1967 425 2023 prmSto
450 1965 606 2019 sunt;
637 1955 725 2009 ubi
761 1966 935 2012 tamen
965 1969 1272 2028 argumenta
1298 1960 1560 2029 ejusmodi
1598 1961 1812 2025 desunt,
1841 1977 1948 2016 non
1973 1962 2237 2015 modicam
2261 1962 2366 2017 vim
2400 1962 2582 2029 habet,
2616 1971 2672 2017 ut
2701 1962 2891 2017 saltem
2919 1977 2983 2016 ea
3018 1965 3309 2033 probabilis
3336 1969 3500 2021 certi-

221 2048 352 2102 tndo
387 2049 723 2115 excludatur,
755 2049 823 2105 de
853 2068 954 2119 qua
996 2068 1134 2106 nunc
1166 2055 1391 2122 agimus.
1427 2056 1484 2109 Si
1516 2069 1694 2123 sermo
1720 2055 1784 2109 de
1812 2054 2128 2109 Machabaais
2157 2055 2350 2109 Leonis
2376 2064 2539 2120 esset,
2570 2062 2777 2111 certum
2809 2057 3095 2123 positivum
3128 2070 3498 2129 argumentum

221 2146 546 2201 haberemus
587 2162 693 2218 quo
732 2147 832 2202 boc
866 2149 1349 2205 Sacramentarium
1392 2151 1459 2205 ab
1499 2151 1688 2206 eodem
1733 2152 1989 2221 pontiﬁce
2030 2150 2412 2220 abjudicetur:
2451 2150 2649 2205 ibidem
2696 2149 2836 2205 enim
2868 2150 3127 2220 ejusmodi
3168 2150 3360 2209 festum
3394 2172 3499 2213 non

219 2238 440 2309 legitur,
465 2240 606 2309 quod
639 2249 812 2296 tamen
853 2241 1045 2297 Leonis
1074 2251 1228 2298 :rtate
1272 2245 1453 2299 [tome
1486 2246 1817 2301 celebratum
1861 2261 1927 2300 ex
1963 2260 2030 2300 eo
2064 2260 2315 2300 sermone
2355 2244 2613 2302 hactenus
2642 2245 2905 2299 creditum
2937 2257 3037 2301 est.
3073 2248 3179 2302 Sed
3208 2263 3328 2304 cum
3363 2252 3501 2307 hunc

222 2344 528 2385 sermonem
558 2330 618 2387 S.
652 2332 889 2401 pontiﬁci
932 2348 1218 2405 perperam
1250 2336 1486 2390 al‘llctum
1520 2337 1904 2403 detexcrimus,
1934 2346 1985 2391 et
2022 2338 2223 2392 idcirco
2262 2338 2313 2391 in
2355 2338 2704 2407 appendicem
2733 2338 3128 2395 amandarimue
3153 2382 3167 2408 ,
3210 2344 3339 2398 nihil
3378 2346 3500 2401 hinc

224 2427 342 2482 elici
381 2434 574 2495 potest.
609 2428 726 2483 Duo
764 2445 891 2484 vero
918 2430 1139 2498 positive
1169 2440 1481 2501 argumenta
1520 2446 1703 2486 nostro
1732 2432 1946 2498 quidem
1975 2432 2175 2501 judicio
2204 2432 2333 2487 satis
2356 2435 2727 2487 convincenti:
2753 2449 2871 2487 mox
2904 2435 3212 2503 afferentur,
3244 2454 3361 2508 quae
3392 2457 3497 2499 non

223 2530 325 2578 tam
356 2520 595 2577 Leonem
624 2538 782 2591 quam
815 2522 976 2578 alium
1010 2524 1263 2595 quemvis
1293 2524 1588 2580 Romanum
1620 2525 1924 2595 pontiﬁcem
1961 2527 2128 2595 ipsius
2161 2526 2575 2581 Sacramentarii
2604 2538 2876 2583 auctorem
2906 2531 3213 2585 excludunt.

295 2618 347 2671 7.
387 2617 727 2673 Probabilius
754 2618 907 2675 nobis
930 2627 1012 2675 est
1044 2622 1144 2674 hoc
1175 2620 1665 2677 Sacramentariutn
1696 2638 1801 2676 non
1828 2622 1994 2675 fuisse
2025 2632 2359 2692 compactum
2387 2620 2455 2675 ab
2483 2621 2591 2675 ullo
2619 2621 2860 2677 Romano
2882 2624 3132 2693 pontiﬁce
3159 2624 3364 2692 publica
3390 2626 3492 2679 sal-

227 2717 327 2763 tem
354 2712 682 2765 auctoritate
706 2712 757 2765 in
789 2727 940 2766 usum
971 2709 1229 2766 Romanas
1265 2710 1543 2777 Ei‘ClCSkB,
1567 2711 1660 2767 sed
1695 2713 1881 2782 privati
1903 2712 2127 2782 alicujus
2153 2713 2381 2766 hominis
2408 2711 2573 2765 fetum
2604 2726 2749 2777 esse,
2773 2713 2863 2781 qui
2898 2729 3266 2784 quascumque
3296 2716 3500 2771 invenit

233 2815 415 2870 preces
447 2814 500 2858 et
530 2801 875 2873 praefationes
906 2819 935 2859 a
965 2803 1222 2859 Romanis
1250 2807 1589 2874 pontiﬁcibus
1622 2822 1683 2861 ac
1714 2807 2014 2876 pra~sertim
2047 2825 2074 2860 a
2102 2808 2159 2861 S.
2185 2807 2364 2861 Leone
2386 2808 2602 2861 diverso
2634 2818 2876 2877 tempore
2902 2810 3151 2879 scriptas,
3184 2811 3368 2865 ordine
3391 2828 3495 2866 non

236 2894 354 2951 satis
379 2897 575 2951 idoneo
596 2897 830 2971 collegit,
862 2906 916 2953 et
945 2897 1128 2953 retulit
1157 2898 1209 2952 in
1244 2900 1487 2953 codicem
1515 2901 1603 2969 qui
1637 2900 1851 2969 publico
1879 2901 1996 2955 usui
2029 2916 2133 2953 tton
2165 2900 2281 2952 fuit.
2316 2899 2445 2952 Dum
2474 2898 2524 2952 in
2567 2898 2615 2952 id
2651 2901 2884 2954 rationes
2916 2914 3014 2954 nos
3035 2913 3249 2956 movent
3276 2918 3291 2956 :
3328 2904 3494 2971 prima

242 3001 574 3047 memoratum
608 2993 806 3047 Gelasii
840 2992 1133 3048 decretum.
1161 2992 1217 3048 Si
1248 2994 1389 3047 enim
1422 3008 1450 3047 a
1480 2993 1662 3048 Leone
1695 2995 1777 3049 vel
1802 2994 1908 3047 alio
1932 2995 2179 3062 pontiﬁce
2214 2991 2316 3045 hoc
2344 2992 2831 3047 Sacramentarium
2872 2994 3154 3047 collectum
3187 2994 3406 3059 fuisset,
3438 3007 3495 3050 et

245 3083 440 3152 publica
462 3086 780 3141 auctoritate
804 3086 855 3140 in
884 3086 1124 3140 Romana
1148 3086 1387 3141 Ecclesia
1420 3098 1720 3153 receptum,
1753 3088 2025 3156 quomodo
2055 3087 2305 3141 Gelasius
2346 3087 2613 3139 haereticis
2646 3097 2863 3141 vertere
2894 3091 3153 3155 potuisset
3183 3089 3487 3155 opinionem

258 3176 319 3230 de
341 3180 535 3237 diverso
554 3188 799 3252 tempore
830 3180 1070 3253 martyrii
1106 3181 1471 3247 apostolorum
1501 3179 1645 3233 Petri
1674 3191 1726 3233 et
1755 3180 1927 3247 Pauli,
1962 3196 2118 3248 quam
2143 3180 2315 3232 eidem
2342 3177 2774 3231 Sacramentario
2804 3192 2832 3230 a
2866 3178 3041 3232 Leone
3065 3189 3154 3233 aut
3176 3180 3283 3233 alio
3308 3181 3494 3248 proxi-

262 3269 403 3327 miorl
433 3276 813 3345 praedecessore
840 3289 937 3327 suo
965 3275 1242 3342 insertam,
1272 3285 1324 3329 et
1354 3275 1408 3329 in
1439 3274 1673 3329 Romana
1709 3274 1945 3329 Ecclesia
1978 3289 2143 3344 usque
2171 3274 2235 3327 ad
2266 3288 2418 3327 suum
2451 3284 2655 3341 tempus
2687 3282 2954 3341 receptam
2980 3275 3225 3342 ignorare
3258 3290 3363 3329 non
3388 3292 3483 3345 po-

250 3370 415 3425 terat!
434 3370 488 3426 Si
507 3389 627 3429 vero
648 3386 837 3431 auctor
853 3375 1061 3430 dicatur
1084 3374 1323 3445 privatus
1348 3375 1539 3443 aliquis
1564 3386 1676 3443 post
1709 3372 1941 3426 Leonem
1966 3372 2045 3426 vel
2079 3371 2176 3426 sub
2202 3370 2310 3441 ipsa
2330 3370 2525 3426 Gelasii
2550 3378 2809 3439 tempora,
2828 3370 2897 3424 ita
2919 3380 2973 3424 ut
2994 3369 3093 3426 hoc
3123 3374 3494 3429 Sacramenta-

250 3462 376 3519 rium
417 3468 467 3523 in
504 3483 600 3523 usu
626 3468 881 3523 Romamn
914 3468 1169 3524 Ecclesia:
1202 3482 1305 3521 non
1335 3467 1514 3533 fuerit,
1543 3467 1671 3520 nihil
1710 3463 1925 3519 difﬁcile
1958 3463 2205 3517 occurrit.
2251 3464 2358 3516 Etsi
2394 3463 2533 3516 enim
2568 3478 2631 3517 ea
2665 3461 2820 3517 Mi-sa
2851 3463 2901 3516 in
2935 3464 3049 3532 ipso
3092 3465 3287 3519 inserta
3310 3505 3324 3531 ,
3367 3480 3484 3533 qua:

239 3571 571 3617 memoratam
601 3565 919 3617 sententiam
954 3563 1214 3627 continet,
1249 3561 1314 3616 ab
1343 3562 1523 3631 aliquo
1549 3559 1825 3613 vetustiori
1858 3559 2106 3628 pontiﬁce
2136 3557 2263 3610 olim
2300 3556 2585 3625 prodierit,
2623 3556 2674 3611 id
2708 3568 2885 3612 tamen
2917 3557 3087 3613 latere
3126 3560 3295 3627 potuit
3324 3560 3489 3615 (Μα-

234 3653 381 3719 sium,
414 3658 554 3712 sicut
594 3659 842 3712 eumdem
887 3657 1064 3725 latuit,
1089 3656 1435 3712 Prudentium
1477 3654 1718 3724 aliosque
1749 3653 2039 3710 catholictis
2069 3654 2357 3719 scriptores
2385 3665 2502 3705 eam
2534 3650 2840 3720 Opinionem
2882 3650 3045 3706 fuisse
3074 3660 3307 3718 secutos,
3340 3664 3487 3711 utne

231 3743 491 3806 haereticis
522 3750 773 3806 vertenda
800 3749 977 3809 fuerit.

293 3843 343 3898 8.
383 3845 563 3900 Altera
594 3846 730 3898 ratio
757 3844 1087 3898 manifestior
1114 3852 1216 3900 est.
1247 3840 1430 3915 Magna
1472 3842 1679 3898 scilicet
1715 3856 1930 3911 precum
1958 3851 2009 3896 et
2040 3840 2317 3895 Missarum
2358 3841 2636 3910 congeries
2656 3880 2671 3905 ,
2700 3854 2869 3911 eaque
2897 3840 3049 3897 valde
3079 3844 3387 3911 perturbata
3420 3857 3475 3901 et

224 3933 455 4003 pluribus
488 3934 542 3991 in
584 3937 718 3994 locis
747 3937 1071 4003 defcctuusa,
1102 3938 1306 4007 privato
1336 3937 1551 4008 quidem
1588 3934 1827 4001 homini,
1872 3933 1960 4003 qui
1992 3934 2208 4003 proprio
2240 3932 2416 3985 studio
2449 3947 2797 4002 quaecumque
2836 3934 3035 3988 invenit
3068 3934 3305 4004 colligat,
3346 3952 3478 3991 cou-

229 4031 404 4085 chire
438 4039 654 4103 potest:
702 4031 769 4089 de
810 4048 1020 4086 summo
1052 4042 1229 4087 autem
1261 4032 1544 4102 pontiﬁce,
1580 4030 1669 4099 qui
1717 4028 1921 4099 publica
1954 4031 2271 4082 auttoritute
2304 4028 2351 4080 in
2390 4027 2767 4081 solemnioruut
2818 4042 3033 4094 precum
3064 4044 3217 4083 usum
3243 4031 3483 4086 codicem

234 4120 704 4178 Sacramentorum
732 4125 1037 4193 compingat
1062 4140 1124 4178 ac
1151 4126 1471 4177 servandum
1505 4133 1793 4190 proponat,
1823 4130 1905 4175 est
1945 4120 2161 4173 omnino
2189 4116 2538 4171 lncredibiii~.
2581 4115 2709 4169 Esto
2741 4116 3025 4171 multorum
3063 4130 3339 4174 auctorum
3371 4124 3479 4177 sint

216 4212 384 4276 Missae
412 4219 472 4273 in
501 4219 606 4273 hoc
632 4218 817 4273 codice
851 4219 1123 4285 collecta),
1155 4234 1272 4289 quae
1318 4218 1517 4271 idcirco
1546 4217 1813 4269 diversum
1845 4217 2075 4283 stylum,
2107 4220 2161 4265 et
2198 4210 2439 4264 diversos
2465 4209 2805 4261 characteres
2832 4209 3117 4274 exhibent,
3148 4225 3268 4263 cum
3301 4223 3478 4267 tamen

216 4322 342 4365 unus
373 4313 448 4367 sit
479 4311 771 4377 collector,
804 4312 846 4365 si
882 4314 923 4365 is
952 4311 1139 4365 fuisset
1166 4325 1404 4364 summus
1436 4308 1627 4375 aliquis
1667 4306 1905 4378 pontifex
1926 4346 1938 4367 ,
1978 4304 2066 4371 qui
2096 4303 2332 4355 diversas
2364 4299 2552 4353 Missas
2584 4296 2854 4349 retulisset
2889 4296 2940 4349 in
2972 4297 3211 4351 codicem
3231 4343 3244 4365 ,
3272 4308 3330 4353 ut
3359 4302 3478 4357 usui

214 4401 551 4472 publicarum
584 4420 802 4475 precum
835 4404 1025 4461 diebus
1057 4405 1386 4460 solemnibus
1413 4403 1769 4466 inservirent,
1806 4400 2032 4468 primmn
2078 4394 2264 4465 quovis
2294 4408 2481 4449 mense
2512 4392 2698 4446 Missas
2727 4390 3096 4461 descripsisset
3124 4402 3433 4452 sanctorum
3459 4440 3475 4465 ,

214 4494 300 4562 qui
328 4495 378 4549 in
416 4495 666 4549 Romana
696 4496 931 4551 Ecclesia
956 4497 1184 4551 solemni
1209 4497 1344 4551 festo
1370 4496 1695 4550 colerentur.
1730 4492 1860 4545 Dein
1890 4491 1943 4543 in
1974 4487 2160 4558 quavis
2190 4487 2346 4541 Missa
2369 4495 2477 4540 tres
2503 4483 2690 4539 saltem
2722 4483 2990 4539 orationes
3018 4492 3071 4539 et
3099 4500 3257 4539 unum
3286 4489 3476 4556 praefa-

208 4585 405 4643 tionem
432 4592 601 4645 etiam
629 4591 916 4659 posuisset.
946 4588 1277 4659 Ubicumque
1307 4604 1437 4642 vero
1465 4587 1781 4641 collocasset
1810 4583 1998 4637 Missas
2028 4594 2338 4635 communes
2361 4620 2375 4644 ,
2407 4578 2521 4631 illas
2545 4574 2702 4631 simul
2727 4575 3022 4645 junxis~et,
3056 4591 3153 4630 nec
3178 4577 3295 4630 aliis
3316 4587 3477 4650 atque

216 4679 330 4735 aliis
354 4681 542 4736 Missis
560 4682 955 4737 intersecasset.
981 4682 1075 4736 llic
1103 4683 1244 4736 enim
1275 4679 1536 4749 ejusmodi
1570 4679 1848 4743 librorttm,
1874 4691 1991 4729 cum
2012 4674 2062 4728 in
2086 4672 2351 4739 publicum
2376 4685 2525 4723 usum
2554 4668 2802 4736 eduntur,
2829 4667 2948 4721 ﬁnis
2976 4674 3133 4721 estut
3162 4682 3279 4737 Qum
3302 4670 3474 4729 Missa

205 4775 440 4842 propriae
480 4772 669 4845 quovis
700 4789 883 4827 mense
905 4788 965 4827 ac
992 4776 1079 4828 die
1108 4772 1243 4828 festo
1272 4774 1510 4828 dicenda:
1538 4774 1668 4836 sint,
1690 4786 1789 4825 suo
1811 4772 1928 4825 loco
1953 4768 2108 4821 facile
2137 4774 2448 4829 occurrant;
2475 4778 2657 4833 eaeque
2687 4765 2792 4817 sint
2822 4765 3039 4832 integra:
3060 4778 3181 4818 cum
3213 4766 3323 4819 suis
3352 4781 3474 4835 pre-

202 4861 354 4917 cibus
382 4874 441 4919 et
480 4863 917 4932 prariationibus;
952 4864 1127 4918 Missae
1156 4873 1329 4917 autem
1375 4877 1687 4917 communes
1727 4873 1876 4915 certo
1903 4860 2020 4913 loco
2060 4858 2215 4911 simul
2256 4855 2484 4910 inveniri
2524 4870 2585 4908 ac
2622 4856 2790 4922 repeti
2829 4864 3043 4924 queant.
3085 4856 3253 4925 Finge
3289 4858 3471 4913 animo

200 4968 617 5025 quemcumque
643 4958 803 5011 etiam
836 4961 1011 5010 minus
1038 4956 1266 5026 peritum
1298 4955 1661 5021 collectorent,
1685 4954 1771 5022 qui
1798 4951 2276 5006 Sacramentarium
2311 4947 2521 5018 publico
2545 4960 2642 4997 usu
2670 4944 3028 4999 adhibendum
3052 4947 3149 5000 sibi
3184 4958 3465 5016 proponat,

198 5043 339 5103 hunc
374 5047 631 5118 profecto
668 5050 910 5103 ordinem
940 5063 1003 5103 ac
1034 5049 1341 5102 methodum
1372 5047 1471 5101 sibi
1501 5047 1767 5117 prtecipue
1803 5042 2191 5099 observandum
2223 5056 2285 5095 ac
2314 5039 2640 5113 sequendum
2678 5036 2956 5107 intelliget.
2990 5038 3246 5107 Equidem
3276 5039 3466 5094 Sacra-

200 5146 474 5199 mentaria
507 5157 629 5212 qua:
658 5157 684 5196 a
717 5146 914 5197 sanctis
937 5143 1274 5211 pontiﬁcibus
1309 5138 1524 5195 Gelasio
1554 5148 1607 5192 et
1631 5137 1889 5206 Gregorio
1912 5135 2112 5203 digesta
2141 5143 2265 5187 sunt
2298 5134 2346 5185 iu
2378 5130 2632 5183 Romana:
2664 5128 2916 5183 Ecclesia:
2944 5145 3128 5194 usum,
3161 5130 3298 5184 hunc
3324 5130 3470 5184 ordi-

197 5246 314 5286 nem
344 5245 401 5287 et
426 5233 745 5288 methodum
776 5233 1099 5303 praeierunt;
1134 5242 1187 5286 et
1216 5231 1463 5285 similiter
1488 5231 1590 5284 alia
1630 5246 1747 5300 qum
1773 5229 1897 5281 aliis
1931 5227 2182 5280 Ecclesiis
2212 5226 2330 5279 usui
2355 5226 2518 5279 fuere.
2546 5224 2599 5277 in
2633 5232 2816 5277 nostro
2836 5231 3012 5278 autem
3040 5224 3469 5280 Sacramentario

193 5323 384 5381 Missas
418 5325 825 5399 quamplurium
850 5338 1159 5381 sanctorum
1188 5326 1273 5394 qui
1302 5326 1380 5379 vel
1410 5325 1535 5378 olim
1567 5324 1619 5377 in
1651 5323 1886 5377 Romana
1922 5321 2161 5376 Ecclesia
2205 5328 2352 5375 certo
2383 5320 2518 5374 festo
2548 5320 2880 5386 colebantur,
2913 5329 2969 5375 ut
3008 5336 3070 5375 es
3101 5320 3342 5375 Bucherii
3372 5336 3465 5375 ca-

195 5418 377 5488 talogo
412 5420 610 5487 liquet,
645 5416 839 5477 frustra
872 5420 1129 5487 requires.
1156 5415 1517 5484 Quorumdam
1546 5431 1673 5471 vero
1702 5415 1833 5469 festa
1867 5423 2120 5469 notantur
2147 5414 2196 5467 in
2228 5414 2423 5480 titulis;
2448 5421 2502 5465 at
2530 5413 2701 5467 Missas
2730 5415 3065 5479 omittuntur,
3101 5424 3155 5465 ut
3184 5413 3362 5467 videre
3385 5425 3468 5470 est

198 5511 491 5564 mensibus
518 5508 644 5565 Julii
675 5520 834 5580 atque
865 5510 1195 5564 Decembris.
1221 5511 1277 5563 in
1311 5525 1413 5563 non
1442 5511 1626 5579 paucis
1650 5509 2120 5564 Missis—orationes
2149 5509 2343 5563 desunt
2374 5510 2604 5563 maxime
2635 5510 2969 5574 necessariae,
2997 5523 3082 5561 ex.
3118 5524 3197 5577 gr.
3224 5512 3461 5577 Secreta,

189 5606 275 5660 vel
307 5604 783 5671 Postcommunio,
813 5612 865 5659 et
897 5619 1292 5675 noonumquam
1318 5612 1575 5674 utraeque,
1611 5605 1723 5659 sive
1746 5605 1906 5659 etiam
1935 5606 2109 5659 oratio
2133 5603 2328 5673 prima.
2357 5602 2414 5656 In
2439 5602 2557 5656 aliis
2589 5603 2927 5672 praefationes
2950 5600 3067 5653 dum
3099 5601 3180 5655 vei
3208 5611 3316 5657 tres
3332 5619 3465 5661 con-

186 5696 499 5768 iunguntur
538 5698 655 5751 sine
692 5696 1022 5752 orationibus
1050 5696 1509 5764 Postcommunio,
1543 5699 1625 5753 vel
1649 5701 1804 5753 etiam
1836 5698 2037 5768 absque
2068 5698 2172 5753 ulla
2203 5698 2467 5752 oratione.
2500 5696 2672 5750 Missas
2699 5708 3007 5748 communes
3036 5693 3104 5749 de
3136 5700 3462 5767 martyribus

186 5788 574 5842 distrahuntur
612 5786 663 5840 in
694 5801 904 5842 menses
933 5795 1038 5843 tres
1062 5832 1075 5853 ,
1102 5789 1362 5857 Aprilem,
1393 5788 1587 5843 Julium
1614 5799 1666 5844 et
1696 5795 2009 5859 Augustum.
2044 5790 2098 5843 in
2130 5789 2296 5858 Aprili
2331 5799 2504 5842 autem
2528 5828 2540 5850 ,
2564 5786 2652 5839 ubi
2695 5788 2869 5854 plures
2890 5786 3155 5843 Colleetas
3183 5791 3422 5843 invenies
3445 5831 3459 5855 ,

188 5878 365 5941 Missis
396 5877 781 5934 communibus
812 5878 879 5934 de
908 5879 1143 5949 pluribus
1188 5881 1509 5951 martyribus
1548 5897 1691 5935 num.
1734 5884 1765 5935 6
1789 5882 2125 5952 praemittitur
2156 5881 2326 5937 oratio
2352 5882 2408 5934 S.
2442 5879 2689 5945 Tiburtii,
2720 5879 2869 5949 cujus
2899 5880 3155 5938 festivitas
3186 5882 3246 5935 ad
3286 5884 3461 5953 Αιιειιο
