4018 6314
210 460 274 513 17
1666 456 1797 511 ΡΒΑ

1889 457 2051 512 ᾹΤΙΟ.
3408 466 3476 524 i8

210 570 325 628 usui
352 588 458 628 non
490 572 606 629 fuit.
645 572 711 628 Et
741 572 784 627 si
815 572 1030 642 quidem
1058 570 1316 644 Simplicii
1340 586 1489 643 papa:
1516 584 1710 625 nomen
1735 585 1833 641 pro
1864 570 2102 626 Silvestri
2134 570 2183 623 in
2210 568 2364 623 Missa
2401 578 2522 624 ante
2553 570 2761 626 laudata
2790 574 3105 642 posterioris
3128 575 3331 631 librarii
3355 575 3473 631 hal-

210 665 533 721 lucinatione
579 666 989 737 haudquaquam
1030 666 1267 737 irrepsit,
1300 672 1422 735 post
1462 663 1795 736 Simplicium
1840 679 2029 735 papam
2070 664 2186 719 hac
2232 662 2482 719 collectio
2522 676 2795 737 compacta
2829 669 2927 723 fuit
2960 670 3059 726 sub
3089 669 3268 727 Felice
3296 670 3361 725 ιιι
3390 671 3474 725 vel

210 757 359 813 initio
389 757 732 827 pontiﬁcatus
760 756 960 814 Gelasii
991 774 1005 811 :
1035 756 1458 813 additamentum
1490 758 1632 813 enim
1669 758 1955 827 posterius,
1988 757 2129 827 quod
2172 758 2224 813 in
2267 757 2367 812 hac
2408 756 2570 813 Missa
2608 762 2843 817 nonnulli
2893 764 3149 835 suspicati
3186 774 3333 829 sunt,
3363 763 3475 819 sola

207 849 639 905 Sacramentaria
677 850 907 921 publica,
939 865 1061 906 cum
1082 851 1149 906 ad
1178 865 1333 906 usum
1367 849 1727 907 Ecclesiarum
1758 849 2019 921 deinceps
2040 851 2443 919 exscribuntur,
2476 852 2718 922 recipere
2738 855 2932 911 solent.

278 942 367 998 ll.
409 942 591 1013 Neque
612 958 743 997 vero
771 958 835 997 ex
864 958 929 998 eo
956 943 1098 1014 quod
1144 944 1229 999 hic
1269 944 1444 999 codex
1484 960 1513 999 a
1558 944 1770 1014 privato
1812 943 2031 1000 homine
2069 944 2273 1015 absque
2316 945 2587 1015 exquisito
2614 946 2802 1003 ordine
2835 950 3090 1019 digestus,
3121 952 3175 1007 in
3221 950 3478 1007 Romana

205 1034 467 1091 Ecclesim
498 1050 595 1089 usu
620 1051 724 1089 non
757 1035 876 1102 fuit,
907 1036 1085 1092 minus
1112 1038 1368 1093 aestimari
1399 1037 1583 1105 debet,
1605 1038 1689 1094 vel
1721 1038 1881 1108 hujus
1906 1037 2164 1095 Ecclesia:
2190 1038 2685 1095 Sacramentarium
2714 1043 2967 1111 appellari
2994 1048 3194 1115 nequit.
3223 1048 3477 1101 Romanae

207 1132 351 1186 enim
384 1130 641 1186 Ecclesiae
667 1130 1162 1187 Sacramentarium
1193 1141 1276 1187 est
1304 1132 1445 1203 quod
1475 1132 1722 1201 liturgica
1753 1132 1870 1201 ejus
1908 1132 2252 1199 documenta,
2280 1148 2400 1203 quae
2433 1142 2560 1189 ante
2600 1133 2871 1189 Gelasium
2903 1136 3125 1194 diversis
3148 1140 3479 1209 temporibus

205 1224 325 1277 usui
362 1222 527 1290 fuere,
553 1224 606 1279 in
647 1240 812 1279 unum
843 1240 1042 1296 corpus
1082 1225 1309 1281 collecta
1344 1224 1724 1293 complectitur
1756 1239 1862 1279 :eo
1898 1233 2077 1279 autem
2114 1234 2195 1280 est
2224 1225 2592 1281 aestimabilius
2632 1242 2742 1296 prae
2767 1228 3001 1295 caeteris,
3029 1240 3223 1299 quanto
3247 1240 3302 1286 et
3327 1231 3476 1300 plura

206 1324 261 1371 et
298 1319 588 1375 vetustiora
622 1320 931 1389 hujusmodi
962 1329 1307 1376 monumenta
1352 1320 1419 1374 ad
1457 1321 1693 1391 priscam
1727 1318 2066 1387 disciplinam
2105 1321 2558 1391 cognoscendam,
2583 1330 2639 1376 et
2668 1322 2733 1375 ad
2755 1322 3076 1377 catholicam
3110 1324 3262 1378 ﬁdem
3284 1326 3480 1378 conﬁr-

206 1410 460 1464 mandam
490 1412 640 1467 utilia
664 1413 821 1467 nobis
847 1414 1208 1479 conservavit,
1239 1427 1358 1481 quae
1396 1412 1448 1466 in
1491 1411 1611 1465 aliis
1648 1410 2086 1465 Sacramentariis
2129 1409 2323 1465 frustra
2363 1410 2623 1480 requiras.
2668 1411 2794 1465 Haec
2828 1412 2998 1468 fusius
3045 1410 3482 1481 prmfandaiuere

211 1501 281 1555 ad
331 1504 774 1558 constituendum
822 1505 991 1559 nostri
1041 1503 1447 1560 Sacramentarii
1486 1511 1753 1557 auctorem
1788 1515 1851 1556 ac
1894 1509 2125 1570 tempus,
2156 1516 2222 1556 ex
2262 1500 2457 1573 quibus
2508 1502 2674 1572 ipsius
2708 1503 2868 1558 etiam
2932 1504 3297 1573 praestantiam
3353 1504 3486 1559 satis

207 1596 551 1664 agnovimus.

291 1684 381 1739 12.
412 1686 563 1740 Nunc
589 1695 647 1739 ut
672 1686 871 1756 aliquid
900 1686 967 1741 ad
998 1687 1340 1742 vetustiorem
1361 1685 1631 1755 liturgiam
1658 1684 1956 1741 Romanam
1982 1684 2354 1740 illustrandam
2386 1684 2664 1751 aﬁeratur,
2701 1684 2957 1739 nonnulla
2986 1699 3053 1739 ex
3085 1694 3271 1739 nostro
3291 1686 3477 1743 codice

208 1776 397 1845 colligi
425 1791 582 1845 posse
611 1777 896 1832 credimus.
930 1778 983 1834 Si
1016 1777 1131 1833 haec
1168 1778 1585 1834 Sacramentarii
1625 1779 1854 1834 Romani
1884 1780 2053 1849 prima
2084 1788 2139 1835 et
2164 1779 2368 1850 privata
2409 1780 2656 1835 collectio
2696 1778 2814 1845 fuit,
2848 1787 2909 1833 ut
2936 1787 3090 1833 antea
3116 1776 3368 1842 vidimus,
3392 1794 3487 1848 pa-

202 1867 315 1922 lam
344 1868 405 1922 ﬁt
434 1868 638 1922 nullum
661 1868 929 1938 publicum
960 1868 1469 1936 Sacramentarium,
1500 1871 1643 1941 quod
1688 1872 1895 1926 scilicet
1930 1872 2092 1927 totius
2123 1870 2250 1926 anni
2277 1886 2339 1927 ac
2369 1871 2605 1926 omnium
2652 1870 2909 1925 festorum
2942 1869 3195 1923 Romanae
3232 1870 3485 1925 Ecclesia:

199 1958 396 2015 Missas
436 1968 585 2014 certo
615 1959 804 2015 ordine
837 1961 1071 2031 digestas
1102 1974 1263 2033 atque
1286 1963 1537 2018 collectas
1566 1963 1864 2029 exhiberet,
1892 1964 2163 2019 exstitisse
2198 1965 2397 2019 saeculo
2418 1980 2472 2018 v.
2506 1963 2673 2019 Nemo
2694 1974 2842 2019 certe
2868 1964 3107 2033 probarit
3135 1964 3483 2026 contrarium,

203 2064 306 2105 nec
346 2052 636 2120 quisquam
664 2049 926 2107 hactenus
966 2054 1167 2109 invenit
1208 2054 1411 2125 aliquid
1442 2056 1682 2110 anterius
1722 2054 2159 2111 Sacramentario
2190 2056 2496 2122 Gelasiano,
2524 2056 2663 2126 quod
2705 2058 2757 2111 in
2796 2072 2949 2111 usum
2973 2057 3242 2125 publicum
3283 2056 3486 2112 editum

201 2142 365 2198 fuisse
393 2143 580 2213 liquet.
607 2144 793 2200 Solum
823 2144 1120 2214 Canouem,
1148 2156 1201 2203 et
1223 2148 1579 2205 solemniores
1613 2149 1819 2220 aliquot
1844 2165 2051 2220 preces,
2085 2166 2147 2206 ac
2173 2161 2350 2206 certas
2386 2166 2603 2221 precum
2646 2151 2925 2215 formulas,
2959 2159 3013 2205 et
3045 2150 3331 2220 quemdam
3364 2164 3487 2204 ora-

201 2238 412 2293 tionum
445 2237 718 2305 ordinem,
746 2238 995 2294 nimirum
1022 2240 1174 2297 initio
1201 2242 1399 2313 Missae,
1438 2254 1562 2301 ante
1583 2245 1887 2313 Canonem,
1915 2257 1967 2301 et
1997 2256 2115 2317 post
2137 2248 2599 2315 communionem,
2632 2246 3022 2316 antiquissimis
3042 2262 3253 2317 quoque
3284 2255 3486 2314 tempo-

208 2332 355 2388 ribus
380 2331 663 2387 inductum
692 2347 755 2388 ac
779 2344 1057 2404 receptum
1099 2334 1287 2403 fuisse,
1319 2352 1387 2392 ex
1428 2339 1634 2409 aliquot
1664 2341 1982 2409 pervetustis
2014 2340 2261 2396 Patribus
2304 2340 2590 2396 didicimus
2617 2358 2629 2393 :
2657 2355 2781 2394 num
2826 2354 2956 2394 vero
2996 2338 3097 2403 has,
3120 2338 3206 2393 vel
3236 2338 3339 2393 illm
3368 2351 3486 2391 ora-

206 2428 377 2483 tiones
401 2442 464 2481 ac
499 2428 857 2486 Praef-stiones
883 2431 1073 2501 cuique
1096 2432 1233 2486 festo
1261 2444 1442 2489 essent
1467 2435 1736 2505 ascripta,
1773 2442 1831 2489 ut
1850 2435 1987 2505 apud
2020 2433 2289 2490 Gelasium
2316 2435 2585 2505 leguntur,
2618 2431 2736 2503 quis
2764 2432 2992 2501 probare
3022 2431 3217 2501 queat?
3247 2429 3488 2484 Nonnul-

206 2520 281 2576 las
307 2521 532 2592 quidem
564 2522 753 2578 Missas
790 2526 1143 2596 quorumdam
1173 2528 1432 2582 festorum
1471 2529 1738 2599 proprias,
1767 2544 1887 2601 qua
1919 2528 2230 2583 solemniori
2267 2527 2583 2583 celebritate
2618 2528 2672 2582 in
2708 2525 2947 2581 Romana
2986 2523 3224 2579 Ecclesia
3264 2537 3488 2592 perage-

213 2614 429 2683 bantur,
458 2625 585 2671 ante
625 2616 893 2674 Gelasium
935 2619 1099 2675 fuisse
1128 2622 1437 2677 lucubratas
1478 2639 1543 2678 ex
1584 2632 1771 2679 nostro
1802 2624 1987 2680 codice
2030 2622 2371 2680 manifestum
2414 2632 2517 2680 est.
2548 2623 2617 2679 At
2658 2623 2755 2678 has
2783 2624 2929 2693 ipsas
2964 2637 3069 2676 non
3102 2620 3269 2676 fuisse
3298 2620 3351 2674 in
3382 2633 3490 2673 uno

214 2706 340 2763 libro
370 2710 633 2765 collectas
667 2723 825 2781 atque
855 2712 1108 2781 digestas,
1136 2714 1309 2769 Missa:
1352 2730 1445 2772 ex.
1478 2732 1559 2787 gr.
1587 2716 1645 2773 S.
1679 2717 1937 2787 Stephani
1987 2717 2263 2773 evidenter
2292 2718 2604 2773 ostendunt.
2655 2717 2715 2774 Si
2762 2716 2907 2773 enim
2952 2716 3036 2771 hae
3073 2726 3198 2770 ante
3244 2721 3490 2768 nostrum

220 2804 563 2860 collectorem
601 2807 783 2861 relata:
810 2805 1038 2864 fuissent
1067 2809 1119 2864 in
1150 2811 1392 2866 codicem
1427 2811 1491 2866 ad
1523 2812 1748 2883 liturgia:
1778 2813 2006 2884 publica:
2056 2830 2233 2880 usum,
2266 2813 2406 2869 idem
2456 2815 2715 2869 collector
2742 2828 2808 2867 ex
2854 2814 2955 2867 hoc
3000 2812 3211 2881 publico
3238 2818 3294 2865 et
3324 2808 3492 2877 magis

225 2897 368 2954 obvio
391 2899 581 2955 codice
610 2915 702 2956 eas
730 2901 914 2972 utique
942 2904 1317 2974 descripsisset
1350 2920 1534 2961 mense
1567 2906 1867 2972 Decembri,
1898 2921 2005 2977 quo
2030 2906 2088 2961 S.
2119 2908 2376 2978 Stephani
2412 2907 2607 2962 festum
2655 2906 3049 2963 celebrabatur.
3084 2905 3300 2961 Solutas
3332 2903 3492 2973 igitur

232 2997 282 3045 et
317 3004 585 3062 separatas
629 3008 719 3048 eas
758 3003 941 3049 noster
969 2996 1226 3050 collector
1255 2997 1477 3063 invenit,
1503 3012 1565 3053 ac
1609 3008 1894 3068 propterea
1922 2998 1995 3051 nil
2028 2998 2221 3052 mirum
2253 2998 2297 3050 si
2329 2999 2381 3051 in
2426 3006 2572 3051 tanta
2593 2995 2915 3051 confusione
2938 2996 3174 3065 plurium
3206 2994 3491 3047 Missarum

238 3084 411 3151 primis
430 3086 570 3140 curis
596 3096 839 3141 exactum
869 3087 1112 3144 ordinem
1142 3103 1363 3144 servare
1387 3104 1601 3159 semper
1623 3106 1726 3144 non
1754 3092 1947 3159 potuit.
1974 3091 2135 3145 Forte
2172 3090 2334 3143 etiam
2366 3104 2431 3144 ex
2453 3090 2617 3143 variis
2649 3087 2927 3141 tabulariis
2948 3102 3039 3141 eas
3070 3088 3319 3151 sumpsit,
3349 3100 3411 3137 ac
3440 3086 3491 3138 in

249 3189 395 3230 unum
417 3180 646 3235 codicem
679 3196 787 3235 non
835 3182 1006 3236 solum
1036 3183 1229 3237 Missas
1271 3183 1539 3252 integras,
1571 3183 1665 3238 sed
1709 3194 1889 3252 partes
1929 3184 2116 3251 etiam,
2158 3196 2525 3252 quascumque
2562 3180 2785 3245 invenit,
2812 3179 3035 3244 referre,
3067 3188 3121 3234 et
3150 3179 3223 3232 ita
3262 3178 3491 3247 primum

250 3267 629 3326 Sacramentarii
651 3273 958 3343 exemplum
989 3274 1334 3343 compingere
1364 3272 1589 3327 studuit.
1623 3272 1759 3328 Hinc
1786 3270 2105 3341 intelligitur
2140 3287 2237 3328 cur
2266 3271 2447 3341 plures
2477 3271 2669 3327 Missas
2705 3268 3045 3339 imperfectas
3076 3267 3305 3333 dederit,
3331 3268 3382 3322 id
3411 3277 3495 3323 est

245 3362 323 3415 vel
354 3363 685 3423 Praefationes
716 3368 858 3423 solas
885 3368 1002 3423 sine
1030 3367 1385 3433 orationibus,
1416 3368 1499 3422 vel
1526 3367 1797 3422 orationes
1818 3366 1935 3421 sine
1964 3364 2307 3432 Praefatione,
2339 3363 2424 3417 vel
2456 3378 2619 3417 uuam
2651 3360 2947 3416 orationem
2981 3368 3211 3425 tantum,
3242 3366 3350 3413 etc.
3375 3355 3492 3412 Non

239 3470 434 3526 semper
461 3460 599 3513 enim
632 3461 852 3530 integrm
890 3460 1065 3515 Missae
1096 3460 1385 3515 lucubratze
1425 3459 1641 3515 fuerunt
1668 3459 1737 3515 de
1775 3474 1956 3526 novo;
1988 3458 2083 3515 sed
2107 3472 2505 3527 nonnumquam
2534 3456 2665 3511 sola:
2704 3454 3056 3510 Praefationes
3085 3452 3168 3507 vel
3194 3453 3490 3518 orationes,

236 3551 414 3620 quibus
440 3555 541 3609 etsi
573 3555 702 3609 nihil
732 3555 879 3610 dubii
909 3565 991 3610 est
1017 3557 1144 3626 quin
1176 3557 1226 3609 in
1256 3556 1578 3611 celebranda
1612 3555 1770 3611 Missa
1793 3556 1911 3611 alia:
1950 3556 2271 3612 necessariae
2299 3564 2482 3625 partes
2505 3554 2589 3609 vel
2612 3569 2679 3609 ex
2709 3550 3085 3608 communibus
3115 3547 3199 3603 vel
3230 3562 3297 3601 ex
3334 3553 3493 3601 antea

234 3649 431 3704 usitatis
465 3649 716 3719 precibus
743 3648 938 3703 additae
968 3647 1189 3715 fuerint,
1214 3662 1397 3704 earum
1438 3658 1616 3704 tamen
1646 3650 2070 3719 manuscriptum
2097 3648 2405 3717 exemplum
2428 3655 2732 3716 separatum
2761 3660 2789 3697 a
2829 3643 3039 3699 caeteris
3071 3642 3344 3696 inventum
3375 3638 3494 3692 fuit.

234 3743 355 3799 Hinc
387 3744 549 3799 etiam
582 3744 923 3812 cognoscitur
952 3759 1049 3803 cur
1078 3743 1272 3814 aliquae
1311 3746 1583 3799 orationes
1611 3754 1703 3799 aut
1745 3744 2095 3799 Przefationes
2135 3743 2189 3797 in
2233 3751 2420 3797 nostro
2460 3740 2648 3796 codice
2689 3747 3002 3807 repetantur
3031 3755 3045 3790 :
3073 3734 3197 3805 quia
3240 3733 3494 3787 nimirum

233 3847 369 3890 nova
413 3836 576 3891 alicui
607 3832 842 3889 orationi
870 3843 959 3887 aut
998 3834 1305 3887 Praelationi
1334 3834 1400 3888 ad
1428 3835 1690 3902 integram
1732 3836 1950 3890 missam
1979 3834 2361 3904 perﬁciendam
2396 3832 2686 3902 aliquando
2724 3829 2931 3898 adjecta
2958 3827 3176 3882 fuerunt
3204 3833 3398 3882 caetera
3428 3840 3495 3879 ex

231 3930 617 3994 communibus,
643 3935 739 3980 aut
775 3934 931 3981 antea
965 3926 1195 3992 usitatis,
1224 3942 1343 3993 qum
1374 3926 1576 3981 idcirco
1601 3943 1629 3981 a
1658 3926 1899 3997 diligenti
1933 3937 2118 3982 nostro
2160 3926 2492 3994 exscriptore
2524 3925 2749 3993 repetita
2775 3922 3139 3977 inveniuntur.

300 4025 381 4079 l3.
424 4022 561 4079 Cum
593 4022 769 4077 nullas
801 4021 851 4073 in
881 4020 980 4074 hoc
1013 4020 1440 4075 Sacramentario
1469 4019 1657 4073 Missas
1685 4021 1928 4089 proprias
1957 4020 2289 4090 reperiamus
2310 4018 2709 4072 Dominicarum
2740 4024 2861 4085 post
2885 4013 3119 4079 Pascha,
3150 4020 3268 4081 post
3298 4010 3497 4066 Pente-

229 4127 402 4171 costen
439 4116 525 4170 vel
554 4114 860 4179 Adventus,
894 4114 1022 4168 satis
1053 4113 1327 4182 probabile
1353 4124 1436 4169 est
1465 4114 1700 4168 nondum
1730 4128 1851 4168 eum
1882 4113 2124 4168 ordinem
2172 4111 2451 4166 Missarum
2477 4107 2881 4164 dominicalium
2919 4108 3084 4160 fuisse
3105 4103 3461 4174 praestitutum
3480 4146 3495 4170 ,

229 4207 310 4276 qui
341 4208 391 4262 in
418 4206 811 4277 posterioribus
837 4205 1280 4261 Sacramentariis
1304 4204 1742 4274 deprehenditur.
1778 4203 1887 4258 Hac
1918 4214 2094 4257 autem
2118 4203 2172 4256 in
2194 4217 2253 4256 re
2276 4200 2403 4255 illud
2432 4200 2701 4269 praecipue
2732 4196 3161 4259 observavimus,
3192 4193 3363 4246 nostri
3393 4191 3495 4244 Sa-

228 4301 567 4356 cramentarii
612 4309 856 4368 tempore
884 4299 1158 4353 orationes
1186 4307 1238 4353 et
1269 4313 1455 4367 preces
1483 4297 1538 4351 in
1571 4296 1868 4351 Dominicis
1893 4306 2015 4365 post
2047 4295 2405 4349 Pentecosten
2442 4299 2683 4357 sumptas
2723 4286 2890 4341 fuisse
2916 4301 2988 4342 ex
3018 4281 3396 4340 communibus
3424 4282 3498 4337 de

227 4395 488 4449 sacriﬁcio
532 4393 732 4458 Missae,
770 4401 862 4447 aut
903 4408 1001 4464 pro
1046 4391 1208 4446 variis
1251 4393 1428 4446 causis
1469 4399 1630 4459 atque
1676 4388 2124 4455 necessitatibus,
2170 4393 2325 4456 prout
2361 4383 2625 4455 cujusque
2655 4380 2881 4437 arbitrio
2919 4379 3086 4450 magis
3120 4376 3379 4448 placeret.
3422 4374 3502 4431 Ex

223 4482 299 4537 his
327 4486 535 4553 aliquot
556 4484 807 4539 Collecta!
837 4485 889 4538 in
916 4484 1349 4540 Sacramentario
1378 4480 1575 4537 Gelasii
1598 4480 1736 4536 libro
1764 4482 1923 4537 tertio
1955 4481 2052 4536 sub
2082 4480 2236 4534 titulo
2261 4494 2353 4550 pro
2382 4478 2664 4533 Dominicis
2696 4475 2897 4544 diebus,
2927 4476 2996 4529 ita
3023 4484 3082 4528 ut
3106 4472 3278 4527 Missae
3306 4469 3495 4525 Domi-

226 4572 486 4638 nicarum,
521 4590 639 4642 qua:
666 4574 821 4627 Missa
869 4575 1080 4643 prepria
1109 4580 1378 4639 carerent,
1411 4588 1481 4627 ex
1516 4572 1597 4626 his
1630 4571 1905 4627 sumendas
1936 4582 2140 4627 essent.
2174 4570 2413 4627 Tandem
2450 4570 2501 4624 in
2543 4567 2977 4625 Sacramentario
3020 4564 3355 4635 Gregoriauo
3398 4577 3493 4617 sua

222 4666 409 4736 cuique
441 4667 737 4721 Dominicis
766 4667 925 4722 Missa
958 4666 1172 4737 propria
1212 4667 1481 4737 assignata
1513 4668 1725 4736 legitur.
1759 4666 1817 4721 ld
1846 4676 2025 4722 tamen
2068 4682 2193 4721 num
2234 4665 2493 4737 Gregorio
2536 4663 2878 4719 tribuendum
2908 4662 3000 4728 sit,
3041 4675 3107 4714 an
3146 4659 3263 4729 ejus
3303 4657 3501 4713 Sacra-

225 4762 494 4814 mentario
535 4762 803 4829 posterius
831 4760 1139 4826 accesserit,
1175 4760 1416 4814 nonnihil
1446 4761 1785 4831 ambigimus.
1815 4758 1875 4815 Si
1907 4762 2050 4815 enim
2078 4760 2238 4830 hujus
2265 4758 2618 4814 institutionis
2643 4772 2706 4811 ac
2734 4756 2976 4812 methodi
2999 4761 3189 4809 auctor
3216 4750 3407 4807 fuisset
3440 4750 3498 4806 S.

222 4850 540 4921 Gregorius,
584 4852 769 4921 quavis
812 4850 1087 4906 Dominica
1122 4862 1239 4921 post
1280 4851 1633 4907 Pentecosten
1660 4852 1863 4907 eaedem
1894 4853 2169 4907 orationes
2212 4862 2267 4906 et
2296 4851 2647 4906 Praelationes
2688 4850 2739 4903 in
2770 4847 3021 4903 omnibus
3066 4847 3183 4917 ejus
3223 4844 3502 4901 codicibus

224 4947 613 5002 invenirentur.
644 4948 713 5001 At
743 4946 946 5016 aliquot
982 4944 1378 5000 Dominicarum
1416 4960 1600 5013 preces
1638 4945 1866 4999 diversa:
1894 4954 2019 4999 sunt
2045 4945 2099 4999 in
2140 4959 2273 4999 mss.
2303 4944 2529 4999 diversis
2571 4941 2847 4997 Muratorii
2878 4949 3038 5009 atque
3066 4938 3328 5006 Menardi,
3362 4940 3502 4993 sicut

223 5042 382 5095 etiam
416 5044 473 5095 in
507 5040 707 5095 Missali
737 5041 999 5094 Romano.
1034 5039 1250 5108 Aliquot
1272 5041 1514 5109 exempla
1542 5039 1596 5093 in
1620 5038 2051 5093 annotationibus
2077 5038 2145 5093 ad
2166 5046 2408 5094 nostrum
2438 5034 2927 5093 Sacramentarium
2957 5034 3328 5088 indicavimus.
3361 5030 3508 5084 Con-

226 5134 301 5188 ler
331 5134 639 5203 prmsertim
670 5132 884 5186 Missam
929 5147 1097 5186 χχχιιι
1134 5135 1272 5186 inter
1301 5146 1615 5186 communes
1656 5130 1856 5185 mensis
1881 5130 2031 5196 Julii,
2062 5129 2217 5200 cujus
2243 5130 2413 5200 prima
2452 5129 2627 5183 oratio
2652 5128 2706 5181 iu
2737 5125 3170 5183 Sacramentario
3200 5120 3399 5177 Gelasii
3431 5120 3510 5174 le-

222 5224 364 5293 gitur
390 5223 489 5277 lib.
525 5237 606 5285 ιιι,
631 5239 684 5275 ιι.
705 5228 758 5289 9,
781 5237 874 5291 pro
903 5220 1075 5274 diebus
1102 5219 1406 5287 Dominicis,
1435 5223 1485 5275 in
1514 5221 1860 5291 Gregorianis
1890 5230 2068 5276 autem
2097 5219 2667 5276 MuratoriiDominica
2697 5235 2785 5273 xiv
2814 5229 2931 5287 post
2959 5217 3337 5273 Pentecosten,
3366 5211 3509 5281 apud

227 5315 552 5373 Menardum
588 5329 717 5369 vero
750 5315 1025 5370 Dominica
1048 5329 1137 5385 xv,
1171 5329 1235 5370 ac
1264 5315 1315 5368 in
1342 5314 1539 5370 Missali
1572 5314 1813 5371 Romano
1845 5314 2121 5370 Dominica
2150 5329 2267 5382 xm,
2298 5324 2352 5369 et
2382 5314 2522 5369 hanc
2558 5312 2826 5368 diversam
2865 5323 3210 5365 numerorum
3240 5306 3505 5361 rationem

224 5422 289 5462 ex
328 5409 456 5463 aliis
486 5408 750 5475 exemplis
790 5416 1123 5462 constantem
1154 5406 1490 5476 agnovimus.
1524 5405 1710 5473 Quoad
1755 5405 1943 5461 Missas
1970 5406 2038 5463 de
2060 5404 2285 5473 sanctis,
2313 5419 2603 5476 paucorum
2637 5412 2931 5475 martyrum
2971 5400 3144 5455 Missae
3190 5397 3422 5467 propriae
3454 5396 3509 5451 in

226 5514 413 5560 nostro
444 5503 633 5559 codice
671 5502 939 5572 leguntur.
983 5502 1168 5570 Quoad
1214 5503 1347 5556 alios
1374 5501 1767 5558 adhibebantur
1804 5518 2139 5559 communes.
2171 5502 2305 5558 Hinc
2335 5502 2515 5572 plures
2550 5500 2728 5555 Missa:
2754 5510 3068 5554 communes
3090 5491 3159 5548 de
3183 5492 3514 5562 martyribus

226 5592 278 5648 in
320 5601 517 5649 nostro
559 5591 994 5647 Sacramentario
1023 5601 1329 5659 occurrunt,
1367 5593 1417 5646 in
1451 5594 1647 5663 quibus
1674 5594 1794 5649 dua;
1820 5595 2092 5650 orationes
2128 5593 2215 5649 vel
2246 5604 2355 5649 tres
2385 5592 2620 5663 alioquin
2654 5603 2970 5646 communes
3004 5586 3274 5657 proprium
3307 5597 3516 5656 marty~

226 5689 303 5744 ris
333 5705 561 5759 nomen,
592 5686 831 5758 Agapiti,
859 5703 947 5743 es.
977 5704 1087 5758 gr.,
1109 5688 1375 5758 Gregorii,
1402 5696 1534 5756 etc.,
1561 5690 1869 5759 praeierunt,
1903 5690 2049 5744 lnter
2077 5688 2422 5759 quamplures
2452 5687 2642 5742 Missas
2668 5684 2736 5738 de
2763 5680 3091 5751 martyribus
3119 5695 3400 5749 perpaucae
3430 5680 3514 5735 le-

224 5790 434 5853 guntur
455 5782 523 5836 de
554 5781 893 5851 simplicibus
920 5780 1341 5847 confessdribus,
1373 5797 1437 5836 eo
1465 5782 1607 5851 quod
1639 5783 1713 5836 illi
1749 5783 2183 5851 persecutionum
2215 5790 2461 5850 tempore
2486 5776 2881 5846 frequentiores
2912 5780 2968 5827 et
3004 5775 3242 5829 notiores
3270 5773 3511 5827 fuerunt.

225 5872 401 5928 Nullae
433 5880 561 5927 sunt
586 5871 954 5941 apostolorum
986 5871 1161 5925 Missae
1190 5871 1415 5939 propria:
1447 5871 1550 5925 nisi
1594 5882 1903 5927 sanctorum
1934 5872 2078 5926 Petri
2107 5881 2162 5927 et
2190 5872 2362 5936 Pauli,
2390 5872 2448 5925 S.
2481 5867 2712 5923 Andreas
2742 5877 2793 5922 et
2828 5864 2885 5921 S.
2922 5866 3079 5922 Joan.
3132 5866 3513 5933 Evangelistm.

228 5963 365 6023 Cum
399 5980 538 6023 vero
564 5962 869 6019 inveniatur
902 5963 1055 6017 Missa
1086 5964 1153 6019 de
1180 5961 1432 6017 omnibus
1461 5964 1721 6033 apostolis
1761 5962 1895 6018 infra
1938 5971 2182 6019 octavam
2219 5963 2321 6020 SS.
2350 5959 2489 6017 Petri
2522 5967 2575 6013 et
2600 5960 2771 6025 Pauli,
2811 5975 2935 6013 num
2976 5958 3259 6029 peculiaria
3290 5958 3519 6010 aliorum
