4018 6314
509 350 574 406 to
1355 324 1373 338 ’
1950 351 2096 410 rae:

2192 353 2331 410 .TIO.
3703 368 3779 427 ea

505 469 869 541 apostolorum
900 469 1033 526 festa
1068 469 1251 524 Romae
1277 483 1374 538 per
1405 469 1506 525 hoc
1535 477 1744 539 tempus
1771 485 1878 526 non
1909 470 2336 538 celebrarentur,
2370 470 2461 528 sed
2483 485 2546 526 eo
2573 471 2660 528 die
2681 473 2979 530 communis
3009 485 3191 530 eorum
3219 474 3477 532 memoria
3501 476 3671 548 fieret,
3703 495 3788 540 an,

504 562 632 620 vero
661 579 758 619 suo
788 564 1049 633 cujusque
1079 563 1217 618 festo
1246 563 1402 620 Missa
1431 576 1735 620 sumeretur
1764 581 1833 620 ex
1864 565 2264 628 communibus,
2298 565 2523 622 aliorum
2545 563 2803 634 judicium
2829 567 2918 624 sit.

574 657 660 714 Η.
707 659 786 714 Ex
815 666 997 712 nostro
1026 657 1460 714 Sacramentario
1489 659 1649 713 etiam
1688 658 1947 714 discimus
1989 674 2148 728 quam
2183 669 2447 716 vetustam
2485 660 2748 724 originem
2788 659 3018 718 habeant
3065 661 3335 732 pleneque
3378 663 3686 734 orationes,
3718 676 3772 723 et

499 754 836 823 praefationes
863 754 1157 819 nonnullas,
1185 770 1304 826 qnze
1334 771 1438 811 non
1463 756 1637 811 solum
1664 757 1714 810 in
1740 756 2030 812 Gelasiano
2055 763 2110 810 et
2133 755 2463 823 Gregoriano
2494 755 2789 820 codicibus,
2823 773 3008 812 verum
3033 758 3191 812 etiam
3219 760 3271 812 in
3303 758 3544 815 Romano
3572 761 3772 820 Missaii

499 845 863 899 continentur.
897 843 1004 898 Has
1034 844 1086 899 in
1116 844 1560 900 annotationibus
1591 847 1970 901 indicabimus.
2007 846 2422 902 Conferentibus
2460 861 2594 902 vero
2629 847 2867 916 singulas
2896 847 3193 916 apparebit,
3236 861 3498 920 quatenus
3535 851 3766 911 leviores

495 939 752 1006 quasdam
783 956 971 996 vocum
1005 945 1323 1001 mutationes
1343 945 1823 1015 aliquteorationes
1851 946 2172 1014 receperint,
2207 955 2258 998 et
2286 944 2554 1014 quomodo
2585 959 2981 1014 nonnumquam
3005 959 3069 999 ex
3095 944 3334 1013 pluribus
3363 947 3765 1016 praefationibus

498 1030 550 1086 in
580 1048 686 1088 uno
711 1034 1142 1092 Sacramentario
1163 1037 1435 1104 exhibitis,
1459 1039 1662 1108 aliquot
1683 1039 1968 1094 sententiis
1987 1053 2051 1092 ac
2077 1037 2254 1093 verbis
2281 1038 2405 1091 hinc
2435 1046 2489 1090 et
2511 1035 2633 1091 hinc
2662 1040 2929 1105 excerptis
2959 1047 3010 1090 et
3040 1036 3321 1106 colligatis,
3350 1040 3620 1094 nonnullae
3649 1041 3772 1096 Mis-

495 1126 624 1180 salis
657 1128 992 1195 praefationes
1019 1131 1338 1186 coaluerint.
1381 1131 1552 1187 Unum
1593 1131 1679 1186 hic
1709 1132 2013 1200 exemplum
2049 1131 2223 1200 quoad
2272 1131 2608 1200 praefationes
2636 1128 2978 1199 proferimus.
3031 1127 3280 1186 Priel'atio
3320 1129 3388 1186 de
3432 1133 3772 1192 Ascensione

495 1219 727 1286 Domini,
760 1237 878 1291 quae
917 1222 971 1277 in
999 1223 1195 1278 Missali
1224 1223 1470 1279 Romano
1495 1234 1547 1279 et
1580 1225 1910 1295 Gregoriano
1936 1235 2017 1281 est
2044 1225 2254 1290 eadem,
2299 1241 2365 1280 ex
2399 1225 2673 1294 particulis
2704 1225 2930 1280 duarum
2963 1223 3335 1295 prmfationum
3383 1227 3549 1282 nostri
3581 1229 3777 1285 Sacra-

501 1316 744 1370 mentarii
777 1328 1050 1388 compacta
1075 1319 1192 1373 fuit.
1219 1319 1397 1374 Verba
1425 1321 1593 1383 enim,
1617 1319 1718 1384 Qui
1740 1329 1851 1392 post
1880 1321 2300 1374 resurrectionem
2325 1336 2470 1373 suam
2513 1319 2742 1373 omnibus
2772 1321 3036 1389 discipulis
3055 1321 3159 1375 suis
3182 1320 3480 1392 manifestus
3505 1323 3771 1394 apparuit,

497 1416 544 1461 et
574 1410 698 1477 ipsis
721 1411 1039 1466 cernentibus
1067 1422 1140 1466 est
1159 1411 1382 1468 eleuatus
1402 1415 1455 1469 in
1479 1413 1684 1478 calum,
1712 1414 2060 1470 inveniuntur
2087 1415 2140 1468 in
2163 1413 2484 1469 Prarfatioue
2515 1414 2681 1483 prima
2711 1416 2878 1468 nostri
2911 1414 3142 1481 codicis;
3167 1413 3256 1469 illa
3282 1431 3430 1482 vero,
3461 1415 3527 1471 Ut
3551 1434 3641 1472 nos
3670 1419 3772 1472 Di-

488 1503 715 1558 vinitatis
736 1522 842 1559 sum
865 1507 1099 1560 tribueret
1123 1523 1227 1560 esse
1249 1509 1539 1579 participes,
1566 1509 1812 1577 leguntur
1829 1508 1879 1561 in
1905 1508 2155 1562 secunda.
2188 1507 2344 1562 Aliud
2370 1507 2669 1576 exemplum
2693 1508 2865 1576 quoad
2887 1507 3157 1561 orationes
3177 1516 3230 1561 et
3253 1522 3440 1561 vocum
3468 1509 3772 1568 levissimas

491 1596 814 1652 mutationes
845 1598 1056 1653 damus.
1097 1599 1280 1654 Oratio
1312 1601 1401 1653 illa
1434 1601 1657 1654 Romani
1677 1601 1914 1655 Missalis
1941 1600 2031 1654 die
2061 1599 2270 1652 sabbati
2311 1611 2428 1668 post
2471 1598 2798 1652 Dominicam
2830 1613 2882 1652 tv
2927 1597 3382 1667 Quadragesimze,
3425 1615 3543 1669 quae
3574 1600 3768 1670 incipit

492 1687 607 1744 Tua
635 1704 745 1757 nos,
775 1690 826 1744 in
858 1703 1043 1747 nostro
1073 1692 1506 1748 Sacramentario
1538 1691 1774 1747 occurrit
1800 1707 1985 1746 mense
2014 1689 2315 1759 Septembri
2343 1691 2484 1744 inter
2507 1704 2837 1753 communes,
2870 1688 2901 1762 ᾗ
2925 1689 3013 1755 39,
3040 1706 3097 1743 n.
3125 1688 3210 1758 1‘2,
3245 1689 3334 1745 tibi
3366 1693 3546 1757 verba,
3574 1690 3768 1764 Opera-

489 1781 649 1836 tiones
674 1800 780 1838 sure
805 1786 1072 1856 perﬁciant
1095 1802 1188 1840 nes
1218 1797 1450 1856 pacatos,
1475 1785 1581 1851 vel,
1610 1796 1662 1840 ut
1687 1786 1739 1841 in
1762 1785 1921 1840 codd.
1955 1784 2319 1854 Gregorianis.
2349 1783 2583 1852 placitos,
2616 1783 2666 1835 in
2699 1781 2911 1835 laudato
2934 1779 3134 1836 Missali
3164 1781 3239 1835 sic
3270 1791 3470 1837 mutata
3499 1781 3710 1839 fuerunt
3735 1804 3747 1837 :

492 1877 809 1949 Operatiene
831 1896 926 1934 sua
945 1880 1038 1934 tibi
1065 1882 1284 1953 placitos
1309 1898 1422 1936 esse
1451 1881 1740 1950 perﬁcient.
1769 1879 1887 1935 Alia
1919 1879 2113 1933 similia
2142 1877 2258 1932 aliis
2283 1876 2608 1931 conferenda
2634 1874 3003 1943 relinquimus.

560 1970 647 2027 15.
691 1974 851 2028 Multa
885 1989 1046 2043 porro
1087 1976 1140 2029 in
1183 1975 1283 2029 hoc
1325 1974 1770 2044 praestantissimo
1808 1988 1871 2028 ac
1901 1971 2265 2028 vetustissimo
2307 1971 2736 2026 Sacramentario
2777 1978 3064 2025 occurrunt
3099 1969 3165 2025 ad
3202 1968 3462 2026 catholica
3503 1971 3756 2041 dogmata

486 2079 673 2122 contra
714 2068 950 2124 novitios
974 2085 1192 2124 errores
1219 2068 1608 2133 conﬁrmanda,
1638 2078 1694 2122 et
1721 2068 1788 2122 ad
1819 2067 2158 2134 disciplinam
2207 2065 2569 2135 antiquiorum
2611 2073 2911 2132 temporum
2943 2061 3368 2132 cognoscendam
3417 2062 3588 2126 utilia.
3636 2079 3759 2134 qua

492 2173 616 2214 cum
645 2161 708 2214 ad
737 2164 1032 2229 posteriora
1061 2164 1419 2219 additamenta
1448 2164 1515 2218 ab
1547 2161 1650 2218 hoc
1678 2162 1867 2217 codice
1903 2160 2081 2216 aliena
2112 2159 2294 2214 referri
2336 2165 2625 2227 nequeant,
2657 2172 2687 2211 a
2714 2155 3100 2211 recentioribus
3137 2155 3403 2209 haereticis
3441 2170 3508 2209 eo
3536 2157 3758 2212 nomina

489 2250 636 2305 eludi
676 2267 777 2306 non
819 2267 1090 2324 poterunt,
1122 2272 1230 2327 quo
1268 2257 1497 2311 aliorum
1540 2255 2095 2311 Sacramentariorum
2139 2252 2512 2308 auctoritatem
2554 2262 2844 2305 extenuare
2876 2250 3133 2305 nituntur.
3180 2249 3332 2315 Quod
3373 2251 3416 2305 si
3454 2250 3753 2321 priscorum

485 2344 696 2400 Patrum
737 2349 1041 2404 testimonia
1071 2349 1283 2419 plurimi
1308 2349 1464 2418 ﬁunt,
1488 2348 1674 2417 quanti
1705 2347 1945 2402 iacienda
1969 2357 2124 2401 erunt
2150 2345 2238 2398 illa
2272 2343 2427 2414 hujus
2459 2342 2891 2405 Sacramentarii,
2928 2337 3069 2412 quod
3093 2357 3197 2396 non
3225 2343 3381 2396 unius
3418 2350 3507 2396 aut
3535 2343 3756 2399 alterius

481 2442 651 2495 sancti
686 2443 878 2506 Patris,
912 2445 1006 2498 scd
1031 2459 1364 2500 summorum
1401 2443 2006 2513 antiquissimorumqne
2038 2439 2370 2509 pontiﬁcum,
2404 2448 2565 2509 atque
2603 2438 2859 2492 Ecclesiae
2900 2437 3208 2506 principalis
3251 2437 3549 2492 doctrinam
3578 2453 3637 2491 ac
3667 2437 3760 2492 di-

480 2535 764 2604 sciplinam
797 2536 850 2590 in
884 2537 1109 2606 publicis
1137 2537 1332 2592 officiis
1357 2536 1686 2608 propositam
1719 2547 1880 2606 atque
1901 2548 2212 2602 exoressam
2243 2530 2506 2588 exhibet?
2542 2530 2810 2586 Nonnulla
2831 2529 2960 2585 Jesu
2992 2528 3188 2591 Christi
3222 2528 3584 2594 Divinitatem,
3613 2543 3762 2598 qna:-

478 2627 600 2682 tiam
629 2629 829 2684 realem
860 2629 976 2698 ejus
1003 2631 1342 2698 praesentiam
1367 2631 1419 2684 in
1446 2628 1800 2689 Encltaristia.
1838 2629 1988 2698 plura
2015 2628 2083 2683 de
2106 2637 2420 2682 sanctorum
2443 2624 2589 2680 cultu
2620 2634 2673 2679 et
2704 2623 3064 2686 invocatione,
3098 2621 3165 2677 de
3193 2623 3432 2689 ipsorum
3463 2637 3582 2677 cum
3615 2637 3761 2675 mar-

480 2731 656 2793 tymm
683 2732 792 2776 tum
818 2723 1186 2777 confessor-uin
1213 2722 1406 2791 ειπὶα,
1430 2721 1499 2776 de
1522 2723 1666 2776 cultu
1687 2735 1964 2775 sacrarum
1997 2720 2363 2788 reliquiarum,
2385 2717 2451 2772 de
2481 2716 2801 2770 necessitate
2831 2723 2884 2768 et
2910 2711 3194 2767 efﬁcientia
3216 2711 3422 2782 gratite,
3445 2709 3511 2766 de
3535 2721 3760 2781 peccato

479 2815 748 2883 originali,
782 2815 850 2869 de
875 2815 1201 2883 jejuniorum
1233 2815 1484 2882 utilitate,
1515 2815 1584 2868 de
1611 2813 1922 2884 prastantia
1953 2815 2061 2868 voti
2098 2811 2471 2876 continentiae,
2504 2810 2571 2866 de
2601 2809 2977 2865 benedictione
3009 2801 3334 2877 nuptiarum,
3373 2807 3440 2862 de
3479 2804 3757 2876 suffragiis

477 2905 874 2972 defunctorum,
899 2906 968 2960 de
995 2921 1190 2975 magno
1225 2918 1451 2960 numero
1481 2914 1802 2976 martyrum,
1830 2905 1896 2959 de
1926 2905 2301 2975 episcoporum
2333 2904 2644 2967 eminentia,
2678 2903 2742 2955 de
2773 2915 3021 2972 suprema
3051 2896 3409 2955 Romanorum
3439 2899 3754 2967 pontificum

474 2998 808 3064 auctoritate,
851 2998 1061 3067 aliaque
1095 2997 1164 3051 de
1197 2998 1318 3052 aliis
1348 2997 1688 3067 dogmatibus
1722 2998 2027 3052 testimonia
2066 2996 2290 3066 singulis
2327 3011 2494 3067 projie
2539 2996 2694 3050 lineis
2729 2994 2778 3048 in
2817 2995 3002 3049 oculos
3039 2993 3327 3048 incttrient.
3360 2987 3758 3061 Antiquitatem

473 3089 663 3160 ieiunii
685 3105 806 3144 cum
838 3089 1014 3159 vigilia
1037 3100 1164 3144 ante
1191 3091 1554 3160 apostolorum
1583 3090 1735 3156 festa,
1769 3106 1837 3146 ex
1861 3091 2014 3147 tertia
2046 3091 2202 3150 Missa
2228 3092 2277 3145 in
2299 3089 2438 3147 festo
2464 3090 2519 3146 S.
2550 3089 2777 3145 Andreae
2800 3089 3053 3159 Colligere
3076 3089 3215 3143 licet.
3247 3086 3424 3142 Ritttm
3452 3081 3746 3143 velat-iouis

479 3198 801 3252 sponsorum
830 3184 882 3237 in
915 3181 1284 3236 benedictione
1303 3183 1632 3251 nuptiarum,
1665 3183 1820 3238 lactis
1845 3193 1898 3238 et
1921 3184 2096 3238 mellis
2125 3193 2359 3238 veterem
2382 3197 2536 3236 usum
2562 3180 2612 3236 in
2643 3181 2929 3250 baptismo,
2954 3180 3300 3236 ecclesiarum
3334 3173 3749 3239 dedicationem.

473 3277 888 3332 celebrationem
929 3275 1177 3331 sacriﬁcii
1222 3279 1276 3330 in
1309 3276 1631 3332 cmmeteriis
1673 3288 1991 3349 martyrum.
2031 3287 2086 3333 et
2115 3278 2221 3332 alia
2260 3276 2569 3332 vetustioris
2616 3275 2910 3343 disciplima
2959 3275 3185 3344 quisque
3214 3273 3446 3344 deteget.
3479 3271 3533 3327 Si
3593 3272 3742 3340 primi

477 3370 860 3442 quaterniones
889 3368 1122 3435 codices,
1147 3368 1558 3438 quiaJanuario
1580 3369 1647 3424 ad
1678 3370 1888 3426 initium
1931 3368 2131 3439 Aprilis
2157 3369 2510 3425 solemniores
2541 3369 2870 3439 Epiphaniae,
2912 3367 3362 3439 Quadragesimte,
3403 3374 3457 3423 et
3477 3361 3734 3423 Paschalis

483 3464 673 3519 Missas
701 3461 1216 3529 eomplectebantur,
1245 3461 1439 3532 injuria
1475 3473 1775 3533 temporum
1805 3481 1911 3518 non
1939 3464 2361 3531 intercidissent,
2395 3464 2566 3519 multo
2595 3465 2745 3535 plura
2773 3464 3014 3520 invenire
3043 3464 3247 3519 liceret.

551 3554 635 3611 16.
679 3555 960 3624 Reliquum
991 3565 1073 3609 est
1096 3565 1153 3608 ut
1182 3554 1251 3610 de
1275 3555 1392 3623 ipso
1419 3556 1783 3624 manuscripto
1811 3556 2057 3626 quaedam
2102 3556 2393 3625 peculiaria
2437 3556 2694 3610 dicamus.
2731 3555 2785 3608 in
2817 3553 2920 3609 hoc
2949 3553 3148 3624 duplex
3183 3568 3535 3609 numerorum
3577 3547 3743 3607 series

475 3659 708 3703 notatur.
739 3647 844 3702 Alii
871 3648 1014 3702 enim
1047 3648 1251 3702 numeri
1275 3647 1553 3717 signantur
1579 3647 1633 3701 in
1663 3649 1924 3716 margine,
1948 3647 2037 3701 alii
2058 3663 2190 3705 vero
2217 3648 2491 3704 eontrxtui
2517 3647 2848 3702 inseruntur.
2877 3645 3093 3700 Numeri
3121 3646 3170 3700 in
3201 3646 3441 3717 margine
3462 3641 3745 3713 descripti,

475 3741 542 3795 ab
572 3739 726 3793 initio
757 3738 1172 3795 Sacmmentarii
1203 3737 1270 3792 ad
1299 3739 1458 3794 finem
1497 3753 1670 3809 usque
1693 3739 1943 3794 continua
1975 3739 2315 3795 successione
2348 3740 2741 3808 producuntur;
2785 3739 3053 3807 totiusque
3089 3740 3267 3808 operis
3306 3738 3646 3810 partitionem
3685 3751 3760 3793 ac

477 3832 866 3900 praecipitarunt
897 3828 1131 3901 capitum
1164 3844 1256 3885 seu
1285 3831 1563 3886 titulorum
1593 3826 1957 3887 diversitatem
1991 3832 2292 3903 designant.
2337 3833 2548 3888 Primus
2585 3849 2837 3888 numerus
2867 3834 2936 3887 ob
2965 3833 3226 3888 delectum
3259 3833 3461 3905 aliquot
3491 3830 3762 3888 foliorum

475 3929 560 3976 est
588 3932 638 3974 Ix
670 3919 820 3974 initio
851 3919 1052 3975 mensis
1073 3919 1214 3984 Maii,
1243 3919 1330 3975 cui
1361 3919 1671 3990 [trascedunt
1699 3922 1879 3991 plures
1908 3924 2086 3978 missze
2117 3924 2286 3979 mensi
2318 3924 2492 3994 Aprili
2525 3925 2761 3991 insertas,
2792 3940 2908 3993 qua:
2934 3924 3000 3979 ad
3039 3940 3319 3980 numerum
3351 3940 3440 3978 vttt
3474 3925 3767 3994 pertinere

477 4025 808 4080 noscuntur;
853 4022 1157 4084 postremus
1193 4028 1343 4084 vero,
1387 4017 1479 4085 qui
1520 4016 1719 4073 desinit
1755 4015 1812 4070 in
1848 4016 1954 4071 ﬁne
1996 4016 2323 4083 Decembris,
2367 4025 2448 4070 est
2489 4031 2742 4070 numerus
2774 4031 2927 4073 sun.
2976 4015 3080 4070 llos
3115 4029 3360 4069 numeros
3394 4029 3423 4067 a
3453 4007 3770 4072 Moratorio

471 4109 704 4162 omissos
731 4121 832 4163 nos
857 4123 959 4162 suo
986 4108 1126 4175 loco,
1153 4122 1315 4178 quem
1347 4109 1399 4163 in
1421 4109 1609 4166 codice
1634 4111 1897 4179 obtinent,
1927 4110 2223 4166 referemus
2254 4110 2306 4165 in
2331 4109 2590 4180 margine.
2610 4111 2709 4164 Alii
2737 4111 2964 4173 numeri,
2994 4111 3080 4180 qui
3106 4110 3405 4164 inseruntur
3433 4112 3760 4178 contextui,

477 4200 755 4256 Missarum
786 4217 1066 4256 numerum
1092 4216 1160 4257 ac
1185 4201 1504 4259 divisionem
1536 4205 1634 4260 sub
1654 4204 1843 4274 quovis
1872 4205 2029 4262 titulo
2057 4205 2170 4260 fere
2197 4206 2512 4276 indigitant;
2546 4207 2614 4260 ita
2641 4213 2816 4260 tamen
2841 4216 2898 4260 ut
2919 4206 3175 4260 collector
3197 4218 3301 4257 non
3328 4201 3616 4256 admodum
3653 4214 3768 4260 ac-

474 4309 693 4350 curatus
731 4297 864 4351 duas
889 4311 1289 4368 nonnumquam
1318 4299 1505 4354 Missas
1531 4299 1863 4371 distinguere
1896 4300 2116 4364 oblitus,
2150 4301 2250 4356 sub
2281 4302 2436 4356 unico
2469 4314 2693 4355 numero
2730 4299 3023 4354 collocarit.
3071 4297 3200 4353 Dein
3247 4294 3489 4368 pluribus
3521 4293 3574 4350 in
3604 4294 3764 4356 locis

479 4392 752 4444 variantes
780 4390 1040 4445 lectiones
1066 4391 1238 4445 textui
1260 4392 1583 4458 inseruntur,
1616 4394 1930 4463 plerumque
1960 4394 2077 4449 sine
2103 4393 2449 4450 distinctione
2477 4392 2616 4457 ulla;
2651 4390 2966 4463 plerumque,
2996 4390 3236 4459 inquim,
3266 4385 3556 4458 aliquando
3587 4387 3754 4444 enim

479 4484 818 4554 prmittitur
833 4483 1049 4554 signum
1081 4483 1338 4538 variantis
1360 4486 1535 4542 aliter.
1562 4486 1654 4540 liae
1679 4500 1857 4542 autem
1889 4486 2052 4541 varice
2079 4485 2334 4541 lectiones
2369 4501 2398 4540 e
2429 4485 2654 4540 diversis
2682 4484 2922 4554 ejusdem
2953 4482 3124 4536 Missae
3154 4479 3578 4549 exemplaribus,
3611 4495 3758 4548 quae

475 4577 531 4630 in
561 4575 863 4631 coiiectoris
894 4589 1084 4630 manus
1112 4576 1375 4647 venerint,
1411 4578 1623 4646 prodire
1652 4577 1900 4633 videntur
1924 4596 1936 4631 :
1957 4579 2154 4647 smpius
2181 4580 2321 4632 enim
2351 4587 2475 4632 sunt
2514 4579 2775 4648 ejusmodi
2814 4587 2870 4632 ut
2909 4593 3014 4632 non
3041 4577 3106 4631 ab
3142 4574 3548 4630 amanuensium
3595 4575 3776 4630 osci-

471 4671 639 4725 tantis
672 4673 759 4724 vel
785 4669 1013 4724 arbitrio
1034 4669 1322 4736 pendeant,
1353 4671 1448 4726 sed
1470 4672 1538 4726 ab
1569 4671 1634 4728 iis
1661 4673 1914 4740 proiecta:
1938 4683 2249 4741 noscantur,
2274 4673 2361 4742 qui
2383 4671 2627 4727 eamdem
2661 4673 2958 4726 orationem
2989 4671 3072 4725 vel
3099 4668 3467 4738 praefationem
3504 4666 3556 4719 in
3590 4681 3782 4725 sacro

477 4763 774 4818 ministerio
804 4761 1108 4829 repetituri,
1135 4761 1336 4831 aliquid
1359 4775 1569 4820 mutare
1599 4765 1896 4819 voluerunt.
1930 4765 2182 4831 Qumdam
2215 4764 2426 4819 tandem
2451 4765 2564 4818 loca
2589 4764 2744 4818 valde
2776 4764 2962 4818 luxata
2995 4769 3138 4816 sunt.
3171 4760 3232 4814 P.
3268 4757 3611 4812 Blancltinius
3650 4773 3782 4816 sa:-

478 4856 596 4927 pius
619 4867 689 4910 ex
712 4853 1019 4922 conjectura
1061 4862 1419 4920 congruentes
1442 4856 1848 4911 emendationes
1879 4857 1929 4910 in
1961 4856 2324 4910 notationibus
2366 4856 2660 4926 proposuit.
2707 4855 2813 4909 lius
2852 4871 2955 4908 non
2987 4869 3109 4908 raro
3150 4850 3472 4904 Muratorius
3507 4853 3774 4922 recepit,

428 4967 432 4970 '
478 4966 542 5006 ac
569 4950 736 5005 textui
769 4947 1014 5013 inseruit,
1050 4961 1150 5001 cc
1182 4945 1465 5001 lectionem
1495 4948 1695 5004 codicis
1722 4949 1993 5004 indicavit.
2041 4949 2208 5004 Immo
2233 4949 2514 5003 nonnullas
2547 4962 2756 5017 quoque
2787 4962 2852 5002 ex
2888 4946 2952 4999 iis
2995 4937 3456 5000 emendationibus
3501 4945 3738 5012 recepit
3763 4990 3782 5012 ,

479 5057 613 5114 quas
640 5041 757 5111 ipse
783 5039 1126 5094 Blanchinius
1158 5042 1540 5109 posterioribus
1577 5045 1726 5100 curis
1776 5045 2086 5100 retractavit
2113 5044 2165 5099 in
2194 5043 2334 5099 foliis
2377 5042 2809 5096 Sacramentario
2841 5038 3072 5109 praefixis
3093 5079 3106 5103 ,
3156 5051 3276 5106 qua?
3309 5029 3583 5087 Muratorii
3640 5036 3793 5094 diii-

477 5138 712 5208 gentiam
743 5135 1078 5206 praeteriere.
1109 5134 1218 5190 Nos
1245 5151 1458 5207 semper
1486 5138 1770 5194 lectionem
1803 5139 2150 5209 manuscripti
2176 5138 2255 5193 vel
2282 5138 2618 5207 proferemus
2647 5135 2699 5189 in
2730 5142 2900 5205 textu,
2935 5131 3016 5190 vel
3049 5131 3101 5186 in
3129 5125 3569 5184 annotationibus
3595 5129 3794 5188 exhi-

473 5232 735 5298 bebimus,
771 5229 952 5300 paucis
976 5229 1109 5285 locis
1127 5231 1392 5300 exceptis,
1421 5232 1509 5286 ubi
1537 5233 1856 5289 manifestus
1885 5232 2088 5288 librarii
2117 5232 2296 5300 lapsus
2329 5225 2773 5300 deprehenditur.

1669 5437 2465 5512 *$%%%%%r%%%#%%i
