4018 6314
417 354 488 406 ‘23
1418 346 1642 403 OPERA
1685 346 1741 401 S.
1786 346 1986 401 LEONI
2028 348 2260 403 MAGNO
2304 345 2694 408 ATFIIIBUTA
3607 347 3671 402 21

491 472 560 525 Da
591 470 771 563 ηυβξθο
801 468 1022 563 θθωῖηθ
1040 508 1056 533 ν
1081 476 1183 563 ⁸9³³
1209 465 1422 563 “famis
1450 464 1694 520 θπθθίυω
1718 504 1733 529 ν
1768 473 1821 518 θι
1847 478 1993 520 com‘
2020 468 2074 527 Α
2102 499 2182 545 ter
2208 491 2421 547 duriora
2449 495 2763 563 certamina,
2791 492 3004 563 fragiles
3025 500 3264 561 quosque
3290 485 3355 543 ad
3386 495 3490 541 tua:
3520 487 3674 542 retri-

418 561 792 618 mendantibus
812 560 1008 614 sanctis
1039 558 1166 624 tuis,
1192 558 1356 612 etiam
1388 564 1568 611 nostra
1610 570 1831 611 munera
1863 570 1992 626 pro-

415 653 576 722 pitius
602 652 829 705 intuere.
855 647 977 715 Per,
1010 658 1115 703 etc.

486 744 625 798 Vere
663 743 897 811 dignum.
930 739 1192 808 Quoniam
1222 738 1302 793 tui
1335 737 1514 807 operis
1539 744 1751 807 tuaeque
1778 738 1993 808 pietatis

414 845 517 904 est,
539 835 683 906 quod
713 835 1007 887 innumerae
1028 840 1329 885 sanctorum
1358 827 1413 901 4
1428 836 1641 883 tuorum
1662 828 1992 882 multitudini

415 947 522 985 non
554 930 723 983 solum
764 927 986 981 credere
1026 927 1076 979 in
1118 924 1307 977 Filium
1356 935 1537 989 tuum,
1571 922 1855 976 Dotninum
1899 937 1995 977 no-

416 1032 609 1085 strum,
646 1020 738 1073 sed
769 1020 931 1073 etiam
965 1032 1059 1085 pro
1086 1032 1149 1070 eo
1179 1014 1290 1084 pati
1318 1028 1476 1083 posse
1505 1013 1760 1067 donatum
1794 1021 1903 1079 est;
1935 1023 1995 1069 ut

416 1112 891 1184 quosjustificabat
915 1111 1074 1176 fides,
1106 1109 1433 1178 glorificaret
1461 1116 1514 1162 et
1546 1107 1690 1163 ﬁnis.
1720 1109 1852 1177 Per,
1886 1118 1990 1163 etc.

488 1205 623 1260 Vere
655 1205 891 1269 dignum.
925 1202 1065 1257 Tuas
1100 1201 1264 1269 enim,
1300 1199 1546 1268 Domine,
1581 1201 1824 1268 virtutes,
1858 1210 1988 1269 etc.,

414 1299 488 1363 uti
515 1314 669 1368 supra
694 1306 741 1351 ⁸.

487 1397 616 1451 Vlll.
649 1394 784 1450 Item
804 1396 929 1450 alia.
959 1392 1383 1462 —Propitlare,
1426 1391 1684 1458 Domine,
1718 1393 1987 1462 supplica-

418 1490 652 1544 tionibus
681 1488 904 1553 nostris,
928 1494 983 1542 et
1006 1494 1311 1541 sanctorum
1338 1493 1549 1538 tuorum
1580 1483 1993 1554 suifragantibus

411 1583 640 1647 meritis,
676 1594 864 1650 preces
888 1587 1097 1632 nostras
1122 1577 1401 1647 dignanter
1422 1575 1636 1630 exaudi.
1664 1575 1783 1640 Per,
1814 1586 1919 1629 etc.

484 1676 679 1729 Preces
719 1682 964 1741 nostras,
998 1671 1249 1737 Domine,
1292 1684 1628 1741 quaesumus,
1677 1669 1994 1739 propitiatus

412 1770 658 1836 admitte,
688 1778 742 1823 et
783 1778 837 1822 ut
872 1767 1031 1837 digne
1060 1767 1167 1821 tuis
1198 1765 1515 1819 famulemur
1541 1763 1800 1819 altaribus
1826 1805 1841 1831 ,
1872 1779 1993 1818 san-

2097 586 2332 640 butionis
2359 602 2551 643 munus
2583 589 2795 643 inritas.
2825 586 2946 653 Per,
2976 592 3079 640 etc.

2166 679 2449 736 Sumentes
2476 682 2665 752 pignus
2712 680 2946 737 celestis
2974 676 3179 743 arcani,
3222 672 3350 730 etin
3382 673 3537 729 terris
3579 688 3676 743 po-

2095 770 2205 836 siti,
2232 772 2340 841 jam
2362 788 2596 842 superno
2616 787 2750 844 pane
2770 770 2973 838 satiati,
2997 768 3358 840 supplicamus
3375 808 3389 833 ,
3419 766 3668 831 Domine,

2096 863 2510 930 deprecantibus
2537 865 2735 920 sanctis
2767 865 2895 929 tuis,
2926 870 2985 918 ut
3010 860 3151 931 quod
3180 860 3233 914 in
3255 859 3410 914 nobis
3442 858 3673 929 mystice

2095 957 2318 1026 geritur,
2352 958 2617 1014 veraciter
2644 955 2952 1027 impleatur.
2982 955 3103 1019 Per,
3132 963 3238 1007 etc.

2168 1049 2441 1121 Impetret,
2466 1068 2791 1121 quaesumus,
2823 1049 3077 1115 Domine,
3109 1045 3354 1102 ﬁdelibus
3390 1044 3495 1099 tuis
3521 1042 3675 1099 auxi-

2094 1144 2223 1200 lium
2245 1147 2417 1201 oratio
2436 1148 2576 1217 justa
2599 1155 2944 1210 sanctorum;
2978 1153 3032 1198 et
3056 1142 3109 1197 in
3132 1156 3356 1211 quorum
3380 1148 3505 1194 sunt
3531 1138 3677 1194 cele—

2094 1239 2289 1294 britate
2318 1240 2522 1311 devoti,
2548 1241 2676 1295 fiant
2702 1241 2756 1296 in
2787 1254 2970 1295 eorum
3005 1244 3260 1307 perpetua
3282 1244 3426 1290 sorte
3451 1233 3675 1303 partici-

2096 1348 2210 1401 pes.
2234 1334 2361 1402 Per,
2389 1343 2493 1389 etc.

2166 1424 2259 1479 XI.
2288 1424 2421 1480 Item
2454 1427 2576 1481 alia.
2611 1456 2683 1467 —
2711 1425 2922 1481 Prosint
2973 1422 3144 1485 nobis,
3176 1420 3419 1484 Domine,
3461 1433 3677 1489 quaesuo

2096 1532 2248 1585 mus,
2293 1525 2504 1572 tuorum
2554 1517 2802 1587 suffragia
2848 1516 3040 1571 collata
3083 1520 3425 1576 sanctorum;
3470 1518 3528 1563 ut
3556 1525 3676 1579 qum

2096 1611 2297 1664 nostris
2327 1624 2429 1665 non
2464 1624 2748 1681 possumus
2776 1607 3108 1664 orationibus
3140 1605 3414 1670 obtinere,
3462 1602 3677 1681 placen—

2096 1701 2230 1756 tium
2254 1702 2350 1756 tibi
2382 1676 2629 1771 precibus
2657 1715 3024 1769 assequamur.
3050 1698 3173 1762 Per,
3198 1706 3302 1752 etc.
3638 1676 3657 1692 κ

2168 1796 2510 1859 Sanctorum,
2543 1795 2789 1861 Domine,
2818 1800 3112 1862 martyrum
3156 1798 3369 1844 tuorum
3404 1785 3676 1855 supplica-

412 1873 619 1917 ctorum
662 1870 873 1915 tuorum
913 1856 1431 1952 nosintercessione
1458 1856 1686 1952 custodi.
1729 1856 1851 1920 Per,
1884 1865 1988 1911 etc.
2023 1858 2071 1918 B
2100 1889 2332 1943 “on-Ibus
2363 1856 2538 1943 ,ribu'e
2579 1901 2677 1941 nos
2708 1856 2909 1949 (ﬁeri;
2954 1856 3011 1937 (η
3039 1896 3262 1952 quorum
3312 1877 3674 1934 venerabilem

487 1953 625 2008 Vere
671 1952 909 2021 dignum.
928 1949 1060 2016 Quia
1109 1959 1163 2003 tu
1186 1963 1245 2005 es
1265 1948 1536 2019 gloriosus
1561 1947 1615 2001 in
1638 1948 1836 2002 sanctis
1864 1947 1990 2016 tuis,

413 2046 608 2115 quibus
634 2052 688 2098 et
715 2044 769 2097 in
791 2042 1129 2097 confessione
1157 2041 1409 2094 virtutem
1430 2081 1444 2106 ,
1478 2048 1531 2093 et
1561 2040 1613 2093 in
1645 2038 1893 2108 passione
1917 2039 1995 2092 vi-

412 2140 635 2196 ctoriam
663 2137 958 2192 contulisti.
994 2136 1283 2205 Propterea
1315 2149 1437 2189 cum
1474 2133 1708 2203 angelis,
1734 2142 1838 2187 etc.

485 2229 740 2300 Corporis
769 2228 796 2266 δ
827 2228 965 2283 sacri
986 2236 1042 2282 et
1073 2226 1294 2295 pretiosi
1334 2224 1606 2295 sanguinis
1650 2224 1835 2293 repleti
1866 2223 1997 2277 liba-

418 2324 583 2389 mine,
630 2335 960 2391 quaesumus,
993 2318 1137 2374 Deus
1178 2326 1391 2382 noster,
1438 2325 1496 2370 ut
1534 2315 1673 2385 quod
1718 2315 1802 2384 pia
1833 2314 1999 2369 devo-

418 2416 567 2471 tione
587 2415 840 2485 gerimus,
865 2422 1013 2467 certa
1036 2411 1405 2480 redemptione
1426 2410 1718 2480 capiamus.
1743 2406 1866 2473 Per,
1890 2415 1993 2461 etc.

484 2508 577 2562 IX.
614 2506 742 2561 Item
776 2506 902 2561 alia.
935 2536 1006 2547 —
1035 2505 1231 2573 Tuere,
1260 2504 1508 2569 Domine,
1541 2501 1792 2572 populum
1827 2514 1996 2566 tuum,

425 2609 480 2657 et
506 2600 833 2655 salutaribus
866 2598 1130 2667 praesidiis
1160 2612 1373 2666 semper
1403 2596 1639 2666 adjutum
1660 2638 1675 2662 ,
1727 2591 2000 2648 beneficiis

419 2695 606 2750 attolle
629 2693 897 2749 continuis
923 2700 979 2747 et
1003 2693 1196 2747 mentis
1222 2701 1275 2745 et
1315 2691 1577 2759 corporis.
1611 2688 1733 2753 Per,
1766 2696 1870 2741 etc.

496 2794 850 2865 Omnipotens
878 2793 1201 2861 sempiterne
1225 2790 1401 2855 Deus,
1429 2788 1519 2858 qui
1540 2796 1848 2841 sanctorum
1879 2794 2002 2840 tuo-

421 2904 541 2944 rum
570 2902 669 2942 nos
710 2885 1098 2941 intercessione
1139 2882 1375 2939 custodis
1410 2901 1419 2934 :
1455 2888 1651 2951 praesta
1682 2889 1741 2934 ut
1776 2894 2002 2950 quorum

426 2982 673 3036 fovemur
710 2978 936 3051 meritis,
962 2977 1303 3047 proficiamus
1325 2975 1425 3044 pia:
1446 2972 1801 3029 confessionis
1823 2986 2003 3027 exem-

418 3072 541 3142 plis.
575 3070 698 3137 Per,
733 3078 837 3124 etc.

490 3164 822 3234 Supplicatio
870 3163 965 3218 tibi
1002 3171 1213 3229 nostra,
1259 3161 1515 3227 Domine,
1546 3168 1601 3215 et
1634 3170 1784 3230 grata
1808 3161 2005 3229 pariter

2098 1977 2321 2050 (Supple
2350 1978 2517 2047 diem)
2543 1992 2720 2032 annuo
2743 1977 3148 2045 frequentamus
3173 1973 3430 2039 obsequio
3449 2013 3463 2035 ,
3487 1986 3675 2025 eorum

2099 2082 2150 2127 et
2173 2070 2647 2126 intercessionibus
2663 2068 3103 2124 commendemur
3115 2075 3168 2121 et
3183 2064 3408 2118 meritis.
3427 2062 3549 2126 Per,
3567 2072 3671 2117 etc.

2168 2162 2285 2217 XII.
2313 2160 2443 2215 Item
2483 2162 2607 2215 alia.
2641 2190 2707 2201 —
2734 2160 2878 2215 Deus
2902 2200 2917 2226 ,
2950 2158 3041 2228 qui
3069 2156 3133 2210 ad
3179 2154 3573 2225 deprecandum
3626 2163 3678 2208 te

2101 2255 2443 2310 conscientia:
2463 2265 2660 2309 nostrae
2671 2251 2934 2324 perspicis
2955 2266 3060 2305 non
3087 2247 3331 2303 sufficere
3351 2246 3675 2311 facultatem.

2101 2357 2320 2403 cunctos
2349 2357 2611 2418 martyres
2648 2356 2767 2401 tuos
2795 2346 2876 2399 fac
2910 2358 3067 2399 orare
3097 2357 3195 2413 pro
3225 2340 3403 2406 nobis,
3434 2354 3568 2411 quos
3599 2338 3679 2394 di-

2101 2457 2205 2512 gne
2235 2441 2405 2508 possis
2431 2440 2635 2494 audire.
2664 2438 2789 2505 Per,
2823 2447 2929 2493 etc.

2176 2532 2460 2587 Oﬂ'erimus
2493 2529 2605 2598 tibi,
2636 2529 2883 2595 Domine,
2916 2526 3150 2582 fidelium
3183 2533 3395 2579 tuorum
3426 2522 3563 2577 dona
3591 2537 3677 2577 so-

2104 2623 2319 2689 lemnia,
2345 2632 2649 2677 sanctorum
2674 2628 2966 2691 martyrum
3013 2615 3488 2672 interventionibus
3515 2613 3680 2670 confi-

2105 2716 2322 2781 dentes;
2351 2714 2573 2785 utquod
2597 2729 2694 2768 nos
2715 2712 3060 2781 exsequimur
3088 2711 3265 2764 minus
3295 2709 3490 2765 idonea
3513 2708 3679 2763 servi-

2108 2818 2260 2875 tute,
2307 2808 2523 2863 illorum
2574 2808 2747 2877 potius
2800 2804 3005 2861 meritis
3058 2802 3325 2859 efﬁciatur
3378 2810 3680 2872 acceptum.

2108 2902 2231 2967 Per,
2260 2912 2365 2957 etc.

2180 2995 2319 3050 Vere
2339 2992 2577 3059 dignum.
2602 2989 2702 3058 Qui
2722 2991 2799 3046 sic
2821 2988 2989 3043 hostis
3015 2987 3218 3058 antiqui
3251 2983 3681 3039 machinamenta

2108 3085 2391 3151 destruxit,
2425 3092 2482 3138 ut
2510 3081 2747 3148 diabolo,
2774 3096 2932 3150 quem
2956 3093 3051 3134 sua
3075 3080 3263 3132 virtute
3291 3082 3678 3144 prostraverat,

2110 3179 2270 3234 etiam
2302 3184 2515 3231 sanctos
2539 3188 2685 3242 suos,
2716 3172 2917 3243 Spiritu
2942 3170 3182 3225 veritatis
3211 3175 3462 3233 armatos,
3490 3164 3680 3221 redde-

423 3259 625 3313 existat
645 3258 864 3321 oblatio,
884 3272 1161 3326 qum,cum
1186 3272 1282 3323 pro
1300 3265 1604 3310 sanctorum
1623 3264 1835 3309 tuorum
1858 3270 2008 3309 com-
2031 3242 2077 3305 C
2110 3280 2194 3326 νει
2223 3269 2469 3325 fortiores
2490 3309 2505 3333 ν
2534 3268 2590 3338 6
2617 3281 2684 3321 ηο
2729 3242 2810 3319 νει
2842 3262 3097 3318 smnia",
3150 3267 3453 3316 metuerem
3498 3271 3674 3327 perge.

427 3348 817 3403 memoratione
854 3346 1113 3410 defertur,
1150 3346 1531 3415 indulgentiam
1576 3346 1731 3400 nobis
1757 3387 1771 3411 ,
1815 3346 2003 3402 iisdem

431 3438 866 3509 suffragantibus,
899 3444 1272 3507 consequatur.
1302 3437 1425 3504 Per,
1450 3444 1555 3491 etc.

506 3533 641 3587 Vere
664 3532 903 3601 dignum.
954 3541 974 3569 ο
1005 3530 1103 3599 Qui
1143 3546 1247 3585 non
1283 3531 1453 3586 solum
1485 3539 1797 3601 martyrum,
1831 3532 1882 3604 5
1910 3533 2003 3587 sed

428 3625 589 3680 etiam
614 3624 986 3679 confessorum
1010 3634 1222 3678 tuorum
1243 3638 1302 3679 es
1331 3623 1524 3678 virtute
1553 3624 1835 3678 mirabilis.
1858 3624 2007 3680 Licet

423 3718 566 3773 enim
607 3716 684 3771 illi
729 3716 977 3785 passione
1019 3716 1129 3770 sint
1152 3716 1310 3782 clari,
1353 3716 1441 3785 qui
1484 3715 1781 3771 manifestis
1811 3717 2004 3773 acerba

425 3811 688 3881 supplicia
728 3809 1031 3865 sustinuere
1063 3809 1366 3875 tormentis,
1397 3810 1557 3864 etiam
1593 3810 1680 3865 isti
1710 3820 1885 3866 tamen
1909 3827 2004 3868 oc-

429 3905 585 3958 culta:
609 3901 885 3971 proposito
905 3899 1271 3970 castigationis
1295 3901 1479 3956 afﬂicti
1501 3910 1556 3956 et
1574 3902 1817 3970 cruciati,
1843 3905 2002 3974 spiri-

426 3996 547 4050 talis
592 3995 945 4051 observantiae
999 3993 1309 4064 disciplinis
1356 3994 1570 4050 illorum
1612 4007 1736 4051 sunt
1782 3998 2001 4069 vestigia

423 4090 718 4145 subsecuti.
750 4089 872 4155 Per,
902 4098 1009 4143 etc.

487 4183 560 4238 Χ.
604 4182 737 4237 Item
775 4182 900 4238 alia.
945 4211 1017 4223 —
1052 4182 1295 4249 Hostias,
1326 4180 1355 4220 ἀ
1384 4182 1644 4249 Domine,
1692 4192 1795 4239 tua:
1833 4185 2003 4256 plebis

422 4275 670 4341 intende;
698 4284 753 4330 et
781 4290 914 4345 quas
938 4275 990 4329 in
1021 4274 1282 4331 honorem
1315 4285 1622 4332 sanctorum
1653 4285 1865 4333 tuorum
1903 4280 1999 4334 de-

414 4381 540 4426 vota
571 4370 935 4437 concelebrat,
970 4369 1231 4439 proficere
1264 4370 1367 4427 sibi
1392 4372 1588 4427 sentiat
1618 4372 1684 4428 ad
1713 4374 1999 4429 medelam.

414 4461 543 4530 Per,
576 4470 680 4515 etc.

490 4553 627 4607 Vere
647 4552 888 4620 dignum.
905 4551 1005 4619 Qui
1028 4552 1152 4606 dum
1174 4552 1513 4609 confessores
1533 4564 1649 4609 tuos
1671 4556 1829 4610 etiam
1854 4574 1997 4613 nunc

2111 3361 2422 3432 quentium,
2464 3360 2546 3413 vel
2580 3358 2647 3413 de
2686 3357 2964 3428 promissae
3002 3352 3345 3409 beatitudinis
3387 3349 3667 3405 aeternitate

2109 3451 2442 3516 dubitarent;
2473 3464 2701 3521 quorum
2729 3448 2951 3520 gloriam
2986 3446 3244 3502 hodierna
3272 3442 3557 3499 festivitate
3582 3454 3669 3494 re-

2109 3545 2387 3609 colentes.
2429 3542 2630 3598 hostias
2661 3542 2755 3598 tibi
2796 3540 2967 3596 laudis
3012 3537 3310 3602 offerimus,
3358 3550 3480 3591 cum
3523 3546 3676 3600 ange~

2109 3641 2193 3711 lis,
2216 3650 2321 3697 etc.

2177 3732 2463 3789 Consecuti
2507 3732 2731 3803 gratiam
2772 3729 3007 3784 muneris
3037 3726 3206 3793 sacri,
3250 3723 3547 3794 supplices,
3572 3721 3681 3775 Do-

2109 3826 2285 3893 mine,
2343 3834 2393 3879 te
2444 3810 2722 3893 rogamus;
2779 3829 2865 3889 ut,
2923 3817 3333 3889 implorantibus
3386 3830 3483 3884 pro
3529 3810 3683 3866 nobis

2108 3920 2304 3973 sanctis
2343 3916 2665 3987 martyribus
2711 3915 2853 3979 tuis,
2904 3913 3099 3967 divinae
3148 3909 3357 3965 virtutis
3384 3906 3680 3975 effectum,

2108 4025 2265 4079 quem
2290 4008 2638 4079 corporaliter
2662 4002 3331 4075 sumpsimus,spiritalitcr
3358 3999 3680 4063 sentiamus,

2108 4102 2230 4165 Per,
2264 4112 2367 4154 etc.

2180 4192 2436 4260 Protege,
2468 4189 2693 4243 Domine
2715 4230 2729 4255 ,
2770 4190 2977 4258 plebem
3008 4196 3176 4253 tuam,
3206 4199 3326 4239 cum
3369 4190 3680 4238 sanctorum

2106 4296 2318 4341 tuorum
2352 4285 2647 4354 patrocinio
2690 4282 3113 4351 supplicantem,
3164 4289 3219 4334 et
3257 4278 3309 4333 in
3358 4286 3445 4330 tua
3484 4274 3684 4341 pietate

2106 4380 2362 4434 confisam
2406 4378 2628 4432 interius
2670 4376 3011 4445 exteriusque
3038 4373 3256 4444 puriﬁca
3290 4386 3305 4427 :
3345 4381 3401 4425 ut
3442 4383 3535 4438 per
3566 4367 3684 4422 haec

2104 4486 2225 4540 qua:
2254 4470 2434 4524 divino
2456 4468 2715 4524 sacrificio
2742 4476 3121 4537 gustaverunt,
3166 4473 3221 4520 et
3252 4465 3506 4518 mentium
3537 4459 3685 4515 salu-

2108 4572 2213 4615 tem
2244 4569 2549 4614 mereantur
2575 4568 2629 4613 et
2657 4573 2963 4629 corporum.
2998 4558 3121 4623 Per,
3154 4565 3259 4611 etc.

413 4653 562 4699 tanta
600 4642 887 4698 festivitate
914 4642 1185 4712 glorificas
1209 4686 1224 4711 ,
1258 4643 1415 4698 simul
1457 4654 1510 4699 et
1538 4646 1743 4700 nullum
1773 4648 1911 4716 apud
1940 4658 1991 4704 te
2020 4634 2075 4694 D
2171 4651 2311 4707 XIII.
2348 4652 2480 4706 Item
2515 4651 2639 4706 alia.
2671 4681 2741 4691 —
2768 4651 3047 4706 Prtetende
3086 4648 3260 4712 nobis,
3298 4645 3549 4711 Domine,
3579 4642 3683 4696 mi-

417 4745 661 4793 sanctum
687 4738 1013 4808 propositum
1037 4738 1199 4794 doces
1225 4753 1344 4795 esse
1365 4738 1481 4794 sine
1502 4742 1741 4810 praemio,
1770 4753 1821 4796 et
1854 4758 1985 4812 prae-

486 4994 512 5022 ι
541 4985 597 5041 In
637 4999 739 5040 ms.
798 4984 1004 5040 scilicet
1026 4984 1142 5039 haec
1181 4982 1425 5056 praefatio
1456 4984 1656 5056 integra
1704 4988 1985 5056 repetitur,

416 5057 494 5112 uti
524 5057 719 5127 legitur
748 5057 802 5109 in
829 5056 983 5110 Missa
1016 5055 1356 5125 praecedenti.
1409 5055 1592 5111 Solum
1626 5057 1709 5111 hic
1735 5055 1987 5113 omittunt

414 5139 501 5183 tur
519 5144 675 5183 voces
698 5127 1108 5196 confessorum...
1132 5136 1211 5191 ειη

483 5197 510 5237 δ
545 5200 668 5253 Hmc
696 5199 866 5252 oratio
893 5198 1186 5253 habeturin
1208 5200 1633 5256 Sacramentario
1657 5198 1985 5268 Gregorlano

412 5271 557 5325 edito
592 5286 619 5323 a
642 5270 928 5323 Mnratorie
949 5284 1015 5323 ex
1057 5285 1185 5324 mss.
1210 5271 1335 5327 Vat.
1372 5281 1426 5327 et
1448 5271 1699 5327 Ottobon.
1733 5274 1781 5325 in
1828 5272 1983 5327 Missa

410 5341 609 5395 Natalis
640 5342 983 5405 plurimorum
1010 5339 1399 5404 confessorum,
1433 5354 1487 5398 et
1529 5346 1578 5397 in
1635 5343 1829 5397 Missali
1880 5343 1986 5396 Ro-

412 5427 571 5464 mano
598 5412 647 5465 in
680 5412 837 5465 Missa
866 5410 963 5465 SS.
990 5410 1235 5467 Processi
1288 5423 1342 5468 et
1371 5414 1691 5481 Martiniani,
1746 5428 1842 5469 nec
1872 5429 1976 5469 non

413 5482 466 5537 in
494 5481 654 5535 Missa
682 5481 738 5536 S.
773 5482 911 5535 Petri
937 5482 1001 5534 ad
1031 5482 1269 5538 Vincula.

486 5562 508 5590 ο
537 5551 664 5605 Ηωο
702 5554 946 5611 leguntur
968 5553 1124 5606 etiam
1168 5554 1221 5609 iu
1268 5555 1465 5610 Missali
1502 5554 1727 5611 Gothico
1768 5555 1911 5610 edito
1949 5572 1976 5609 a

411 5621 547 5703 Ven.
575 5621 728 5703 card;
754 5621 1039 5703 Titomasip
1075 5638 1191 5695 pag.
1233 5624 1351 5703 528_
1380 5626 1683 5703 novissima;
1730 5627 1980 5703 editionis

409 5692 1042 5774 Roma'ngPLVezzosii,
1072 5702 1126 5750 et
1146 5692 1277 5767 'pag.
1313 5698 1433 5774 Δ644
1468 5708 1590 5751 tom.
1645 5697 1687 5751 ll
1732 5698 1981 5774 Liturgiae

410 5764 699 5817 Muratorii.
732 5763 855 5818 Haec
874 5776 925 5820 et
952 5763 1180 5835 sequens
1196 5763 1437 5837 prmfatio
1459 5779 1762 5823 sanctorum
1793 5763 1978 5834 etiam,

410 5849 543 5903 quos
570 5850 709 5890 nunc
751 5837 1061 5907 confessores
1115 5855 1404 5907 vocamus,
1456 5842 1729 5909 antiquum
1780 5841 1982 5894 cultum

2092 4745 2440 4802 sericordiam
2454 4754 2627 4812 tuam;
2650 4753 2705 4799 et
2725 4753 2939 4799 sanctos
2961 4752 3102 4808 tuos,
3128 4756 3354 4812 quorum
3381 4752 3476 4794 nos
3498 4734 3682 4792 fecisti

2100 4988 2345 5057 probant.
2381 4988 2685 5045 Peculiares
2721 4998 2897 5042 autem
2936 4986 3179 5041 formula:
3224 4985 3380 5054 hujus
3421 4982 3680 5054 prefatio-

2098 5061 2202 5126 nis,
2234 5075 2353 5130 quae
2382 5061 2643 5114 rationem
2680 5058 2962 5129 quamdam
3008 5057 3257 5130 ejusdem?
3286 5057 3459 5130 cultus
3487 5057 3685 5125 praefe-

2097 5128 2339 5195 runtfad
2370 5131 2592 5197 primam
2616 5130 2803 5185 harum
2835 5130 3110 5183 Missarum
3138 5128 3526 5182 institutionem
3552 5141 3686 5196 per-

2097 5203 2271 5257 tinere
2308 5202 2572 5256 videntur.
2603 5202 2658 5255 ln
2690 5201 2975 5255 Gelasiano
3002 5198 3437 5254 Sacramentario
3482 5197 3573 5251 lib.
3607 5213 3676 5265 ιι,

2097 5274 2186 5328 ubi
2216 5272 2389 5328 Missa:
2407 5286 2719 5327 communes
2749 5281 2876 5326 sunt
2902 5287 3004 5325 non
3020 5270 3088 5325 de
3118 5285 3247 5333 uno,
3289 5269 3383 5325 sed
3418 5270 3485 5323 de
3512 5267 3686 5337 pluri-

2092 5344 2193 5399 bus
2220 5345 2415 5398 sanctis
2436 5354 2595 5409 atque
2630 5343 2976 5409 martyribus,
3006 5351 3062 5395 ut
3088 5342 3138 5395 in
3159 5340 3262 5396 hoc
3289 5350 3494 5403 nostro,
3525 5340 3673 5395 inter

2093 5415 2189 5469 has
2212 5430 2313 5468 una
2337 5424 2511 5469 exstat
2550 5429 2700 5469 num.
2722 5412 2811 5479 74,
2838 5412 2989 5481 cujus
3011 5412 3242 5467 secunda
3266 5412 3441 5467 oratio
3460 5420 3512 5465 et
3534 5426 3684 5463 mar-

2084 5497 2260 5557 tyrum
2284 5496 2335 5539 et
2366 5487 2731 5539 confessorum
2762 5483 3074 5539 memoriam
3090 5482 3475 5557 concelebrat;
3512 5481 3680 5545 Deus,

2083 5554 2169 5626 qui
2199 5572 2287 5609 nos
2315 5564 2358 5608 et
2387 5566 2681 5609 sanctorum
2709 5564 2990 5624 martyrum
3021 5554 3445 5617 solemnitatibus,
3476 5560 3523 5605 et
3547 5567 3639 5603 con
3658 5582 3680 5592 -

2086 5631 2336 5699 fessarum
2366 5628 2528 5699 gloria
2556 5626 2843 5679 circumdas
2868 5634 2913 5699 et
2940 5626 3182 5697 protegis,
3207 5634 3312 5699 etc.

2159 5696 2181 5735 δ
2216 5693 2413 5752 Eadem
2449 5700 2558 5751 fere
2580 5707 2660 5750 est
2690 5693 3123 5750 secunda‘nratt'o
3168 5699 3219 5750 in
3263 5695 3503 5749 Ποιητιηο
3542 5693 3681 5748 Mis-

2087 5770 2184 5823 sali
2210 5770 2346 5821 inter
2368 5782 2682 5822 communes
2710 5775 2765 5820 et
2803 5768 3038 5823 diversas
3085 5783 3231 5822 num.
3271 5768 3343 5821 7:
3385 5764 3492 5819 Pro
3537 5780 3681 5834 prae~

2089 5840 2205 5892 latis
2233 5849 2280 5893 et
2310 5838 2789 5911 congregationibus
2819 5841 2890 5893 eis
2913 5839 3214 5895 commissis.
