4018 6314
238 411 307 466 ‘25
1058 406 1256 462 LIBER
1297 404 1898 464 SACRAMENTORUM
1943 400 2291 463 ΕΩοιεὸιῶ
2336 408 2658 465 ROMANIS.
3425 418 3495 472 ΞΟ

238 526 551 599 patrociniis
576 526 837 595 adjuvari,
868 525 1059 589 tribue,
1084 525 1419 596 maiestatem
1450 538 1592 581 tuam
1615 526 1815 596 jugiter
1839 527 1894 588 Α
1990 526 2126 581 XVI.
2164 527 2294 581 Item
2321 530 2441 582 alia.
2467 560 2533 571 —
2558 530 2778 597 Praesta,
2812 546 3139 601 quaesumus,
3167 531 3409 601 Domine,
3439 545 3493 591 ut

245 634 468 674 exorare
494 634 589 686 pro
612 617 786 673 nobis.
812 617 934 684 Per,
964 627 1067 673 etc.

309 710 550 780 Suscipe,
581 711 822 778 Domine,
854 710 1171 766 sacriﬁcium
1189 712 1503 781 placationis
1532 722 1584 768 et
1613 712 1808 780 laudis,

237 802 378 874 quod
412 818 541 867 nos,
578 802 1059 859 intervenientibus
1098 806 1325 871 sanctis,
1374 815 1423 858 et
1454 803 1714 874 perducat
1745 803 1811 859 ad

232 896 471 964 veniam,
503 903 557 949 et
584 895 636 949 in
661 904 910 965 perpetua
940 895 1228 965 gratiarum
1261 898 1551 951 constituat
1576 894 1808 950 actione.

235 986 365 1052 Pcr,
389 997 496 1041 etc.

311 1079 517 1147 liepleti
542 1079 836 1135 substantia
859 1081 1211 1151 reparationis
1232 1090 1286 1136 et
1310 1082 1458 1147 vitae,
1485 1095 1815 1151 quaesumus,

235 1170 461 1226 Domine
506 1172 646 1227 Deus
680 1184 882 1240 noster,
916 1184 971 1227 ut
1017 1188 1110 1243 per
1140 1190 1200 1227 ea
1240 1190 1359 1243 quae
1412 1174 1565 1227 nobis
1600 1185 1819 1225 munera

230 1265 471 1335 dignaris
494 1267 734 1335 prtebere
747 1267 1007 1329 caelestia,
1037 1281 1129 1333 per
1152 1267 1269 1320 haec
1289 1264 1478 1319 eadem
1504 1264 1706 1318 tribuas
1724 1278 1820 1318 nos

231 1358 500 1415 inhaerere
527 1360 857 1415 ccelestibus.
890 1360 1015 1424 Per,
1046 1366 1153 1414 etc.

308 1451 584 1505 Protector
614 1452 667 1504 in
699 1460 752 1504 te
785 1450 1148 1519 sperantium,
1182 1451 1342 1517 Deus,
1384 1452 1529 1505 salva
1559 1450 1810 1521 populum

236 1555 410 1607 tuum,
448 1554 621 1609 tuere,
657 1543 917 1610 disiione;
966 1556 1079 1599 uta
1103 1544 1332 1614 peccatis
1364 1544 1517 1609 liber,
1565 1544 1631 1598 ab
1663 1544 1813 1597 hoste

234 1651 486 1702 securus,
531 1637 583 1689 in
628 1644 715 1690 tua
747 1652 958 1705 semper
983 1638 1147 1707 gratia
1198 1648 1520 1705 perseveret.
1546 1637 1670 1703 Per,
1698 1646 1807 1692 etc.

313 1725 451 1781 XIV.
490 1725 618 1779 Item
665 1731 787 1780 alia.
812 1726 1166 1797 --Pr0pitius
1194 1738 1333 1793 esto,
1368 1728 1623 1795 Domine,
1671 1730 1809 1798 plebi

229 1831 357 1887 tuae,
388 1830 441 1875 et
462 1822 717 1877 auxilium
745 1822 901 1879 nobis
930 1822 999 1878 de
1023 1832 1206 1878 sancto
1234 1822 1461 1879 celerius
1485 1823 1568 1879 {ac
1592 1824 1803 1880 adesse.

223 1913 353 1979 Per,
383 1925 487 1970 etc.
1548 1988 1551 1989 ν

292 2004 534 2065 Ostende
577 2008 749 2075 nobis,
802 2009 1045 2078 Domine,
1090 2010 1509 2067 misericordiam
1542 2020 1719 2080 tuam,
1750 2020 1806 2068 et

220 2102 478 2157 salutaris
509 2104 582 2158 tui
612 2103 749 2159 dona
780 2105 1037 2160 concede.
1070 2105 1194 2173 Per,
1227 2116 1330 2162 etc.

289 2194 492 2249 Laudis
517 2204 541 2231 ι
565 2204 688 2262 tuac,
721 2196 964 2263 Domine,
991 2198 1191 2252 hostias
1221 2198 1581 2261 immolamus.
1609 2199 1803 2268 quibus

221 2302 318 2341 nos
346 2298 403 2343 et
431 2288 783 2357 praesentibus
812 2292 937 2345 exui
971 2290 1126 2345 malis
1152 2292 1469 2345 conﬁdimus
1507 2301 1561 2346 et
1591 2291 1798 2345 futuris.

224 2380 340 2446 Per,
375 2390 482 2435 etc.

290 2475 434 2530 Vere
457 2475 698 2545 dignum.
724 2476 1053 2546 Majesmtem
1076 2486 1220 2532 tuam
1245 2478 1557 2549 suppliciter
1576 2493 1802 2533 exoran-

225 2579 318 2637 tes,
372 2585 440 2624 ne
473 2570 649 2640 perire
692 2571 911 2640 patiaris
954 2571 1147 2641 quibus
1178 2581 1319 2625 tanta
1350 2570 1585 2626 remedia
1625 2571 1802 2641 provi-

225 2661 378 2728 disti;
436 2672 488 2717 et
541 2663 731 2717 collata
792 2664 1058 2733 przesidia,
1114 2680 1219 2719 non
1268 2664 1331 2719 ad
1373 2666 1645 2720 cumulum
1693 2666 1801 2721 reis

228 2755 575 2811 damnationis
618 2758 896 2823 eveniant,
927 2759 1018 2814 sed
1056 2761 1230 2829 potius
1252 2760 1313 2813 ad
1346 2758 1593 2815 cllectum
1620 2760 1797 2814 salva-

231 2850 379 2905 tionis
402 2851 682 2907 accedant.
712 2852 839 2918 Per,
868 2863 971 2907 ctc.

298 2946 369 2999 Ab
399 2947 544 2999 omni
564 2943 589 2983 δ
623 2961 740 3012 nos,
769 2946 1010 3012 Domine,
1036 2961 1359 3016 quaesumus,
1384 2955 1648 3002 vetustate
1672 2961 1797 3015 pur-

247 3046 380 3103 gatus
403 3041 719 3093 sacramenti
743 3041 1045 3094 veneranda
1073 3042 1343 3111 perceptio
1368 3042 1418 3094 in
1451 3056 1638 3094 novam
1667 3056 1795 3095 cou-

250 3124 371 3180 lcrat
397 3139 708 3185 creaturam.
739 3132 858 3197 Per,
894 3141 996 3186 etc.

318 3220 422 3274 Non
443 3224 757 3295 praeiudicet,
783 3241 1109 3295 quaesumus,
1145 3224 1387 3288 Domine,
1417 3223 1660 3278 ﬁdelibus
1692 3225 1795 3279 tuis

1924 630 2221 691 martyrum
2254 628 2463 677 tuorum
2492 626 2684 696 iugiter
2708 625 3045 682 celebremus
3076 628 3348 697 meritum,
3369 645 3494 701 quo-

1921 733 2037 771 rum
2070 719 2382 771 continuum
2412 720 2670 774 sentimus
2697 722 2972 776 auxilium.
2998 721 3122 789 Per,
3146 731 3252 779 etc.

1988 811 2321 867 Sacriﬁcium
2352 812 2469 878 tibi,
2487 813 2723 879 Domine,
2745 830 2843 885 pro
2864 825 3173 873 sanctorum
3196 828 3491 890 martyrum

1917 904 2178 959 Natalitiis
2210 906 2591 960 immolamus:
2632 914 2690 959 ut
2716 923 2940 977 quorum
2970 910 3261 981 gaudemus
3301 912 3490 983 praesi-

1918 998 2040 1063 diis,
2069 998 2299 1067 gloriam
2334 1000 2757 1068 frequentemus.
2783 999 2901 1065 Per,
2925 1012 3027 1058 etc.

1991 1091 2131 1146 Vere
2163 1091 2403 1161 dignum.
2434 1090 2828 1161 Cognoscimus
2859 1096 3077 1161 etenim,
3099 1096 3349 1163 Domine,
3371 1113 3491 1153 san-

1922 1191 2130 1237 ctorum
2165 1197 2261 1236 nos
2300 1192 2593 1254 martyrum
2638 1182 3024 1252 deprecatione
3065 1188 3287 1256 muniri;
3329 1190 3494 1261 maje-

1921 1284 2111 1329 statem
2144 1284 2288 1330 tuam
2323 1274 2591 1345 profusius
2619 1275 2993 1345 implorantes,
3018 1287 3076 1331 ut
3106 1287 3160 1333 et
3189 1281 3493 1349 temporali-

1920 1375 2005 1421 ter
2032 1366 2114 1419 his
2136 1366 2447 1435 patrociniis
2468 1380 2564 1421 nos
2592 1366 2779 1432 foveri,
2804 1376 2859 1423 et
2879 1368 3192 1438 spiritaliter
3223 1372 3495 1442 praecipias

1914 1460 2178 1529 adjuvari.
2209 1459 2331 1526 Per,
2364 1469 2471 1515 etc.

1986 1552 2056 1606 Da
2088 1552 2262 1618 nobis,
2290 1567 2621 1623 quaesumus,
2657 1553 2881 1609 Domine
2905 1596 2920 1622 ,
2958 1564 3016 1610 ut
3046 1570 3167 1611 cum
3198 1566 3497 1629 martyrum

1911 1648 2257 1702 solemnitate
2296 1658 2603 1703 sanctorum
2654 1658 2911 1719 perpetua
2954 1649 3177 1706 tuitione
3232 1650 3493 1707 lzetemur.

1909 1739 2033 1805 Per,
2059 1750 2165 1794 etc.

1982 1830 2255 1897 Exsultet,
2285 1832 2530 1899 Domine,
2558 1832 2783 1903 populus
2808 1833 3145 1889 Christianus
3174 1832 3241 1890 de
3268 1850 3492 1904 magno-

1835 1912 1881 1972 B
1909 1939 2031 1978 rum
2066 1923 2185 1979 Filii
2220 1925 2290 1979 tui
2330 1926 2717 1995 gloriﬁcatione
2758 1926 3162 1991 membrorum;
3204 1936 3257 1982 et
3294 1936 3495 1997 quanto

1905 2014 2261 2069 eminentiora
2309 2025 2437 2069 sunt
2480 2017 2734 2081 cmteris,
2787 2025 2938 2071 tanto
2984 2018 3151 2086 magis
3196 2016 3264 2073 de
3305 2032 3493 2075 eorum

1905 2108 2143 2162 culmine
2174 2109 2425 2163 inferiora
2456 2108 2845 2179 congaudeant.
2872 2109 2995 2176 Per,
3021 2120 3125 2165 etc.

1979 2199 2139 2254 XVII.
2172 2198 2304 2253 Item
2336 2202 2459 2256 alia.
2486 2231 2556 2240 —
2577 2200 2709 2255 Esto
2740 2202 3027 2275 propitius,
3067 2202 3317 2267 Domine,
3341 2218 3491 2273 qum-

1906 2308 2093 2348 sumus
2120 2336 2135 2360 ,
2190 2294 2327 2363 plebi
2380 2301 2521 2359 ture,
2574 2303 2626 2349 et
2671 2294 3089 2365 suffragantibus
3130 2296 3329 2351 sanctis
3360 2294 3488 2362 tuis,

1908 2388 2079 2441 tribue
2104 2387 2254 2443 nobis
2280 2388 2485 2442 venlam
2515 2397 2888 2458 peccatorum;
2923 2388 3159 2444 concede
3180 2390 3418 2460 placatus
3436 2392 3492 2462 8

1906 2490 1959 2534 et
1992 2496 2195 2547 pacem,
2231 2490 2286 2534 ut
2331 2481 2592 2551 propitius
2623 2481 2869 2551 largiaris
2898 2481 3180 2537 auxilium.
3228 2482 3348 2547 Per,
3382 2491 3487 2537 etc.

1977 2572 2221 2641 Suscipe,
2268 2572 2512 2639 Domine,
2556 2587 2891 2643 quaesumus,
2934 2586 3124 2643 preces
3150 2581 3395 2635 nostras;
3437 2580 3491 2627 et

1904 2664 2061 2733 hujus
2089 2665 2379 2721 oblationis
2410 2665 2753 2737 obsequium,
2785 2666 2931 2736 quod
2964 2666 3016 2720 in
3048 2676 3252 2721 sanctae
3288 2674 3491 2736 marty-

1901 2760 1979 2814 ris
2010 2768 2114 2813 tuae
2144 2763 2660 2823 commemoratione
2704 2760 3003 2827 offerimus,
3033 2761 3100 2815 ad
3132 2759 3489 2830 placationem

1902 2855 1979 2909 tui
2027 2856 2259 2909 nominis
2306 2856 2523 2927 c0piosa
2548 2856 2704 2911 nobis
2729 2854 2815 2910 fac
2844 2856 3131 2924 provenire
3154 2853 3443 2909 clementia
3472 2894 3486 2918 ,

1900 2957 1955 3003 et
1981 2949 2047 3004 ad
2069 2950 2320 3019 gaudium
2342 2951 2500 3005 nobis
2533 2958 2770 3005 transeat
2800 2949 3349 3021 sempiternum.Per,
3378 2956 3486 3003 etc.

1972 3043 2112 3098 Vere
2140 3044 2383 3113 dignum.
2427 3044 2690 3111 Quoniam
2740 3051 2794 3095 tu
2826 3040 3029 3096 sanctis
3060 3041 3167 3094 tuis
3196 3050 3248 3094 et
3280 3039 3489 3108 patien-

1902 3136 2030 3190 tiam
2100 3137 2429 3202 tolerantiae,
2480 3144 2535 3189 et
2579 3137 2633 3189 in
2692 3135 2835 3188 beati
2885 3133 2991 3186 ﬁne
3034 3130 3347 3186 certaminis
3393 3130 3488 3184 das

1904 3226 2254 3294 triumphum.
2276 3226 2398 3291 Per,
2422 3233 2530 3281 etc.

253 3322 415 3366 nostra
438 3316 597 3369 minus
628 3318 818 3372 idonea
852 3318 1155 3387 deprecatio
1198 3318 1498 3381 servitutis;
1543 3319 1634 3371 sed
1686 3333 1797 3371 me-
1823 3291 1869 3354 Ο
1974 3316 2152 3372 Sacris
2170 3316 2686 3388 reparatimysteriis
2704 3314 3489 3385 suppliciterexoramusutin-

245 3403 331 3457 rita
364 3417 531 3461 nostra
564 3411 914 3478 prteviucens,
938 3412 987 3482 7
1009 3411 1301 3465 Ecclesium
1334 3419 1473 3464 tuam
1498 3410 1794 3475 sanctitica.

237 3500 474 3569 guberna,
519 3505 697 3571 salva,
727 3515 1087 3573 prosequere;
1128 3513 1182 3559 et
1219 3504 1310 3559 tibi
1346 3504 1461 3557 sine
1498 3504 1795 3558 cessatione

234 3592 459 3649 dei‘otam
502 3604 757 3665 perpetua
796 3598 1165 3665 redemptione
1197 3596 1475 3650 conﬁrma.
1518 3597 1651 3661 Per,
1685 3606 1789 3651 etc.

294 3684 401 3739 XV.
451 3687 581 3741 Item
621 3689 744 3742 alia.
778 3719 848 3729 —
879 3690 1121 3753 Exaudi,
1168 3689 1415 3757 Domine,
1459 3703 1646 3758 preces
1696 3704 1791 3741 no-

227 3785 383 3841 stras,
422 3789 477 3835 et
518 3792 823 3836 sanctorum
857 3790 1148 3852 martyrum
1187 3798 1283 3836 nos
1316 3791 1464 3835 tuere
1512 3780 1790 3850 prmsidiis.

226 3867 335 3935 Per,
367 3882 474 3926 etc.

290 3962 511 4030 iteSpice
536 4006 551 4031 ,
603 3975 625 4003 ε
676 3965 898 4019 Domine
923 4004 937 4029 ,
994 3979 1211 4020 munera
1244 3980 1361 4035 qua:
1407 3965 1458 4019 in
1488 3973 1792 4019 sanctorum

222 4062 419 4110 tuorum
453 4056 964 4111 commemoratione
992 4056 1309 4121 deferimus;
1354 4067 1408 4111 ut
1438 4072 1665 4127 quorum
1700 4056 1797 4109 ho-

218 4159 339 4200 nore
361 4158 491 4201 sunt
513 4156 686 4217 grata,
718 4164 903 4203 eorum
928 4148 1081 4203 nobis
1110 4147 1234 4202 ﬁant
1268 4148 1653 4203 intercessione
1683 4160 1795 4217 per-

215 4246 385 4302 petua.
412 4238 542 4305 Per,
568 4246 673 4292 etc.

291 4329 423 4386 Vere
476 4331 716 4402 dignum.
771 4332 847 4387 Te
900 4333 1040 4387 enim
1100 4332 1319 4387 laudant
1368 4343 1422 4388 et
1479 4333 1799 4387 beneilicunt

211 4429 396 4477 omnes
419 4424 599 4477 sancti
633 4425 729 4489 tui,
775 4424 969 4494 quibus
996 4434 1047 4478 et
1076 4424 1128 4478 in
1161 4425 1498 4479 confessione
1524 4426 1795 4491 virtutem,

207 4514 331 4566 etin
367 4515 626 4585 passione
654 4517 929 4570 victoriam
962 4517 1258 4571 contulisti.
1292 4517 1414 4581 Per,
1441 4526 1547 4571 etc.

272 4605 478 4663 Przesta
510 4609 559 4674 ά,
594 4608 820 4663 Domine
864 4610 1005 4664 Dens
1040 4621 1242 4675 noster,
1285 4620 1343 4664 ut
1385 4625 1609 4681 quorum
1646 4612 1797 4666 nobis

1901 3410 2325 3465 tervenienlibus
2350 3412 2549 3465 sanctis
2576 3409 2700 3475 tuis,
2726 3406 3194 3478 apprehendamus
3222 3403 3244 3444 ί
3272 3405 3481 3478 (rebus)

1900 3501 2118 3566 eﬁ’cctu,
2134 3500 2273 3570 quod
2295 3500 2643 3572 (actionibus)
2658 3499 2993 3555 celebramus
3005 3496 3221 3553 all‘ectu.
3243 3496 3363 3562 Per,
3377 3505 3483 3553 etc.

1970 3595 2197 3650 Creator
2229 3596 2409 3664 populi
2442 3595 2540 3661 tui,
2572 3594 2732 3659 Deus,
2779 3602 2939 3663 atque
2984 3599 3289 3662 reparator,
3332 3599 3487 3647 tuere

1902 3692 2201 3761 supplices,
2220 3700 2369 3745 tuere
2394 3688 2817 3744 misericordiam
2836 3688 3202 3758 postulantes;
3223 3695 3247 3733 ε
3262 3686 3486 3741 utsatis-

1900 3783 2061 3838 factio
2109 3798 2205 3851 pro
2250 3798 2310 3839 se
2346 3781 2713 3837 intercedente
2749 3790 2991 3836 sanctum
3020 3781 3225 3851 (illum)
3255 3787 3307 3834 et
3332 3780 3484 3834 insti-

1902 3875 2161 3930 tutabona
2185 3876 2471 3943 recipiant,
2498 3882 2551 3927 et
2570 3882 2865 3928 restaurata
2880 3871 3210 3927 custodiant.
3238 3870 3357 3937 Per,
3376 3878 3482 3926 etc.

1970 3963 2159 4020 XVIII.
2194 3965 2325 4019 Item
2355 3964 2829 4029 alim—Concede,
2866 3963 3112 4030 Domine,
3159 3962 3355 4031 populo
3397 3972 3487 4018 tuo

1898 4060 2110 4113 veniam
2163 4065 2503 4126 peccatorum
2530 4098 2545 4123 ,
2588 4065 2641 4111 et
2672 4056 2951 4126 religionis
2981 4062 3348 4123 augmentum,
3399 4062 3481 4106 at-

1898 4166 2003 4221 que
2034 4159 2091 4204 ut
2117 4150 2164 4205 ei
2192 4158 2279 4203 tua
2303 4149 2439 4202 dona
2466 4148 2803 4216 multiplices,
2848 4156 3159 4201 sanctorum
3191 4153 3487 4212 martyrum

1898 4251 2112 4294 tuorum
2144 4239 2433 4309 patrocinia
2467 4238 2548 4291 fac
2578 4237 2787 4291 adesse.
2818 4237 2945 4302 Per,
2971 4246 3077 4289 etc.

1968 4333 2213 4400 Suscipe,
2249 4330 2470 4383 Domine
2491 4370 2505 4393 ,
2539 4328 2801 4397 propitius
2827 4326 3085 4383 Ecclesiae
3106 4332 3211 4381 tua:
3238 4338 3485 4393 munera,

1899 4433 1955 4481 ot
1982 4431 2289 4480 sanctorum
2339 4420 2587 4490 precibus
2636 4434 2734 4475 nos
2775 4429 2925 4476 tuere
2949 4460 2965 4487 ,
3011 4418 3103 4489 qui
3132 4427 3238 4475 tua
3264 4416 3486 4489 iustitia:

1900 4528 2025 4575 sunt
2052 4521 2346 4592 placentes.
2372 4516 2495 4584 Per,
2520 4524 2626 4572 etc.

1977 4611 2112 4666 Vere
2139 4608 2377 4679 dignum.
2395 4607 2533 4677 Quia
2557 4615 2610 4663 te
2633 4606 2959 4662 benedicunt
2979 4615 3034 4662 et
3055 4605 3278 4661 laudant
3298 4617 3485 4661 omnes

208 4696 505 4755 festivitate
545 4701 715 4754 votiva
763 4710 888 4755 sunt
930 4711 1297 4767 sacramenta,
1329 4679 1511 4755 eorum
1547 4703 1795 4757 salutaria
1825 4679 1875 4738 Ῐ)
1900 4702 2067 4757 sancti
2100 4702 2195 4766 tui,
2226 4700 2419 4771 quibus
2447 4708 2501 4754 et
2548 4699 2600 4753 in
2630 4699 2974 4754 confessione
3000 4698 3254 4754 virtutem
3280 4739 3295 4763 ,
3343 4706 3399 4752 et
3427 4696 3482 4752 in

209 4790 365 4846 nobis
401 4794 796 4849 intercessione
828 4794 1141 4850 reddantur.
1177 4795 1293 4852 Per.
1323 4804 1423 4849 etc.

264 4885 469 4955 Tuere,
516 4889 761 4956 Domine,
800 4889 1070 4957 supplices
1102 4898 1252 4953 tuos,
1286 4897 1522 4941 sustenta
1558 4888 1793 4959 fragiles,

197 4991 357 5048 purga
404 4988 700 5045 terrenos;
758 4990 811 5036 et
854 4981 995 5035 inter
1046 4992 1068 5018 θ
1115 4978 1504 5051 (mortalium)
1548 4982 1795 5037 tenebras

194 5073 461 5127 mortales
498 5071 845 5127 ambulantes
875 5082 958 5127 tua
988 5088 1203 5142 semper
1233 5074 1348 5127 luce
1379 5072 1606 5139 viviﬁca,
1632 5083 1793 5143 atque

194 5174 218 5212 a
250 5164 409 5217 malis
436 5164 694 5219 omnibus
723 5166 1016 5219 clementer
1047 5173 1283 5234 ereptos,
1318 5164 1381 5217 ad
1410 5179 1617 5218 summa
1652 5165 1787 5220 bona

192 5255 485 5319 pervenire
519 5258 774 5311 concede.
806 5255 925 5320 Per,
959 5264 1067 5311 etc.

258 5414 281 5442 ε
313 5403 372 5459 In
402 5403 611 5459 Missali
639 5404 881 5460 Romano
906 5416 987 5460 est
1014 5404 1186 5459 oratio
1214 5412 1417 5459 secreta
1458 5404 1630 5460 Missa:
1658 5421 1786 5461 con-

190 5474 415 5530 fessoris
442 5491 557 5529 non
587 5476 868 5543 pontificis.

255 5545 282 5583 δ
312 5547 370 5601 ln
395 5546 600 5601 eodem
632 5547 824 5601 Missali
872 5559 952 5601 est
995 5547 1165 5600 oratio
1201 5545 1610 5601 Postcommunio
1639 5547 1785 5604 feria:

189 5615 222 5668 4
255 5630 378 5685 post
412 5617 651 5681 Pascha,
693 5618 779 5671 ubi
820 5618 1008 5672 melius
1035 5618 1304 5687 transferat
1333 5632 1427 5687 pro
1466 5622 1715 5683 conferat.

260 5702 279 5725 ε
320 5690 421 5741 Est
456 5697 669 5740 secreta
705 5689 754 5741 in
788 5687 944 5741 Rmu.
976 5686 1186 5743 Missali
1216 5689 1302 5742 die
1328 5686 1398 5740 ‘22
1439 5688 1587 5757 Sept.
1622 5690 1794 5745 Missa:

190 5758 286 5814 SS.
320 5760 573 5814 Mauritii
606 5766 660 5811 et
690 5760 978 5813 sociorum.

252 5828 278 5867 ά
314 5832 534 5884 Eadem
582 5840 664 5883 est
712 5832 880 5883 nratio
916 5828 1326 5884 Postcommimio
1358 5831 1530 5883 Missrc
1559 5830 1619 5883 S.
1658 5831 1795 5886 Marc

188 5901 276 5955 lini
309 5900 675 5971 episc0pidie
712 5900 763 5955 Η
806 5902 934 5958 Nov.
971 5903 1021 5958 in
1058 5902 1251 5955 Missali
1285 5902 1544 5953 Romani).

1900 4796 2148 4866 passione
2178 4793 2402 4861 gloriam
2432 4792 2734 4847 contulisti.
2766 4791 2890 4855 Per.
2915 4802 3022 4847 etc.
3284 4860 3295 4869 ρ

1971 4890 2288 4947 Sanctorum
2320 4884 2350 4925 ιι
2386 4888 2659 4957 precibus,
2703 4887 2949 4951 Domine,
2978 4900 3307 4955 quaesumus,
3338 4884 3484 4938 salus

1899 4993 1954 5039 et
2002 4980 2260 5035 mentium
2290 4987 2573 5048 praestetur
2603 4988 2658 5033 et
2677 4992 2997 5047 corporum;
3030 4985 3086 5031 ut
3117 4976 3247 5032 doni
3279 4976 3352 5029 tui
3393 4977 3485 5029 fiat

1898 5075 2054 5130 nobis
2066 5071 2433 5129 etbenedictio
2446 5071 2685 5139 copiosa,
2703 5069 2911 5138 etlarga
2931 5066 3217 5138 protectio.
3235 5064 3359 5131 Per,
3374 5073 3479 5119 etc.

1971 5167 2043 5220 Da
2082 5164 2335 5219 auxilium
2366 5204 2379 5228 ,
2427 5162 2673 5225 Domine,
2705 5175 3036 5231 quesumus,
3078 5157 3344 5227 majestati
3378 5166 3482 5209 tum

1897 5259 2257 5329 potestatique
2302 5256 2585 5326 subjectis,
2618 5267 2670 5311 et
2699 5253 2957 5325 quidquid
2983 5253 3105 5321 suis~
3140 5249 3346 5307 meritis
3374 5264 3480 5304 non

1969 5418 1991 5446 ε
2025 5408 2133 5462 Vox
2166 5409 2459 5477 mortalium
2490 5417 2572 5465 est
2597 5408 2811 5464 varians
2840 5410 3017 5464 lectio.

1968 5478 1987 5516 ί
2024 5480 2192 5534 Voces
2239 5479 2386 5533 rebus
2434 5490 2486 5534 et
2534 5481 2813 5534 actionibus
2858 5490 2981 5535 sunt
3010 5478 3278 5533 variantes
3313 5479 3478 5532 textui

1894 5552 2129 5607 insertae.

1977 5632 1999 5667 ε
2030 5621 2106 5673 lia
2153 5619 2293 5673 hunc
2343 5620 2515 5673 locum
2547 5620 2932 5675 restituendum
2972 5618 3199 5673 credidit
3227 5618 3288 5673 P.
3324 5618 3482 5673 Blan-

1903 5691 2141 5746 cbinius:
2168 5689 2233 5745 Ut
2252 5692 2595 5761 satisfactione
2615 5708 2707 5760 pro
2729 5707 2780 5743 se
2802 5690 3138 5744 intercedente
3162 5698 3477 5755 sanctorum,

1908 5771 1953 5835 et
1984 5763 2215 5835 instituta
2241 5803 2252 5823 ,
2303 5770 2426 5835 etc.‘
2449 5761 2799 5835 ‘llluratorius,
2846 5770 2897 5813 ut
2929 5762 3277 5835 satisfactione
3308 5777 3399 5832 pro
3427 5775 3481 5816 se

1905 5832 2238 5886 intercedente
2268 5831 2427 5882 sancti
2446 5830 2603 5883 illius.

1982 5900 2009 5938 ιι
2038 5899 2169 5955 Cod.
2203 5901 2364 5967 male,
2388 5901 2795 5970 percipientibus.
