4018 6314
462 352 530 409 27
1447 341 1673 401 OPERA
1715 343 1772 398 S.
1815 341 2017 398 LEONl
2059 342 2296 398 MAGNO
2337 340 2750 398 ATTRIBUTA.
3665 335 3740 392 28

2222 457 2462 516 llostiam
2512 466 2752 512 nostram
2782 495 2795 521 ,
2846 467 3156 528 quaesumus
3186 491 3202 520 ,
3251 450 3519 518 Domine,
3566 453 3745 508 sancti

2158 550 2430 608 Laurentii
2480 548 2736 621 martyris
2782 547 2856 603 tui
2910 555 2963 603 et
3009 543 3280 601 confessio
3325 543 3659 611 veneranda,
3691 556 3748 601 et.

2158 643 2312 700 beata
2341 641 2681 698 commendet
2709 640 2898 696 oratio.
2925 639 3048 707 Per,
3077 648 3183 695 etc.

2233 734 2368 791 Vere
2397 734 2637 804 dignum.
2670 732 2774 800 Qui
2806 747 2902 787 nos
2935 746 3031 801 per
3072 729 3254 786 tnundi
3293 729 3572 800 caligines,
3608 738 3751 787 tam-

2162 843 2320 898 quam
2351 827 2697 882 Iuminaribus
2724 825 2867 891 cmli,
2901 833 3207 879 sanctorum
3240 832 3456 878 tuorum
3483 824 3754 895 exemplis

2162 919 2416 986 instituis,
2447 929 2498 974 et
2522 919 2906 973 intercessione
2935 916 3297 987 prosequeris.
3331 915 3455 984 Per,
3489 927 3598 973 etc.

2236 1015 2378 1072 Inter
2421 1017 2738 1082 innumera,
2785 1015 3045 1079 Domine,
3094 1014 3309 1085 pietatis
3361 1024 3465 1069 tua:
3503 1014 3752 1070 subsidia

2164 1107 2292 1166 hinc
2324 1109 2662 1179 fragilitatem
2696 1116 2934 1163 nostram
2968 1107 3290 1161 conﬁdimus
3337 1121 3444 1162 non
3489 1107 3757 1178 relinqui,

2165 1203 2289 1272 quia
2343 1211 2485 1257 tanta
2539 1201 2693 1256 nobis
2747 1198 3072 1272 placentium
3137 1199 3229 1256 tibi
3280 1198 3579 1271 patrocinia
3629 1209 3760 1256 sunt

2169 1297 2401 1366 provisa.
2435 1297 2557 1362 Per,
2583 1304 2688 1351 etc.

2241 1387 2404 1456 Deus,
2438 1385 2457 1425 ι
2501 1395 2744 1443 errantes
2773 1387 2824 1442 in
2856 1385 2939 1442 via
2971 1399 3132 1457 posse
3175 1385 3374 1452 redire,
3407 1386 3651 1443 veritatis
3677 1386 3764 1443 lu-

2171 1494 2294 1536 men
2339 1479 2604 1538 ostendis:
2662 1479 2730 1534 da
2776 1477 2981 1533 cunctis
3047 1477 3135 1548 qui
3199 1475 3503 1533 Christiana
3551 1479 3763 1548 profes-

2173 1576 2327 1629 sione
2387 1581 2702 1638 censentur,
2754 1579 2809 1626 et
2856 1571 2946 1626 illa
2995 1585 3254 1640 respuere
3326 1584 3444 1642 qua
3489 1569 3616 1626 huic
3660 1571 3767 1627 ini-

489 1675 694 1748 juVari,
727 1675 902 1731 tribue
933 1675 1270 1745 majestatem
1305 1681 1452 1730 tuam
1484 1671 1686 1744 jugiter
1721 1687 1945 1728 exorare
1975 1684 2073 1742 pro
2175 1669 2311 1725 mica
2351 1677 2477 1724 sunt
2519 1669 2719 1723 nomini
2753 1709 2767 1735 ,
2815 1674 2871 1722 et
2907 1681 2971 1722 ea
3017 1681 3138 1736 qua:
3185 1673 3309 1723 sunt
3354 1675 3478 1736 apta
3539 1667 3760 1725 sectari.

493 1771 668 1826 nobis.
701 1769 820 1832 Per,
855 1778 959 1824 etc.
2176 1764 2299 1829 Per,
2329 1772 2433 1818 etc.

565 1861 867 1925 Auxiliare.
905 1859 1156 1926 Domine,
1193 1853 1464 1930 fragilitati
1495 1867 1723 1925 nostris,
1757 1863 1815 1912 ut
1855 1866 2068 1911 tuorum
2099 1853 2147 1915 Β
2245 1855 2595 1925 Omnipotens
2621 1855 2946 1924 sempiterne
2974 1854 3138 1920 Deus,
3167 1854 3256 1924 qui
3287 1862 3390 1908 tuae
3427 1856 3530 1927 ιο
3560 1872 3765 1915 mense

466 474 818 542 prmsttmunt,
850 473 1158 522 sanctorum
1188 470 1396 518 tuorum
1437 459 1683 535 precibus
1712 471 2046 530 consequan-
2073 459 2128 522 Α

469 574 578 617 tur.
614 555 746 626 Per,
769 569 874 616 etc.

539 649 680 708 XIX.
719 651 847 708 ltem
877 647 1284 708 alim—Adesto
1307 658 1354 718 ι,
1386 643 1635 718 Domine,
1667 645 1921 716 precibus
1960 659 2057 699 no-

472 747 625 814 stris,
669 762 801 820 quas
848 745 900 801 in
934 753 1241 802 sanctorum
1287 752 1499 798 tuorum
1539 737 2055 795 commemoratione

475 837 789 907 deferimus,
827 849 882 892 ut
909 838 998 909 qui
1045 849 1241 892 nostra:
1277 833 1504 905 justititc
1536 832 1783 887 ﬁduciam
1817 847 1921 886 non
1954 829 2051 885 ha-

474 936 666 991 bemus
693 976 707 998 ,
755 949 940 988 eorum
971 932 1060 1005 qui
1093 930 1183 988 tibi
1215 931 1555 999 placuerunt,
1603 925 1811 982 meritis
1842 925 2063 996 adjuve-

479 1045 619 1085 mur.
664 1029 785 1092 Per,
815 1037 920 1086 etc.

480 1155 488 1166 -
553 1118 795 1186 Exaudi,
852 1117 1075 1174 Domine
1132 1116 1274 1172 Deus
1315 1122 1541 1182 noster,
1592 1128 1711 1169 cum
1755 1120 2063 1166 sanctorum

485 1221 698 1270 tuorum
738 1211 827 1268 tibi
873 1207 1168 1281 patrocinio
1201 1207 1592 1280 supplicantes;
1635 1213 1942 1276 utquorum
1973 1218 2064 1260 ce-

484 1309 756 1364 lebramus
789 1303 1112 1378 triumphos,
1138 1303 1410 1376 possimus
1436 1304 1665 1359 retinere
1687 1299 2066 1357 constantiam.

485 1399 605 1468 Per,
635 1412 739 1456 etc.

561 1493 842 1551 Prtetende
866 1493 1041 1560 nobis,
1074 1491 1322 1555 Domine,
1355 1487 1782 1545 misericordiam
1819 1488 1874 1560 9
1903 1495 2069 1552 tuam,

498 1598 551 1642 ct
576 1599 789 1643 sanetos
821 1597 971 1651 tuos,
1005 1600 1233 1656 quorum
1282 1599 1380 1639 nos
1409 1583 1605 1639 dedisti
1639 1581 1951 1652 patrociniis
1979 1579 2074 1635 ad-

496 1955 887 2014 intercessione
937 1965 1246 2010 sanctorum
1294 1967 1399 2007 non
1445 1951 1798 2020 reprobemur
1846 1945 2075 2018 meritis,

495 2071 628 2127 quos
658 2054 820 2108 tantis
851 2052 1106 2120 deputare
1134 2050 1370 2120 dignaris
1397 2047 1611 2103 olﬁciis.
1649 2047 1770 2113 l’er,
1803 2057 1908 2101 etc.

565 2147 784 2211 Tribue,
814 2158 1145 2216 quaesumus,
1180 2143 1427 2207 Domine,
1463 2141 1616 2195 donis
1644 2140 1751 2194 tuis
1783 2139 1949 2193 libera
1980 2152 2079 2193 nos

500 2253 679 2299 mente
710 2240 937 2306 servire,
971 2248 1028 2294 ut
1063 2237 1546 2294 intervenientibus
1577 2235 1778 2291 sanctis
1807 2234 1929 2300 tuis,
1964 2249 2081 2288 mu-

499 2350 627 2392 nera
661 2349 780 2405 qua:
828 2332 1152 2400 deferimus,
1207 2338 1261 2386 et
1292 2328 1556 2385 medelam
1607 2328 1762 2383 nobis
1789 2338 2080 2398 operentur

498 2439 552 2484 et
579 2429 821 2498 gloriam.
858 2428 976 2492 Per,
1011 2435 1115 2480 ete.

575 2520 718 2576 Vere
764 2520 1006 2591 dignum.
1048 2517 1077 2556 δ
1116 2516 1250 2583 Quia
1280 2523 1332 2570 ttt
1364 2528 1422 2569 es
1453 2513 1718 2583 gloriosus
1749 2511 1801 2566 in
1832 2508 2082 2565 omnibus

499 2614 698 2671 sanctis
731 2612 858 2678 tuis,
894 2611 1088 2681 quibus
1115 2618 1168 2664 et
1197 2609 1249 2661 in
1279 2603 1617 2661 confessione
1644 2605 1919 2669 virtutem,
1947 2610 2001 2657 et
2027 2601 2079 2656 in

498 2708 750 2779 passione
779 2703 1062 2760 victoriam
1087 2699 1381 2758 contulisti.
1415 2697 1533 2763 Per,
1563 2706 1668 2752 etc.

569 2799 712 2856 Vere
758 2798 996 2866 dignum.
1035 2807 1056 2834 ο
1103 2795 1366 2862 Quoniam
1417 2791 1492 2847 tui
1527 2791 1705 2861 operis
1743 2798 1950 2860 tuaeque
1976 2788 2083 2844 vir-

504 2891 631 2947 tutis
658 2897 739 2944 est
768 2887 908 2959 quod
940 2886 1138 2940 sanctis
1168 2886 1272 2939 tuis
1306 2898 1410 2938 non
1453 2883 1626 2937 solum
1654 2881 1877 2936 credere
1907 2881 1958 2936 in
1992 2880 2082 2935 Fi-

503 2981 632 3037 lium
685 2989 831 3034 tuum
862 2977 1144 3032 Dominttm
1193 2973 1378 3031 Jesum
1411 2972 1720 3039 Christum,
1776 2971 1868 3028 sed
1919 2971 2081 3027 etiam

503 3088 602 3145 pro
632 3088 697 3126 eo
729 3070 833 3141 pati
881 3085 1040 3143 posse
1081 3063 1333 3123 donatum
1367 3077 1448 3122 est
1474 3085 1486 3120 :
1513 3076 1569 3121 ut
1600 3080 1733 3137 quos
1757 3062 2084 3136 justlﬁcabat

503 3167 655 3232 ﬁdes,
689 3165 1016 3237 gloriﬁcaret
1041 3173 1094 3219 et
1126 3159 1269 3216 ﬁnis.
1303 3161 1426 3226 Per,
1461 3171 1564 3215 etc.

2181 1951 2470 2022 participes
2497 1965 2525 2005 a
2556 1948 2826 2004 diabolico
2853 1947 3012 2017 jubes
3043 1947 3316 2002 abstinere
3365 1949 3636 2016 convivio,
3669 1949 3764 2016 da,

2180 2057 2506 2113 qu-rsumus,
2537 2041 2679 2112 plebi
2712 2051 2834 2106 ture,
2867 2049 2923 2094 ut
2956 2050 3112 2109 gustu
3142 2039 3436 2095 mortiferae
3468 2042 3767 2110 profanita-

2183 2136 2248 2192 tis
2274 2135 2502 2203 abjecto,
2531 2134 2681 2205 puris
2709 2132 2978 2189 mentibus
3011 2131 3079 2188 ad
3104 2131 3290 2204 epulas
3320 2143 3538 2190 retentae
3570 2135 3762 2191 salutis

2180 2228 2457 2285 accedant.
2483 2228 2603 2296 Per,
2635 2235 2740 2283 etc.
2988 2225 3002 2241 '

2251 2319 2390 2374 Vere
2419 2319 2657 2389 dignum.
2688 2318 2852 2388 Cujus
2882 2317 3122 2373 Ecclesia
3154 2318 3233 2373 sic
3261 2318 3409 2374 veris
3437 2319 3766 2377 confessori-

2180 2415 2282 2470 bus
2308 2425 2332 2461 κ
2376 2413 2630 2484 falsisque
2671 2414 2935 2484 permixta
2987 2429 3127 2468 nunc
3169 2414 3366 2484 agitur,
3411 2424 3469 2470 ut
3499 2425 3675 2473 tamen
3716 2427 3772 2474 et

2181 2508 2486 2576 fragilitatis
2537 2505 2788 2562 humanae
2835 2522 3051 2577 semper
3107 2507 3351 2564 cavenda
3401 2512 3667 2577 mutatio,
3716 2521 3770 2568 et

2185 2600 2385 2655 nullius
2427 2600 2497 2654 sit
2544 2599 2878 2668 desperanda
2927 2601 3245 2666 conversio;
3285 2617 3390 2670 quo
3435 2602 3608 2671 magis
3649 2619 3771 2674 sup-

2185 2691 2351 2761 plices
2383 2700 2432 2745 te
2475 2705 2744 2759 rogamus,
2778 2701 2833 2746 ut
2859 2692 2982 2762 quia
3026 2694 3144 2746 sine
3177 2702 3226 2746 te
3256 2709 3361 2748 non
3395 2705 3569 2764 potest
3600 2697 3772 2753 solida

2185 2790 2435 2838 constare
2479 2784 2714 2850 devotio,
2745 2794 2797 2838 et
2826 2785 2992 2839 ﬁrmis
3039 2787 3518 2856 perseverantiam,
3560 2798 3615 2844 et
3643 2791 3774 2846 resi-

2185 2878 2505 2948 piscentiam
2537 2879 2783 2948 largiaris
2815 2878 3060 2934 inﬁrmis.
3095 2878 3218 2944 Per,
3254 2889 3356 2935 etc.

2257 2971 2352 3036 Da,
2386 2985 2714 3040 quagsumus,
2750 2971 2997 3038 Domine,
3054 2972 3248 3041 populo
3293 2983 3380 3027 tuo
3408 2987 3435 3026 a
3463 2972 3773 3046 diabolicis,

2186 3067 2378 3136 quibus
2431 3067 2793 3131 renuntiavit,
2847 3067 3054 3137 laqueis
3102 3067 3390 3133 abstinere,
3440 3077 3494 3123 et
3523 3075 3642 3125 toto
3679 3071 3777 3129 tibi

2186 3163 2348 3220 corde
2382 3163 2668 3232 prosterni.
2704 3162 2825 3227 Per,
2857 3172 2962 3218 etc.

573 3259 600 3296 ἀ
627 3259 774 3313 Sacri
817 3257 1062 3326 corporis
1097 3265 1150 3309 et
1178 3253 1452 3321 sanguinis
1496 3250 1711 3324 pretiosi
1740 3249 1986 3305 renovati
2021 3249 2086 3305 li-
2111 3249 2157 3313 C
2259 3252 2402 3309 XXI.
2430 3253 2561 3307 Item
2585 3253 3053 3323 alia.—1llajestati
3087 3264 3190 3309 tua:
3218 3269 3336 3321 nos,
3362 3254 3608 3322 Domine,
3634 3272 3768 3312 mar-

504 3350 747 3417 bamine,
776 3361 1114 3421 quaesumus,
1148 3346 1401 3409 Domine,
1441 3343 1780 3398 clementiam
1816 3353 1988 3408 tuam,
2032 3351 2092 3398 ut

508 3445 650 3516 quod
683 3442 944 3514 frequenti
967 3438 1250 3495 devotione
1273 3439 1692 3510 geritnus,certa
1721 3435 2092 3507 redemptione

507 3538 803 3608 capiamus.
835 3535 957 3600 Per,
986 3540 1093 3588 etc.

579 3628 850 3684 Conserva
878 3667 893 3695 ,
945 3623 1213 3691 Domine,
1273 3621 1528 3694 populum
1580 3629 1772 3687 tuum;
1834 3629 1888 3677 et
1934 3635 2092 3692 quem

511 3718 834 3776 salutaribus
879 3714 1144 3788 praesidiis
1193 3729 1298 3770 non
1352 3713 1556 3770 desinis
1605 3711 1899 3785 adjuvare,
1966 3727 2093 3784 per-

511 3813 687 3884 petuis
732 3811 905 3868 tribue
945 3807 1184 3882 gaudere
1214 3807 1492 3865 beneﬁciis
1520 3805 1714 3863 mentis
1744 3815 1799 3863 et
1823 3807 2088 3879 corporis.

513 3909 636 3974 Per,
663 3915 770 3963 etc.

585 4000 706 4057 XX.
753 3997 887 4060 Item
931 3993 1493 4052 alim—Sanctorum
1544 4002 1754 4050 tuorum
1783 4034 1798 4059 ,
1848 3993 2091 4058 Domine,

517 4092 766 4166 precibus
814 4089 1165 4161 adjuvemur;
1213 4096 1235 4124 °
1278 4097 1329 4144 et
1363 4085 1502 4156 quod
1550 4085 1882 4156 possibilitas
1914 4093 2096 4140 nostra

515 4199 619 4240 non
671 4185 913 4252 obtinet,
964 4199 1149 4240 eorum
1216 4182 1378 4242 nobis
1434 4181 1797 4254 postulatione
1843 4179 2094 4236 donetur.

512 4278 637 4346 Per,
669 4289 772 4336 etc.

581 4398 862 4481 {blissalﬂe
909 4397 1066 4481 Horn".
1113 4394 1251 4481 hanc
1278 4394 1596 4481 orationem
1645 4392 1858 4464 praefert
1904 4394 1990 4450 die
2018 4393 2089 4449 Si

514 4469 710 4538 Aprilis
740 4470 790 4521 in
818 4468 954 4522 festo
984 4468 1080 4521 SS.
1118 4466 1322 4520 Soteris
1355 4475 1408 4519 et
1434 4466 1569 4519 (inii.

583 4539 610 4578 ι)
641 4540 838 4610 Similis
865 4537 1107 4610 praefatio
1137 4546 1402 4610 estsupra
1434 4536 1482 4610 in
1514 4535 1670 4589 MiSsa
1691 4550 1803 4610 vnt.

589 4607 769 4692 °.H:I;c
799 4606 1008 4704 q‘tt'nque
1036 4607 1278 4676 prmfatio
1316 4606 1498 4675 paucis
1526 4606 1740 4660 mutatis
1781 4606 1973 4675 legitur
2004 4622 2092 4661 su-
2123 4644 2172 4704 Β

515 4681 698 4752 peritis
727 4682 776 4733 in
805 4681 963 4735 Missa
995 4694 1088 4732 vn.

591 4749 615 4788 ἀ
643 4752 771 4806 Huic
802 4752 975 4804 afﬁnis
999 4760 1080 4804 est
1109 4751 1279 4805 oratio
1309 4748 1480 4802 Missae
1506 4761 1622 4802 vut.

590 4833 611 4859 ε
643 4823 766 4876 Ητνο
807 4823 975 4875 oratio
1027 4824 1212 4886 legitur
1259 4821 1307 4874 in
1343 4817 1771 4874 Sat-ramentario
1801 4817 1960 4888 Greg.
1988 4819 2093 4874 Me-

520 4893 693 4954 nardi,
725 4901 777 4947 et
803 4892 855 4946 in
890 4887 1082 4946 Missali
1115 4893 1266 4945 ltom.
1299 4893 1384 4944 die
1409 4889 1468 4944 S.
1494 4889 1744 4956 Matthzei,
1771 4887 1860 4944 ubi
1886 4887 2094 4960 utquod

521 4967 710 5020 melius
737 4965 1004 5018 scribitur.

595 5033 611 5072 ί
646 5033 951 5103 Legendnm
991 5049 1110 5087 cum
1139 5031 1582 5090 Sacramentariis
1611 5030 1916 5096 Gelasiano,
1964 5032 2096 5088 Gre-

519 5105 780 5176 gorianis,
813 5114 868 5176 e_t
896 5105 1162 5169 Romano,
1198 5103 1286 5174 qui
1308 5103 1467 5176 _hanc
1502 5105 1800 5176 orationem
1843 5104 2096 5159 exhibent

523 5172 790 5231 Dontinica
822 5173 858 5228 ἓ
883 5186 1000 5241 post
1036 5172 1276 5230 notata—tn
1307 5172 1544 5241 Pasrltm,
1577 5175 1663 5244 qui
1701 5176 2006 5239 errantibus,
2042 5186 2093 5230 ut

520 5250 570 5302 in
602 5249 732 5301 viam
761 5248 953 5318 possint
974 5247 1156 5300 redire.
1193 5247 1316 5299 llaec
1342 5253 1425 5298 est
1452 5244 1606 5298 Missa
1633 5244 1881 5299 distincta
1909 5263 1934 5298 a
1966 5262 2099 5315 prm-

522 5320 730 5373 cedenti
759 5335 854 5387 pro
875 5321 1224 5371 conversione
1249 5326 1612 5387 peccatorum;
1643 5319 1946 5373 colleCIoris
1966 5319 2101 5372 osci-
2123 5379 2129 5383 _

527 5393 692 5444 tantia
726 5386 978 5444 nutrierus
1007 5391 1289 5442 distinctus
1319 5388 1548 5440 omissus
1575 5386 1691 5441 fuit.

597 5469 621 5508 ι
649 5459 997 5514 Confessores
1030 5461 1165 5522 falsi,
1190 5461 1280 5528 qui
1302 5458 1387 5511 hic
1409 5458 1550 5511 veris
1575 5460 1819 5526 permixti
1844 5457 1894 5513 in
1923 5460 2100 5515 Eccle-

526 5529 603 5583 sia
635 5545 753 5584 esse
790 5533 1060 5597 dicuntur,
1093 5547 1194 5584 non
1225 5541 1347 5585 sunt
1385 5530 1468 5600 (ut
1500 5543 1766 5584 ncttnctno
1799 5533 2034 5600 putavit)
2068 5529 2102 5584 ii

526 5601 860 5656 confessurus
909 5602 1024 5655 falsi
1069 5603 1136 5656 de
1181 5603 1376 5671 quibus
1419 5598 1714 5670 Cyprianus
1774 5598 2094 5668 loquitur'in

526 5671 625 5727 lib.
653 5671 718 5726 de
751 5673 963 5728 Unitate
995 5673 1279 5736 Ecclesim;
1322 5672 1406 5727 isti
1437 5673 1578 5726 enim
1619 5682 1767 5726 extra
1806 5675 2094 5728 Ecclesium

525 5744 594 5799 ab
630 5744 814 5797 eodem
853 5745 1209 5808 collocantur;
1252 5745 1343 5797 sed
1383 5751 1509 5796 sunt
1552 5755 1879 5811 peccatores,
1913 5761 2095 5799 erran-

532 5824 632 5873 tes.
667 5816 753 5883 qui
793 5814 1077 5869 Christiana
1116 5817 1430 5886 professione
1460 5824 1753 5878 censentur,
1789 5831 1886 5870 nec
1918 5826 2094 5869 tamen

529 5886 621 5942 illa
648 5898 887 5958 respuunt
917 5905 1028 5959 qua:
1055 5888 1171 5941 huic
1196 5889 1401 5941 inimica
1425 5897 1542 5942 sunt
1565 5888 1755 5942 nomini
1776 5904 1788 5916 '
1830 5889 1966 5943 unde
1999 5902 2097 5958 pro

2192 3357 2368 3420 tyrum
2401 3347 2722 3415 supplicatio
2751 3348 2907 3401 beata
2953 3346 3226 3414 conciliet,
3261 3356 3319 3402 ut
3347 3348 3436 3418 qui
3478 3347 3758 3402 incessabi-

2191 3442 2315 3498 liter
2343 3441 2552 3496 actibus
2595 3443 2790 3496 nostris
2833 3439 3177 3509 oﬁ‘endimus,
3208 3441 3482 3497 continuis
3505 3440 3764 3512 justorum

2197 3535 2446 3606 precibus
2478 3536 2776 3606 expiemur.
2808 3535 2930 3601 Per,
2966 3545 3070 3591 etc.

2268 3627 2428 3682 Grata
2478 3626 2570 3682 tibi
2615 3643 2836 3683 munera
2879 3637 3060 3682 nostra
3091 3627 3219 3696 sint,
3255 3627 3497 3694 Domine,
3525 3641 3643 3696 qua:
3675 3629 3777 3682 tuis

2199 3728 2324 3775 sunt
2372 3721 2610 3776 instituta
2666 3721 2990 3790 prteceptis.
3060 3730 3115 3776 et
3163 3731 3472 3777 sanctorum
3518 3721 3779 3777 festivitas

2193 3813 2422 3884 gloriosa
2455 3815 2816 3869 commendet.
2851 3814 2973 3878 Per,
3004 3822 3109 3868 etc.

2274 3904 2410 3961 Vere
2440 3905 2681 3974 dignum.
2716 3907 2793 3962 Te
2823 3908 2872 3961 in
2902 3915 3207 3962 sanctorum
3238 3915 3450 3962 tuorum
3483 3907 3784 3963 confessio-

2198 3997 2355 4052 nibus
2405 3997 2726 4065 laudantes;
2765 4015 2990 4070 quorum
3039 3999 3163 4054 dum
3212 3999 3471 4055 solemnia
3521 3999 3780 4070 frequen-

2199 4099 2396 4158 tantur,
2435 4094 2732 4160 copiosiora
2765 4093 2915 4148 nohis
2946 4095 3068 4149 ﬁdei
3099 4103 3471 4164 preponuntur
3501 4093 3778 4163 exempla;

2199 4182 2326 4236 dum
2376 4185 2570 4252 saepius
2616 4184 2854 4240 victori-.e
2900 4188 3270 4248 reVolvuntur,
3303 4186 3574 4240 crebriora
3627 4186 3782 4240 nobis

2199 4275 2571 4332 ministrentur
2600 4280 2831 4345 auxilia;
2871 4279 2998 4333 dum
3043 4277 3069 4316 1'
3117 4279 3528 4350 (multipliciter)
3563 4278 3782 4334 uberius

2189 4396 2380 4452 horum
2411 4395 2763 4449 conversione
2794 4410 2976 4464 preces
3005 4395 3314 4448 funduntur.
3359 4395 3413 4448 In
3459 4394 3781 4448 Sacrameno

2191 4467 2328 4520 tario
2379 4465 2661 4521 Gelasiano
2710 4466 2837 4521 feria
2886 4468 2918 4521 ti
2969 4468 3187 4533 majoris
3225 4466 3572 4520 hebdomadtn
3608 4466 3784 4520 oratio

2189 4537 2407 4605 legitur,
2466 4554 2584 4606 qua:
2627 4536 2678 4590 in
2735 4549 2920 4592 nostro
2975 4553 3187 4607 quoque
3235 4537 3686 4601 Sacratnentario,
3720 4545 3785 4590 ut

2199 4608 2494 4670 credimus,
2542 4608 2888 4672 inveniretur,
2943 4610 2985 4662 si
3037 4626 3157 4678 pars
3207 4608 3270 4661 ad
3307 4607 3782 4677 Qttatlragesimam

2201 4679 2474 4748 pertinens
2527 4689 2850 4744 superesset.
2884 4695 3108 4749 qumque
3138 4690 3190 4733 et
3243 4682 3292 4733 in
3342 4679 3635 4732 Romanum
3670 4690 3783 4731 tra-

2201 4751 2379 4812 ducta,
2413 4766 2552 4804 nunc
2579 4767 2788 4820 quoque
2817 4753 2999 4805 eadem
3035 4752 3123 4805 die
3161 4752 3413 4805 recitatur
3448 4751 3526 4804 his
3559 4749 3734 4802 verbis
3765 4767 3782 4803 :

2206 4821 2419 4876 Oremus
2445 4832 2492 4875 et
2523 4840 2613 4892 pro
2647 4823 2875 4875 omnibus
2905 4824 3172 4893 episcopis,
3201 4823 3782 4892 presbyteris.diaconi.

2203 4895 2314 4957 bus,
2367 4894 2776 4952 subdiaconibus.
2830 4895 3078 4963 acolytln's
3137 4895 3417 4956 cxorcistis,
3479 4893 3783 4963 lectoribus,

2202 4966 2446 5029 ostinriis,
2464 4980 2894 5030 CHNFESSORIBUS,
2917 4961 3219 5033 uirginibus,
3241 4965 3425 5025 t‘tdttis,
3445 4974 3492 5017 et
3521 4980 3613 5034 pro
3643 4961 3790 5034 omni

2203 5036 2390 5105 populo
2420 5048 2597 5089 sancto
2631 5037 2740 5089 Dei.
2770 5037 2864 5089 llic
2893 5040 3204 5105 coufessores
3247 5047 3362 5100 post
3399 5033 3588 5087 omnis
3615 5033 3787 5087 cleri-

2203 5123 2380 5162 corum
2411 5109 2628 5172 gradus.
2660 5119 2710 5160 et
2742 5115 2865 5160 ante
2896 5110 3126 5175 virgines
3173 5123 3234 5159 ac
3269 5107 3454 5160 viduas
3477 5105 3788 5160 castitatem

2207 5176 2494 5246 professa-4,
2547 5188 2878 5246 t'mtcrosque
2925 5193 3112 5232 omnes
3145 5178 3306 5230 laicos
3359 5177 3633 5238 recensiti,
3684 5177 3789 5231 viri

2204 5259 2377 5312 erant,
2413 5251 2500 5317 qui
2543 5250 2750 5304 etiamsi
2793 5265 2894 5301 non
2929 5259 3110 5304 essent
3139 5251 3188 5300 in
3217 5250 3385 5310 clero,
3411 5251 3570 5300 vitam
3607 5256 3788 5301 tamen

2203 5321 2564 5373 continentem
2603 5334 2657 5374 et
2689 5323 2972 5373 asceticam
3009 5320 3411 5388 proﬁtebantur,
3445 5329 3495 5372 et
3543 5335 3695 5386 mque
3724 5333 3792 5373 ac

2202 5390 2435 5457 virgines
2467 5401 2624 5457 atque
2651 5391 2819 5445 vidum
2840 5391 3513 5458 con'luentiamprofessa‘,
3548 5389 3791 5444 medium

2203 5462 2486 5527 quemdam
2519 5463 2693 5515 locum
2726 5464 2863 5516 inter
2903 5463 3127 5516 cleriuos
3180 5471 3231 5514 et
3260 5463 3424 5517 IaiCtts
3452 5461 3792 5514 obtit‘cbant.

2206 5533 2336 5587 Vide
2363 5533 2428 5585 de
2458 5534 2539 5586 bis
2571 5535 2720 5602 plura
2747 5535 2884 5601 apud
2917 5533 3084 5587 virum
3117 5534 3471 5586 clarissimum
3506 5533 3786 5586 NiCttlatlnl

2206 5605 2549 5658 Antonellunt
2583 5607 2630 5659 in
2659 5605 3039 5659 dissertatione
3063 5605 3127 5659 de
3151 5607 3357 5659 Ascetis
3385 5605 3584 5658 inserta
3613 5607 3799 5656 novis-

2203 5676 2351 5729 simae.
2380 5676 2598 5729 editioni
2633 5692 2939 5729 sermonum
2966 5677 3022 5731 S.
3057 5677 3236 5731 Jacobi
3271 5676 3506 5728 Nisibeni
3537 5693 3656 5746 pag.
3687 5677 3798 5732 L79.

2202 5759 2249 5801 et
2277 5765 2416 5817 seqq.
2451 5749 2503 5801 In
2533 5747 2614 5801 his
2643 5747 3038 5802 confes-scribus
3069 5755 3222 5802 erant
3252 5748 3363 5800 veri
3395 5757 3447 5801 et
3477 5747 3620 5809 falsi,
3652 5763 3798 5814 quo-

2204 5833 2321 5871 rum
2354 5820 2405 5871 in
2435 5818 2745 5883 prmfatione
2777 5818 2930 5887 hujus
2955 5819 3366 5873 Sacramentarii
3400 5817 3456 5871 fit
3488 5818 3720 5873 mentio.

2283 5890 2305 5924 ιι
2339 5889 2664 5945 Adverbium
2698 5889 3050 5962 multipliciter
3080 5899 3160 5946 est
3186 5891 3399 5945 varians
3429 5890 3609 5945 lectio.
