4018 6314
267 452 337 512 Ἃ)
1080 451 1281 506 LIBER
1318 440 1933 505 SACIIMIENTOIIUM
1974 444 2327 504 ECCLESMS
2367 448 2689 505 HUMANIE.
3459 442 3522 504 ιο

273 567 523 622 meritum
572 565 893 636 prtcdicatur
933 572 987 619 et
1037 564 1242 633 gloria,
1290 574 1415 639 spes
1445 565 1600 620 nobis
1630 567 1929 626 aeternaeA
2023 563 2191 621 XXV.
2235 564 2365 618 Item
2422 565 2725 619 alia.-—-Da
2779 563 2933 619 nobis
2985 562 3133 631 haec,
3193 576 3519 634 quaesumus,

270 657 615 713 beatitudinis
646 658 960 727 propensius
990 655 1282 710 intimatur.
1312 654 1434 717 Per,
1462 665 1566 709 etc.

340 750 569 817 Repieti,
596 750 833 814 Domine,
858 749 1061 803 cmicsti
1092 749 1363 819 mysterio,
1383 756 1436 802 et
1462 747 1845 803 benedictioni-

266 842 369 898 bus
393 843 798 913 suffragantnm,
832 845 1027 911 gratias
1076 846 1281 913 agimus
1323 843 1526 898 nomini
1574 853 1705 911 tuo,
1753 843 1843 914 qui

266 949 368 989 nos
398 945 452 989 et
480 936 697 989 salutari
729 949 946 990 munere
973 934 1273 1001 comitaris,
1314 945 1369 991 et
1412 944 1721 991 sanctorum
1755 948 1844 1006 pa-

263 1030 510 1083 trociniis
541 1030 803 1099 benignus
831 1028 1052 1083 attollis.
1084 1030 1206 1093 Per,
1238 1039 1343 1083 etc.

339 1121 499 1176 XXII.
536 1121 666 1175 Item
688 1120 1187 1192 alim—Martyrum
1218 1130 1431 1176 tuorum
1455 1135 1575 1184 nos,
1597 1122 1843 1188 Domine,

262 1230 477 1286 semper
508 1216 640 1271 festa
674 1217 976 1277 Ia-tificeut:
1018 1226 1071 1272 et
1108 1228 1338 1287 quorum
1367 1216 1709 1269 celebramus
1740 1226 1850 1268 me-

262 1308 449 1375 ritum,
484 1311 826 1380 experiamur
856 1311 1138 1365 auxilium.
1166 1311 1288 1371 Per,
1319 1318 1425 1363 etc.

336 1402 757 1470 Magniﬁcamus,
794 1404 1042 1465 Domine,
1071 1416 1265 1456 nomen
1300 1410 1469 1465 tuum,
1513 1401 1847 1470 omnipotens

263 1502 324 1549 et
368 1495 673 1548 misericors
724 1495 895 1558 Deus,
946 1496 1033 1563 qui
1100 1493 1365 1562 fragilitati
1416 1500 1608 1546 nostras
1652 1492 1846 1545 subve-

262 1583 425 1637 niens
452 1624 467 1649 ,
518 1599 625 1637 non
670 1586 842 1638 solum
892 1584 1045 1638 nobis
1090 1580 1341 1655 mysteria
1386 1583 1562 1637 divina
1613 1581 1841 1652 largiris,

275 1676 371 1731 scd
402 1678 561 1730 etiam
600 1691 694 1745 per
720 1692 943 1747 quorum
975 1684 1160 1745 preces
1205 1676 1285 1730 his
1332 1676 1477 1745 digni
1530 1675 1838 1730 reddantur.

268 1764 390 1827 Per,
423 1774 522 1819 etc.

338 1854 477 1909 Vere
514 1856 754 1923 dignum.
791 1855 1141 1910 Celebramus
1177 1858 1317 1911 enim
1349 1864 1561 1911 tuorum
1592 1854 1839 1913 Natalitia

1952 659 2197 726 Domine,
2234 657 2253 695 ί
2283 656 2607 728 frequentata
2634 656 2884 729 mysteria
2915 673 2927 710 :
2952 658 3074 726 quia
3100 658 3308 729 quoties
3333 658 3520 713 hostiae

1949 752 2041 805 tibi
2075 752 2297 819 placatae
2332 753 2765 804 commemoratio
2807 751 3131 815 celebratur,
3163 764 3297 820 opus
3324 761 3519 806 nostra:

1945 844 2332 912 redemptionis
2356 851 2656 897 exercetur.
2685 842 2805 907 Per,
2833 853 2939 899 etc.

2020 936 2155 990 Vere
2185 932 2425 1004 dignum.
2479 943 2503 980 l
2522 936 2653 997 Quia
2681 946 2802 986 cum
2842 944 2984 989 totus
3024 935 3255 989 mundus
3278 936 3519 999 esperiao

1943 1033 2031 1081 tur
2054 1035 2108 1080 et
2134 1036 2319 1081 cernat
2351 1026 2563 1093 generis
2595 1023 2814 1079 humani
2840 1026 3093 1095 principia
3119 1028 3323 1097 deiecta
3358 1029 3513 1098 erigi,

1949 1118 2239 1171 inveterata
2270 1118 2536 1179 renovari,
2589 1120 2688 1188 12
2728 1127 2783 1170 et
2826 1118 2888 1170 ad
2919 1122 3125 1173 culmen
3166 1120 3380 1173 subacta
3427 1135 3516 1174 rso

1946 1210 2104 1275 duci;
2133 1213 2271 1265 sicut
2298 1219 2504 1265 vett-res
2527 1209 2695 1263 saneti
2723 1211 2865 1280 quod
2894 1211 3165 1265 credidere
3194 1212 3513 1277 iaciendum,

1948 1304 2225 1372 cognoscit
2252 1304 2481 1372 impleri,
2506 1304 2581 1356 sic
2612 1302 2954 1368 fiduciaiiter,
2986 1319 3107 1375 qua
3128 1316 3266 1360 nunc
3294 1308 3517 1375 promit.

1948 1403 2133 1449 tuntur
2155 1404 2451 1461 exspectat.
2487 1395 2606 1459 Per,
2636 1406 2743 1450 etc.

2018 1486 2202 1541 XXVI.
2236 1485 2361 1541 lum
2385 1488 2507 1541 alia.
2528 1489 2974 1557 -—Sacrificium,
3005 1491 3251 1560 Domine,
3283 1492 3520 1548 celebra-

1941 1596 2079 1647 mus,
2113 1582 2252 1652 quod
2300 1582 2369 1636 ita
2421 1584 2574 1636 nobis
2614 1584 2776 1638 debet
2822 1596 2944 1639 esse
2995 1596 3333 1652 perpetuum,
3386 1587 3522 1641 sicut

1943 1691 2043 1731 nos
2067 1677 2185 1745 ejus
2214 1688 2379 1747 opere
2418 1678 2534 1732 Iieri
2582 1678 2780 1749 iugiter
2820 1679 3189 1735 desideramus
3234 1690 3517 1735 aeternum.

1943 1768 2070 1838 Per,
2098 1778 2203 1825 etc.

2454 1876 2707 1919 PASCIALI
2746 1878 2805 1919 BC
2848 1876 2878 1919 Ρ
2916 1880 2995 1921 BP.

250 1948 493 2019 pretiosa
539 1948 807 2016 justorum
833 1989 847 2014 ,
874 1958 995 2019 qum
1040 1948 1168 2002 dum
1212 1949 1448 2017 quotidie
1476 1958 1588 2004 toto
1616 1951 1842 2022 (Sapple
1870 1947 1918 2009 Β
2021 1956 2159 2013 Vere
2209 1957 2448 2027 dignum.
2496 1958 2595 2023 Qui
2646 1958 2880 2026 seipsnm
2925 1954 3020 2012 tibi
3062 1970 3159 2027 pro
3201 1958 3355 2013 nobis
3388 1958 3521 2014 ode-

244 2042 427 2110 orbe)
481 2042 882 2112 resplendeant,
933 2056 1148 2109 semper
1182 2046 1278 2114 ιι
1306 2052 1359 2096 et
1390 2043 1709 2098 inchoantur
1733 2056 1831 2099 es-

244 2138 419 2207 pieta,
456 2146 509 2190 ct
536 2136 822 2205 explentur
844 2136 1040 2205 iugiter
1066 2136 1385 2191 inchoanda.
1417 2137 1538 2206 Per,
1568 2146 1675 2193 etc.

324 2226 615 2297 Freqneuti
686 2238 1146 2283 sacramentorum
1233 2231 1575 2299 perceptione
1659 2231 1833 2285 satiati

256 2328 280 2356 ’ί
314 2321 541 2390 (dilati),
598 2336 924 2390 qumsumus,
974 2322 1225 2389 Domine,
1276 2331 1335 2376 ut
1377 2334 1600 2393 quorum
1634 2325 1836 2380 honore

248 2418 611 2483 geminantur,
668 2415 942 2470 salutifera
997 2414 1155 2470 nobis
1202 2417 1446 2470 oratione
1496 2417 1831 2487 proveniant.

252 2507 370 2574 Per,
402 2518 511 2563 etc.

319 2600 496 2667 Adsit,
539 2600 784 2667 Domine,
819 2600 1185 2656 misericordia
1217 2610 1302 2655 tua
1344 2602 1564 2671 populo,
1613 2610 1833 2655 sancto-

253 2706 365 2749 rum
392 2693 777 2763 deprecatione
805 2695 1065 2764 placatus,
1094 2710 1214 2764 quae
1239 2709 1363 2751 eum
1390 2708 1603 2763 semper
1626 2704 1679 2748 et
1705 2711 1828 2761 pur-

256 2797 339 2858 get
380 2804 410 2842 a
453 2788 705 2852 crimine,
740 2795 795 2841 ct
839 2788 908 2841 ah
955 2787 1109 2842 hoste
1148 2787 1419 2853 defendat,
1452 2788 1830 2857 temporalibus

262 2881 520 2950 provehat
549 2878 892 2949 adjumentis,
939 2890 991 2933 et
1022 2880 1088 2934 ad
1122 2890 1429 2935 sanctorum
1468 2881 1658 2951 gaudia
1690 2894 1833 2936 sem-

270 2974 461 3043 piterna
492 2974 768 3045 perducat.
803 2974 921 3037 Per,
950 2982 1053 3028 etc.

336 3066 512 3120 XXIII.
558 3064 688 3119 Item
721 3066 842 3120 alia.
868 3067 1130 3119 -—Sacr:c
1160 3065 1461 3120 festivitatis
1494 3067 1665 3127 nobis,
1688 3080 1833 3135 quae-

290 3172 470 3225 sumus,
512 3160 751 3223 Domine,
792 3160 931 3215 dona
978 3160 1302 3229 multiplica;
1347 3158 1513 3213 hcum
1557 3168 1609 3211 et
1647 3158 1835 3211 salutis

294 3261 473 3305 nostrae
498 3264 607 3307 vota
636 3254 960 3319 recniimns,
1002 3261 1051 3307 et
1085 3262 1268 3306 eorum
1301 3251 1390 3320 qui
1434 3249 1527 3303 tibi
1559 3256 1686 3303 sunt
1717 3248 1833 3318 pia-

289 3345 366 3399 citi
396 3346 687 3411 patrociniis
714 3345 1049 3413 adjuvemur.
1086 3345 1207 3409 Per,
1239 3352 1345 3398 etc.

344 3438 680 3503 Exercentes,
720 3438 963 3502 Domine,
1010 3438 1237 3507 giOI‘iDS'I
1272 3436 1619 3501 commercia,
1653 3431 1835 3487 offeri-

276 3545 386 3587 mas
429 3546 549 3604 quas
586 3532 803 3597 dedisti,
846 3541 904 3586 ut
933 3540 985 3586 te
1025 3533 1195 3601 ipsum
1240 3543 1541 3584 mereamur
1569 3528 1831 3597 accipere.

275 3624 386 3687 Per,
413 3638 518 3683 etc.

338 3717 468 3775 Vere
484 3718 731 3789 dignum.
759 3728 781 3755 θ
798 3715 1056 3785 Quoniam
1079 3716 1200 3770 licet
1223 3715 1484 3769 immensa
1507 3712 1614 3766 sint
1636 3712 1833 3774 omnia,

271 3828 375 3883 qua:
424 3814 593 3869 initiis
645 3814 892 3867 humana:
928 3820 1051 3865 Sttnl
1093 3811 1281 3864 collata
1312 3809 1650 3871 substantias,
1699 3805 1838 3871 quod

268 3920 375 3960 eam
402 3906 612 3961 scilicet
656 3905 858 3960 crearis
895 3918 957 3959 ex
988 3903 1187 3969 nihilo;
1220 3902 1362 3971 quod
1399 3902 1472 3954 tui
1504 3900 1715 3954 dederis
1744 3916 1838 3953 co-

268 4006 495 4074 gnitione
525 4004 759 4074 pollere;
792 4002 931 4073 quod
963 4001 1170 4055 cunctis
1222 3999 1581 4055 animantibus
1618 4010 1841 4051 summa:

267 4098 488 4153 rationis
519 4098 926 4168 participatione
968 4092 1315 4163 prretuieris;'
1340 4092 1481 4163 quod
1520 4100 1625 4145 tota
1658 4090 1840 4143 mundi

267 4193 605 4259 possessione
632 4190 821 4245 ditaris
870 4206 883 4242 :
933 4189 1089 4258 longe
1138 4198 1312 4241 tamen
1363 4185 1686 4239 mirabiliora
1720 4191 1842 4237 sunt

264 4298 442 4354 opera,
488 4294 544 4337 ut
579 4291 848 4337 terrenam
890 4281 1281 4349 mortalemque
1310 4278 1588 4332 materiam
1618 4291 1723 4330 non
1756 4290 1835 4329 so-

263 4377 363 4431 lum
394 4377 688 4433 vivificaris
725 4376 1061 4437 exstinctam,
1107 4371 1196 4425 sed
1234 4370 1476 4425 effeceris
1504 4378 1557 4425 et
1587 4369 1841 4423 divinam.

262 4471 379 4539 Per,
414 4484 525 4527 etc.

326 4560 523 4617 XXIV.
557 4556 733 4613 Itemd
757 4556 1253 4612 alia.-—Altarihus
1290 4553 1415 4619 tuis,
1445 4553 1687 4621 Domine,
1723 4569 1841 4608 mtt-

260 4669 381 4708 nera
406 4663 625 4709 terrena
658 4660 929 4722 gratanter
960 4648 1254 4714 offerimus,
1290 4655 1345 4700 ut
1377 4646 1615 4702 caelestia
1647 4660 1840 4700 conse-

1937 2064 2062 2105 rens
2093 2050 2500 2113 immolandum,
2550 2050 2691 2105 idem
2740 2050 3001 2104 Sacerdos
3038 2057 3095 2105 et
3132 2062 3285 2105 sacer
3336 2052 3515 2120 Agnus

1932 2141 2197 2196 exhibuit.
2228 2142 2346 2200 Per,
2378 2150 2482 2196 etc.

2004 2234 2206 2290 Tribue
2236 2236 2412 2297 nobis,
2460 2234 2703 2301 Domine,
2759 2234 3181 2290 misericordiam
3215 2241 3380 2299 tuam,
3417 2248 3512 2304 per

1931 2338 2093 2399 quam
2134 2338 2181 2381 et
2226 2331 2426 2382 nostris
2470 2329 2704 2382 restibus
2748 2328 3014 2396 possimus
3056 2327 3285 2393 absolvi,
3330 2337 3384 2381 ct
3433 2326 3516 2381 his

1938 2422 2205 2492 mysteriis
2228 2420 2616 2474 convenienter
2646 2420 2835 2485 aptari.
2867 2419 2989 2481 Per,
3018 2427 3123 2472 etc.

2006 2513 2218 2569 XXVII.
2256 2512 2384 2568 Item
2412 2515 2533 2567 alia.
2560 2514 2988 2582 ~0mnipotons
3009 2514 3331 2579 setnpiterne
3354 2512 3513 2578 Deus,

1932 2608 2023 2677 qui
2070 2615 2373 2661 sanctorum
2426 2616 2718 2678 martyrum
2775 2605 3201 2660 confessionibus
3260 2604 3516 2659 Ecclesia:

1932 2707 2041 2753 tum
2069 2713 2278 2753 sacrum
2311 2712 2506 2766 corpus
2537 2712 2775 2752 eXornas
2824 2713 2837 2748 :
2876 2696 2942 2751 da
2980 2698 3154 2762 nobis,
3186 2708 3512 2763 qtnesumus,

1934 2801 1987 2844 ut
2010 2803 2062 2845 et
2091 2791 2346 2846 doctrinis
2380 2805 2562 2844 eorum
2596 2790 2689 2844 tibi
2723 2790 2983 2859 placentia
3012 2797 3071 2843 et
3102 2788 3189 2857 pio
3218 2802 3508 2858 sequamur

1931 2886 2198 2954 exemplo.
2237 2886 2356 2950 Per,
2384 2891 2489 2937 etc.

2008 2975 2237 3040 Exaudi,
2270 2974 2513 3041 Domine,
2542 2973 2843 3044 supplicum
2882 2985 3091 3039 preces,
3136 2980 3190 3026 et
3226 2984 3358 3041 quas
3399 2984 3514 3025 me-

1935 3069 2036 3121 rita
2072 3077 2253 3121 nostra
2284 3068 2605 3130 destituunt,
2657 3074 2965 3118 sanctorum
2999 3074 3208 3116 tuorum
3234 3076 3511 3116 commen-

1934 3159 2079 3210 datio
2104 3157 2289 3211 rcddat
2314 3166 2580 3221 acceptas.
2610 3156 2734 3219 Per,
2763 3163 2869 3207 etc.

2010 3251 2256 3323 Suscipe,
2286 3249 2533 3312 Domine,
2568 3262 2792 3303 munera
2832 3256 3044 3301 tuorum
3074 3248 3248 3302 votiva
3296 3247 3517 3317 populo-

1862 3332 1909 3395 C
1943 3360 2093 3410 rum;
2124 3353 2175 3399 et
2198 3359 2380 3398 eorum
2409 3343 2500 3396 tibi
2532 3351 2680 3413 grata
2722 3343 2820 3396 sint
2854 3342 3120 3410 precibus,
3157 3356 3253 3413 pro
3286 3356 3512 3414 quorum

1934 3440 2272 3494 solemnitate
2301 3436 2616 3493 oﬂeruntur.
2653 3436 2774 3502 Per,
2808 3447 2911 3494 etc.

2011 3532 2149 3589 Vere
2170 3534 2410 3604 dignum.
2436 3534 2537 3599 Qui
2562 3544 2659 3588 nos
2680 3542 2990 3587 sanctorum
3013 3540 3303 3603 martyrum
3326 3531 3519 3587 tribuis

1938 3627 2203 3697 gloriosas
2231 3626 2598 3681 indesinenter
2623 3626 2897 3681 celebrare
2944 3624 3214 3680 victorias.
3255 3624 3347 3680 isti
3396 3634 3518 3679 sunt

1941 3722 2083 3775 enim
2131 3719 2467 3775 confessores
2516 3719 2656 3774 illius
2706 3719 2939 3775 nominis
2983 3719 3033 3772 in
3072 3731 3179 3789 quo
3222 3720 3375 3773 nobis
3404 3720 3523 3773 uni-

1942 3826 2062 3867 cum
2096 3812 2285 3867 salutis
2309 3822 2512 3867 nostrze
2542 3812 2872 3881 prmsidium,
2906 3810 3065 3865 Pater
3086 3821 3305 3875 aeterne,
3339 3812 3521 3880 posui-

1944 3906 2029 3962 sti.
2070 3907 2132 3960 Et
2162 3915 2215 3959 ut
2258 3905 2323 3959 ad
2369 3906 2487 3975 ejus
2532 3905 2892 3974 cognitionem
2929 3902 3198 3972 possimus
3243 3903 3517 3965 accedere,

1944 3998 2286 4067 parvuiarum
2329 3996 2585 4052 mentium
2622 3996 2801 4061 Iidem,
2836 4008 3023 4048 eorum
3052 4003 3103 4048 et
3137 3993 3526 4047 testiﬁcationi-

1946 4092 2043 4145 bus
2093 4091 2337 4157 instruis,
2376 4098 2430 4143 ct
2477 4086 2954 4143 intercessionibus
2999 4086 3261 4155 benignus
3298 4084 3523 4139 attollis.

1945 4184 2069 4247 Per,
2099 4192 2206 4238 etc.

2013 4275 2334 4331 Sanctorum
2361 4270 2628 4339 precibus,
2655 4267 2904 4329 Domine,
2934 4264 3291 4329 conﬁdentes,
3313 4276 3528 4333 quasu-

1949 4382 2088 4434 mus,
2118 4381 2215 4436 per
2241 4379 2301 4419 ea
2335 4378 2453 4433 qua:
2496 4360 2843 4430 sumpsimus,
2873 4366 3073 4411 aeterna
3096 4356 3331 4411 remedia
3354 4357 3529 4426 capia-

1949 4473 2086 4513 mus.
2119 4456 2241 4524 Per,
2273 4464 2375 4509 etc.

2019 4548 2322 4622 Supplicem
2358 4544 2450 4601 tibi
2482 4544 2754 4615 p0pulum,
2799 4538 3047 4608 Domine,
3101 4551 3186 4597 tua
3232 4542 3531 4599 munitione

1948 4645 2185 4710 custodi;
2218 4658 2316 4698 nec
2347 4640 2639 4695 difficulter
2667 4639 2806 4707 quod
2840 4639 2945 4707 pie,
2993 4636 3134 4706 quod
3172 4636 3313 4705 juste
3347 4644 3529 4699 postu-

260 4761 522 4817 quamur;
565 4744 753 4799 damus
803 4740 1143 4813 temporalia,
1195 4747 1253 4793 ut
1302 4754 1575 4793 sumamus
1624 4746 1842 4793 aeterna.
1872 4722 1923 4789 Β
1951 4738 2026 4795 iat
2054 4744 2431 4807 consequatur,
2473 4733 2559 4790 cui
2600 4742 2909 4788 sanctorum
2954 4740 3163 4785 tuorum
3193 4729 3380 4783 merita
3421 4728 3533 4783 suf-

259 4842 379 4910 Per,
410 4853 523 4898 etc.

328 4935 470 4990 Vere
502 4934 743 5004 dignum.
773 4930 904 4998 Quis
934 4929 1077 4984 enim
1110 4939 1200 4983 aut
1231 4929 1419 4996 possit,
1462 4935 1553 4981 aut
1597 4927 1788 4982 audeat
1815 4943 1846 4983 a

258 5038 342 5083 tua
373 5027 541 5083 laude
569 5039 803 5093 cessare,
837 5020 1177 5094 perpendens
1204 5021 1460 5075 miranda:
1501 5030 1524 5057 θ
1548 5021 1846 5091 depositio-

256 5121 338 5174 nis
367 5120 620 5186 effectus,
670 5117 809 5188 quod
848 5114 913 5172 de
949 5115 1263 5170 substantia:
1304 5130 1501 5185 genere
1535 5114 1848 5183 peccatricis

258 5209 609 5266 immaculata
657 5210 829 5264 hostia
879 5210 1206 5279 gigneretur,
1252 5208 1437 5276 cujus,
1474 5223 1569 5275 pro
1608 5209 1848 5277 ejusdem

259 5314 411 5359 reatu
440 5313 674 5371 naturae,
704 5301 879 5374 possis
903 5301 1270 5357 immolatione
1296 5299 1519 5371 placari.
1553 5300 1674 5368 Per,
1706 5308 1833 5358 etc.‘

328 5568 355 5597 ³
395 5558 525 5615 Vox
548 5556 701 5610 ἀξιαιᾶ
728 5554 865 5610 inter
890 5553 1157 5608 variantes
1188 5550 1543 5607 recensendo.

326 5629 356 5669 δ
398 5629 572 5697 Leg.,
630 5635 687 5680 ut
731 5642 847 5681 cum
900 5625 1081 5680 salutis
1136 5632 1319 5679 nostra
1374 5632 1489 5678 vota
1540 5625 1847 5693 recolimus,

256 5716 436 5757 eorum
465 5702 555 5768 qui
589 5698 698 5762 tibi,
724 5706 826 5768 etc.

334 5785 357 5814 ε
402 5765 539 5827 Haec
568 5767 808 5840 praefatio
832 5766 1028 5823 Leonis
1057 5767 1253 5840 stylum
1281 5765 1537 5837 praeferre
1566 5765 1801 5840 videtur.

328 5842 357 5880 σι
402 5843 538 5897 Haec
571 5837 626 5896 et
664 5839 786 5895 duae
820 5837 1123 5909 sequentes
1138 5839 1309 5895 Missa
1340 5852 1445 5893 non
1475 5846 1599 5893 sunt
1628 5837 1696 5894 de
1724 5852 1849 5894 san-

260 5924 649 6055 cuiLCorrige,
682 5982 1044 6053 dispositionis.

1957 4835 2251 4902 fragantur.
2282 4831 2402 4896 Per,
2431 4838 2537 4885 etc.

2025 4923 2263 4979 XXVIII.
2306 4920 2436 4975 Item
2469 4921 2593 4979 alia.
2612 4946 2681 4960 α·-
2701 4918 2913 4974 Hostias
2941 4914 2967 4955 5
2991 4917 3108 4985 tibi,
3133 4916 3378 4979 Domine,
3411 4928 3535 4968 san-

1956 5030 2127 5074 toruni
2159 5028 2369 5073 tuortun
2408 5015 2506 5087 13
2537 5016 2739 5069 dicatas
2773 5013 2977 5067 meritis
3008 5010 3268 5079 benignus
3297 5022 3529 5075 assume,

1956 5121 2011 5167 et
2040 5111 2103 5165 ad
2136 5121 2451 5181 perpetuum
2485 5102 2635 5161 nobis
2682 5103 2859 5159 tribue
2903 5103 3184 5173 provenire
3214 5098 3532 5155 subsidium.

1959 5205 2080 5269 Per,
2105 5212 2208 5257 etc.

2032 5298 2233 5354 Praesta
2269 5293 2444 5364 nobis,
2486 5290 2730 5359 Domine,
2771 5302 3096 5362 quasumus,
3131 5286 3375 5341 universa
3410 5298 3538 5353 pec-

2036 5549 2055 5589 ι
2098 5547 2249 5619 Leg.,
2292 5550 2631 5619 frequentare.
2675 5543 2755 5600 An
2794 5540 2925 5619 inira
2956 5536 3246 5619 legendum
3290 5537 3534 5619 plodite?

1960 5622 2087 5678 Haec
2115 5610 2302 5676 eadem
2330 5610 2524 5685 oratio,
2559 5624 2761 5673 mutato
2800 5613 3081 5685 principio,
3118 5610 3309 5681 legitur
3345 5610 3398 5666 in
3428 5611 3534 5665 Ro-

1958 5707 2119 5749 mano
2149 5691 2341 5746 Missaii
2384 5680 2655 5744 Dnm'inica
2690 5680 2825 5739 nona
2860 5693 2977 5752 post
3006 5680 3385 5738 Pentecosten.

2030 5776 2056 5813 ε
2097 5764 2141 5819 Α
2170 5762 2364 5817 Leonis
2387 5762 2528 5831 style
2558 5773 2663 5831 non
2690 5755 2908 5831 videtur
2926 5753 3242 5831 abhorrere:

2031 5832 2056 5871 δ
2099 5835 2190 5889 Est
2233 5834 2284 5900 in
2330 5824 2580 5900 Gregory
2608 5826 2849 5900 Sacram.
2897 5824 3162 5900 iu_Na_la|i
3210 5824 3534 5900 $._Fabiapi

1958 5921 2054 5961 xm
2083 5903 2190 5958 Ital.
2224 5898 2383 5958 Febr.
2419 5891 2472 5955 εἲ
2500 5898 2648 5963 alibi,
2684 5912 2781 5953 nec
2814 5912 2919 5952 non
2963 5897 3013 5953 in
3060 5897 3255 5953 Missali
3288 5891 3444 5950 Rom.
3479 5896 3535 5951 in

1956 5974 2226 6031 communi
2256 5972 2411 6028 unius
2434 5971 2681 6041 martyris
2710 5966 2976 6040 pontiﬁcis
3004 5968 3175 6024 oratio
3207 5973 3434 6021 secreta.
