4018 6314
464 415 529 477 si
1432 408 1654 475 orans
1694 419 1751 476 s.
1793 379 1999 475 [sum
2039 418 2274 477 MAGNO
2313 420 2730 481 ATTRIBU'I'A.
3678 425 3757 484 ss

476 541 591 590 cata
620 534 821 605 pariter
846 543 1004 602 atque
1042 529 1278 603 pericula
1317 532 1558 601 corporis
1593 541 1648 587 et
1687 531 1883 587 mentis
1923 547 2051 587 eva-
2076 536 2132 597 Α
2226 531 2442 589 Prosint
2465 530 2643 599 nobis,
2677 530 2923 600 Domine,
2950 530 3215 602 justorum
3240 541 3450 589 tuorum
3483 538 3756 607 frequen-

467 624 617 689 dere,
636 640 771 696 quos
791 622 1257 679 innumerabilium
1281 630 1576 694 martyrum
1601 622 1687 693 pia
1708 621 2047 679 confessione
2093 663 2104 675 .

466 722 788 779 circumdas.
818 723 941 791 Per,
973 731 1078 778 etc.

538 827 566 856 ι
585 817 916 875 Sacrificium
940 816 1054 884 tibi,
1087 815 1329 883 Domine,
1360 816 1534 873 laudis
1560 815 1835 873 offerimus
1864 818 1917 872 in
1952 833 2047 873 ve-

467 912 788 972 nerabilium
828 911 1339 967 commemoratione
1385 920 1714 966 sanctorum.
1756 912 1852 977 Da,
1903 927 2050 982 qure-

469 1021 679 1072 sumus,
711 1015 770 1059 ut
796 1004 936 1076 quod
960 1003 1069 1059 illis
1095 1004 1321 1059 contulit
1348 1003 1601 1075 gloriam,
1624 1003 1778 1060 nobis
1801 1002 2049 1076 proﬁciat

469 1098 538 1155 ad
567 1099 816 1153 salutem.
847 1096 967 1165 Per,
993 1105 1101 1153 etc.

540 1191 681 1247 Vere
725 1191 963 1260 dignum.
994 1189 1097 1258 Qui
1140 1204 1239 1245 nos
1267 1189 1554 1258 ;beatorum
1594 1200 1885 1263 martyrum
1937 1192 2049 1261 pal-

469 1300 585 1341 mas
613 1284 667 1339 in
706 1282 912 1349 diebus,
943 1297 1077 1352 quos
1106 1298 1204 1337 suo
1247 1283 1504 1353 sanguine
1543 1285 1845 1353 signavere,
1878 1298 2044 1339 vene-

470 1385 674 1443 rantes,
710 1377 763 1431 in
812 1386 901 1431 tua
940 1374 1227 1431 Itexaltare
1256 1375 1520 1445 potentia,
1564 1376 1615 1429 in
1654 1384 1769 1444 tuo,
1796 1375 2050 1443 Domine,

468 1470 659 1527 tribuis
680 1483 895 1538 semper
918 1469 1124 1523 honore
1144 1467 1397 1538 gaudere.
1430 1467 1553 1534 Per,
1587 1478 1693 1523 etc.

544 1562 965 1631 cSumpsimus,
1023 1559 1279 1624 Domine,
1332 1567 1640 1615 sanctorum
1696 1568 1909 1615 tuorum
1959 1574 2051 1615 so-

471 1654 670 1714 lemnia
709 1652 1066 1719 celebrantes,
1110 1652 1350 1709 crelestia
1399 1652 1775 1719 Sacramenta;
1826 1669 2051 1726 quorum

472 1746 760 1816 suffragiis,
792 1760 1120 1816 quaesumus,
1163 1744 1430 1816 largiaris,
1471 1756 1527 1801 ut
1561 1746 1705 1818 quod
1746 1748 2053 1817 temporali.

472 1847 554 1893 ter
575 1839 828 1908 gerimus,
864 1838 1077 1893 aeternis
1104 1838 1310 1909 gaudiis
1348 1854 1760 1910 consequamur.
1794 1841 1917 1907 Per,
1947 1850 2050 1896 etc.

2154 625 2225 679 tia
2254 623 2513 679 solemnia
2562 641 2575 676 :
2630 623 2882 694 quoniam
2934 632 3134 694 quanto
3183 624 3475 695 fragiliores
3524 642 3751 697 sumus,

2150 727 2300 774 tanto
2327 718 2418 773 tibi
2452 718 2787 787 placentibus
2815 717 3082 789 praesidiis
3112 718 3435 790 indigemus.
3472 721 3598 790 Per,
3630 732 3746 777 etc.

2222 811 2415 868 XXXI.
2456 811 2590 865 Item
2621 811 2747 869 alia.
2772 842 2843 853 —-
2862 811 3209 867 Peccatorum
3236 821 3565 880 nostrorum,
3592 810 3623 850 ιι
3648 814 3755 870 Do-

2152 905 2315 973 mine,
2358 903 2701 960 multitudine
2747 903 3091 974 prasvalente,
3141 914 3447 960 sanctorum
3497 914 3748 971 tuorum,

2157 997 2405 1064 Domine,
2455 1011 2631 1051 annua
2670 995 2805 1052 festa
2853 996 3176 1063 recolimus;
3228 997 3501 1067 singulare
3543 997 3753 1052 suffra-

2158 1092 2305 1163 gium
2336 1107 2433 1162 per
2463 1106 2557 1147 eos
2586 1101 2731 1146 tuam
2754 1091 3175 1147 misericordiam
3200 1091 3576 1162 deprecantes,
3607 1108 3755 1164 quo-

2154 1200 2270 1240 rum
2302 1200 2402 1240 nos
2428 1184 2643 1240 voluisti
2672 1184 2981 1253 patrociniis
3005 1184 3271 1253 adjuvari.
3304 1184 3425 1251 Per,
3454 1194 3561 1240 etc.

2223 1275 2571 1332 Offerentium
2607 1276 2699 1331 tibi
2735 1291 2980 1343 munera,
3024 1292 3355 1347 quaesumus,
3394 1277 3642 1342 Domine,
3682 1291 3755 1331 ne

2155 1369 2345 1425 delicta
2374 1370 2665 1440 respicias;
2713 1369 2808 1425 sed
2855 1371 3276 1426 intercessorum
3323 1373 3515 1428 merita
3554 1371 3750 1442 propi-

2155 1464 2259 1519 tius
2290 1465 2513 1518 intuere.
2540 1463 2665 1532 Per,
2694 1472 2800 1519 etc.

2227 1556 2367 1612 Vere
2394 1555 2631 1627 dignum.
2665 1557 2743 1612 'I‘e
2788 1558 2843 1611 in
2887 1566 3093 1612 tuorum
3125 1557 3484 1628 glorificantes
3522 1556 3749 1613 confes-

2156 1650 2308 1705 sione
2336 1656 2665 1717 sanctorum,
2691 1650 2803 1719 qui,
2837 1649 3065 1705 mirabili
3094 1650 3493 1720 dispensatione
3519 1652 3745 1721 sapien-

2158 1742 2247 1797 tia:
2273 1752 2396 1811 tum,
2425 1751 2479 1796 et
2508 1741 2614 1796 illis
2638 1742 3023 1797 beatitudinem
3054 1746 3459 1813 sempiternam,
3487 1758 3542 1800 et
3573 1748 3750 1819 fragi-

2159 1835 2296 1890 Iitati
2327 1845 2525 1890 nostra:
2557 1850 2791 1906 congrua
2835 1838 3148 1906 preparasti
3184 1838 3451 1904 subsidia;
3502 1849 3561 1894 ut
3605 1858 3750 1912 qu“;

546 1931 734 1986 XXIX.
781 1929 913 1985 Item
961 1930 1089 1987 alia.
1113 1932 1514 2004 —Apostolica
1547 1949 1645 1989 nos
1680 1935 1908 2003 muniat,
1956 1935 2061 1990 Do-
2089 1931 2136 1994 Β
2163 1926 2229 1980 ad
2270 1935 2323 1981 te
2360 1926 2677 1995 placandum
2713 1926 3034 1993 praevideres
3060 1928 3273 1999 dignos,
3306 1944 3491 1985 eorum
3523 1932 3614 2000 qui
3648 1933 3748 1988 tibi

472 2024 637 2091 mine,
667 2038 887 2093 semper
908 2024 1115 2091 oratio;
1145 2033 1204 2078 ut
1232 2024 1419 2081 iisdem
1447 2025 1885 2095 suffragatoribus
1915 2027 2050 2081 diri-

472 2128 628 2187 gatur
648 2116 911 2183 Ecclesia,
934 2115 1128 2186 quibus
1150 2115 1478 2188 principibus
1494 2117 1769 2187 gloriatur,
1793 2117 1916 2185 Per,
1946 2128 2052 2175 etc.

540 2207 902 2265 “Sanctorum
932 2217 1143 2262 tuorum
1182 2208 1393 2264 miseris
1434 2218 1571 2277 esto,
1616 2209 1859 2274 Domine,
1909 2208 2052 2264 refu-

473 2300 618 2373 gium
640 2299 934 2370 singulare,
963 2312 1190 2369 quorum
1224 2314 1323 2370 pro
1351 2299 1507 2356 nobis
1550 2309 1605 2356 et
1633 2300 1841 2356 honore
1877 2300 2059 2370 place-

476 2393 552 2447 ris
571 2400 626 2448 et
654 2392 865 2448 merito.
899 2391 1023 2461 Per,
1054 2401 1161 2447 etc.

547 2484 628 2539 Ad
672 2492 967 2556 martyrum
1010 2493 1246 2551 tuorum,
1292 2485 1539 2554 Domine,
1586 2485 1723 2542 festa
1754 2487 2054 2556 venientes,

475 2591 596 2632 cum
628 2576 939 2633 muneribus
983 2578 1184 2632 nomini
1228 2585 1319 2632 tuo
1356 2578 1568 2645 dicatis,
1610 2579 1963 2646 occurrimus,
2002 2588 2058 2635 ut

477 2669 584 2725 illis
631 2669 984 2724 reverentiam
1036 2668 1365 2736 deferentes,
1416 2672 1572 2726 nobis
1611 2672 1819 2727 veniam
1868 2686 2058 2727 conse-

477 2779 719 2835 quamur.
751 2763 876 2829 Per,
906 2772 1016 2819 etc.

548 2856 687 2912 Vere
712 2856 954 2928 dignum.
987 2857 1250 2925 Quoniam
1283 2866 1335 2912 tu
1364 2873 1423 2913 es
1452 2858 1719 2928 gloriosus
1755 2859 1808 2913 in
1835 2860 2057 2930 sanctis,

476 2947 671 3020 quibus
699 2959 756 3004 et
784 2948 837 3004 in
863 2947 1239 3019 persecutione
1266 2949 1605 3004 tolerantiam
1641 2958 1663 2985 ο
1713 2950 1967 3018 tribuisti,
2000 2960 2055 3006 et

475 3038 529 3093 in
559 3040 809 3109 passione
837 3040 1119 3095 victoriam
1151 3040 1444 3096 contulisti.
1479 3041 1600 3109 Per,
1632 3050 1739 3097 etc.

548 3130 834 3198 Memento,
891 3130 1139 3199 Domine,
1193 3147 1522 3202 quzesumus,
1579 3133 1906 3189 conditionis
1956 3134 2056 3189 bu-

473 3235 668 3288 manaa,
700 3231 757 3276 ut
781 3223 953 3277 sancti
982 3224 1059 3278 tui
1101 3238 1197 3293 pro
1239 3224 1393 3278 nobis
1440 3232 1494 3278 et
1539 3223 1878 3280 clementiam
1912 3236 2055 3279 tuam

2156 2019 2469 2090 placuerunt
2518 2018 2692 2090 dignis
2729 2020 2979 2090 precibus
3034 2022 3351 2093 propitiatus
3405 2023 3745 2081 intenderes.

2158 2111 2313 2168 Unde
2367 2112 2635 2182 supplices
2692 2113 3042 2183 imploramus
3101 2123 3157 2169 ut
3209 2114 3347 2170 sicut
3390 2115 3511 2170 illos
3563 2126 3753 2173 manet

2160 2213 2361 2261 mterna
2412 2205 2656 2272 felicitas,
2706 2205 2785 2261 sic
2832 2220 2931 2276 pro
2983 2206 3136 2262 nobis
3191 2222 3377 2263 eorum
3427 2208 3746 2277 deprecatio

2156 2299 2461 2352 continuata
2489 2312 2595 2352 non
2623 2297 2780 2352 desit.
2813 2297 2931 2365 Per,
2965 2307 3071 2355 etc.

2230 2390 2577 2445 Peccavimus
2624 2391 2740 2455 tibi,
2780 2392 3118 2461 omnipotens
3157 2402 3211 2448 et
3240 2393 3549 2450 misericors
3577 2395 3745 2454 Deus.

2158 2483 2473 2539 Remedium
2507 2499 2611 2538 non
2650 2482 2930 2551 habemus,
2972 2484 3073 2538 nisi
3104 2486 3412 2541 miserearis
3440 2487 3596 2542 nobis
3626 2498 3749 2544 tuo—

2158 2592 2274 2633 rum
2304 2576 2682 2645 deprecatione
2710 2586 3033 2631 sanctorum.
3066 2577 3188 2643 Per,
3220 2586 3325 2633 etc.

2230 2668 2449 2725 XXXII.
2494 2670 2625 2723 Item
2652 2669 2948 2724 alim—Da
2981 2670 3155 2735 nobis,
3194 2671 3533 2741 omnipotens
3562 2681 3619 2727 et
3646 2672 3748 2727 mi-

2159 2766 2390 2820 sericors
2432 2765 2595 2830 Deus,
2631 2772 2687 2819 ut
2733 2772 3038 2820 sanctorum
3071 2775 3281 2820 tuorum
3328 2766 3574 2821 Natalitia
3603 2768 3747 2822 cele-

2159 2856 2409 2923 brantes,
2470 2871 2697 2926 quorum
2751 2855 3107 2925 praedicamus
3159 2857 3500 2927 triumphos,
3554 2873 3747 2915 eorum

2160 2948 2318 3003 fidem
2343 2948 2606 3003 veraCiter
2631 2948 2923 3003 imitemur.
2966 2949 3085 3013 Per,
3118 2958 3223 3003 etc.

2229 3037 2537 3105 Offerimus,
2570 3038 2815 3106 Domine,
2847 3054 3066 3093 munera
3101 3047 3308 3094 tuorum
3339 3037 3431 3092 tibi
3473 3038 3749 3095 solemni-

2158 3132 2356 3186 tatibus
2375 3140 2524 3202 grata
2548 3142 2876 3198 sanctorum,
2902 3142 3044 3187 tuam
3072 3132 3408 3188 clementiam
3431 3131 3736 3205 deprecan-

2160 3234 2240 3281 tes
2282 3236 2339 3281 ut
2374 3226 2517 3296 quod
2552 3226 2619 3282 ad
2649 3226 2859 3282 illorum
2891 3227 3138 3299 gloriam,
3170 3226 3323 3283 nobis
3354 3226 3525 3297 prosit
3553 3228 3619 3283 ad
3657 3245 3741 3284 ve-

478 3326 689 3380 semper
705 3324 957 3378 exorent,
980 3324 1033 3368 et
1056 3314 1448 3368 incessabiliter
1474 3315 1777 3370 audiantur.
1801 3316 1923 3384 Per,
1949 3324 2053 3370 etc.
2084 3317 2133 3382 C
2161 3320 2325 3375 niam.
2356 3320 2481 3387 Per,
2506 3330 2613 3377 etc.

548 3402 719 3457 XXX.
760 3404 894 3458 Item
921 3403 1376 3475 alia.—Protege
1412 3420 1529 3469 nos,
1563 3406 1809 3471 Domine,
1844 3417 2055 3463 tuorum

479 3497 856 3567 deprecatione
890 3500 1158 3569 justorum
1198 3497 1215 3537 τ
1251 3499 1638 3571 (sanctorum);
1687 3509 1775 3567 ut,
1825 3515 2053 3569 quorum

479 3590 875 3645 circumdamur
904 3591 1178 3667 suffragio,
1225 3591 1499 3646 foveamur
1528 3592 1761 3646 auxiliis.
1795 3591 1916 3655 Per.
1950 3602 2055 3648 etc.

555 3686 627 3739 Da
676 3683 853 3751 nobis,
900 3700 1230 3756 quaesumus,
1285 3685 1527 3753 Domine,
1558 3700 1771 3752 semper
1808 3684 1922 3739 haec
1964 3684 2055 3738 tibi

480 3788 602 3832 vota
628 3777 857 3843 deferre,
887 3778 1103 3847 quibus,
1133 3785 1439 3832 sanctorum
1482 3787 1695 3833 tuorum
1734 3776 1939 3832 Natalia
1969 3792 2057 3831 ce-

482 3870 771 3938 lebrantes,
807 3880 949 3925 tuam
975 3870 1198 3940 gloriam
1226 3870 1596 3941 praadicemus.
1620 3871 1743 3937 Per,
1770 3880 1872 3927 etc.

557 3961 695 4020 Vere
723 3965 960 4035 dignum.
1002 3966 1135 4033 Quia
1186 3975 1491 4020 sanctorum
1540 3974 1751 4021 tuorum
1797 3966 2057 4021 solemnia

483 4069 507 4106 ε
527 4061 841 4128 repetimus,
867 4076 1094 4131 quorum
1123 4059 1424 4115 veneranda
1460 4059 1562 4132 ια.
1581 4059 1850 4115 confessio
1878 4070 1930 4115 et
1958 4062 2058 4115 mi-

479 4153 663 4208 rabilia
693 4152 905 4209 virtutis
925 4162 1027 4209 tua:
1048 4153 1300 4223 explevit,
1327 4162 1379 4208 et
1402 4154 1508 4209 illis
1535 4154 1812 4223 praemium
1835 4154 2058 4210 caeleste

477 4246 743 4315 quaesivit,
776 4255 829 4303 et
858 4246 1013 4302 nobis
1043 4246 1336 4316 patrocinia
1364 4247 1704 4317 praeparavit.
1734 4245 1855 4314 Per,
1887 4255 1990 4303 etc.

554 4492 580 4521 ι
618 4483 674 4538 In
707 4483 903 4538 Missali
927 4484 1082 4539 Rom.
1108 4493 1191 4540 est
1211 4486 1385 4542 oratio
1412 4498 1618 4542 secreta
1641 4488 1817 4543 Missae
1836 4488 1897 4544 8.
1928 4490 2063 4545 Her-

482 4555 641 4624 metis
670 4553 755 4608 die
785 4552 854 4609 28
883 4556 1019 4624 Aug.

554 4622 580 4662 ιι
622 4625 773 4695 Leg.,
810 4622 1081 4681 exsultare.

2238 3410 2375 3466 Vere
2399 3411 2639 3481 dignum.
2686 3412 2949 3480 Quoniam
2991 3423 3288 3485 martyrum
3338 3414 3605 3469 beatorum
3636 3426 3733 3482 pro

2163 3504 2502 3561 confessione
2533 3506 2607 3560 tui
2654 3506 2884 3562 nominis
2916 3506 3238 3562 venerabilis
3284 3509 3506 3577 sanguis
3541 3507 3740 3562 effusus

2164 3598 2303 3652 sicut
2334 3606 2421 3651 tua
2450 3598 2710 3652 mirabilia
2748 3597 3079 3664 manifestat,
3111 3599 3200 3665 qui
3247 3599 3466 3669 perficis
3508 3600 3559 3652 in
3597 3596 3743 3653 inﬁr-

2163 3688 2347 3742 mitate
2375 3690 2648 3755 virtutem,
2678 3689 2748 3743 ita
2772 3689 2972 3743 nostris
2995 3696 3049 3743 et
3083 3688 3274 3743 studiis
3304 3689 3396 3743 dat
3425 3689 3745 3758 profectum,

2162 3789 2215 3835 et
2248 3780 2617 3850 fragilitatibus
2640 3789 2859 3851 praestat
2880 3780 3160 3833 auxilium.
3186 3779 3311 3845 Per,
3343 3788 3448 3834 etc.

2227 3873 2469 3929 XXXIII.
2539 3872 2675 3927 Item
2720 3874 3164 3929 alim—Sanctis
3220 3872 3746 3939 intervenientibus,

2161 3967 2405 4035 Domine,
2434 3968 2528 4021 tibi
2557 3970 2785 4022 servitus
2814 3976 2997 4021 nostra
3019 3966 3376 4035 complaceat,
3412 3973 3466 4019 et
3489 3963 3745 4034 obsequia

2159 4076 2438 4115 munerum
2470 4059 2599 4114 fiant
2629 4058 2874 4129 praesidia
2904 4059 3239 4114 devotorum.
3268 4058 3393 4124 Per,
3420 4067 3527 4112 etc.

2239 4152 2429 4221 Aspice
2461 4166 2580 4217 nos,
2612 4152 2860 4219 Domine,
2896 4152 3143 4220 precibus
3169 4156 3419 4205 exoratus
3452 4148 3552 4219 15
3585 4163 3751 4203 vene-

2168 4246 2325 4302 randi
2364 4248 2614 4317 martyris
2661 4244 2677 4284 ί
2711 4245 2993 4316 Gregorii,
3043 4232 3130 4299 tua
3169 4244 3511 4299 miSrratione
3553 4258 3751 4298 (once-

2164 4505 2375 4559 quoque
2399 4490 2494 4545 SS.
2522 4489 2745 4543 Tiburtii
2768 4500 2819 4544 et
2845 4489 3112 4545 Laurentii
3137 4492 3407 4547 orationes
3425 4492 3740 4558 inseruisse,

2168 4577 2295 4631 qua:
2316 4562 2380 4614 ad
2416 4561 2649 4625 Aprilem
2700 4576 2804 4615 non
2854 4570 3126 4631 spectant.
3173 4573 3356 4618 annot.
3393 4564 3417 4617 I
3458 4562 3601 4625 (Col.
3634 4564 3694 4615 2|
3724 4602 3740 4624 ,

2164 4648 2216 4685 rt.
2250 4629 2305 4700 κ)
2347 4632 2772 4686 observavimus.
2808 4634 2863 4687 S.
2887 4629 3121 4702 Gregorii
3143 4642 3317 4687 autem
3338 4634 3738 4702 etCln'ysogoni

745 4696 915 4773 oratio
957 4695 1374 4773 Postcommttnig
1409 4697 1581 4752 Missa:
1621 4698 1721 4754 SS.
1756 4698 1976 4756 Joannis
2004 4711 2055 4756 et
2083 4693 2139 4758 D
2163 4693 2457 4773 martyrum
2501 4704 2676 4758 natale
2716 4703 2766 4756 in
2802 4719 2901 4756 nnc
2920 4693 3105 4757 eodem
3131 4693 3558 4759 Sacramentario
3590 4693 3742 4755 nvota-

484 4766 631 4821 Pauli
659 4766 746 4821 die
766 4764 834 4821 26
854 4767 997 4821 Junii
1027 4769 1077 4822 in
1101 4768 1301 4823 Missali
1334 4768 1597 4824 Romano.

555 4835 582 4874 ἀ
620 4836 831 4907 Aliquid
862 4838 1049 4904 deest;
1078 4838 1235 4903 forte,
1264 4840 1635 4895 intercessione.

559 4910 590 4980 ‘7
622 4909 949 4964 Alterutrum
976 4909 1200 4965 verbum
1234 4911 1477 4979 tribuisti,
1525 4911 1609 4967 vel
1652 4913 1934 4980 contulisti,
1978 4923 2065 4970 est

484 4979 696 5035 varians
722 4982 900 5035 lectio.

562 5048 932 5176 deanetorum
969 5066 1070 5107 vox
1105 5054 1245 5109 inter
1283 5053 1552 5110 variantes
1582 5053 1840 5111 lectiones
1875 5070 2063 5111 recen-

562 5138 577 5175 ἱ
620 5138 671 5176 a.

485 5138 671 5177 88008.

556 5202 581 5240 δ
623 5192 747 5267 11ῳο
780 5192 1008 5267 formula
1043 5197 1311 5267 repetimus
1353 5210 1451 5263 pro
1494 5196 1645 5252 Missa
1679 5209 1881 5254 octava:
1910 5197 2063 5253 adbi-

486 5264 640 5336 betur
683 5266 735 5319 in
783 5266 942 5319 missa
992 5264 1179 5323 xiv’S.
1228 5267 1518 5336 Laurentii,
1564 5270 1811 5324 oratione
1852 5271 2059 5325 ultima.

485 5334 617 5410 Qum
640 5346 829 5390 octava
858 5336 1125 5410 dealiquo
1145 5350 1388 5410 martyre
1404 5334 1723 5410 celebranda
1749 5350 1912 5406 esset,
1944 5341 2060 5396 haec

487 5405 646 5461 Missa
674 5409 976 5462 communis
1003 5405 1121 5462 usui
1151 5405 1314 5464 fuisse
1342 5408 1569 5465 videtur.

558 5472 589 5553 h_
625 5478 951 5553 Alterutrum
986 5480 1201 5553 Domine
1228 5481 1483 5535 abundat.
1514 5482 1633 5537 Mox
1665 5498 1761 5553 pro
1791 5492 1931 5538 tuam
1965 5482 2062 5536 mi-

491 5547 837 5615 sericordiam,
872 5551 1070 5605 rectius
1096 5569 1126 5604 a
1154 5562 1240 5605 tua
1269 5553 1638 5608 misericordia.

566 5618 581 5654 ί
616 5619 958 5695 Blanebinius
980 5633 1031 5677 et
1053 5621 1372 5695 Muratorius
1392 5623 1671 5695 legendum
1693 5635 1883 5695 putant
1897 5622 2057 5680 Geor-

487 5689 761 5764 gii,‘cujus
794 5691 982 5747 fesmm
1013 5695 1197 5750 incidit
1218 5694 1271 5750 in
1291 5689 1530 5751 diem'23
1550 5689 1769 5764 Aprilis.
1801 5697 1856 5751 Id
1881 5707 2058 5752 autem

487 5760 788 5836 cogitarunt
809 5778 871 5818 ex
890 5769 1320 5835 praesumptione,
1338 5767 1479 5836 quod
1506 5760 1622 5822 btet:
1644 5768 1802 5823 Missa
1825 5768 1891 5823 ad
1914 5782 2063 5823 men-

488 5845 600 5886 sem
633 5835 866 5903 Aprilem
901 5836 1181 5903 pertineat.
1214 5842 1281 5893 At
1308 5835 1649 5893 collectorem
1690 5839 1880 5894 Missas
1909 5853 2060 5893 com-

491 5910 678 5960 munes
707 5909 772 5963 de
816 5907 1013 5963 sanctis
1062 5908 1161 5964 hoc
1208 5909 1327 5965 loco
1369 5909 1693 5976 collocasse,
1743 5920 1796 5965 ct
1837 5910 2061 5965 aliorum

2166 4782 2252 4828 tur
2296 4772 2385 4827 vm
2432 4772 2538 4827 kal.
2593 4775 2919 4829 Decembris.
2968 4775 3023 4829 In
3070 4776 3240 4829 veleri
3274 4776 3468 4829 Missali
3500 4777 3743 4827 Romam

2166 4847 2464 4899 monastico
2504 4843 2851 4899 Laleranensi
2894 4847 3182 4901 novissime
3208 4846 3352 4900 edito
3381 4861 3409 4899 a
3439 4845 3743 4900 clarissimo

2167 4917 2395 4985 prsesule
2438 4917 2651 4970 Nicolau
2683 4916 2966 4970 Antonrllo
2990 4957 3005 4982 ,
3047 4925 3104 4971 et
3125 4917 3326 4971 inserto
3352 4925 3482 4970 tom.
3510 4915 3529 4970 I
3556 4913 3742 4969 Colle-

2165 4988 2357 5042 ctionis
2384 4986 2666 5055 Liturgieae
2695 4987 2866 5041 Patris
2897 4987 3125 5042 Azevedi
3159 5003 3281 5057 pag.
3315 4986 3439 5049 764,
3475 4988 3630 5039 Missa
3664 4987 3740 5038 le~

2164 5057 2307 5127 gitur
2334 5060 2387 5111 S.
2416 5057 2624 5126 Georgii
2652 5059 2924 5128 martyris,
2951 5075 3067 5125 qum
3090 5061 3141 5111 in
3169 5058 3321 5111 nullis
3352 5058 3468 5111 aliis
3494 5057 3744 5110 vetustioo

2166 5129 2313 5182 ribus
2339 5128 2590 5183 Romanis
2637 5130 2784 5182 libris
2812 5131 3105 5193 invenitur;
3138 5128 3229 5183 sed
3257 5144 3318 5182 ea
3348 5128 3667 5181 describitur
3688 5142 3743 5181 rx

2166 5196 2274 5254 kal.
2308 5201 2562 5255 Januarii.
2592 5200 2666 5254 Ex
2700 5203 2797 5253 hoc
2827 5208 3004 5253 autem
3033 5201 3118 5254 die
3147 5198 3490 5253 doctissimus
3519 5207 3747 5252 annota-

2165 5278 2250 5324 tor
2280 5270 2482 5340 colligit
2525 5270 2665 5326 lnmc
2709 5286 2829 5325 esse
2859 5270 2916 5324 S.
2949 5270 3262 5340 Gregorium
3315 5278 3605 5340 martyrem
3654 5269 3741 5340 Si-

2165 5338 2473 5410 pontinutn.
2507 5341 2655 5409 cujus
2702 5343 2957 5395 memoria
2990 5338 3177 5395 eodem
3210 5341 3295 5394 die
3323 5338 3374 5393 in
3406 5339 3523 5392 aliis
3563 5338 3745 5410 eccle-

2165 5408 2393 5468 siasticis
2451 5408 2786 5467 documentis
2839 5414 3098 5481 signatur.
3162 5412 3319 5465 Putat
3375 5420 3548 5463 autent
3604 5408 3747 5464 hanc

2166 5483 2379 5538 Missam
2412 5484 2461 5535 in
2493 5483 2593 5536 hoc
2624 5484 2917 5537 Romanum
2950 5482 3159 5537 Missale
3193 5481 3462 5535 inductam
3493 5494 3522 5533 a
3552 5494 3744 5533 mona-

2165 5554 2281 5608 chis
2300 5595 2313 5619 ,
2356 5553 2496 5624 quod
2521 5556 2697 5624 aliquo
2720 5552 3311 5625 ipsorumrmonasterio
3340 5551 3392 5605 in
3425 5552 3543 5625 ejus
3574 5550 3752 5607 hono-

2166 5641 2278 5679 rem
2321 5622 2497 5680 erecto
2528 5622 2763 5691 ejusdem
2799 5624 3058 5679 festivitas
3084 5623 3221 5691 apud
3256 5625 3397 5691 ipsos
3426 5622 3596 5694 (quos
3621 5638 3751 5692 pag.

2163 5696 2225 5751 51
2269 5696 2488 5765 δροιιιιυ
2535 5696 2757 5750 Romam
2808 5697 3004 5750 accitus
3052 5694 3230 5764 putat)
3278 5692 3508 5748 celebris
3560 5692 3747 5748 fuerit.

2165 5764 2508 5835 Post’panca
2560 5766 2878 5823 vocabulum
2928 5768 3156 5822 lwtitiam
3200 5765 3412 5819 varians
3466 5764 3621 5818 leCIio
3667 5777 3760 5823 est

2166 5841 2330 5894 textui
2363 5841 2581 5893 inserta.
