4018 6314
239 381 309 440 ss
350 340 363 347 ’
1027 386 1230 443 uasa
1267 385 1880 447 sacesneuronun
1920 390 2271 450 secusne
2308 395 2640 455 eorum.
3444 407 3513 464 at

237 498 393 565 dens,
421 508 479 553 ut
510 500 646 555 sicut
673 502 826 557 nobis
865 502 981 573 ejus
1022 506 1201 575 passio
1239 505 1459 561 contulit
1492 507 1811 563 hodiernum
1838 519 1896 581 Α
1990 512 2384 571 XXXVlJtem
2407 517 2605 572 etia.—-
2620 518 2834 575 Prosint
2863 529 2884 559 ο
2910 520 3137 591 meritis,
3157 520 3401 592 Domine,
3420 538 3512 594 pa-

238 592 290 646 in
319 600 405 646 tua
439 594 638 651 virtute
665 606 988 655 conventum
1023 600 1339 674 (laetitiam),
1383 604 1456 657 ita
1502 603 1825 675 suffragetur

237 696 290 743 et
323 689 598 745 meritum.
632 690 756 760 Per,
782 704 887 751 etc.

310 777 446 846 Fiat,
483 782 728 851 Domine,
761 803 1086 859 quaesumus,
1121 792 1296 848 hostia
1338 794 1599 849 sacranda
1642 797 1821 866 placa-

235 865 361 925 bilis
385 874 603 943 pretiosi
628 877 943 937 celebritate
974 883 1235 954 martyrii,
1266 899 1383 954 quae
1404 894 1461 941 et
1491 894 1517 923 ι
1542 865 1705 941 corda
1729 903 1826 945 no-

234 971 349 1018 stra
378 965 647 1034 puriﬁcet,
679 977 733 1024 et
761 978 970 1027 tuorum
1002 974 1095 1029 tibi
1121 986 1241 1029 vota
1269 976 1539 1033 conciliet.
1566 978 1690 1048 Per,
1718 989 1822 1036 etc.

311 1056 457 1113 Vere
484 1059 723 1129 dignum.
760 1065 1084 1136 I’ropensius
1116 1079 1401 1124 cxorantes
1424 1110 1439 1137 ,
1482 1080 1538 1124 ut
1569 1071 1708 1126 sicut
1747 1072 1828 1125 in-

230 1150 482 1208 ﬁrmitati
516 1165 713 1210 nostrae
740 1162 995 1228 praescius
1022 1164 1295 1217 contulisti
1342 1163 1582 1217 subsidia
1612 1164 1829 1233 copiosa

229 1244 533 1315 iustorum,
567 1249 639 1304 ita
671 1251 828 1309 nobis
856 1268 1044 1311 eorum
1074 1256 1280 1311 tribuas
1315 1257 1705 1313 intercessione
1739 1274 1828 1314 re-

232 1336 428 1394 foveri.
461 1341 586 1409 Per,
610 1353 718 1399 etc.

315 1431 517 1488 Exaudi
561 1450 692 1500 nos,
731 1436 992 1505 Domine,
1025 1439 1318 1495 clamantes
1358 1439 1422 1494 ad
1456 1449 1543 1507 te,
1594 1450 1647 1496 et
1693 1457 1826 1511 quos

234 1538 349 1579 non
398 1526 607 1581 deseris
658 1531 1042 1595 sacramentis,
1091 1531 1404 1588 necessariis
1429 1533 1615 1588 attolle
1643 1534 1827 1604 prmi-

237 1616 373 1672 diis.
405 1618 527 1684 Per,
558 1634 664 1676 etc.

782 1713 809 1751 ι’
834 1730 886 1768 IN
915 1730 1283 1771 DBDICA'I'IONE.

314 1799 552 1856 χχχιι.
590 1802 718 1858 Item
749 1806 873 1858 (tua.
904 1835 977 1845 —
1016 1807 1181 1873 Deus,
1222 1808 1308 1876 qui
1346 1808 1485 1863 beati
1517 1808 1661 1864 Petri
1691 1825 1821 1880 apo-

1930 606 2157 662 trocinia
2186 608 2538 679 multiplicata
2554 624 2883 683 sanetorum,
2901 624 2956 671 et
2984 615 3271 686 injustitias
3297 628 3510 676 nostras

1928 704 2195 756 totoratio
2225 704 2505 758 beatorum
2526 720 2619 773 pro
2641 708 2793 763 nobis
2814 708 2929 765 fusa
2951 709 3229 767 dissolvat.
3244 712 3369 781 Per,
3400 723 3507 772 etc.

1996 792 2107 861 Ne,
2134 810 2481 865 quassumus,
2511 796 2764 868 Domine,
2813 816 2912 872 pro
2958 805 3157 861 nostris
3200 807 3510 864 excessibus

1925 901 2148 943 munera
2175 888 2351 944 delata
2380 890 2682 961 despicias,
2724 893 2817 947 sed
2860 912 2956 964 pro
2995 906 3206 954 tuorum
3242 901 3507 957 interces-

1926 981 2079 1037 sione
2122 991 2431 1039 sanctorum
2463 984 2641 1054 potius
2668 984 2735 1039 ad
2766 984 3144 1059 indulgentiam
3189 1001 3508 1051 convertere

1926 1074 2277 1142 supplicibus.
2309 1075 2433 1146 Per,
2464 1087 2571 1132 etc.

2008 1165 2147 1221 Vere
2190 1166 2433 1238 dignum.
2467 1169 2549 1225 Tu
2579 1170 2777 1226 etenim
2801 1212 2816 1238 ,
2851 1172 3101 1241 Domine,
3129 1177 3388 1235 discernis
3415 1194 3507 1249 po-

1928 1254 2111 1324 pulum
2160 1267 2337 1326 tuum;
2388 1268 2442 1315 et
2487 1257 2514 1296 ἀ
2564 1261 2630 1315 ad
2685 1274 2983 1336 martyrum
3045 1267 3178 1323 festa
3230 1272 3510 1329 multitudo

1926 1348 2231 1412 conveniat,
2262 1348 2354 1419 qui
2390 1349 2441 1404 in
2475 1359 2687 1406 tuorum
2713 1368 2838 1410 vere
2863 1355 3103 1413 fidelium
3133 1361 3239 1415 sint
3260 1372 3512 1431 partesu-

1923 1438 2174 1507 gnoscis;
2208 1450 2367 1510 atque
2390 1442 2511 1498 ideo
2536 1443 2590 1499 in
2621 1445 2761 1500 nulla
2794 1460 3072 1507 remaneat
3094 1452 3512 1525 diaboliportio-

1924 1545 2013 1598 ne,
2049 1532 2139 1602 qui
2171 1533 2222 1587 in
2253 1544 2566 1592 sanctorum
2596 1540 2742 1610 cupit
2766 1551 2910 1598 sorte
2937 1550 3227 1601 numerari.
3248 1548 3374 1615 Per,
3404 1558 3508 1605 etc.

1994 1626 2217 1696 Annue,
2270 1644 2611 1702 qtttesumus,
2663 1634 2915 1703 Domine,
2966 1641 3136 1696 sacris
3181 1644 3512 1714 martyribus

1926 1719 2053 1787 tuis,
2086 1728 2143 1773 ut
2170 1736 2326 1792 opem
2354 1725 2510 1780 nobis
2540 1740 2652 1781 suae
2676 1727 3071 1798 deprecationis
3098 1734 3425 1803 impendant,
3459 1744 3513 1790 et

1923 1809 2059 1866 iram
2106 1820 2249 1868 tuam
2278 1857 2293 1882 ,
2344 1832 2503 1887 quam
2535 1820 2734 1874 nostris
2783 1821 2884 1893 17
2926 1823 3281 1891 pravitatibus
3312 1827 3512 1883 merui-

227 1894 359 1948 stoli
392 1894 705 1964 dignitatem
734 1898 927 1968 ubique
948 1898 1080 1955 facis
1102 1914 1221 1955 esse
1240 1900 1528 1971 gloriosam
1562 1920 1574 1955 :
1604 1914 1820 1973 praesta,
1848 1898 1898 1960 B
1927 1919 2066 1970 mus,
2097 1906 2409 1963 evadamus.
2438 1908 2561 1975 Per,
2592 1922 2698 1966 etc.

226 2001 566 2057 quaesumus,
598 1998 652 2041 ut
675 1996 730 2044 et
754 1988 997 2046 doctrina
1020 2006 1235 2063 semper
1264 1993 1432 2064 ipsius
1462 1993 1737 2051 foveamur
1764 2006 1820 2053 et

224 2080 462 2135 meritis.
493 2080 614 2145 Per,
648 2089 755 2137 etc.

301 2162 531 2242 Suscipe
554 2211 571 2239 ,
609 2174 853 2243 Domine,
885 2191 1213 2247 quaesumus,
1244 2178 1466 2247 hostias,
1494 2196 1625 2251 quas
1654 2181 1820 2253 maje-

227 2264 346 2318 stati
382 2274 486 2318 tuae
515 2264 567 2319 in
598 2264 799 2322 honore
829 2268 975 2323 beati
1004 2273 1231 2341 apostoli
1251 2272 1428 2339 Petri,
1460 2274 1548 2329 cui
1590 2276 1705 2330 hinc
1731 2284 1813 2331 est

227 2354 452 2411 basilica
496 2367 741 2425 sacrata,
799 2358 1123 2430 deferimus,
1174 2373 1227 2419 et
1265 2364 1382 2435 ejus
1430 2368 1677 2436 precibus
1719 2383 1818 2424 nos

229 2453 404 2503 tuere.
440 2449 567 2516 Per,
596 2459 704 2506 etc.

300 2540 442 2597 Vere
468 2541 714 2613 dignum.
749 2544 848 2612 Qui
884 2554 942 2601 ut
980 2548 1032 2601 in
1078 2551 1222 2604 omni
1272 2550 1389 2608 loco
1436 2554 1817 2612 dominationis

235 2642 332 2687 tute
360 2632 508 2688 beati
548 2635 695 2691 Petri
723 2639 952 2707 apostoli
986 2643 1295 2711 magnifices
1324 2655 1641 2715 potestatem
1661 2690 1676 2714 ,
1710 2665 1815 2705 non

239 2725 406 2780 solum
457 2726 545 2781 ubi
594 2729 931 2785 venerabiles
961 2731 1077 2802 ejus
1109 2734 1347 2805 reliquias
1397 2740 1811 2808 conquiescunt,

243 2818 329 2875 sed
353 2819 683 2893 ubicumque
713 2824 944 2891 pretiosa
988 2827 1286 2882 reverentia
1333 2828 1489 2884 fuerit
1535 2832 1809 2899 invocata,

247 2912 420 2968 tribuis
448 2928 571 2969 esse
598 2925 946 2985 praesentem;
981 2934 1123 2975 nunc
1152 2921 1315 2977 etiam
1348 2937 1692 2993 perseverare
1714 2929 1812 2982 de-

253 3017 521 3074 monstres,
544 3010 687 3078 quod
716 3008 768 3064 in
792 3026 1005 3067 omnem
1034 3025 1229 3069 terram
1266 3030 1430 3071 sonus
1469 3018 1583 3088 ejus
1621 3030 1811 3088 exeat,

261 3106 308 3151 et
330 3108 431 3155 toto
451 3102 578 3157 orbe
599 3102 854 3158 salutaria
886 3106 1046 3161 verba
1078 3108 1385 3164 decurrant.
1420 3110 1545 3177 Per,
1578 3122 1682 3167 etc.

328 3190 695 3263 Benedicimus,
732 3197 977 3265 Domine,
1010 3200 1408 3257 misericordias
1437 3214 1573 3270 tuas,
1599 3204 1688 3273 qui
1718 3218 1817 3259 nos

267 3283 628 3348 incessabiliter
658 3293 801 3349 beati
834 3296 1061 3364 apostoli
1111 3296 1184 3351 tui
1230 3297 1376 3352 Petri
1419 3298 1551 3353 sinis
1580 3313 1819 3354 comme-
1844 3287 1892 3354 C

258 3384 532 3441 moratione
566 3386 767 3456 foveri,
810 3387 1125 3458 suppliciter
1155 3399 1444 3446 exorantes
1474 3398 1531 3445 nt
1552 3391 1704 3462 cujus
1728 3407 1817 3448 so-

254 3470 426 3531 lemnia
452 3477 711 3548 gerimus,
742 3481 1040 3550 patrocinia
1068 3484 1383 3537 sentiamus.
1418 3484 1539 3551 Per,
1570 3492 1674 3540 etc.

317 3569 410 3641 16
438 3570 656 3626 XXXV.
705 3571 837 3627 Item
867 3572 992 3627 alia.
1023 3603 1092 3614 —
1122 3574 1177 3630 Si
1209 3576 1287 3630 vis
1309 3618 1323 3643 ,
1354 3588 1540 3645 potens
1570 3593 1629 3633 es
1659 3594 1812 3635 mun-

250 3659 393 3733 dare,
424 3664 683 3732 Domine;
716 3677 768 3721 et
794 3682 951 3737 quam
983 3683 1087 3721 vox
1132 3668 1424 3739 iniquitatis
1466 3678 1661 3724 nostra:
1706 3686 1812 3726 non

249 3752 463 3820 obtinet,
498 3766 713 3811 tuorum
759 3757 912 3813 nobis
944 3759 1190 3829 precibus
1215 3760 1425 3814 veniam
1459 3759 1661 3817 donare
1690 3778 1813 3816 san-

248 3852 455 3902 ctorum.
484 3847 614 3913 Per,
645 3858 753 3904 etc.

304 3941 583 4011 Supplices
603 3984 618 4010 ,
651 3943 891 4009 Domine,
922 3952 973 4000 le
1004 3960 1271 4015 rogamus,
1303 3956 1358 4002 ιιι
1380 3950 1622 4018 quamvis
1644 3948 1813 4004 offen-

245 4028 405 4089 siones
436 4044 640 4090 nostraa
662 4034 975 4106 impediant,
1009 4038 1383 4096 recordatione
1407 4048 1583 4097 tamen
1612 4052 1813 4115 marty-

243 4136 345 4181 rum
362 4138 576 4182 tuorum
592 4144 783 4183 munus
803 4138 1043 4186 nostrum
1063 4147 1165 4185 non
1180 4133 1248 4186 sit
1263 4134 1546 4204 ingratum.
1566 4135 1804 4205 Per,,etc.

302 4216 431 4275 Vere
460 4218 705 4289 dignum.
739 4218 1014 4275 Prostrato
1041 4222 1202 4278 corde
1234 4236 1513 4293 poscentes
1542 4234 1602 4279 ut
1627 4241 1811 4295 qnam-

239 4311 313 4367 vis
340 4321 491 4368 tanta
521 4313 632 4368 sint
661 4322 842 4369 nostra
875 4314 1110 4371 facinora
1136 4360 1149 4385 ,
1176 4317 1370 4387 quibus
1392 4318 1551 4373 etiam
1582 4333 1701 4372 cum
1728 4318 1809 4372 in-

238 4409 651 4465 numerabilibus
698 4419 1005 4465 sanctorum
1053 4411 1323 4483 suﬂ’ragiis
1374 4412 1705 4481 laboremus,
1754 4421 1810 4467 tu

241 4506 401 4558 tamen
434 4503 701 4558 immensa
741 4503 941 4573 pietate
982 4504 1248 4559 concedas
1292 4520 1359 4559 ne
1389 4504 1595 4560 scelera
1641 4504 1808 4576 magis

237 4603 405 4649 nostra
449 4596 814 4667 praevaleant,
859 4611 1018 4667 quam
1059 4595 1353 4653 satisfactio
1394 4612 1489 4668 pro
1535 4597 1689 4654 nobis
1714 4612 1807 4654 co-

238 4683 371 4751 piosa
399 4688 694 4757 iustorum.
727 4687 850 4755 Per,
881 4698 985 4743 etc.

299 4779 532 4847 Prwsta,
581 4780 839 4848 Domine,
886 4796 1224 4851 quaesumus,
1257 4791 1313 4836 nt
1342 4797 1497 4852 quam
1529 4782 1807 4839 immensis

235 4873 503 4928 erroribus
531 4875 803 4944 aggravati
853 4874 1099 4929 fiduciam
1130 4874 1474 4931 conscientiae
1505 4891 1609 4931 non
1640 4875 1808 4932 habe-

235 4977 362 5033 mus,
395 4977 693 5037 martyrum
723 4976 933 5023 tuorum
964 4968 1119 5023 nobis
1148 4968 1469 5040 supplicatio
1498 4968 1654 5026 beata
1684 4970 1813 5027 sub-

234 5059 421 5114 veniat.
456 5060 581 5127 Per,
612 5072 715 5117 etc.

300 5204 323 5232 ι
348 5197 553 5272 Primis
582 5197 725 5272 curis
754 5198 1042 5272 scripserat
1070 5200 1413 5255 amanuensis
1438 5209 1647 5272 peccata
1673 5241 1688 5267 ,
1719 5215 1810 5259 se-

234 5268 415 5322 cundis
443 5284 579 5323 vero
604 5270 877 5323 substituit
906 5269 1083 5323 corda.

300 5336 531 5411 bAVerba
562 5340 628 5394 In
658 5339 972 5395 dedicatione
1007 5340 1176 5395 videri
1220 5342 1421 5409 scripta
1468 5343 1520 5397 in
1568 5344 1811 5411 margine

148 5463 157 5483 ,
232 5407 419 5483 abalio
444 5412 767 5481 antiquario,
789 5414 1019 5481 primum
1045 5407 1406 5468 notaveratVP.
1429 5407 1805 5483 Blanchinius;

144 5482 177 5530 ia
232 5480 319 5534 sed
340 5482 401 5554 in
433 5480 861 5539 correctionib’us
889 5498 1023 5553 quas
1050 5493 1234 5553 postea
1271 5486 1560 5554 praemisit,
1593 5480 1806 5543 sincere

232 5551 514 5626 confessus
536 5562 709 5626 estea
750 5551 921 5610 verba
950 5551 1071 5609 esse
1116 5551 1356 5623 ejusdem
1399 5551 1716 5626 antiquarii,
1752 5568 1810 5613 ut

231 5624 461 5679 monitus
491 5624 594 5681 fuit
621 5641 651 5679 a
683 5625 1076 5697 Bartholomaao
1104 5626 1463 5697 Campagnola
1492 5668 1505 5691 ,
1534 5624 1625 5697 qui
1653 5628 1805 5683 codi-

233 5706 363 5768 cem,
390 5698 511 5764 ipso
540 5697 853 5752 Blanchinio
872 5696 1171 5768 flagitante,
1200 5696 1483 5767 diligenter
1511 5696 1802 5754 censuluit.

231 5761 622 5823 Dedicationem
663 5767 877 5838 quidem
919 5761 1162 5824 ecclesiae»
1187 5768 1245 5824 S.
1276 5761 1419 5823 P'etri
1450 5770 1695 5823 videntur
1728 5772 1807 5825 in-

232 5848 392 5909 nuere
418 5838 581 5893 verba
608 5840 862 5893 orationis
900 5840 1147 5896 secundae
1182 5857 1193 5892 :
1227 5841 1309 5893 cui
1338 5841 1354 5906 (
1380 5840 1571 5909 Petro)
1606 5841 1712 5894 lucc
1734 5850 1808 5895 est

232 5902 436 5964 basilica
484 5922 704 5965 sacrata.
753 5910 1297 5967 Animadvertendum
1332 5902 1493 5980 porro
1538 5902 1619 5967 est
1669 5912 1809 5967 hanc

1994 1994 2262 2052 XXXVII.
2313 1997 2449 2054 Item
2487 2001 2611 2055 alia.
2644 2031 2713 2043 —-
2741 2003 2857 2059 Non
2882 2005 3201 2075 obruantur,
3253 2011 3506 2082 Domine,

1924 2104 2263 2158 quaesumus,
2298 2094 2541 2164 quamvis
2566 2095 2843 2153 immensis
2874 2100 3106 2156 molibus
3127 2114 3502 2175 peccatorum,

1920 2185 2009 2254 qui
2040 2185 2234 2255 ubique
2260 2189 2462 2243 sanctis
2498 2190 2603 2245 tuis
2634 2190 3046 2262 deprecantibus
3075 2212 3361 2255 exoramus
3387 2240 3404 2267 ,
3447 2212 3503 2256 ut

1921 2278 2077 2333 malis
2110 2279 2307 2335 nostris
2334 2280 2572 2338 offensus
2616 2294 2907 2354 prmsentes
2939 2287 3139 2344 hostias
3185 2306 3287 2345 non
3332 2293 3507 2363 repel-

1923 2368 2020 2433 las,
2046 2369 2149 2455 vsed
2179 2370 2269 2426 tibi
2302 2387 2399 2428 nos
2423 2374 2645 2444 placitos
2670 2378 2995 2434 sacramenti
3021 2380 3215 2437 virtute
3237 2381 3502 2452 perﬁcias.

1921 2461 2042 2529 Per,
2074 2472 2178 2519 etc.

1996 2574 2133 2631 Vere
2173 2576 2414 2649 dignum.
2448 2578 2643 2635 Donari
2692 2582 2845 2639 nobis
2882 2587 3195 2655 suppliciter
3220 2598 3504 2645 exorantcs

1921 2678 1977 2723 ut
2006 2669 2144 2725 sicut
2173 2672 2344 2727 sancti
2371 2672 2443 2727 tui
2472 2676 2727 2730 mundum
2746 2676 2798 2731 in
2816 2684 2906 2731 tua
2924 2679 3118 2734 virtute
3148 2680 3410 2747 vicerunt,
3432 2681 3503 2737 ita

1919 2776 2017 2816 nos
2039 2776 2068 2815 a
2091 2762 2378 2820 mundanis
2393 2766 2667 2823 erroribus
2683 2770 2954 2837 postulent
2975 2786 3039 2825 es
3047 2770 3236 2840 pediri.
3256 2772 3380 2839 Per,
3395 2784 3497 2829 etc.

1991 2853 2123 2922 Quia
2149 2865 2348 2912 nostra:
2380 2872 2559 2925 voces,
2590 2859 2836 2930 Domine,
2869 2877 2973 2918 non
3002 2874 3277 2920 merentur
3304 2865 3499 2934 audiri,

1917 2956 2225 3004 sanctorum
2261 2959 2470 3006 tuorum
2518 2952 2838 3010 interventio
2863 2996 2877 3019 ,
2908 2972 3245 3029 quaesumus,
3294 2958 3365 3013 sit
3413 2974 3503 3015 ac-

1918 3051 2071 3110 cepta
2102 3051 2126 3078 ⁶
2156 3042 2283 3115 (fiat
2309 3044 2487 3115 grata)
2520 3061 2618 3114 pro
2644 3048 2819 3102 nobis.
2854 3049 2975 3112 Per,
3002 3059 3103 3103 etc.

1992 3132 2281 3188 XXXVIII.
2310 3134 2445 3187 Item
2483 3138 2606 3189 alia.
2636 3167 2705 3177 —
2735 3139 2929 3195 Preces
2958 3150 3199 3208 nostras,
3240 3143 3497 3211 Domine,

1922 3224 2242 3294 propitiatus
2267 3224 2509 3293 admitte,
2534 3238 2586 3283 et
2616 3238 2668 3283 ut
2699 3229 2860 3299 digne
2892 3232 2995 3285 tuis
3020 3231 3338 3290 famulemur
3366 3236 3503 3291 alta-

1921 3318 2068 3373 ribus
2088 3362 2102 3387 ,
2151 3328 2456 3376 sanctorum
2489 3331 2699 3379 tuorum
2734 3339 2832 3381 nos
2859 3325 3246 3385 intercessione
3266 3329 3498 3387 custodi.

1916 3409 2039 3478 Per,
2070 3422 2172 3468 etc.

1988 3530 2185 3588 Tribue
2216 3547 2340 3600 nos,
2374 3534 2629 3603 Domine,
2661 3553 2988 3609 quaesumus,
3014 3540 3168 3598 donis
3200 3544 3302 3599 tuis
3331 3544 3499 3603 libera

1917 3638 2095 3683 mente
2124 3630 2354 3695 servire,
2388 3638 2467 3696 ut,
2496 3632 2814 3701 purificante
2845 3650 2942 3689 nos
2962 3638 3129 3705 gratia
3163 3649 3271 3705 tua,
3305 3640 3496 3698 iisdem

1914 3722 2106 3791 quibus
2130 3723 2450 3781 famulamur
2470 3729 2737 3798 mysteriis
2764 3731 3135 3790 emendemur.
3173 3735 3291 3799 Per,
3318 3746 3422 3790 etc.

1988 3815 2126 3872 Vere
2153 3817 2391 3887 dignum.
2420 3819 2537 3876 Tibi
2567 3822 2766 3877 etenim
2786 3864 2803 3889 ,
2845 3824 3088 3892 Domine,
3118 3840 3267 3881 sacra
3298 3826 3501 3885 festivi-

1916 3917 1996 3963 tas
2024 3910 2229 3980 agitur,
2259 3912 2353 3966 tibi
2390 3911 2502 3967 dies
2530 3925 2735 3970 sacrata
2766 3916 3091 3983 celebratur,
3123 3934 3279 3987 quam
3312 3920 3496 3977 beato-

1914 4018 2031 4057 rum
2089 4014 2382 4076 martyrum
2433 4013 2646 4062 tuorum
2700 4008 2911 4078 sanguis
2941 4050 2955 4074 ,
3006 4011 3057 4063 in
3109 4010 3347 4066 veritatis
3394 4023 3499 4069 tua)

1914 4094 2288 4151 testificatione
2317 4095 2591 4167 profusus,
2620 4098 2904 4169 magnifico
2931 4101 3163 4154 nominis
3189 4102 3261 4155 tui
3290 4101 3496 4159 honore

1913 4187 2161 4258 signavit.
2192 4188 2316 4252 Per,
2348 4198 2453 4243 etc.

1983 4298 2332 4367 Omnipotens
2381 4298 2707 4366 sempiterne
2740 4298 2909 4362 Deus,
2963 4297 3053 4368 qui
3098 4296 3369 4368 fragilitati
3400 4314 3497 4355 no-

1912 4398 2036 4445 strre
2078 4390 2393 4459 consulens,
2442 4390 2654 4445 assidua
2700 4405 2798 4446 nos
2848 4400 3153 4446 sanctorum
3184 4392 3497 4451 celebritate

1913 4482 2135 4551 solaris,
2171 4482 2237 4538 da
2269 4483 2423 4538 nobis
2449 4482 2550 4538 sub
2577 4484 2818 4555 patronis
2849 4484 3042 4539 talibus
3067 4486 3400 4552 constitutis,
3439 4496 3498 4543 et

1913 4584 2167 4646 perpetua
2196 4576 2487 4634 securitate
2530 4577 2749 4644 muniri,
2781 4586 2835 4634 et
2864 4578 3082 4633 salutari
3113 4579 3349 4649 gaudere
3380 4595 3497 4651 pro-

1832 4676 1887 4739 Ῑ)
1912 4667 2074 4725 fectu.
2104 4667 2229 4737 Per,
2260 4679 2363 4724 etc.

1991 4784 2013 4825 ί
2045 4786 2206 4842 Grata
2236 4785 2330 4840 tibi
2365 4800 2587 4841 munera
2630 4798 2812 4840 nostra
2844 4785 2989 4852 sint,
3021 4784 3264 4854 Domine,
3298 4802 3416 4858 quae
3445 4794 3503 4846 et

1917 4879 2021 4936 tuis
2069 4889 2193 4936 sunt
2238 4878 2476 4933 instituta
2504 4880 2823 4948 prteceptis,
2864 4887 2918 4933 et
2945 4889 3252 4936 sanctorum
3285 4889 3497 4938 tuorum

1916 4972 2183 5029 festivitas
2208 4970 2442 5041 gloriosa
2467 4971 2828 5026 commendat.
2867 4971 2987 5033 Per,
3018 4984 3123 5028 etc.

1990 5065 2130 5121 Vere
2149 5063 2390 5135 dignum.
2419 5063 2559 5119 Tuas
2585 5064 2727 5119 enim
2745 5102 2760 5129 ,
2787 5063 3043 5133 Domine,
3070 5066 3318 5133 virtutes,
3348 5073 3499 5122 tuas-

1914 5202 2125 5257 Missam
2151 5202 2292 5257 inter
2317 5215 2633 5256 communes
2659 5200 2929 5257 recenseri
2954 5200 3125 5268 Aprili
3156 5216 3184 5253 a
3212 5200 3496 5257 collectore

1912 5274 2198 5354 arbitrarie
2238 5274 2515 5354 insertasg.
2536 5272 2675 5353 unde
2705 5288 2768 5327 ex
2798 5270 2898 5354 hoc
2936 5272 3057 5354 loco
3097 5272 3277 5354 colligi
3311 5273 3495 5354 nequit

1913 5344 2076 5399 veluti
2104 5356 2344 5412 certum,
2396 5344 2785 5399 dedicationem
2835 5344 3067 5398 basilica:
3096 5346 3151 5398 S.
3184 5343 3362 5408 Petri,
3404 5351 3497 5398 aut

1912 5415 2053 5470 aliud
2086 5415 2327 5485 ejusdem
2376 5414 2604 5486 apostoli
2647 5414 2843 5471 festum
2890 5416 2942 5470 in
2985 5428 3228 5471 mensem
3256 5413 3495 5483 Aprilem

1913 5486 2188 5542 incidisse.

1987 5568 2008 5628 ς
2042 5558 2205 5628 Magis
2230 5556 2464 5627 placeret
2486 5558 2769 5613 immeritis.

1985 5626 2012 5665 ἀ
2044 5626 2243 5684 Αεέιιιὰ
2281 5628 2367 5682 hic
2394 5642 2452 5683 se
2476 5629 2709 5698 produnt
2743 5629 2907 5684 verba
2951 5628 3018 5680 ad
3054 5637 3334 5699 martyrum
3366 5632 3496 5699 festa

1914 5699 2188 5755 multitude
2208 5698 2505 5772 conoeniat;
2532 5701 2617 5755 vel
2649 5709 2772 5754 ante
2794 5714 2953 5754 voces
2988 5701 3055 5753 ad
3090 5698 3373 5772 martyrum
3397 5704 3495 5757 ali-

1915 5772 2040 5842 quid
2061 5770 2419 5842 supphndum
2441 5780 2544 5836 est,
2568 5788 2632 5825 ex
2663 5786 2769 5841 gr.,
2801 5786 2935 5842 cum.

1992 5852 2013 5879 ε
2048 5840 2352 5912 ινὶαίθναιιι
2367 5849 2450 5912 est
2474 5840 2683 5895 varians
2714 5842 2870 5895 lectio
2893 5841 2944 5897 in
2975 5851 3174 5899 textum
3201 5844 3361 5896 illata.
3477 5894 3482 5901 .

1994 5912 2011 5949 ί
2047 5912 2169 5967 "mc
2197 5908 2307 5964 alia
2339 5908 2494 5965 Missa
2521 5922 2622 5974 est,
2655 5914 2778 5970 licet
2801 5928 3026 5970 numero
3054 5931 3155 5968 non
3190 5914 3459 5968 distincta.
