4018 6314
506 341 578 400 35
1486 337 1710 394 OPERA
1753 336 1813 392 S.
1855 334 2059 392 LEONI
2098 335 2333 394 MAGNO
2371 336 2788 394 AT'l‘RlBUTA.
3711 335 3783 398 36

509 468 613 524 que
646 452 894 510 victorias
942 451 1301 518 admiramur;
1348 451 1555 524 quoties
1609 453 1659 506 in
1713 451 1952 510 Ecclesia
2004 460 2088 505 tua
2113 453 2346 519 A‘statis
2391 453 2698 522 offerimus,
2744 453 3037 510 subsidium
3083 453 3234 510 nobis
3282 460 3491 509 tuorum
3539 456 3782 513 concede

510 545 700 603 horum
732 545 940 602 dierum
969 545 1228 602 solemnia
1257 545 1618 614 celebramus,
1666 559 1799 616 quos
1846 543 2090 614 insignes

506 639 874 697 confessorum
903 649 1113 696 tuorum
1161 647 1215 697 et
1251 650 1542 712 martyrum
1573 638 1762 710 palma:
1804 637 1869 694 ad
1899 653 2090 710 peren-

499 747 629 791 nem
661 735 975 792 memoriam
1004 748 1348 807 sanctamque
1376 731 1609 790 lmtitiam
1643 731 1888 788 ﬁdelibus
1921 747 2090 808 popu-

503 827 571 884 lis
602 838 962 904 sacraverunt.
991 827 1115 893 Per,
1143 838 1246 884 etc.

574 920 914 992 Quaesumus,
952 919 1171 980 Domine
1203 919 1341 980 Deus
1365 930 1570 990 noster,
1608 925 1666 974 ut
1692 917 1869 975 divina
1891 928 2091 992 myste-

503 1013 602 1080 ria,
627 1031 746 1086 quae
773 1016 822 1070 in
856 1023 1069 1070 tuorum
1099 1013 1612 1070 commemoratione
1639 1022 1945 1072 sanctorum
1979 1013 2088 1069 fre-

501 1119 848 1182 quentamus,
871 1121 992 1163 actu
1021 1108 1414 1179 subsequamur
1444 1118 1497 1163 et
1522 1123 1705 1164 sensu.
1737 1107 1856 1174 Per,
1889 1117 1995 1163 etc.

491 1195 494 1198 ⁴
580 1201 684 1276 18
727 1198 962 1266 Adesto,
1008 1199 1265 1267 Domine,
1322 1197 1517 1270 populo
1567 1207 1658 1254 tuo
1707 1213 1825 1254 cum
1872 1207 2086 1254 sancto-

505 1311 622 1349 rum
657 1293 952 1360 patrocinio
978 1294 1329 1365 supplicanti,
1364 1304 1419 1346 ut
1449 1292 1590 1366 quod
1638 1291 1850 1362 propria
1895 1290 2086 1348 fiducia

503 1401 606 1440 nou
653 1385 959 1454 pra-sumit,
1011 1383 1418 1458 suffragantium
1461 1386 1668 1443 meritis
1706 1394 2084 1458 consequatur.

498 1475 620 1539 Per,
655 1487 761 1532 etc.

571 1567 814 1624 XXXIX.
877 1567 1011 1623 Item
1060 1569 1186 1623 alia.
1239 1598 1309 1612 ι·-
1357 1567 1709 1639 Omnipotens
1756 1568 2088 1642 semplterne

498 1661 641 1717 Deus
662 1704 675 1726 ,
710 1661 796 1732 qui
825 1675 924 1716 nos
957 1661 1180 1717 idoneos
1219 1677 1324 1717 non
1359 1677 1478 1717 esse
1508 1661 1794 1732 perpendis
1817 1661 1883 1717 ad
1921 1663 2088 1733 maje-

499 1764 691 1809 statem
722 1763 897 1819 trram,
931 1755 1068 1809 sicut
1094 1755 1310 1825 dignttm
1336 1765 1414 1810 εει
1437 1796 1449 1818 ,
1479 1755 1826 1823 exorandam,
1859 1754 1925 1810 da
1956 1771 2084 1811 san-

2193 555 2524 602 sanctorum.
2560 547 2682 613 Per,
2714 555 2817 603 etc.

2263 639 2400 696 Vere
2423 640 2661 709 dignum.
2693 638 2794 695 Tui
2821 640 2962 696 enim
2987 637 3186 710 operis,
3222 637 3473 708 Domine,
3505 641 3607 715 ιθ
3634 649 3774 697 tute-

2191 749 2294 806 que
2317 735 2530 789 virtutis
2553 743 2655 791 est.
2680 743 2737 786 ttt
2761 732 3008 790 inimicus
3039 731 3285 785 humanae
3314 732 3628 786 substantia:
3669 749 3774 788 non

2195 834 2400 882 tantum
2450 841 2546 897 per
2596 823 2790 880 Filium
2833 834 2977 880 tuum
3031 824 3311 880 Dominum
3359 835 3630 892 nostrum,
3679 826 3775 886 sed

2190 920 2351 975 etiam
2406 936 2495 990 per
2553 930 2765 976 sanctos
2817 932 3079 994 martyres
3127 928 3246 973 tuos
3296 919 3538 975 debitrici
3594 917 3614 958 ί
3662 935 3774 976 sua:

2190 1013 2455 1085 quondam
2501 1024 2703 1068 naturae
2754 1013 3068 1067 redderetur
3111 1010 3407 1078 obnoxius,
3451 1021 3506 1068 et
3545 1012 3770 1070 subdita:

2188 1103 2290 1162 sibi
2316 1105 2655 1162 subderetur.
2688 1105 2750 1160 Et
2775 1104 2894 1160 ideo
2925 1120 3045 1161 cum
3073 1103 3305 1175 angelis,
3339 1115 3444 1160 etc.

2260 1195 2421 1254 XLII.
2452 1196 2585 1250 Item
2614 1196 3180 1264 alia.—Qu:esutnus.
3217 1197 3439 1253 Domine
3486 1195 3628 1251 Deus
3669 1212 3771 1252 IIO-

2189 1296 2327 1357 ster,
2356 1305 2425 1345 ne
2451 1290 2593 1360 apud
2615 1289 2876 1359 justitiam
2908 1295 3048 1344 tuam
3079 1297 3292 1359 peccata
3326 1296 3509 1344 nostra
3554 1303 3652 1343 nos
3681 1304 3777 1360 ag-

2188 1393 2433 1456 gravent,
2456 1400 2615 1453 quam
2646 1393 2748 1438 tute
2771 1384 2983 1456 pietatis
3011 1383 3203 1438 invicta
3230 1383 3646 1439 miseratio......
3669 1399 3773 1439 nec

2190 1491 2312 1544 nos,
2342 1475 2635 1547 quamlibet
2664 1474 2959 1530 innumeris
2989 1475 3195 1547 gravari
3225 1474 3443 1547 patiaris
3472 1475 3770 1544 erroribus,

2190 1586 2327 1639 quos
2349 1572 2508 1625 tantis
2535 1569 2746 1626 voluisti
2786 1579 3094 1625 sanctorum
3112 1579 3325 1626 tuorum
3343 1568 3604 1644 suffragiis
3619 1570 3777 1642 adju-

2188 1666 2323 1721 vari.
2355 1665 2474 1732 Per,
2507 1673 2614 1720 etc.

2263 1768 2288 1806 tt
2318 1757 2548 1829 Respice
2584 1755 2880 1827 propitius,
2916 1753 3162 1824 Domine,
3200 1769 3361 1825 super
3398 1753 3513 1812 hinc
3547 1770 3774 1812 munera

498 1852 614 1901 etos
661 1859 923 1918 martyres
955 1855 1075 1901 tuos
1106 1861 1202 1916 pro
1234 1847 1432 1902 nostris
1477 1847 1775 1918 supplicare
1807 1847 2041 1920 peccatis
2064 1889 2080 1918 ,
2113 1835 2164 1904 B
2190 1864 2306 1922 quae
2333 1859 2386 1904 et
2428 1863 2525 1919 pro
2554 1858 2860 1904 sanctorum
2891 1857 3100 1903 tuorum
3139 1848 3649 1902 commemoratione
3678 1847 3774 1904 de-

499 1954 632 2010 quos
654 1939 811 2010 digne
838 1941 1012 2009 possis
1035 1939 1242 1994 audire.
1278 1939 1400 2008 Per,
1432 1947 1535 1994 etc.

567 2031 769 2101 AdjuVa
798 2047 923 2098 nos,
956 2029 1202 2100 Domine,
1233 2038 1445 2086 tuorum
1478 2046 1635 2102 prece
1661 2042 1988 2102 sanctorum,
2013 2041 2072 2088 ut.

497 2140 722 2195 quorum
755 2123 886 2178 festa
912 2125 1169 2194 gerimus,
1203 2125 1497 2180 sentiamus
1518 2124 1796 2179 auxilium.
1822 2123 1944 2194 Per,
1974 2134 2081 2182 etc.

565 2217 900 2272 Oblationem
935 2215 1148 2272 familiae
1179 2227 1302 2282 tum,
1337 2217 1580 2282 Domine,
1606 2229 1908 2274 sanctorum
1941 2233 2083 2272 mar-

497 2316 672 2380 tyrum
725 2308 974 2378 praesidia
1026 2308 1276 2378 deputata
1323 2309 1736 2374 commendent,
1789 2319 1842 2364 et
1887 2321 1943 2365 ut
1987 2309 2082 2366 tibi

498 2411 647 2471 grata
678 2401 804 2468 sint,
838 2401 1162 2471 placentium
1197 2402 1288 2456 tibi
1321 2402 1800 2472 supplicationibus
1848 2401 2084 2460 oﬂ‘eran-

496 2500 601 2546 tttr.
634 2492 756 2557 Per,
778 2502 885 2546 etc.

571 2587 708 2642 Vere
740 2586 982 2655 dignum.
1027 2586 1131 2654 Qui
1163 2599 1272 2640 non
1303 2588 1474 2642 solum
1503 2587 1742 2642 debitum
1774 2588 1965 2642 mortis
1991 2603 2082 2642 an-

495 2679 679 2750 tiquae,
713 2696 822 2750 qtto
855 2682 992 2734 idem
1023 2694 1128 2733 non
1158 2679 1463 2743 tenebatur,
1499 2680 1784 2734 exsolvens
1807 2721 1820 2744 ,
1867 2694 1964 2748 pro
1991 2678 2080 2733 de-

494 2775 757 2829 bitoribus
787 2774 1130 2843 repensavit,
1188 2774 1282 2828 sed
1336 2772 1662 2843 martyribus
1708 2772 1817 2826 suis
1860 2771 2085 2825 contulit

492 2869 738 2937 ut,quod
779 2867 1008 2922 butnana
1039 2867 1336 2923 substantia
1382 2877 1570 2921 contra
1617 2867 1951 2920 voluntatem
2000 2867 2081 2918 sui

488 2960 768 3014 Creatoris
798 2960 1003 3029 agendo
1029 2967 1396 3028 contraxerat,
1435 2968 1488 3013 et
1517 2957 1730 3026 praefixa
1766 2958 1882 3026 lege
1909 2957 2082 3011 fuerat

495 3055 758 3118 solutura,
783 3055 908 3108 dum
935 3069 1033 3124 pro
1066 3054 1372 3108 testimonio
1397 3052 1669 3108 Creatoris
1701 3062 1893 3123 sponte
1916 3059 1938 3086 ι
1964 3063 2082 3104 sus-

490 3149 757 3220 ciperent,
791 3151 944 3204 fieret
977 3151 1057 3205 eis
1089 3149 1157 3204 dc
1187 3161 1333 3204 reatu
1363 3149 1591 3219 justitia,
1631 3157 1684 3204 et
1727 3163 1881 3219 poena
1909 3155 2082 3204 trans-

493 3243 597 3298 iret
626 3243 690 3298 ad
722 3242 967 3312 gloriam.
1001 3243 1125 3307 Per,
1153 3253 1260 3298 etc.

565 3336 676 3391 XL.
727 3335 858 3389 Item
895 3337 1020 3388 alia.
1050 3365 1119 3376 —
1148 3335 1268 3390 Sint
1298 3335 1388 3389 tibi
1418 3335 1643 3405 placita,
1677 3334 1932 3400 Domine,
1983 3349 2079 3405 po-

495 3429 606 3498 puli
636 3429 710 3482 tui
751 3429 926 3482 votiva
968 3428 1263 3492 sacriﬁcia,
1310 3435 1363 3480 et
1409 3428 1549 3498 quod
1597 3427 1852 3497 fragilitas
1897 3436 2079 3481 nostra

492 3537 601 3578 non
627 3521 900 3589 impetrat,
932 3517 960 3558 δ
993 3533 1179 3573 eorum
1218 3517 1556 3588 supplicatio,
1589 3531 1688 3587 pro
1717 3534 1942 3588 quorum
1967 3518 2082 3588 glo-

495 3613 577 3669 ria
608 3611 942 3680 deferuutur,
970 3610 1234 3666 obtineat.
1264 3609 1385 3674 Per,
1417 3620 1522 3666 etc.

569 3704 748 3758 Dicata
798 3703 998 3758 nomini
1030 3712 1121 3758 tuo
1151 3716 1404 3770 munera,
1461 3701 1718 3769 Domine,
1771 3710 2078 3757 sanctorum

497 3806 707 3854 tuorum
737 3812 840 3867 pro
871 3797 1024 3852 nobis
1047 3795 1339 3853 satisfactio
1371 3807 1751 3868 prosequatur;
1781 3807 1838 3853 ut
1862 3798 2079 3854 otfcnscc

496 3901 695 3947 nostra:
727 3905 821 3960 per
849 3904 974 3956 eos,
1007 3899 1028 3929 ο
1059 3890 1150 3959 qui
1179 3889 1234 3944 in
1265 3898 1560 3960 conspectu
1606 3898 1695 3946 tuo
1737 3889 1882 3961 digni
1923 3897 2073 3959 sunt,

496 3983 825 4042 relaxentur.
856 3982 981 4052 Per,
1015 3991 1119 4038 etc.

568 4077 706 4132 Vere
745 4076 988 4146 dignum.
1021 4077 1120 4144 Qui
1147 4077 1212 4133 ad
1240 4078 1494 4148 majorem
1526 4079 1852 4148 triumphum
1877 4080 1946 4137 de
1977 4079 2078 4135 bu-

499 4170 640 4225 inani
669 4171 880 4241 generis
911 4169 1064 4226 lioste
1094 4171 1436 4240 capientium,
1461 4182 1656 4243 praeter
1683 4173 1825 4228 illam
1851 4174 2076 4243 gloriam

495 4263 853 4334 singularem,
888 4261 915 4300 ιι
946 4280 1044 4335 qua
1098 4263 1458 4322 iueIIabilibus
1495 4266 1668 4322 modis
1713 4267 1924 4323 Domini
1971 4267 2079 4324 vir-

496 4363 610 4412 tute
657 4362 958 4425 prostratus
1003 4366 1118 4424 est,
1160 4364 1218 4412 ut
1262 4359 1422 4413 etiam
1454 4373 1485 4412 a
1513 4359 1713 4414 sanctis
1755 4359 2079 4430 martyribus

493 4455 868 4515 superaretur,
923 4445 1129 4513 effecit;
1175 4457 1198 4485 °
1247 4457 1407 4518 atquc
1459 4449 1513 4504 in
1566 4452 1820 4506 membris
1868 4465 2078 4520 quoque

497 4539 608 4594 suis
651 4539 870 4594 victoria
917 4547 1266 4609 sequeretur,
1307 4554 1428 4611 qua:
1481 4544 1757 4610 praecessit
1788 4542 1841 4596 in
1877 4541 2070 4613 capite.

495 4631 623 4696 Per,
647 4642 750 4686 etc.

567 4721 702 4779 XLI.
731 4721 863 4778 Item
887 4725 1015 4781 alia.
1059 4751 1132 4766 —-
1173 4725 1408 4793 Exaudi,
1443 4727 1701 4795 Domine,
1748 4743 1937 4798 preces
1980 4743 2078 4784 no-

497 4823 665 4882 stras;
703 4824 758 4872 et
797 4825 854 4871 ut
891 4816 1048 4891 digna
1077 4817 1184 4874 sint
1203 4835 1422 4876 munera
1451 4836 1570 4892 quae
1592 4822 1758 4877 oculis
1784 4831 1886 4878 tute
1914 4826 2081 4894 maje-

566 5070 591 5098 ⁸
615 5059 741 5116 Hme
763 5060 950 5134 eadem
971 5061 1217 5130 praemio
1237 5064 1494 5133 repetitur
1517 5063 1571 5117 in
1596 5063 1756 5118 Missa
1780 5067 1949 5134 prima
1970 5067 2069 5123 SS.

500 5133 717 5189 Joannis
747 5144 795 5187 et
829 5133 1006 5199 Pauli;
1058 5133 1237 5201 ibique
1281 5151 1374 5202 pro
1400 5137 1708 5205 susciperent
1742 5133 1931 5209 legitur
1959 5156 2076 5193 sus-

500 5206 707 5260 cipiunt.
738 5205 826 5257 tibi
856 5206 991 5258 forte
1020 5204 1353 5260 desideratur
1384 5209 1706 5260 marturium.

494 5214 707 5277 cipiunt,
738 5214 826 5257 ubi
856 5214 991 5258 forte
1020 5214 1353 5260 desideratur
1384 5214 1706 5278 martyrium.

497 5347 531 5350 __
568 5275 593 5314 δ
623 5275 857 5350 InMissa
889 5290 925 5328 ιι
950 5279 1258 5350 eorumdetn
1275 5289 1576 5350 martyrum
1607 5278 1830 5333 Joannis
1851 5288 1905 5334 et
1931 5280 2071 5336 Pau-

497 5347 532 5400 li
554 5390 567 5413 ,
603 5347 689 5400 ubi
715 5348 827 5401 inec
854 5349 1027 5400 oratio
1055 5350 1253 5418 pariter
1273 5347 1486 5419 legitur,
1519 5365 1613 5419 pro
1640 5365 1819 5406 eorum
1847 5351 2075 5408 habetur

495 5427 806 5471 sanctorum.

497 5569 513 5614 ε
571 5499 592 5527 ι’
624 5488 681 5542 lu
709 5488 896 5545 eadem
926 5488 1082 5546 Missa
1109 5505 1146 5546 II
1165 5535 1179 5562 ,
1223 5491 1311 5561 qui
1335 5491 1424 5545 tibi
1450 5492 1547 5546 sint
1577 5495 1790 5565 placiti,
1832 5495 2067 5550 relaxen-

521 5575 600 5613 ur.

521 5575 600 5613 III'.

495 5712 512 5760 ι
552 5626 594 5756 τά
626 5631 770 5687 Alias
795 5632 846 5687 in
877 5631 1062 5690 eadem
1106 5633 1266 5691 Missa
1292 5648 1360 5702 tt,
1401 5649 1502 5705 qua
1531 5637 1688 5708 ipsius
1729 5635 1939 5691 Domini
1968 5639 2071 5692 vir—

518 5721 546 5757 u
573 5719 619 5757 e.

518 5719 619 5757 ute.

568 5785 590 5812 ε
619 5773 675 5829 In
703 5775 888 5832 eadem
911 5777 1068 5834 Missa
1103 5778 1312 5835 meliori
1342 5775 1598 5847 lectione,
1628 5795 1746 5850 qua:
1777 5779 1942 5834 Leoni
1970 5795 2066 5834 no-

491 5854 606 5908 stro
634 5850 912 5920 congruit,
940 5858 985 5904 et
1015 5850 1188 5906 eadem
1228 5851 1440 5907 victoria
1480 5862 1770 5923 sequeretur
1809 5853 1862 5906 in
1904 5867 2065 5906 mem-

2185 1943 2431 2011 ferimus,
2477 1953 2532 2000 et
2583 1956 2683 2018 pro
2726 1941 2927 1996 nostris
2978 1939 3361 1998 offensionibus
3405 1937 3772 1994 immolamus.

2185 2035 2309 2101 Per,
2343 2045 2449 2091 etc.

2261 2131 2397 2186 Vere
2426 2118 2959 2200 dignumJPugnavit
2986 2128 3126 2183 enim
3156 2127 3209 2181 in
3242 2125 3411 2181 beatis
3442 2126 3773 2191 martyribus

2189 2225 2290 2278 tuis
2307 2233 2493 2278 contra
2513 2223 2892 2294 prolanitatem
2918 2221 3098 2276 mundi
3124 2229 3225 2274 tuae
3247 2218 3367 2275 fidei
3390 2216 3616 2288 gloriosa
3633 2235 3773 2274 con-

2187 2315 2383 2382 fessio;
2404 2328 2592 2372 contra
2619 2314 3040 2370 irrationabilcm
3064 2314 3320 2368 saevitiam
3337 2315 3775 2387 persequentium

2185 2408 2399 2479 sapiens
2427 2418 2718 2478 sanctaque
2744 2405 3026 2476 patientia;
3055 2417 3241 2461 contra
3266 2405 3544 2461 illecebras
3570 2417 3776 2480 tempo-

2187 2504 2329 2558 rales
2351 2518 2473 2573 spes
2498 2503 2803 2557 cmlestium
2830 2498 2856 2537 ιι
2882 2501 3215 2572 (promissio)
3245 2501 3583 2570 pra'tniorum
3601 2516 3615 2566 ;
3635 2517 3770 2555 con-

2189 2607 2266 2651 tra
2298 2597 2418 2650 vita:
2451 2595 2725 2665 prmscntis
2757 2592 3009 2649 alTectum
3040 2601 3286 2648 venturae
3325 2592 3512 2648 salutis
3554 2590 3761 2647 :rterni-

2188 2697 2300 2755 tas;
2330 2696 2384 2742 et
2413 2687 2463 2741 in
2496 2688 2743 2741 omnibus
2775 2685 3055 2740 frementis
3084 2684 3513 2742 machinamenta
3545 2683 3754 2740 diaboli

2185 2779 2403 2834 dextera
2429 2788 2514 2833 tua
2548 2779 2598 2831 in
2633 2779 2711 2834 eis
2739 2776 3052 2840 dimicante,
3083 2777 3348 2830 vicerunt.
3381 2776 3500 2842 Per,
3529 2786 3633 2829 etc.

2255 2873 2436 2929 XLIII.
2466 2871 2596 2925 Item
2620 2868 3146 2924 alia.—0blaliones
3178 2879 3406 2933 nostras,
3428 2882 3757 2938 quaesumus,

2187 2969 2436 3034 Domine,
2479 2975 2563 3020 tua
2599 2964 2693 3020 tibi
2729 2961 3036 3034 dignatione
3067 2961 3150 3015 fac
3189 2960 3440 3030 placitas:
3474 2959 3596 3025 quia
3629 2957 3767 3012 nihil

2187 3063 2240 3117 in
2274 3061 2448 3121 nobis.
2480 3059 2620 3131 quod
2653 3060 2864 3130 placare
2895 3064 2946 3111 te
2977 3055 3166 3128 possit,
3195 3055 3310 3114 nisi,
3343 3051 3769 3122 deprecantibus

2185 3153 2401 3219 sanctis,
2437 3161 2522 3206 tua
2563 3165 2658 3205 nos
2690 3147 3065 3224 propitiatione
3095 3144 3407 3218 praevenias.
3440 3142 3565 3210 Per,
3598 3154 3707 3202 etc.

2108 3232 2158 3301 C
2256 3245 2397 3301 Vere
2436 3244 2674 3314 dignum.
2719 3239 3114 3296 Venerabiliutn
3162 3245 3455 3308 martyrum
3497 3235 3755 3304 praeconia

2182 3341 2516 3396 recolentes:
2541 3337 2792 3408 quoniam
2827 3336 2901 3390 tui
2927 3334 3126 3408 operis,
3153 3332 3398 3398 Domine,
3429 3341 3629 3399 tuaeque
3651 3329 3746 3381 vir-

2183 3433 2310 3487 Iulis
2331 3441 2441 3497 est,
2473 3440 2576 3485 etc.
2609 3427 2626 3466 ί

2253 3525 2319 3579 Ει
2362 3521 2625 3577 Natalitiis
2669 3528 3008 3586 sanctorum,
3056 3516 3298 3583 Domine,
3341 3525 3394 3576 ct
3442 3508 3754 3572 sacramenti

2182 3633 2407 3673 munere
2453 3614 2702 3686 vegetati,
2755 3627 3081 3684 quasumus,
3126 3621 3180 3666 ut
3224 3611 3376 3664 bonis
3424 3607 3612 3678 quibus
3665 3619 3757 3672 per

2183 3721 2326 3766 tuam
2366 3710 2591 3780 gratiam
2631 3721 2770 3762 nunc
2811 3706 3082 3773 fovemur,
3137 3703 3476 3777 perfruamur
3522 3695 3759 3755 aeternis.

2182 3803 2305 3859 Per.
2335 3813 2440 3857 etc.

2251 3842 2427 3956 A’dsit,
2454 3891 2698 3957 Domine,
2735 3901 3065 3960 quaesumus,
3099 3883 3406 3955 propitiatio
3439 3890 3530 3936 tua
3558 3878 3765 3952 populo

2179 3987 2529 4058 supplicanti;
2557 3994 2616 4038 ut
2655 3981 2814 4054 quod,
2860 3990 2909 4035 te
2947 3979 3240 4050 inspirante
3272 3962 3499 4034 fideliter
3527 3974 3761 4046 expetit,

2168 4068 2271 4138 tua
2297 4081 2460 4137 celeri
2487 4077 2733 4150 largitate
2763 4073 3034 4145 percipiat.
3068 4072 3188 4135 Per,
3222 4080 3323 4126 etc.

2747 4167 2973 4222 MENSE
3003 4164 3184 4220 MAIO.

2923 4259 3014 4316 IX.

2586 4372 2781 4412 PRECES
2810 4370 2859 4410 IN
2894 4368 3118 4410 ASCENSA
3150 4365 3348 4407 DOIIINI.

2255 4454 2268 4503 t
2310 4451 2531 4516 Adesm,
2583 4450 2833 4513 Domine,
2891 4444 3365 4516 supplicationibus
3415 4439 3642 4505 nostris;
3709 4449 3775 4496 ut

2183 4546 2322 4602 sicut
2351 4545 2569 4599 humani
2593 4544 2801 4612 generis
2825 4541 3155 4597 Salvntorem
3180 4534 3474 4591 consedere
3501 4543 3676 4588 tecum
3713 4533 3774 4589 in

2105 4609 2160 4672 Β
2189 4650 2275 4694 tua
2307 4639 2584 4707 majestate
2625 4635 2963 4698 conﬁdimus,
3013 4633 3082 4686 ita
3133 4643 3300 4700 usque
3329 4627 3394 4682 ad
3419 4640 3776 4681 consumma-

2187 4732 2385 4786 tionem
2410 4729 2588 4784 saeculi
2613 4729 2720 4800 2ο
2740 4740 2954 4780 manere
2976 4722 3275 4791 nobiscum,
3307 4717 3775 4791 quemadmodum

2185 4840 2244 4883 es
2271 4824 2560 4899 pollicitus,
2592 4824 2904 4880 sentiamus.
2937 4818 3058 4884 Per,
3091 4827 3196 4874 etc.

2176 5068 2280 5122 bris
2299 5110 2312 5135 ,
2345 5083 2458 5138 qua:
2486 5067 2737 5134 praecessit
2758 5066 2810 5119 in
2832 5066 3013 5129 capite.
3043 5059 3400 5138 Prmterltanc
3419 5073 3549 5138 vero
3567 5058 3779 5138 lectio-

2176 5131 2332 5205 nem,
2357 5131 2532 5210 'iiujus
2561 5154 2770 5208 quoque
2798 5139 2899 5193 loci
2926 5137 3135 5190 varians
3165 5133 3321 5189 lectio
3362 5132 3556 5187 ibidem
3593 5131 3778 5191 affer-

2175 5219 2283 5265 tur.

2257 5279 2274 5319 τ
2307 5281 2364 5336 1η
2398 5280 2550 5334 tertia
2583 5280 2736 5334 Missa
2765 5279 2863 5334 SS.
2895 5277 3114 5333 Joannis
3145 5283 3198 5332 et
3236 5273 3386 5330 Pauli
3414 5273 3526 5328 hac
3556 5279 3780 5344 prtia-

2177 5355 2252 5408 tio
2276 5355 2536 5410 repetitur
2563 5352 2756 5404 omissa
2791 5367 2922 5404 voce
2949 5365 3074 5403 stite.

2250 5432 2275 5471 ε
2309 5423 2518 5477 Missale
2563 5424 2857 5475 Romanum
2893 5418 3354 5475 inmc'orationem
3395 5415 3618 5473 exhibet
3678 5421 3783 5482 die

2173 5495 2248 5551 25
2275 5495 2397 5550 Julii
2430 5499 2481 5547 in
2512 5494 2645 5547 festo
2675 5496 2729 5547 S.
2757 5493 3094 5561 Apollinaris.

2250 5563 2278 5604 ιι
2311 5566 2422 5620 Vox
2451 5565 2717 5636 promissio
2742 5576 2824 5618 est
2846 5564 3056 5636 varians
3082 5565 3263 5619 lectio.

2252 5639 2271 5680 ί
2309 5637 2375 5691 Ut
2408 5632 2460 5690 in
2484 5635 2794 5705 prwfatione
2822 5635 2986 5703 prima
3017 5636 3188 5691 Missae
3220 5634 3480 5705 septimae,
3513 5632 3602 5688 ubi
3638 5643 3782 5697 Ian-

2175 5717 2288 5762 tum
2308 5710 2628 5763 omittuntur
2649 5721 2806 5761 voces
2839 5706 3109 5761 Dominum
3131 5719 3380 5762 nostrum.

2252 5781 2265 5828 i
2308 5780 2431 5834 Ilaec
2456 5780 2628 5833 oratio
2661 5789 2745 5832 est
2775 5777 2827 5832 in
2860 5778 3292 5834 Sacramentario
3327 5776 3616 5834 Gelasiano
3664 5782 3778 5840 lih.

2175 5866 2213 5920 ι,
2245 5867 2295 5906 n.
2328 5849 2418 5921 64,
2445 5864 2542 5906 nec
2572 5852 2750 5906 nonin
2780 5849 3002 5922 Gregor.
3033 5851 3118 5908 die
3149 5850 3491 5907 Αμρριιεὶοηὶε
3513 5849 3778 5918 Domini.
