4018 6314
190 846 197 879 l

223 382 298 440 51

1055 374 1253 432 LIBER
1292 368 1906 431 SACRAMENTORUM
1947 366 2297 426 ECCLESIA-l
2335 368 2667 427 ROMANE.

3430 376 3502 434 38

297 497 652 567 Omnipotens
690 494 1014 564 sempiterno
1054 492 1228 555 Deus,
1270 490 1444 544 tribue
1490 488 1645 544 nobis
1694 503 1812 541 mu-
1841 486 1893 549 Α
1921 483 2063 538 hunc
2091 483 2335 539 eumdem
2371 482 2549 540 Jesum
2588 484 2863 541 Christum
2903 484 3188 545 Dominum
3231 498 3495 559 nostrum,

228 605 358 645 nere
396 588 701 643 festivitatis
739 588 1031 652 hodiernae,
1072 594 1128 639 ut
1163 585 1287 638 illuc
1328 583 1559 638 ﬁliorum
1600 590 1810 635 tuorum

224 682 488 751 dirigatur
522 681 769 749 intentio,
817 696 925 749 quo
968 679 1021 733 in
1058 688 1148 734 tuo
1186 676 1466 747 Unigenito
1510 685 1682 731 tecum
1728 682 1813 730 est

225 787 410 833 nostra
441 776 762 831 substantia.
788 773 911 839 Per,
943 783 1049 829 etc.

300 866 509 920 Exaudi
547 882 665 932 nos,
706 865 1015 919 misericors
1050 865 1208 930 Deus,
1242 874 1293 919 et
1324 863 1389 917 da
1415 862 1687 918 mentibus
1717 875 1813 916 no-

223 959 382 1025 stris,
414 976 519 1028 quo
563 960 890 1030 Redemptor
939 969 1119 1014 noster
1155 958 1490 1021 conscendit,
1532 957 1725 1023 attolli,
1758 962 1815 1009 ut

224 1051 469 1105 secundo
509 1052 814 1108 Mediatoris
853 1053 1082 1108 adventu
1124 1051 1409 1107 manifesto
1454 1064 1676 1104 munere
1723 1063 1813 1102 ca-

227 1142 467 1211 piamus,
515 1144 657 1214 quod
704 1160 845 1199 nunc
895 1144 1155 1200 audemus
1202 1156 1423 1212 sperare
1472 1142 1814 1211 promissum.

225 1236 360 1303 Per,
402 1245 509 1292 etc.

301 1338 329 1365 ι
369 1330 569 1384 Praesta
600 1331 775 1395 nobis,
806 1337 1144 1398 omnipotens
1166 1336 1221 1381 et
1250 1327 1557 1381 misericors
1582 1324 1738 1390 Deus,
1765 1333 1818 1379 ut

223 1436 351 1489 qua:
376 1422 673 1477 visibilibus
698 1422 973 1491 mysteriis
1006 1420 1326 1473 celebrando
1357 1419 1705 1487 suscepimus,
1740 1417 1819 1469 in-

225 1515 437 1569 visibili
472 1528 870 1583 consequamur
899 1513 1111 1566 ellectu.
1149 1512 1267 1577 Per,
1303 1518 1409 1565 etc.

306 1606 389 1661 Da
420 1606 597 1674 nobis,
637 1607 875 1667 Domine.
908 1622 1013 1659 non
1044 1614 1248 1658 terrena
1278 1617 1488 1672 sapere,
1518 1600 1609 1655 sed
1632 1614 1813 1656 amare

228 1699 500 1763 celestia,
525 1708 580 1753 et
609 1700 746 1753 inter
784 1700 1156 1767 pra-tereuutia
1191 1694 1511 1752 constitutos
1534 1694 1643 1763 jam
1673 1708 1812 1749 nunc

225 1791 502 1846 inhaerere
527 1794 812 1845 mansuris.
839 1793 962 1856 Per,
988 1802 1092 1846 etc.

1916 594 2013 648 per
2041 594 2198 648 quem
2232 587 2283 631 te
2306 577 2521 632 laudant
2546 579 2742 649 angeli,
2772 588 2877 635 etc.

1988 671 2014 709 ἀ
2047 672 2275 737 Prmsta,
2301 688 2626 742 quazsumus,
2656 675 2993 743 omnipotens
3026 676 3190 742 Deus,
3225 689 3279 733 ut
3302 688 3499 734 nostzte

1916 770 2117 825 mentis
2141 769 2390 833 intentio,
2418 782 2523 837 quo
2544 768 2899 825 solemnitatis
2929 770 3205 827 hodierna:
3234 776 3499 844 gloriosus

1916 871 2105 915 auctor
2141 860 2419 931 ingressus
2456 869 2559 927 est,
2608 876 2813 930 semper
2864 866 3121 929 intendat,
3162 876 3216 922 et
3261 886 3368 937 quo
3396 870 3499 926 lide

1916 955 2113 1027 pergit,
2144 953 2561 1009 conversatione
2595 956 2885 1021 perveniat.
2911 958 3031 1023 Per,
3058 972 3161 1016 etc.

1990 1045 2053 1099 V.
2088 1043 2220 1100 Item
2258 1046 2384 1101 alia.
2416 1073 2488 1087 —
2514 1044 2904 1102 Esaltationrm
2948 1062 3140 1106 nostra:
3179 1054 3498 1111 conditionis

1927 1150 1949 1177 ⁸
1979 1140 2250 1209 (humanae
2280 1140 2616 1210 substantiae)
2652 1142 2880 1210 re~pice,
2912 1143 3061 1197 Deus.
3091 1157 3165 1208 ut.
3200 1157 3285 1203 tua
3309 1152 3497 1218 digna-

1924 1232 2067 1288 tione
2098 1234 2358 1303 mundati,
2396 1235 2750 1290 sacramentis
2771 1252 2977 1307 magna:
3000 1238 3210 1308 pietatis
3234 1254 3493 1313 aptemur.

1920 1322 2045 1394 Per,
2078 1336 2183 1381 etc.

1994 1420 2131 1477 Vere
2151 1422 2391 1491 dignum.
2423 1422 2487 1479 Ut
2519 1424 2768 1479 sensibus
2798 1430 2996 1481 nostris
3024 1428 3305 1499 dignanter
3326 1432 3500 1488 infun-

1916 1513 2034 1578 das,
2064 1532 2130 1571 ne
2181 1518 2410 1571 terrenis
2446 1518 2822 1575 aﬂ‘ectionibus
2850 1520 3187 1589 ἱιιὴαιτειιάυ,
3222 1528 3407 1580 oculos
3435 1526 3500 1582 ad

1915 1607 2155 1662 cmlestia
2190 1623 2295 1662 non
2330 1609 2597 1665 levemus:
2631 1627 2697 1666 ne
2733 1613 2927 1665 inlimis
2958 1615 3316 1683 voluptatibus
3344 1632 3502 1673 occu-

1915 1697 2054 1766 pati,
2098 1708 2305 1753 mentes
2357 1715 2463 1754 non
2512 1702 2784 1755 valeamus
2817 1704 3063 1758 attollere
3112 1720 3217 1773 quo
3254 1706 3500 1762 Salvator

1918 1802 2100 1845 noster
2138 1792 2409 1858 ascendit;
2452 1808 2520 1849 ne
2564 1793 2826 1849 diabolica
2873 1797 3133 1851 sectando
3179 1802 3423 1869 vestigia,
3468 1818 3496 1855 a

298 1884 507 1937 Exaudi
553 1900 669 1951 nos,
714 1884 856 1938 Dens
895 1885 1142 1939 salutaris
1171 1894 1372 1951 noster,
1406 1885 1527 1954 quia
1576 1899 1667 1953 per
1697 1883 1811 1940 hanc
1841 1870 1889 1931 Β
1916 1882 2115 1939 Christi
2133 1888 2407 1941 consortio
2427 1887 2769 1943 recedamus:
2791 1890 2910 1958 quia
2932 1906 3088 1944 nemo
3113 1892 3496 1958 potestsummi

218 1988 568 2032 sacrosancta
598 1981 852 2049 mysteria
884 1977 909 2016 δ
943 1980 1316 2050 (commercia)
1347 1979 1397 2033 in
1429 1981 1593 2033 totius
1621 1980 1811 2033 Eccle-

219 2072 317 2127 sia:
346 2072 672 2126 conﬁdimus
711 2088 934 2142 corpore
976 2072 1298 2138 faciendum,
1340 2075 1480 2143 quod
1522 2074 1637 2142 ejus
1675 2091 1805 2144 pra:-

220 2164 389 2218 cessit
420 2163 474 2217 in
508 2163 703 2233 capite,
730 2181 822 2235 per
848 2166 1095 2221 eumdem
1118 2165 1301 2222 Iesum
1327 2166 1600 2221 Christum
1633 2166 1814 2222 Domi-

220 2273 346 2313 num
380 2270 650 2313 nostrum.

290 2353 329 2403 l.
349 2362 465 2393 -π
502 2350 639 2406 Vere
667 2352 908 2421 dignum.
937 2352 1036 2419 Qui
1080 2362 1197 2421 post
1229 2353 1685 2409 resurrectionem
1708 2370 1812 2409 ste-

223 2442 356 2498 culis
384 2445 639 2497 omnibus
664 2445 978 2513 gloriosam,
1010 2446 1286 2514 discipulis
1308 2448 1422 2500 suis
1453 2448 1569 2501 visu
1601 2447 1814 2516 conspi-

225 2551 370 2601 cuus,
426 2547 678 2606 tactuque
711 2540 989 2607 palpaliilis
1039 2556 1203 2607 usque
1250 2544 1299 2593 in
1347 2541 1812 2610 quadragesimum

228 2628 359 2682 diem
410 2630 728 2682 manifestus
760 2631 1036 2698 apparuit;
1091 2633 1325 2700 ipsisque
1356 2632 1699 2686 cernentibus
1731 2642 1814 2687 est

231 2720 466 2775 elevatus
487 2721 539 2775 in
564 2723 757 2777 coelum
780 2740 791 2774 :
819 2724 868 2775 in
897 2722 945 2776 id
970 2722 1369 2791 proﬁcientibus
1395 2742 1486 2792 per
1512 2726 1605 2778 bas
1636 2739 1813 2779 moras

237 2811 484 2868 Ecclesia:
517 2814 829 2883 primitivis,
863 2825 922 2868 ut
963 2825 1018 2869 et
1062 2820 1262 2869 certius
1292 2816 1440 2871 fieret
1468 2819 1609 2887 quod
1641 2818 1813 2872 credi-

242 2906 521 2970 dissent,et
546 2910 754 2977 plenius
778 2909 1045 2963 discerent
1076 2912 1215 2977 quod
1239 2911 1516 2966 docerent.
1548 2912 1673 2979 Per,
1699 2923 1804 2968 etc.

308 3000 365 3053 II.
384 3030 454 3040 —
473 3001 611 3056 Vere
639 3002 874 3070 dignum.
917 3002 1065 3057 Justa
1100 3004 1241 3057 enim
1272 3004 1426 3058 nobis
1453 3006 1810 3061 exsultatione

255 3089 520 3148 laetandum
547 3106 626 3149 est
653 3095 792 3149 inter
821 3096 1010 3164 gaudia
1044 3095 1346 3150 festivitatis
1371 3098 1664 3163 hodiernae,
1690 3101 1813 3166 quia

266 3182 313 3235 in
338 3188 489 3239 celos
518 3187 775 3242 Ascensio
802 3188 1111 3242 mediatoris
1134 3188 1226 3243 Dei
1254 3198 1308 3243 et
1330 3189 1608 3242 hominum
1642 3190 1815 3241 homi-

1915 1979 2133 2048 verique
2173 1980 2335 2049 Regis
2369 1981 2688 2036 celsitudine
2732 1982 3007 2047 delectari,
3057 1985 3158 2038 nisi
3201 1987 3290 2053 qui
3334 1986 3494 2054 pesti-

1916 2069 2025 2123 fera
2075 2072 2345 2126 destructa
2393 2070 2411 2109 ί
2457 2073 2765 2144 (subversa)
2813 2074 3048 2144 Tyranni
3091 2076 3213 2145 jura
3258 2078 3493 2134 calcarit.

1916 2163 2038 2230 Per,
2070 2174 2173 2219 etc.

1991 2257 2077 2314 VI.
2102 2256 2232 2311 Item
2254 2259 2453 2313 alia.—
2468 2268 2492 2308 κ
2510 2258 2607 2325 Da,
2632 2276 2958 2329 qum-unius,
2976 2263 3312 2331 omnipotens
3338 2263 3493 2329 Deus,

1916 2349 2041 2403 illnc
2085 2351 2341 2419 subsequi
2383 2361 2593 2407 tuorum
2639 2356 2876 2408 membra
2918 2354 3174 2422 tideliuni,
3208 2373 3313 2426 quo
3341 2366 3499 2427 caput

1918 2452 2154 2495 nostrum
2183 2444 2607 2514 principiumque
2632 2448 2925 2515 ρτίεεοδςὶι.
2960 2448 3077 2512 I’er,
3110 2464 3215 2503 etc.

1990 2534 2123 2589 Vere
2151 2537 2388 2603 dignum.
2423 2535 2479 2591 In
2512 2539 2607 2592 hac
2639 2539 2745 2607 die,
2780 2555 2882 2608 qua
2926 2538 3082 2594 Jesus
3112 2540 3373 2609 Christus,
3413 2541 3499 2595 Fi-

1917 2624 2019 2678 lius
2051 2637 2190 2690 tuus,
2228 2627 2484 2681 Dominus
2518 2640 2727 2695 noster,
2768 2630 2936 2684 divini
2978 2643 3351 2687 consummito
3394 2633 3499 2688 hue

1914 2720 2177 2790 mysterii.
2226 2720 2591 2790 diSpOsitIHlliS
2632 2724 2863 2789 antiquie
2909 2741 3099 2778 tnttnus
3143 2723 3169 2762 ιι
3208 2727 3495 2793 explicuit;

1916 2822 1972 2865 ut
2011 2812 2215 2867 scilicet
2263 2824 2315 2867 et
2362 2814 2631 2868 diabolum
2680 2817 2915 2871 caelestis
2966 2819 3144 2885 operis
3198 2817 3496 2887 inimicum,

1912 2908 2020 2977 22
2070 2923 2163 2975 per
2215 2906 2506 2971 hominem,
2563 2926 2719 2977 quem
2772 2910 3106 2979 subjngnrat,
3145 2912 3391 2980 elideret,
3447 2921 3501 2967 ct

1914 2999 2202 3052 humanam
2247 3000 2525 3055 reduceret
2565 3001 2629 3055 ad
2671 3017 2898 3068 superna
2936 3003 3075 3055 dona
3125 3004 3497 3060 substantiam.

1916 3090 2037 3155 Per,
2068 3102 2171 3145 etc.
2308 3096 2311 3099 '

1996 3180 2011 3216 ί
2039 3181 2098 3235 'I‘i
2117 3182 2260 3246 ihue,
2283 3197 2611 3250 quaesumus,
2637 3182 2884 3247 Domine,
2912 3192 2967 3236 ut
2991 3182 3112 3237 illuc
3139 3184 3317 3239 tendat
3338 3186 3497 3240 Chri-

266 3275 340 3329 nis
363 3275 482 3331 Jesu
508 3278 715 3343 Christi,
746 3296 776 3334 a
809 3292 992 3335 nostra
1024 3297 1129 3336 non
1172 3290 1257 3335 est
1288 3282 1584 3335 humilitate
1613 3281 1815 3334 dist-es-

1928 3271 2103 3325 ttiana:
2130 3281 2326 3326 nostra)
2347 3274 2649 3328 devotionis
2676 3274 2918 3341 allectus,
2951 3290 3056 3342 quo
3089 3284 3262 3330 tecum
3292 3286 3375 3332 est
3400 3291 3500 3333 tto-

257 3366 357 3434 sio;
389 3370 504 3424 dum
529 3380 579 3427 et
606 3374 657 3427 in
681 3389 745 3428 ea
766 3374 959 3443 gloria,
987 3390 1146 3443 quam
1174 3384 1347 3428 tecum
1370 3388 1583 3441 semper
1607 3373 1809 3439 habuit,

257 3462 367 3515 etin
394 3479 451 3518 ea
483 3476 665 3520 natura
698 3478 802 3530 est,
828 3483 986 3537 quam
1014 3484 1162 3521 suam
1198 3468 1324 3521 fecit
1350 3483 1415 3522 es
1440 3468 1622 3520 nobis:
1648 3482 1709 3519 ac
1737 3467 1812 3521 sic

252 3553 398 3609 homo
424 3556 669 3628 dignatus
713 3559 943 3614 existere
991 3571 1093 3627 est,
1144 3574 1198 3615 ut
1231 3578 1328 3615 nos
1369 3560 1662 3615 divinitatis
1702 3575 1812 3614 suae

248 3648 491 3706 tribueret
518 3668 637 3707 esse
671 3656 974 3721 participes.
1010 3654 1320 3722 PrOpterea,
1355 3666 1457 3709 etc.

307 3741 386 3796 Ill.
412 3772 485 3785 —
507 3744 647 3799 Vere
676 3746 913 3815 dignum.
950 3746 1081 3811 Quia
1114 3748 1431 3800 mirantibus
1466 3747 1687 3815 angelis,
1720 3762 1813 3801 an-

244 3834 579 3908 gelorumque
631 3838 980 3905 principibus,
1029 3837 1141 3892 Rex
1191 3839 1395 3909 gloriae,
1450 3838 1813 3909 Doniitiusque

242 3927 508 3993 virtutum,
544 3930 952 3984 resurrectionis
974 3930 1142 3985 beata:
1167 3932 1447 4000 primitias,
1482 3932 1675 3986 throno
1708 3941 1815 3989 tua

241 4020 522 4088 majestatis
560 4021 787 4087 oblatas,
821 4022 873 4076 in
909 4031 994 4077 tua
1038 4038 1220 4078 secum
1251 4022 1472 4078 dextera
1503 4025 1807 4080 collocavit.

240 4110 299 4165 Et
320 4113 465 4180 ideo,
501 4125 605 4170 etc.

296 4210 395 4282 21
427 4208 906 4265 Communieantes
950 4221 1004 4266 et
1032 4211 1175 4266 diem
1218 4213 1638 4267 sacratissimum
1666 4213 1812 4268 cele-

235 4300 442 4358 brantes
471 4303 820 4359 Ascensiunis
866 4306 917 4359 in
963 4306 1155 4361 ccelum
1206 4306 1416 4360 Domini
1467 4307 1635 4361 nostri
1683 4306 1811 4362 Jesu

235 4393 444 4459 Christi,
488 4398 581 4451 sed
612 4407 665 4451 et
696 4398 1009 4452 memoriam
1041 4409 1383 4465 venerantes,
1418 4409 1522 4452 etc.

294 4488 376 4544 IV.
426 4487 563 4544 Item
602 4492 725 4545 alia.
748 4521 815 4532 —
840 4490 977 4546 Vere
1016 4491 1254 4561 dignum.
1288 4492 1469 4562 Teque
1498 4490 1810 4561 suppliciter

230 4595 474 4649 exorare,
510 4592 566 4635 nt
588 4583 853 4637 mentibus
888 4585 1085 4637 uestris
1117 4593 1205 4637 tua
1238 4584 1587 4652 inspiratione
1615 4599 1812 4640 conce-

1918 3374 2026 3418 stra
2060 3364 2375 3419 substantia.
2407 3365 2525 3429 Per,
2560 3377 2664 3420 etc.

1995 3459 2008 3505 l
2040 3456 2531 3523 Conuunnirantes,
2559 3458 2767 3514 etdicm
2787 3460 3204 3516 sacratissimum
3223 3464 3501 3521 celebran-

1917 3556 2017 3611 tes,
2048 3564 2154 3618 quo
2187 3549 2445 3603 Dominus
2478 3561 2662 3605 noster
2692 3552 2995 3621 unigenitus
3025 3553 3192 3609 Filius
3224 3565 3345 3611 tuus
3377 3556 3498 3614 uni-

1916 3649 2024 3693 tum
2051 3641 2150 3695 sibi
2197 3640 2466 3696 hominem
2509 3653 2707 3697 nostra:
2747 3645 3059 3699 substantia:
3091 3646 3144 3702 in
3174 3648 3359 3718 glorite
3394 3659 3499 3706 tuae

1914 3734 2141 3789 dextera
2170 3734 2484 3801 collocavit;
2510 3737 2600 3791 sed
2633 3746 2688 3792 et
2716 3740 3052 3807 memoriam,
3080 3750 3185 3797 etc.

2678 3870 2742 3925 Χ.

2248 4001 2537 4041 ORATIONES
2567 4002 2647 4041 PRI
2659 4002 2744 4040 DIE
2780 4002 3169 4043 PBNTECOSTEN.

1988 4123 2146 4187 Deus,
2184 4122 2278 4192 qui
2313 4123 2357 4176 si
2397 4123 2527 4176 velis
2571 4121 2796 4176 reddere
2842 4123 2985 4191 quod
3018 4138 3307 4190 meremur,
3349 4128 3496 4195 prius

1913 4215 2191 4270 deﬁcimus
2232 4230 2391 4282 quam
2431 4215 2618 4267 merita
2665 4213 2924 4278 supplicia
2967 4214 3316 4281 perferamus,
3346 4231 3497 4284 qua:-

1916 4320 2122 4367 sumus,
2158 4306 2376 4358 absolve
2409 4314 2621 4357 nostros
2650 4303 2887 4369 placatus
2918 4314 3153 4369 errores,
3186 4315 3260 4367 et,
3292 4318 3342 4359 ut
3377 4322 3499 4375 pos-

1918 4397 2083 4449 simus
2104 4396 2169 4448 ad
2196 4406 2281 4448 tua
2309 4406 2571 4463 percepta
2602 4394 2865 4462 converti,
2883 4396 3096 4463 cepiosa
3120 4398 3496 4468 prepitiatione

1918 4504 2015 4541 nos
2042 4488 2295 4557 praeveni.
2326 4485 2450 4553 Per,
2480 4495 2584 4542 etc.

1987 4579 2261 4647 Clemens,
2308 4582 2669 4651 omnipotens,
2716 4589 2770 4636 et
2799 4579 3104 4637 miseiicors
3143 4583 3304 4649 Deus,
3346 4585 3495 4643 duri-

226 4672 334 4742 das,
360 4692 475 4746 quo
500 4676 830 4744 Redemptor
857 4687 1038 4729 noster
1059 4676 1392 4737 conscendit.
1420 4678 1610 4740 attolli,
1639 4687 1692 4729 nt
1719 4692 1805 4731 se-
1837 4648 1890 4709 D
1918 4676 2043 4729 tiam
2071 4676 2239 4730 nostri
2265 4676 2443 4729 cordis
2466 4684 2666 4739 averte,
2704 4690 2807 4744 qua
2839 4689 2935 4729 ηοξ
2974 4681 3195 4731 verbera
3238 4680 3495 4747 multipli-

228 4768 394 4821 cundo
434 4766 741 4822 Μεόὶιιιοτὶε
773 4767 1027 4831 adventu,
1061 4768 1346 4822 manifesto
1378 4783 1602 4822 munere
1631 4768 1809 4837 capia-

226 4870 337 4913 nius
380 4857 531 4928 quod
568 4874 707 4914 nunc
752 4857 1011 4913 audemus
1054 4872 1274 4928 Sperare
1319 4859 1667 4930 promissum,
1712 4875 1809 4929 per

290 5098 315 5126 ι
343 5092 399 5145 1η
429 5089 617 5144 eodem
640 5088 881 5145 Sacram.
910 5088 1133 5159 Gregor.
1155 5088 1337 5144 eadem
1363 5087 1470 5156 die,
1498 5103 1596 5145 nec
1619 5104 1723 5146 non
1749 5092 1802 5146 in

224 5160 414 5215 Missali
450 5163 709 5214 Romano.

288 5232 314 5271 ι)
352 5235 466 5286 Vos
494 5234 799 5285 commercia
826 5233 1035 5285 varians
1066 5233 1239 5286 lectio.

292 5314 313 5342 ε
350 5304 448 5359 Est
478 5305 528 5357 in
562 5304 756 5357 Missali
793 5306 1145 5357 Ambrosiano
1177 5302 1311 5371 apud
1340 5303 1631 5358 Pamelium
1666 5314 1795 5357 tom.

224 5372 262 5439 l,
306 5391 428 5444 pag.
468 5377 595 5430 574.
642 5375 815 5429 Prima
849 5376 962 5430 haec
1002 5375 1243 5445 praefatio
1286 5374 1521 5431 Leonina
1564 5376 1795 5444 videtur,

221 5456 353 5500 sicut
380 5449 544 5502 etiam
575 5450 750 5501 tertia.

291 5518 315 5555 ά
353 5520 540 5572 Exstat
570 5520 620 5571 in
645 5519 882 5572 Sacram.
914 5518 1090 5573 Gelas.
1125 5518 1213 5570 lib.
1243 5534 1282 5583 1,
1316 5534 1367 5571 η.
1399 5520 1490 5573 65.

296 5596 320 5625 ⁸
355 5592 578 5645 Varians
603 5590 764 5645 lectio
796 5606 950 5646 voces
973 5590 1211 5645 [imitante
1230 5593 1525 5644 substantia:
1544 5590 1721 5645 intulit
1745 5589 1796 5643 in

226 5668 446 5716 textum.

244 5762 254 5769 ο
297 5731 314 5769 τ
350 5733 608 5788 Subversa
642 5732 849 5787 varians
877 5734 1053 5789 lectio.

294 5813 317 5849 ε
352 5805 445 5857 Est
490 5806 540 5857 iti
584 5804 821 5859 Sacrani.
880 5805 1118 5873 Gregorii
1167 5806 1305 5875 apud
1354 5804 1679 5875 Menardumi
1710 5804 1797 5857 die

229 5875 568 5930 Ascensionis
605 5875 829 5928 Domini.
860 5875 1054 5930 Similis
1095 5878 1359 5931 sententia
1392 5886 1471 5930 est
1497 5875 1631 5944 apud
1667 5874 1801 5927 Leo-

1914 4780 2031 4825 cata
2082 4769 2393 4832 metuimus,
2446 4784 2543 4822 nec
2597 4770 2757 4821 tantis
2803 4768 3069 4837 mysteriis
3118 4771 3309 4825 collata
3357 4773 3497 4829 dona

1914 4859 2207 4927 sentimus;
2247 4866 2301 4915 et
2342 4869 2425 4914 tua
2467 4857 2618 4913 nobis
2664 4857 3015 4927 inspiratione
3058 4863 3312 4928 concede,
3358 4873 3497 4921 utet

1916 5104 2038 5165 nem
2084 5089 2257 5144 Serm.
2304 5092 2326 5165 l
2380 5092 2430 5146 in
2476 5092 2699 5146 Ascens.
2734 5092 2939 5148 Domini
2972 5111 3021 5151 c.
3058 5094 3121 5149 ιε
3176 5096 3311 5160 Quia
3343 5096 3497 5165 igitur

1914 5160 2098 5235 Christi
2132 5164 2356 5215 ascensio
2396 5175 2568 5216 nostra
2614 5166 2864 5232 provectio
2891 5176 3003 5230 est;
3035 5176 3081 5219 et
3110 5185 3209 5235 quo
3242 5160 3496 5234 processit

1911 5233 2077 5303 gloria
2102 5235 2301 5298 capitis,
2330 5251 2391 5287 eo
2420 5252 2529 5295 spes
2560 5247 2762 5288 vocatur
2787 5249 2831 5289 et
2854 5239 3100 5299 corporis.

1983 5299 2012 5338 h
2045 5305 2098 5355 In
2141 5304 2383 5359 Sacram.
2426 5306 2603 5359 Gttlas.
2640 5308 2729 5358 lib.
2763 5323 2799 5369 I,
2827 5324 2878 5360 n.
2918 5310 3003 5370 (i4,
3048 5317 3101 5361 et
3136 5306 3269 5373 apud
3303 5305 3491 5361 I‘anie-

1909 5372 2036 5426 lium
2068 5385 2195 5427 t0ttt.
2234 5375 2292 5439 Il,
2333 5392 2447 5442 pag.
2480 5378 2613 5440 569,
2652 5378 2700 5430 in
2736 5380 2924 5439 quibus
2952 5378 2981 5429 li
3004 5394 3062 5431 rc
3096 5372 3333 5445 pra'falio
3366 5379 3497 5444 legi-

1911 5454 2019 5509 tur,
2052 5462 2149 5513 pro
2178 5449 2419 5516 explicuit
2454 5447 2588 5501 forte
2621 5450 2807 5501 melius
2838 5449 3061 5501 halm-tur
3090 5450 3324 5517 explevit.

1984 5525 1998 5550 ι
2034 5517 2199 5570 (lodil.
2232 5518 2541 5587 Gregoriani
2590 5519 2724 5574 lianc
2752 5522 3048 5573 orationem
3092 5521 3346 5575 exhibent
3388 5520 3488 5576 l'er.

1905 5586 1939 5639 4
1962 5587 2013 5640 in
2043 5589 2196 5639 albis.

1985 5658 1997 5707 i
2042 5659 2096 5711 lit
2126 5658 2407 5712 Gelasiano
2451 5660 2635 5714 iisdem
2670 5659 2843 5713 verbis
2874 5669 3047 5712 exstat
3085 5660 3178 5715 lili.
3224 5680 3255 5727 i,
3302 5679 3354 5718 η.
3394 5664 3482 5719 63.

1906 5729 1962 5781 In
1992 5729 2321 5796 Gregoriano
2352 5739 2527 5782 autem
2575 5747 2635 5783 ac
2672 5734 2722 5781 in
2750 5730 2989 5781 Romano
3017 5732 3209 5788 Missali
3235 5736 3346 5788 hare
3374 5736 3487 5787 sola

1907 5801 2130 5879 mutatio
2182 5800 2375 5869 legitur
2426 5801 2624 5853 ultimm
2674 5800 2765 5854 sibi
2804 5801 3097 5872 fragilitatis
3144 5816 3331 5859 nostra:
3372 5807 3490 5858 sub-

1909 5880 2166 5923 stantiam.
