4018 6314
517 321 587 381 39
1486 324 1708 380 OPERA
1748 324 1805 380 S.
1850 320 2320 380 LEONI'MAGNU
2364 318 2766 379 ATTRIBUTA.
3708 323 3782 381 ιο

515 438 725 496 delictis
752 439 962 496 veniam
988 420 1337 509 postulamus,
1364 448 1415 495 ct
1437 440 1633 509 gratias
1664 455 1756 509 pro
1785 450 1963 496 nostra
1987 441 2092 496 sal-
2120 446 2170 504 Α
2200 440 2357 505 desit,
2382 440 2521 495 unde
2540 440 2821 504 subsistat;
2854 447 2906 493 et
2931 437 3441 505 adsitobservantia,
3470 440 3607 495 unde
3622 457 3779 496 mens

514 535 727 589 vatione
757 532 1071 589 reddamus.
1107 531 1228 599 Per,
1250 540 1357 589 etc.

586 625 807 682 Domine
834 626 976 682 Deus
1000 635 1215 695 noster,
1249 628 1402 698 cujus
1426 638 1508 684 est
1547 628 1713 700 prima
1743 644 1901 686 causa
1930 632 2088 687 mise-

510 718 796 790 rendi,qua
810 733 1005 774 nomen
1019 729 1165 775 tuum
1180 719 1461 776 timeamus
1478 730 1533 776 et
1551 736 1819 777 amemus:
1836 722 2088 779 cordibus

510 813 711 867 nostris
740 813 1023 868 miseratus
1052 810 1291 879 infunde,
1332 822 1389 867 ut
1426 828 1546 883 quae
1576 814 1669 869 tibi
1708 830 1813 869 non
1850 814 2081 885 placent,

511 904 825 973 refutantes,
849 907 1060 961 sincera
1091 906 1186 960 tibi
1204 905 1477 962 voluntate
1498 907 1809 963 subdamur.
1836 909 1955 977 Per,
1978 918 2083 964 etc.

581 996 770 1063 Parce,
801 996 1043 1066 Domine,
1076 1013 1237 1068 parce
1259 999 1636 1068 peccantibus;
1662 1006 1717 1055 et
1736 1009 1794 1055 ut
1814 1001 1879 1055 ad
1906 1002 2086 1071 propi-

510 1091 786 1147 tiationem
819 1102 959 1148 tuam
1004 1092 1271 1163 possimus
1309 1093 1585 1157 accedere,
1624 1093 1883 1164 Spiritum
1930 1094 2084 1150 nobis

512 1185 687 1241 tribue
712 1186 1031 1255 corrigendi.
1071 1186 1195 1256 Per,
1228 1195 1334 1241 etc.

581 1288 607 1317 κ
636 1276 769 1332 Item
792 1278 916 1332 alia.
936 1277 1044 1319 -δ
1064 1278 1414 1348 Omnipotens
1446 1282 1769 1351 sempiternc
1798 1281 1957 1347 Deus,
1992 1281 2083 1351 qui

511 1371 758 1440 paschale
786 1383 1180 1427 sacramentum
1212 1372 1593 1443 quinquaginta
1632 1373 1839 1427 dierum
1868 1373 2085 1427 voluisti

508 1463 764 1535 mysterio
786 1464 1071 1533 contineri,
1098 1476 1312 1535 praesta,
1341 1474 1397 1520 ut
1431 1466 1666 1537 gentium
1707 1465 1843 1519 facta
1873 1465 2083 1535 disper-

508 1558 588 1613 sio
625 1558 889 1615 divisione
926 1560 1244 1630 linguarum,
1277 1564 1339 1613 ad
1374 1575 1533 1614 unam
1573 1560 1963 1615 confessionem
2006 1560 2081 1614 tui

510 1650 739 1705 nominis
768 1650 973 1705 caelesti
1006 1666 1225 1706 munere
1252 1660 1630 1721 congregetur,
1658 1652 1782 1721 Per,
1816 1660 1921 1706 etc.

581 1742 857 1812 Supplices
880 1752 1044 1809 tuam,
1076 1744 1319 1807 Domine,
1348 1744 1682 1799 clementiam
1704 1745 2079 1812 depreCamur,

2194 533 2412 603 polleat.
2446 533 2570 598 Per,
2594 541 2699 587 etc.

2268 638 2293 673 κ
2325 628 2504 683 Sacris
2555 626 2885 693 cmlestibus,
2938 624 3184 689 Domine,
3244 624 3371 679 vitia
3412 632 3594 679 nostra
3646 638 3778 693 pur-

2192 733 2405 796 gentur,
2436 735 2493 780 ut
2522 723 2836 780 muneribus
2882 722 2986 778 tuis
3027 722 3293 793 possimus
3336 735 3548 792 semper
3576 722 3774 792 aptari.

2191 817 2317 884 Per,
2351 828 2454 873 etc.

2265 911 2571 982 Supplicem
2626 909 2739 975 tibi,
2772 909 3022 973 Domine,
3073 907 3281 978 plebem
3321 908 3561 978 placatus
3590 907 3776 964 inten-

2191 1003 2281 1071 de,
2308 1014 2361 1059 et
2392 1005 2443 1058 in
2471 1012 2557 1058 tua
2583 1003 2947 1058 misericordia
2974 1002 3329 1056 conﬁdentem
3361 1001 3644 1056 clementia
3672 1001 3781 1056 lar-

2191 1097 2341 1167 giore
2375 1096 2663 1160 comitare;
2714 1104 2771 1149 ut
2800 1095 2919 1164 quia
2954 1095 3070 1149 sine
3103 1105 3152 1149 te
3191 1109 3295 1149 non
3341 1102 3519 1163 potest
3554 1094 3782 1149 omnino

2188 1192 2507 1255 consistere,
2541 1190 2645 1244 tuis
2674 1187 2954 1244 beneﬁciis
2981 1172 3364 1257 temporalibus
3418 1186 3776 1256 gubernetur,

2190 1293 2246 1338 ut
2276 1282 2514 1354 proﬁciat
2541 1281 2607 1337 ad
2630 1289 2852 1337 aeterna.
2888 1281 3004 1345 Per,
3038 1290 3143 1334 etc.

2382 1452 2433 1493 IN
2464 1450 2836 1492 PENTECOSTEN
2880 1449 3299 1490 ASCENDENTIBUS
3321 1452 3353 1490 Δ
3383 1450 3574 1491 ιοατε.

2261 1574 2300 1629 1.
2326 1605 2395 1617 -
2414 1574 2611 1629 Praesta
2641 1572 2816 1639 nobis,
2844 1570 3127 1627 ineﬂ‘abilis
3167 1582 3221 1627 et
3267 1572 3575 1627 misericors
3607 1572 3771 1640 Deus,

2188 1676 2245 1721 ut
2272 1667 2509 1737 adoptio,
2558 1681 2715 1736 quam
2741 1667 2793 1720 in
2842 1666 3069 1734 idipsum
3102 1674 3317 1721 sanctus
3346 1665 3578 1735 Spiritus
3604 1666 3772 1721 advo-

2188 1760 2351 1823 cavit,
2387 1758 2410 1795 υ
2444 1759 2572 1812 nihil
2601 1759 2651 1811 in
2681 1758 2967 1813 dilectione
2998 1766 3293 1824 terrenum,
3322 1759 3452 1814 nihil
3482 1758 3682 1815 habeat
3726 1762 3771 1813 in

510 1837 666 1904 utqui
686 1837 950 1906 praevenis
964 1852 1177 1907 semper
1191 1836 1327 1891 mala
1342 1838 1532 1892 merita
1551 1846 1729 1892 nostra
1746 1838 2081 1903 miscreodo,
2115 1838 2165 1899 B
2191 1850 2526 1906 cnnfessione
2557 1850 2848 1904 diversum
2878 1851 2995 1915 per,
3026 1860 3128 1905 etc.

511 1928 604 1983 tibi
642 1928 835 1997 placita
871 1938 893 1965 ο
928 1928 1043 1984 ﬁeri
1068 1930 1169 1999 piis
1199 1929 1405 1985 actibus
1440 1938 1495 1984 et
1526 1928 1747 1999 jejuniis
1782 1930 2083 1985 salubribus

506 2020 791 2089 expiando.
824 2019 945 2086 Per,
977 2030 1081 2076 etc.

578 2111 605 2147 ά
638 2112 859 2180 Praesta,
897 2128 1222 2182 quaesumus,
1273 2114 1612 2183 omnipotens
1657 2114 1821 2180 Deus,
1874 2115 1978 2186 23
2026 2123 2083 2168 ut

514 2206 745 2276 dignitas
796 2205 1119 2261 conditionis
1173 2208 1415 2261 humanm
1470 2221 1565 2276 per
1618 2205 2081 2260 immoderantiam

507 2297 765 2363 sauciata,
793 2296 1128 2353 medicinalis
1167 2299 1508 2367 parcimonize
1534 2298 1710 2353 studio
1741 2300 2079 2353 reformetur.

506 2390 631 2458 Per,
655 2400 758 2447 etc.

588 2496 609 2523 ο
640 2484 853 2553 Aonue,
888 2484 1195 2539 misericors
1217 2483 1376 2550 Deus,
1406 2485 1568 2553 utqui
1601 2484 1785 2537 divina
1816 2492 2083 2552 praecepta

508 2576 780 2640 violando,
813 2576 1041 2647 paradisi
1087 2574 1341 2630 felicitate
1392 2575 1705 2641 decidimus,
1760 2575 1824 2627 ad
1866 2586 2085 2630 mternm

509 2671 857 2727 beatitudinis
895 2670 1177 2725 redeamus
1209 2684 1482 2725 accessum
1511 2686 1606 2740 per
1646 2678 1858 2727 tuorum
1904 2681 2086 2727 custo-

509 2764 653 2820 diam
681 2763 1073 2818 mandatorum.
1106 2762 1228 2830 Per,
1274 2774 1377 2819 etc.

581 2858 803 2923 Adesto,
835 2856 1079 2921 Domine,
1102 2856 1345 2912 ﬁdelibus
1365 2857 1489 2923 tuis,
1522 2857 1707 2912 adesto
1737 2858 2084 2927 supplicibus:

513 2961 567 3007 et
591 2949 939 3007 terrestribus
982 2965 1087 3003 non
1132 2949 1349 3005 deseras
1378 2948 1720 3019 adjumentis,
1762 2966 1899 3021 quos
1926 2951 2088 3007 caele-

510 3047 669 3101 stium
700 3058 875 3099 rerum
906 3043 1036 3098 facis
1056 3056 1176 3097 esse
1201 3044 1501 3113 participes.
1536 3043 1661 3110 Per,
1694 3054 1799 3099 etc.

578 3136 725 3194 Sacri
757 3150 873 3203 nos,
908 3136 1153 3204 Domine,
1208 3137 1447 3192 muneris
1493 3138 1736 3206 operatio
1785 3137 2005 3192 mundet
2032 3146 2085 3194 et

2265 1941 2280 1978 ί
2318 1942 2605 2010 PrOpitius,
2640 1942 2883 2005 Domine,
2906 1956 3237 2011 quaesumus,
3264 1942 3377 1997 haec
3401 1943 3538 1997 dona
3570 1947 3775 2000 sancti-

2190 2034 2311 2098 ﬁca,
2342 2042 2393 2088 et
2420 2033 2607 2086 hostia:
2632 2032 2889 2101 spiritalis
2916 2033 3184 2089 oblatione
3215 2032 3322 2104 24
3353 2045 3773 2104 suscepta,nos-

2186 2128 2442 2196 metipsos
2474 2126 2563 2178 tibi
2592 2126 2788 2195 perfice
2819 2140 3010 2178 munus
3040 2136 3321 2180 aeternum.
3351 2126 3472 2191 Per,
3498 2136 3602 2181 etc.

2262 2219 2276 2269 i
2322 2219 2462 2273 Vere
2493 2218 2735 2287 dignum.
2772 2217 2871 2284 Qui
2902 2217 3145 2271 ascendit
3184 2232 3345 2286 super
3376 2233 3564 2272 omnes
3587 2218 3778 2285 cmlos,

2188 2314 2491 2382 sedensque
2513 2313 2578 2367 ad
2611 2312 2889 2367 dexteram
2945 2322 3112 2374 tuam,
3148 2312 3471 2379 promissum
3515 2312 3777 2381 Spiritum

2189 2417 2433 2462 sanctum
2474 2407 2526 2461 in
2572 2407 2712 2461 ﬁlios
2744 2405 3047 2473 adoptionis
3092 2404 3313 2459 effudit:
3361 2405 3504 2459 unde
3534 2404 3778 2459 lmtantcs

2190 2500 2330 2556 inter
2353 2498 2539 2553 altaria
2583 2508 2695 2563 tua,
2722 2498 2948 2552 Domine
2978 2497 3259 2563 virtutum,
3290 2495 3495 2551 hostias
3526 2496 3623 2550 tibi
3668 2496 3781 2550 lau-

2188 2593 2271 2647 dis
2302 2592 2598 2659 oﬂ'erimus,
2626 2600 2731 2647 etc.

2263 2683 2284 2721 ιε
2309 2685 2455 2739 lianc
2478 2684 2637 2752 igitur
2661 2683 3009 2747 oblationem,
3045 2697 3203 2751 quam
3236 2681 3329 2736 tibi
3356 2680 3633 2736 oﬂ'erimus
3675 2696 3776 2751 pro

2192 2776 2275 2831 his
2330 2790 2466 2845 quos
2510 2791 2573 2829 ex
2626 2789 2761 2842 aqua
2829 2782 2882 2828 et
2948 2773 3153 2843 Spiritu
3216 2782 3399 2828 sancto
3454 2788 3775 2841 regenerare

2189 2870 2440 2939 dignatus
2467 2884 2545 2934 es,
2590 2867 2829 2922 tribuens
2856 2866 2933 2922 eis
2962 2867 3331 2921 remissionem
3372 2865 3612 2919 omnium
3653 2880 3777 2934 pec-

2189 2972 2455 3028 catorum,
2503 2975 2831 3031 quaesumus,
2882 2960 3121 3029 placatus
3177 2956 3425 3023 acetpias,
3468 2971 3777 3025 eorumque

2196 3054 2415 3109 nomina
2442 3052 2633 3107 ascribi
2663 3052 2853 3121 jubeas
2879 3052 2929 3105 in
2956 3051 3092 3105 libro
3121 3048 3425 3103 viventium.
3450 3046 3579 3111 Per,
3610 3058 3723 3102 etc.

2268 3144 2287 3183 ι
2317 3146 2814 3211 Communicantes,
2859 3152 2913 3198 et
2948 3142 3089 3197 diem
3121 3142 3471 3196 Pentecosten
3518 3142 3776 3195 sacratis-

518 3232 693 3284 foveat
748 3228 765 3266 ί
819 3227 1142 3297 (renovet),
1192 3237 1245 3283 et
1292 3228 1449 3284 donis
1505 3229 1673 3284 societ
1726 3231 2089 3300 sempiternis.
2121 3226 2167 3291 C
2198 3240 2392 3293 simum
2418 3238 2776 3303 celebrantes,
2808 3252 2914 3307 quo
2956 3236 3185 3305 Spiritus
3234 3243 3451 3287 sanctus
3494 3233 3755 3303 apostolos

513 3322 637 3389 Per,
669 3332 774 3379 etc.

587 3416 726 3472 Vere
755 3416 996 3488 dignum.
1030 3417 1153 3486 Qui,
1185 3426 1245 3473 ut
1272 3417 1336 3473 ad
1377 3418 1428 3473 id
1460 3418 1599 3490 quod
1628 3417 1765 3473 facta
1812 3430 1913 3487 est,
1941 3436 2094 3492 repa-

516 3518 660 3565 retur
691 3511 917 3565 humana
950 3511 1207 3574 conditio.
1258 3512 1310 3566 in
1358 3526 1466 3567 uno
1523 3512 1818 3583 eodemque
1874 3514 2094 3569 homine

512 3618 665 3657 suum
716 3603 908 3673 cuique
950 3603 1331 3657 convenienter
1374 3604 1646 3657 attribuis.
1694 3604 1900 3671 Corpus
1932 3605 2094 3657 alitur

513 3698 670 3764 escis,
696 3710 881 3749 anima
908 3694 1123 3763 jejuniis
1158 3694 1467 3765 saginatur;
1519 3696 1617 3747 nisi
1663 3696 2091 3762 competentibus

513 3778 811 3843 sustentata
837 3786 971 3841 cibis
997 3786 1236 3841 membra
1265 3802 1369 3841 non
1401 3788 1665 3852 serviunt,
1708 3788 1908 3857 absque
1955 3802 2089 3842 con-

515 3881 736 3935 tinentia
770 3895 875 3935 non
911 3879 1053 3950 viget
1077 3880 1271 3933 mentis
1301 3880 1605 3947 imperium.
1639 3880 1693 3933 In
1732 3895 1833 3948 qua
1860 3879 2087 3934 diversi-

515 3981 623 4027 tate
652 3972 961 4027 substantiae
999 3972 1076 4026 sic
1104 3982 1195 4025 tuo
1242 3969 1604 4025 moderamine
1654 3986 1752 4025 nos
1801 3972 2089 4041 gubernas,

516 4075 574 4121 ut
596 4066 718 4136 quia
746 4066 862 4121 sine
887 4065 967 4119 bis
998 4080 1103 4121 non
1136 4072 1313 4134 potest
1340 4074 1612 4129 constare,
1646 4064 1839 4133 quibus
1878 4065 2089 4120 refove—

515 4166 598 4213 tur
627 4160 964 4225 alterutrum,
1014 4156 1114 4213 hac
1158 4158 1415 4228 temperie
1462 4159 1598 4212 sumi
1646 4159 1944 4229 praecipias,
1988 4174 2091 4230 qua

515 4260 797 4321 utrumque
828 4258 1140 4321 vegetetur:
1186 4265 1248 4305 ac
1300 4250 1456 4305 simul
1506 4250 1757 4305 alimonia
1806 4253 1952 4306 carni
1983 4268 2089 4309 non

592 4421 617 4447 ιι
646 4411 771 4465 Haec
806 4409 1030 4463 formula
1059 4408 1193 4463 Item
1224 4409 1350 4475 alia,
1378 4423 1405 4461 a
1445 4408 1728 4463 Muratorio
1770 4410 1991 4476 omissa,
2034 4412 2090 4466 in

516 4482 700 4538 codice
741 4482 952 4550 legitur.
1003 4481 1096 4533 Est
1122 4480 1278 4550 Missa
1309 4478 1522 4550 quidem
1564 4480 1833 4543 distincta,
1860 4490 1911 4533 et
1938 4482 2092 4535 insti-

517 4564 631 4609 tnta
665 4548 1123 4619 post’institutum
1150 4552 1202 4603 in
1233 4548 1408 4618 vigilia
1436 4549 1779 4604 Pentecostes
1806 4552 2087 4618 jejunium,

517 4626 584 4679 de
610 4638 715 4704 quo
751 4622 806 4676 in
838 4622 1184 4692 sequentibus
1223 4620 1555 4675 orationibus
1594 4630 1647 4675 et
1682 4622 1997 4690 praefatione
2038 4624 2097 4677 ﬁt

685 4716 738 4747 ⁸).

607 4704 738 4748 nuo.

516 4710 614 4803 me;
645 4765 793 4819 Hanc
833 4763 1129 4819 orationem
1175 4762 1335 4817 habet
1376 4762 1861 4817 Saeramentarium
1892 4764 2090 4819 Gelasii

2202 3332 2516 3401 plebemque
2542 3330 2872 3385 credentium
2909 3330 3188 3399 prmsentia
3222 3343 3334 3382 sua:
3363 3324 3645 3396 majestatis
3668 3325 3763 3376 im-

2200 3423 2364 3493 plevit
2395 3441 2406 3475 :
2452 3423 2544 3477 sed
2574 3433 2626 3477 et
2657 3422 2971 3476 memoriam
3000 3427 3341 3485 venerantes,
3385 3427 3490 3473 etc.

2272 3524 2311 3551 ω
2336 3514 2585 3580 Benedic,
2616 3514 2858 3579 Domine,
2889 3523 2942 3569 et
2971 3513 3063 3566 has
3092 3522 3209 3567 tuas
3235 3521 3508 3566 creaturas
3555 3504 3760 3577 (fontis)

2202 3607 2375 3661 mellis
2403 3615 2458 3661 et
2484 3607 2633 3661 lactis
2660 3623 2674 3671 ;
2707 3616 2760 3661 et
2788 3615 2909 3675 pota
2936 3606 3163 3660 famulos
3206 3614 3326 3659 tuos
3355 3618 3423 3657 ex
3478 3603 3578 3656 hoc
3626 3600 3772 3654 fonte

2198 3716 2348 3770 aquae
2379 3701 2499 3753 vitae
2523 3700 2791 3769 perennis,
2816 3700 2902 3769 qui
2930 3708 3013 3753 est
3032 3698 3261 3768 Spiritus
3284 3694 3547 3761 veritatis,
3571 3702 3625 3747 et
3650 3707 3780 3746 enu-

2203 3795 2267 3849 tri
2296 3810 2387 3849 eos
2418 3792 2485 3849 de
2518 3793 2617 3847 hoc
2643 3793 2777 3847 lacte
2806 3802 2859 3846 et
2886 3792 3066 3858 melle,
3114 3786 3562 3860 quemadmodum
3612 3783 3779 3855 patri-

2198 3888 2296 3941 bus
2327 3885 2525 3939 nostris
2573 3884 2865 3949 Abraham,
2901 3883 3065 3950 Isaac,
3120 3890 3173 3936 et
3218 3880 3383 3935 Jacob
3413 3887 3442 3916 ιι
3500 3876 3786 3947 promisisti

2198 3976 2543 4033 introducere
2584 3985 2635 4030 te
2680 3991 2773 4031 eos
2806 3978 2855 4029 in
2909 3985 3105 4030 terram
3140 3972 3535 4044 promissionis,
3582 3980 3786 4024 terram

2196 4070 2452 4127 ﬂuentem
2486 4070 2641 4125 melle
2664 4080 2717 4125 et
2748 4070 2902 4124 lacte.
2933 4067 3207 4138 Coojunge
3230 4082 3357 4137 ergo
3384 4064 3613 4119 famulos
3638 4072 3786 4129 tuos,

2196 4150 2441 4233 Domine,
2474 4164 2690 4234 Spiritui
2721 4174 2928 4228 sancto,
2974 4162 3114 4217 sicut
3142 4160 3489 4229 conjunctum
3537 4167 3619 4213 cst
3675 4154 3786 4210 hoc

2197 4256 2302 4312 mel
2332 4265 2382 4312 et
2413 4256 2633 4325 lac,quo
2664 4254 2900 4309 caelestis
2928 4262 3262 4322 terremcque
3279 4248 3590 4305 substantia:
3617 4246 3792 4316 signi-

2274 4412 2287 4461 Ι
2327 4411 2457 4464 Tota
2490 4410 2604 4464 hmo
2637 4408 2877 4479 prmfatio
2907 4416 2989 4462 est
3020 4407 3071 4461 in
3098 4406 3277 4463 Gelas.
3304 4404 3369 4459 ad
3400 4404 3605 4479 vigilias
3644 4402 3790 4479 Pen-

2200 4492 2429 4535 tecostes
2462 4482 2556 4535 lib.
2583 4498 2619 4547 ι,
2639 4473 2805 4543 p.78,
2839 4481 2889 4532 in
2919 4479 3247 4547 Gregoriano
3273 4484 3472 4541 autent,
3496 4486 3548 4529 et
3575 4476 3627 4528 in
3657 4473 3787 4528 Mis-

2198 4553 2295 4625 sali
2325 4553 2677 4625 Romansque
2706 4551 2769 4604 ad
2796 4551 3014 4625 verbum
3038 4549 3291 4625 e/fudit.___
3452 4616 3464 4625 _
3490 4617 3499 4625 _
3612 4614 3625 4625 _
3647 4614 3679 4625 η
3714 4615 3725 4623 _

2274 4621 2298 4659 ¹ί
2332 4623 2534 4677 Similis
2565 4614 2669 4684 est,
2704 4622 2969 4675 nonnullis
2993 4614 3324 4675 intermediis
3355 4616 3534 4673 verbis
3562 4614 3788 4683 additis,

2198 4695 2247 4746 in
2280 4694 2454 4748 Gelas.
2485 4696 2533 4745 in
2558 4704 2713 4747 nocte
2742 4708 2911 4748 caena:
2941 4692 3032 4745 lib.
3068 4708 3104 4751 ι,
3140 4707 3192 4744 ιι.
3216 4692 3285 4744 45
3310 4706 3324 4754 ;
3354 4698 3409 4742 et
3438 4687 3695 4756 repetitur
3724 4687 3785 4741 in

2196 4763 2368 4833 vigilia
2397 4764 2743 4819 Pentecostes
2776 4780 2829 4818 n.
2866 4762 2953 4815 78.
2991 4761 3104 4816 Non
3135 4761 3396 4816 absimilis
3440 4767 3525 4813 est
3566 4773 3790 4833 quoque

517 4836 609 4891 lib.
633 4851 671 4900 t,
697 4852 749 4889 n.
781 4835 869 4899 80,
903 4836 954 4889 in
988 4835 1262 4905 Dominica
1289 4833 1666 4889 Pentecosten.
1696 4834 2088 4905 Gregorianum
2118 4825 2170 4886 D
2198 4825 2509 4905 iquregor.
2540 4846 2592 4890 et
2623 4836 2672 4889 in
2708 4835 2903 4890 Missali
2936 4833 3092 4889 Rom.
3148 4834 3200 4887 in
3244 4833 3505 4887 Paschate
3535 4825 3596 4884 et
3636 4828 3788 4883 Pen-

517 4917 693 4963 autem
726 4908 775 4960 in
806 4906 1039 4961 Sabbato
1069 4917 1192 4961 ante
1222 4904 1597 4961 Pentecosten.

592 4990 613 5019 ο
647 4976 865 5034 Rectius
891 4978 1074 5048 facias.

588 5049 615 5088 ἀ
644 5051 878 5106 [labetur
910 5049 1025 5103 haec
1064 5050 1235 5104 oratio
1276 5049 1327 5102 in
1360 5048 1664 5114 Gelasiano,
1704 5056 1757 5102 et
1785 5048 1835 5102 in
1864 5049 2088 5118 Gregor.

519 5122 757 5178 Menardi
800 5122 927 5175 t‘eria
968 5121 998 5174 7
1030 5119 1375 5174 hebdomadas
1422 5122 1593 5173 tertiae
1638 5118 2090 5187 Quadragesimae.

520 5192 578 5249 In
617 5192 955 5257 Gregorianis
989 5201 1165 5247 autem
1205 5190 1480 5246 codicibus
1518 5207 1545 5242 a
1590 5191 1875 5244 Muratorio
1913 5192 2091 5257 editis,

518 5276 570 5319 et
619 5268 669 5320 iu
717 5259 958 5320 Romano
993 5261 1189 5318 Missali
1238 5262 1368 5317 feria
1397 5259 1431 5314 5
1460 5270 1577 5330 post
1600 5261 1930 5316 Dominicam
1964 5263 2093 5317 Pas-

520 5350 685 5391 8101115
694 5377 706 5390 .

597 5416 620 5444 ε
649 5407 812 5461 Iidem
834 5405 988 5460 codd.
1032 5404 1306 5462 Muratorii
1338 5404 1473 5459 hanc
1500 5403 1796 5460 orationem
1851 5404 2091 5461 referunt

523 5478 744 5533 sabbato
778 5485 901 5532 ante
922 5476 1275 5533 Pentecosten
1296 5476 1363 5528 ad
1406 5478 1699 5531 descensum
1737 5477 1908 5545 fontis.

598 5547 616 5587 ί
646 5549 868 5604 Renovet
898 5558 981 5602 est
1008 5551 1216 5604 varians
1241 5548 1421 5603 lectio.

594 5631 618 5669 ις
651 5619 745 5675 Est
775 5621 824 5674 in
851 5618 1026 5675 Gclas.
1061 5619 1151 5675 lib.
1184 5635 1222 5685 ι,
1253 5636 1308 5674 n.
1340 5619 1430 5673 79.

594 5690 618 5763 lt
654 5692 778 5747 Haec
802 5690 1089 5763 Leoninam
1124 5692 1389 5763 syntaxim
1416 5691 1640 5763 spirant.

600 5762 617 5800 ί
650 5764 772 5819 Haec
793 5762 961 5817 oratio
990 5761 1223 5818 occurrit
1243 5764 1402 5818 etiam
1427 5765 1477 5817 in
1498 5762 1736 5818 Sacram.
1763 5762 1921 5832 Greg.
1955 5768 2010 5817 et
2034 5761 2087 5816 in

524 5836 719 5893 Missali
743 5835 896 5889 Rom.
932 5833 1031 5890 fer.
1055 5834 1089 5887 2
1120 5843 1236 5904 post
1256 5834 1584 5890 Dominicam
1617 5834 1978 5890 Pentec05tes.

2200 4918 2423 4963 ICCOSlC.

2196 4976 2289 5103 M1
2474 4978 2525 5031 in
2581 4976 2759 5033 Gelas.
2817 4975 2910 5031 lib.
2963 4992 3001 5044 ι,
3035 4992 3092 5031 n.
3123 4976 3212 5044 78,
3257 4984 3308 5031 et
3359 4974 3410 5028 in
3450 4971 3792 5042 Gregoriano

2251 5065 2379 5103 eoar
2421 5066 2455 5101 I.

2251 5050 2455 5104 eoardi.

2269 5131 2308 5157 ιιι
2343 5121 2465 5174 Hmc
2489 5120 2788 5174 benedictio
2816 5120 2965 5172 lactis
2996 5128 3048 5173 et
3075 5118 3251 5172 mellis
3292 5126 3468 5172 exstat
3507 5115 3558 5166 in
3583 5112 3793 5173 Ordine

2201 5192 2441 5245 Romano
2466 5192 2715 5257 llittorpii
2749 5192 2801 5243 in
2829 5190 3059 5245 Sahbato
3084 5190 3279 5245 Sancto
3304 5198 3432 5241 tom.
3469 5185 3509 5251 I,
3538 5186 3789 5257 pag._57.

2198 5262 2375 5317 Lat-tis
2396 5278 2458 5315 ac
2487 5254 2658 5315 mellis
2688 5278 2837 5316 nsum
2865 5274 2980 5330 post
3004 5258 3264 5329 baptisma
3312 5264 3611 5330 memorant
3649 5254 3792 5308 Ter-

2202 5334 2448 5387 tullianus
2488 5333 2563 5385 De
2603 5332 2806 5386 Corona
2857 5328 3003 5384 milit.
3064 5328 3111 5385 (Ξ.
3154 5333 3208 5397 5,
3248 5342 3299 5383 ct
3349 5328 3439 5382 lib.
3480 5328 3794 5381 taclversus

2199 5404 2548 5469 Marciooem,
2577 5418 2639 5457 ac
2676 5404 2730 5457 S.
2763 5404 3122 5471 Hieronymus
3153 5404 3202 5455 in
3252 5401 3468 5471 Dia_logo
3499 5398 3790 5471 adversus

2197 5466 2583 5530 Luciferianos.
2608 5474 2737 5529 Vide
2761 5466 2998 5528 Martene
3026 5473 3097 5526 De
3118 5473 3277 5543 antiq.
3312 5466 3554 5543 Ecclesia:
3583 5466 3797 5523 Ritibus

2198 5546 2489 5610 tom.l,lib.
2509 5561 2547 5612 ι,
2576 5560 2624 5601 c.
2645 5547 2811 5610 i,art.
2835 5546 2921 5599 15.
2945 5545 3069 5598 Post
3092 5540 3257 5613 pauca
3276 5558 3377 5596 vox
3408 5540 3566 5610 fontis
3596 5555 3801 5613 perpe-

2198 5632 2311 5671 ram
2332 5619 2554 5681 intrusa,
2571 5618 2622 5669 in
2642 5615 2838 5670 Ordine
2858 5612 3488 5685 llomano’ﬂittorpiijure
3500 5612 3801 5685 omittitur.

2269 5696 2296 5722 η
2326 5687 2707 5757 Supplevimus
2738 5688 2957 5741 verbum
2982 5688 3263 5757 promisisti
3291 5682 3366 5741 cx
3419 5682 3634 5737 laudato
3691 5683 3806 5739 0r-

2197 5758 2323 5816 dine
2354 5758 2596 5815 Romano
2625 5758 2895 5830 llittorpii.
