4018 6314
179 407 247 472 ιδ
1009 409 1208 465 LIBER
1249 407 1774 465 SACfiAMENTORI

1899 405 2222 463 ECCLESIE
2263 407 2578 464 ROMANIS.
3367 406 3434 467 86

178 532 349 594 conis,
381 540 435 585 et
479 545 507 584 a
552 531 780 600 peccatis
824 529 1070 584 omnibus
1111 537 1354 591 exuatur,
1406 537 1461 582 et
1487 538 1510 564 α
1539 527 1603 581 ad
1632 540 1752 582 eum
1782 523 1835 585 Δ
1861 538 2028 594 usque
2057 524 2108 578 in
2138 524 2293 577 ilnetn
2324 533 2397 578 tot
2433 526 2693 580 bonorum
2742 527 3058 595 tntgnibus,
3103 534 3183 582 tot
3228 527 3433 583 cbaria~

176 637 332 693 quem
363 620 719 691 prophetavit,
753 621 1040 675 inveniant.
1075 619 1196 686 Per,
1231 631 1332 675 etc.

153 709 167 758 '7
243 710 309 767 ll.
343 709 476 766 Item
502 712 625 767 alia.
650 742 722 752 —
749 709 776 750 δ
807 712 1156 782 Omnipotens
1208 712 1529 780 sempiterne
1581 708 1720 763 Deus
1741 750 1754 773 ,

175 803 242 863 da
267 807 518 864 cordibus
545 808 744 863 nostris
766 807 912 862 illam
943 818 1150 861 tuarum
1185 804 1558 860 rectitudinem
1591 803 1753 858 semi«

175 908 348 956 tarutn
389 915 546 970 quam
595 900 733 956 beati
784 899 1034 970 Baptista
1075 898 1296 953 Joannis
1341 912 1442 950 vox
1478 894 1756 951 clamantis

173 990 404 1048 edocuit.
436 993 560 1056 Per,
592 1002 697 1047 etc.

248 1095 270 1123 ε
303 1084 440 1152 Tua,
499 1085 743 1150 Domine,
796 1083 1108 1139 muneribus
1154 1081 1339 1137 altaria
1398 1079 1757 1140 cumulamus.

173 1175 315 1234 Illius
337 1177 672 1232 nativitatem
704 1176 907 1232 honore
930 1175 1114 1231 debito
1139 1176 1498 1239 celebrantes,
1525 1175 1616 1241 qui
1641 1169 1761 1226 Sal-

171 1276 415 1324 vatoretn
446 1269 628 1324 mundi
657 1278 709 1324 et
729 1269 924 1324 cecinit
943 1268 1272 1324 adfuturum.
1313 1275 1369 1319 et
1397 1265 1588 1318 adesse
1617 1278 1764 1317 mon-

172 1361 383 1418 stravit.
417 1361 540 1425 Per,
571 1375 676 1418 etc.

247 1455 388 1510 Vere
414 1456 654 1524 dignum.
682 1454 736 1508 In
761 1453 847 1507 die
876 1452 1176 1507 festivitatis
1200 1451 1489 1515 hodiernae,
1515 1465 1619 1519 quo
1642 1451 1760 1503 bea-

173 1553 267 1602 tus
313 1546 403 1602 ille
431 1547 667 1616 Baptista
699 1544 930 1600 Joannes
977 1556 1191 1600 exortus
1238 1552 1340 1607 est,
1378 1541 1608 1596 nondum
1657 1551 1761 1596 ter-

173 1651 317 1694 rena
345 1637 708 1708 conspiciens,
734 1637 968 1692 caelestia
993 1636 1106 1704 jam
1136 1635 1416 1698 revelans;
1448 1633 1581 1687 lueis
1606 1642 1760 1687 aeter-

177 1747 269 1787 nae
296 1732 631 1801 praedicator,
656 1731 956 1799 priusquam
987 1730 1166 1783 lumen
1193 1728 1484 1797 temporale
1505 1729 1756 1790 sentiret;

177 1826 336 1878 testis
393 1821 650 1888 veritatis,
692 1831 974 1889 antequam
1023 1819 1199 1884 visus;
1246 1828 1300 1874 et
1332 1828 1454 1874 ante
1502 1819 1758 1890 propheta

1862 627 2063 671 matum
2114 616 2487 684 Splendoribus
2530 619 2885 673 consecrasti:
2920 618 3143 674 decebat
3187 619 3329 673 enim
3377 629 3434 674 ut

1860 709 2134 764 ineﬂ'abile
2187 709 2398 762 Domini
2451 721 2866 775 sacramentum,
2922 711 3065 781 quod
3123 710 3431 780 prophetica

1857 817 1994 858 voce
2066 802 2423 871 praedixerat,
2481 802 2762 857 visibiliter
2804 803 2962 858 etiam
3009 811 3426 867 monstraturus,

1859 895 1962 968 δι
1994 894 2204 951 steteris
2236 897 2353 962 ejus
2385 895 2584 949 nuntiis
2609 897 2924 951 eminentior
2944 906 3244 966 apparent.
3279 896 3432 953 Unde

1860 1004 1980 1044 cum
2005 989 2228 1058 angelis,
2253 998 2360 1043 etc.

1933 1079 2156 1144 Praesta,
2186 1093 2516 1150 quaesumus,
2554 1079 2796 1144 Domine,
2830 1089 2884 1132 ut
2908 1080 3045 1134 sicut
3065 1082 3130 1136 de
3154 1081 3435 1151 praeteritis

1865 1171 1932 1226 ad
1962 1187 2097 1225 nova
2126 1181 2455 1226 sacramenta
2490 1172 2804 1237 transimus,
2834 1171 2926 1237 ita,
2973 1181 3231 1228 vetustate
3262 1175 3433 1244 depo-

1866 1262 1987 1327 sita,
2020 1264 2364 1319 sanctificatis
2397 1263 2663 1318 mentibus
2703 1265 3036 1318 innovemur.
3071 1263 3191 1330 Per,
3227 1273 3330 1319 etc.

1936 1356 2190 1422 Benedic,
2242 1371 2566 1425 quaesumus,
2609 1356 2853 1421 Domine,
2909 1357 3120 1424 plebem
3177 1366 3345 1421 tuam,
3388 1368 3442 1413 et

1864 1458 2173 1503 sanctorum
2197 1460 2408 1502 tuorum
2437 1448 2907 1517 deprecationibus
2937 1449 3320 1513 confidentem,
3350 1450 3441 1504 tri-

1860 1540 1964 1596 bne
2003 1542 2261 1610 consequi
2290 1541 2431 1612 quod
2459 1555 2677 1610 sperare
2707 1540 2940 1596 donasti.
2974 1541 3078 1597 Per
3131 1550 3233 1597 etc.

2482 1701 2561 1753 Ad
2592 1698 2834 1755 Fatalem.

1940 1833 2030 1888 IV.
2068 1832 2198 1887 Item
2225 1835 2350 1887 alia.
2378 1861 2446 1873 —
2479 1841 2503 1880 ι
2529 1832 2881 1902 Omnipotens
2923 1834 3248 1902 sempiterne
3277 1834 3438 1904 Deus,

172 1930 337 1985 quam
372 1924 560 1978 natus;
595 1914 851 1968 maternis
875 1912 1171 1967 visceribus
1203 1911 1396 1975 latens,
1429 1912 1538 1983 30
1558 1921 1608 1966 et
1634 1910 1759 1967 Uni-

1883 1924 1957 1994 ]ui
1990 1924 2229 1978 instituta
2261 1924 2446 1992 iegalia
2491 1935 2543 1978 et
2581 1931 2887 1978 sanctorum
2919 1926 3182 1992 prmconia
3214 1927 3443 1995 pr0phc-

171 2009 415 2080 genitum
445 2005 537 2061 Dei
561 2007 783 2076 prmscia
815 2005 1171 2060 exsultatione
1191 2004 1581 2074 praenuntians;
1606 2004 1761 2060 Chri-

172 2101 352 2172 stique
382 2100 478 2163 tui,
513 2101 748 2156 nondum
769 2101 999 2171 genitus,
1026 2098 1136 2171 jam
1171 2115 1489 2170 prtecursor.
1524 2097 1632 2154 Nec
1663 2099 1763 2154 mi-

174 2209 312 2264 rum,
369 2196 413 2250 si
448 2194 641 2250 Filium
686 2205 855 2260 tuum,
902 2195 1148 2258 Domine,
1192 2204 1502 2263 procreatus
1533 2194 1767 2250 ostendit

116 2311 123 2320 -
178 2273 358 2360 quem"
385 2287 561 2342 adhuc
601 2297 752 2342 utero
781 2287 995 2342 clausus
1021 2287 1269 2356 agnovit;
1304 2288 1599 2356 meritoque
1631 2289 1767 2341 inter

183 2391 331 2440 natos
395 2381 678 2436 mulierum
733 2380 910 2436 nullus
956 2380 1210 2435 inventus
1267 2389 1350 2434 est
1391 2378 1604 2444 similis,
1646 2383 1767 2450 quia

185 2477 306 2532 nulli
345 2475 684 2530 homininutn
727 2487 950 2544 prorsus
978 2473 1240 2527 indultum
1271 2481 1372 2538 est,
1406 2482 1460 2525 ut
1487 2483 1770 2527 exsecutor

187 2567 490 2625 Divinitatis
521 2567 798 2629 existeret,
837 2567 1144 2636 priusquam
1177 2564 1337 2618 vitam
1371 2564 1618 2618 humana
1643 2578 1770 2618 con-

192 2659 403 2718 ditionis
435 2659 704 2724 hauriret;
733 2660 967 2730 satisque
992 2659 1282 2723 firmatum,
1309 2672 1464 2728 quam
1490 2666 1631 2712 esset
1671 2657 1769 2711 mi-

197 2756 368 2812 rabilis
387 2753 692 2819 Nuntiatus,
719 2753 870 2822 cujus
902 2760 1007 2807 tam
1043 2753 1264 2822 insignis
1294 2750 1519 2807 Nuntius
1549 2765 1772 2822 appare-

202 2855 300 2912 ret;
341 2847 838 2914 convenienterque
889 2860 986 2916 pro
1025 2845 1218 2899 lavacri
1266 2845 1584 2911 ministerio,
1631 2845 1770 2914 quod

209 2938 423 3007 gerebat,
452 2937 646 2993 detulit
676 2935 986 2991 famulatum
1027 2935 1248 3006 perfecti
1294 2935 1630 3002 baptismatis
1662 2951 1774 3006 my‘

217 3032 413 3085 Iterium
463 3032 823 3094 consecranti,
875 3037 930 3083 et
978 3029 1044 3083 ad
1097 3029 1466 3084 remissionem
1525 3038 1773 3098 peccato-

224 3136 325 3176 rum
369 3123 675 3178 mortalibus
730 3122 1140 3191 conferendam,
1189 3122 1310 3176 huic
1366 3124 1486 3190 juro
1541 3120 1776 3174 debitam

235 3214 436 3268 reddidit
475 3217 801 3280 servitutem,
834 3231 990 3284 quem
1022 3213 1202 3268 mundi
1233 3214 1418 3268 tollere
1448 3213 1659 3267 dixerat
1684 3225 1777 3267 ve-

237 3301 362 3358 nisse
386 3315 659 3375 peccatum.
692 3305 841 3363 Unde
866 3321 985 3360 cum
1014 3306 1246 3376 angelis,
1279 3315 1383 3361 etc.

291 3392 315 3432 δ
341 3397 478 3454 Beati
520 3397 736 3456 Joannis
780 3400 1032 3470 Baptistae
1074 3414 1192 3466 nos,
1235 3400 1477 3468 Domine,
1523 3399 1777 3470 pra-clara

228 3492 488 3549 comitetur
512 3498 798 3560 oratio;et
823 3509 979 3565 quem
1021 3503 1302 3549 venturum
1349 3509 1469 3551 esse
1509 3494 1778 3566 praedixit,

223 3595 383 3654 poscat
413 3589 568 3644 nobis
600 3589 782 3644 favere
813 3591 1097 3659 placatum.
1125 3589 1248 3654 i‘er,
1279 3600 1382 3644 etc.

282 3679 471 3750 Magnis
503 3683 772 3752 mysteriis
795 3683 1009 3736 incitata
1041 3681 1193 3751 plebs
1221 3693 1328 3746 tua,
1362 3681 1610 3748 Domine,
1639 3691 1662 3720 '
1683 3697 1781 3753 per

229 3773 352 3826 viam
397 3775 586 3828 salutis
635 3782 688 3830 et
729 3775 872 3843 pacis
910 3773 1135 3841 incedat,
1171 3785 1221 3830 et
1262 3775 1399 3830 beati
1427 3775 1781 3831 Praecursoris

225 3861 542 3922 hortamenta
570 3865 846 3934 sectando,
871 3866 936 3922 ad
962 3883 1081 3923 eum
1111 3882 1268 3938 quem
1299 3867 1560 3938 pradixit,
1596 3883 1781 3924 secura

225 3963 504 4026 perveniat.
537 3961 657 4027 Per,
689 3970 793 4015 etc.

280 4048 356 4104 lli.
384 4051 518 4106 Item
550 4052 1114 4123 alim—Omnipotens
1143 4056 1466 4124 sempiterne
1495 4057 1658 4122 Deus,
1693 4056 1781 4125 qui

221 4142 361 4200 etiam
391 4147 444 4201 iu
477 4145 623 4201 beati
654 4145 874 4201 Joannis
911 4149 1276 4218 generatione,
1326 4152 1618 4218 promenda
1648 4165 1780 4206 con-

221 4233 433 4293 fessione
464 4244 690 4293 sacratae
742 4238 838 4292 tibi
873 4239 1040 4308 plebis
1070 4241 1304 4294 instituis
1331 4257 1344 4294 :
1374 4257 1508 4312 auge
1538 4243 1692 4296 nobis
1720 4241 1784 4297 fi-

217 4323 291 4381 dei
321 4333 644 4400 pietatisque
692 4333 1066 4398 constantiam,
1094 4339 1153 4386 ut
1197 4333 1364 4404 magis
1394 4333 1666 4404 magisque
1711 4332 1787 4388 fa-

219 4427 408 4479 teamur
435 4421 815 4481 excellentiam
858 4424 1121 4488 Nuntiati,
1152 4439 1270 4480 cum
1317 4431 1464 4479 tanta
1509 4424 1578 4481 sit
1621 4426 1786 4496 gloria

217 4515 530 4575 Nuntiantis.
563 4521 686 4587 Per,
715 4529 820 4576 etc.

284 4611 301 4650 ί
331 4613 459 4668 Vota
496 4613 679 4682 populi
711 4613 806 4678 tui,
844 4614 1087 4677 Domine,
1121 4614 1437 4684 propitiatus
1462 4615 1708 4682 intende,
1733 4625 1787 4672 et

1865 2029 2037 2074 tarum
2071 2019 2122 2073 in
2172 2019 2360 2073 diebus
2408 2019 2548 2073 beati
2583 2019 2761 2072 famuli
2797 2019 2872 2072 tui
2900 2019 3122 2073 Joannis
3166 2019 3393 2088 implesti
3428 2039 3440 2072 :

1867 2120 2060 2182 praesta
2079 2117 2138 2166 ut
2164 2111 2496 2165 cessantibus
2519 2109 2966 2177 signiﬁcationum
2991 2109 3194 2179 figuris.
3222 2110 3334 2167 ipsa
3364 2114 3444 2165 sui

1871 2203 2313 2260 manifestatione
2340 2208 2532 2258 veritas
2561 2203 2860 2272 cl0qnatur.
2891 2201 3011 2269 Per,
3044 2211 3148 2260 etc.

1942 2299 2035 2362 Da,
2076 2309 2400 2367 quaesumus,
2436 2296 2680 2359 Domine,
2713 2295 2886 2350 lumen
2939 2296 3298 2366 intelligentia:
3327 2313 3424 2366 par

1881 2390 2020 2444 vulis
2051 2392 2174 2450 tuis,
2209 2399 2284 2454 ut,
2323 2403 2416 2458 pro
2447 2387 2642 2442 veteris
2673 2388 2836 2456 gratia
2866 2391 3184 2444 sacramenti
3217 2404 3448 2458 prteseu-

1873 2484 1938 2538 tis
1977 2483 2222 2538 sacrificii
2265 2483 2436 2551 gratia
2467 2482 2810 2548 succedente,
2863 2482 2938 2534 sie
2980 2482 3271 2550 gloriemur
3303 2483 3451 2536 novis

1872 2587 1930 2632 ut
1957 2592 2060 2631 non
2093 2577 2380 2630 abutamur
2408 2575 2660 2645 antiquis.
2695 2575 2815 2641 Per,
2849 2584 2953 2630 etc.

1945 2671 2084 2726 Vere
2113 2671 2350 2739 dignum.
2387 2668 2649 2736 Quoniam
2684 2668 2834 2737 plena
2873 2676 2997 2721 sunt
3041 2668 3220 2723 omnia
3262 2668 3452 2724 secula

1874 2762 2244 2818 misericordia
2306 2770 2415 2828 tua,
2473 2777 2658 2832 quam,
2710 2761 3110 2816 recurrentibus
3165 2761 3286 2816 data
3340 2761 3456 2832 lege

1875 2857 2226 2929 temporibus,
2271 2857 2430 2910 etiam
2481 2856 2532 2910 in
2565 2855 2721 2925 hujus
2767 2854 2874 2910 diei
2918 2853 3203 2909 festivitate
3234 2870 3457 2911 venera-

1876 2968 1996 3006 mur
2033 2970 2044 3004 :
2075 2957 2431 3022 agnoscentes
2471 2948 2536 3003 ad
2586 2964 2834 3018 magnum
2884 2947 3096 3016 pietatis
3141 2957 3244 3002 tute
3295 2950 3457 3016 perti-

1878 3042 2060 3095 nuisse
2089 3039 2394 3106 consilium,
2421 3047 2477 3092 ut
2509 3048 2724 3091 sanctus
2750 3045 2872 3090 tuus
2901 3036 3155 3100 Joannes,
3179 3040 3330 3104 cujus
3356 3038 3448 3092 Na-

1883 3133 2038 3185 talem
2071 3131 2135 3184 ad
2174 3129 2408 3183 nominis
2444 3129 2515 3181 tui
2541 3127 2767 3197 gloriam
2807 3125 3166 3191 celebramus,
3199 3135 3275 3181 tot
3306 3126 3461 3182 donis

1885 3220 2144 3275 mirabilis
2177 3225 2507 3272 nasceretur.
2539 3216 2662 3283 Per,
2697 3223 2800 3271 etc.

1807 3289 1853 3353 C
1957 3317 2164 3374 Annue,
2193 3310 2432 3373 Domine,
2464 3309 2707 3379 precibus
2734 3309 2952 3374 nostris,
2988 3317 3045 3362 ut
3065 3309 3204 3364 sicut
3233 3307 3299 3364 de
3326 3323 3462 3379 prai-

1883 3405 2054 3460 teritis
2081 3404 2146 3458 ad
2174 3415 2309 3456 nova
2350 3415 2533 3456 sumus
2573 3407 2905 3455 sacramenta
2938 3401 3203 3467 translati,
3238 3402 3333 3466 ita,
3373 3417 3460 3457 ve-

1882 3506 2078 3553 tustate
2107 3497 2368 3567 deposita,
2419 3493 2766 3552 sanctificatis
2817 3495 3084 3552 tuentibus
3124 3496 3458 3551 innovemur.

1881 3587 2004 3650 Per.
2036 3596 2138 3645 etc.

1952 3683 2018 3738 V.
2055 3682 2186 3736 Item
2211 3683 2332 3735 alia.
2363 3709 2435 3722 --
2456 3678 2484 3718 δ
2518 3682 2677 3746 Deus,
2708 3681 2795 3750 qui
2838 3690 3154 3751 pmsentem
3190 3680 3330 3736 diem
3362 3684 3463 3736 ho-

1884 3777 2180 3833 norabiiem
2236 3775 2390 3830 nobis
2442 3775 2492 3830 in
2537 3773 2673 3832 beati
2701 3774 2920 3830 Joannis
2953 3778 3228 3831 nativitate
3267 3775 3460 3845 fecisti,

1884 3871 1950 3928 da
1994 3871 2200 3942 populis
2245 3871 2350 3926 tuis
2401 3870 2717 3940 spiritalium
2767 3871 2990 3941 gratiatn
3023 3870 3359 3940 gaudiorum,
3411 3879 3466 3926 et

1884 3965 2121 4023 omnium
2170 3965 2407 4021 fidelium
2447 3975 2656 4022 mentes
2700 3962 2867 4035 dirige
2905 3965 2958 4019 in
3001 3965 3139 4019 viam
3187 3965 3372 4019 salutis
3410 3974 3463 4019 et

1887 4059 2052 4128 pacis.
2087 4058 2209 4125 Per,
2243 4066 2343 4111 etc.

1955 4152 2308 4219 Omnipotens
2352 4151 2678 4220 sempiterno
2729 4150 2890 4218 Deus,
2938 4149 3027 4217 qui
3070 4149 3176 4203 tuis
3220 4147 3465 4204 fidelibus

1887 4246 2160 4300 contulisti
2193 4252 2250 4298 ut
2275 4244 2365 4297 ille
2391 4258 2497 4312 quo
2526 4243 2667 4296 inter
2689 4249 2842 4295 natos
2869 4239 3153 4295 mulierum
3185 4240 3364 4295 nullus
3382 4252 3467 4297 est

1889 4338 2083 4408 major,
2127 4336 2380 4403 oriretur,
2426 4344 2479 4390 et
2509 4334 2771 4405 Unigeuiti
2806 4334 2882 4389 tui
2924 4333 3191 4406 gloriosus
3225 4334 3464 4390 Praecur-

1890 4441 1981 4486 sor
2002 4429 2294 4484 existeret:
2328 4426 2677 4498 providentiae
2711 4435 2813 4480 tuae
2843 4440 3037 4481 munus
3081 4442 3376 4497 exsequere
3409 4438 3470 4484 ut

1891 4539 2012 4594 quae
2064 4521 2427 4578 manifestavit
2481 4519 2787 4576 testificatio
2835 4517 3044 4586 Nuntii,
3077 4518 3296 4590 impleat
3330 4535 3468 4590 pra:-

1888 4617 2060 4672 sentia
2091 4614 2348 4669 Nuntiati.
2377 4613 2498 4678 Per,
2530 4623 2634 4668 etc.

217 4716 428 4772 quorum
462 4680 584 4759 nos
604 4705 794 4760 tribuis
818 4706 1081 4760 solemnia
1111 4680 1408 4776 celebrare,
1450 4709 1532 4766 fac
1557 4680 1790 4781 gaudere
1813 4680 1867 4742 D
1966 4709 2206 4764 Remotis
2233 4705 2730 4761 obumbrationibus
2769 4703 3063 4760 carnalium
3107 4703 3467 4774 victimarum,

219 4795 494 4869 suffragiis.
529 4797 652 4862 Per,
687 4807 788 4852 etc.

280 4887 415 4945 Vere
453 4890 698 4958 dignum.
753 4889 1015 4958 Quoniam
1063 4892 1255 4947 merito
1300 4893 1421 4948 huic
1450 4894 1588 4951 inter
1619 4897 1789 4954 homi-

219 4993 331 5033 nem
366 4981 510 5036 filios
540 4996 702 5036 nemo
728 4983 980 5050 palatus
1011 4993 1115 5049 est,
1147 5000 1304 5055 quem
1347 4987 1412 5041 ab
1432 4989 1654 5044 exordio
1685 4996 1785 5059 sui,

281 5146 305 5175 ι
328 5137 418 5193 Vel
447 5139 519 5193 ad
545 5138 801 5205 abundat,
834 5146 889 5192 et
915 5152 1013 5207 pro
1042 5141 1297 5195 inveniant
1322 5142 1604 5207 legendum
1643 5148 1782 5202 inve-

218 5208 315 5261 niat
331 5225 349 5274 ;
370 5212 455 5265 vel
482 5217 755 5280 expuncto
785 5211 886 5264 hoc
911 5210 1075 5264 verbo
1098 5208 1435 5282 subroganda
1474 5225 1599 5271 sunt
1625 5220 1788 5275 verba

217 5283 806 5361 pervenit-emercatur,
867 5288 925 5334 ut
971 5296 1035 5336 ex
1083 5282 1510 5342 Sacramentario
1559 5289 1784 5361 Gregor.

218 5352 520 5406 emendavit
552 5352 888 5406 Muratorius.

281 5419 303 5456 ¹ι
330 5420 384 5475 ln
410 5423 573 5494 Missa
597 5421 652 5478 S.
683 5422 901 5476 Joannis
938 5423 1189 5494 Baptistae
1219 5426 1284 5482 ad
1307 5425 1482 5484 fontes
1507 5428 1643 5487 hanc
1673 5447 1796 5486 ora-

219 5491 405 5564 tionem
434 5493 732 5562 praaferunt
752 5493 908 5548 codd.
937 5491 1272 5564 Gregorianl.

284 5571 303 5598 ο
337 5563 464 5644 Haec
499 5579 712 5644 quoque
741 5564 934 5618 ibidem
972 5563 1165 5644 legitu_r
1196 5570 1246 5623 in
1273 5570 1438 5644 prima
1466 5572 1625 5636 Missa
1653 5575 1793 5644 ejus-

223 5631 878 5712 dcmnPraaeursoris,_ne_c
905 5651 1008 5691 non
1026 5631 1088 5694 in
1118 5631 1358 5697 Sacram.
1390 5632 1592 5701 Gelasii
1620 5631 1712 5700 lib.
1733 5662 1790 5712 tt,

221 5713 264 5754 n.
295 5703 386 5768 26,
416 5721 482 5760 ac
514 5708 564 5762 in
597 5708 794 5762 Missali
826 5707 1084 5764 Romano.

257 5771 468 5854 ﬁnitae
489 5780 660 5854 oratio
685 5788 952 5854 postrema
975 5782 1137 5836 estad
1162 5785 1534 5854 complendum
1560 5786 1613 5841 in
1638 5789 1792 5842 Missa

223 5848 406 5926 vigilite
435 5849 497 5903 S.
528 5849 750 5928 Joannis
787 5851 1038 5928 Baptista:
1068 5855 1118 5928 in
1152 5848 1375 5928 laudatis
1403 5858 1562 5912 codd.
1595 5857 1799 5928 Grego-

223 5920 404 5987 rianis,
446 5927 508 5976 et
538 5920 596 5976 iu
626 5920 868 5980 Romano
905 5920 1122 5980 Missali.
1155 5925 1211 5980 in
1250 5930 1370 5983 cod.
1413 5937 1594 5984 autem
1633 5920 1799 5984 Gela-

1895 4801 2187 4872 spiritalem
2217 4797 2332 4864 tibi,
2375 4811 2584 4852 summe
2615 4796 2792 4862 Pater,
2827 4794 3058 4852 hostiam
3097 4796 3322 4867 supplici
3353 4814 3470 4852 ser-

1891 4895 2063 4950 vitute
2093 4890 2408 4953 deferimus.
2439 4905 2556 4959 qua:
2583 4890 2719 4943 miro
2741 4888 2846 4960 32
2877 4888 3241 4960 ineffabilique
3271 4900 3471 4960 myste-

1894 4991 1976 5046 rio
2002 4998 2057 5045 et
2084 4985 2391 5042 immolatur
2421 4997 2655 5053 semper,
2686 4991 2739 5037 et
2763 4981 2948 5037 eadem
2976 4995 3190 5053 semper
3215 4980 3468 5041 offertur:

1893 5149 2045 5205 siano
2077 5144 2165 5199 lib.
2196 5157 2253 5205 tt,
2284 5157 2338 5197 n.
2362 5141 2452 5207 25,
2493 5151 2573 5197 est
2602 5143 2774 5198 oratio
2796 5141 3028 5197 secunda
3061 5140 3276 5213 vigiliae.

1969 5229 1991 5255 °
2021 5214 2306 5285 Sequentia
2332 5214 2530 5269 habent
2549 5215 3032 5270 Sacramentarium
3063 5211 3472 5284 Gregorianum,

1895 5300 1948 5346 et
1980 5283 2190 5342 Missale
2215 5283 2371 5338 Rom.
2404 5285 2455 5338 in
2485 5286 2652 5352 prima
2675 5287 2915 5341 oratione
2943 5285 3152 5354 vigiliae.

1974 5359 1990 5396 ί
2030 5359 2151 5412 Haec
2205 5357 2377 5409 oratio
2422 5366 2596 5411 exstat
2645 5359 2694 5410 in
2740 5353 3232 5411 Bomanolliissali
3276 5353 3362 5407 die
3411 5353 3478 5408 16

1897 5431 2072 5498 Sept.,
2121 5427 2172 5482 in
2218 5428 2726 5483 commemoratione
2758 5427 2854 5484 SS.
2903 5425 3246 5498 Euphemjae,
3276 5423 3476 5488 Lucite,

1901 5493 2296 5560 et'Geminiani
2335 5509 2661 5567 martyrum,
2694 5513 2793 5555 nec
2831 5514 2936 5554 non
2977 5493 3066 5552 die
3097 5495 3168 5552 25
3201 5493 3337 5550 Nov.
3383 5511 3480 5564 pro

1895 5574 1952 5631 S.
1984 5572 2287 5627 Felicitate.

1969 5654 1994 5692 s
2032 5645 2126 5699 Est
2151 5644 2202 5694 in
2231 5641 2468 5696 Sacram.
2499 5639 2678 5696 Gelas.
2710 5639 2805 5694 lib.
2832 5655 2890 5701 tr,
2925 5655 2976 5691 n.
3003 5635 3094 5694 26.

1971 5712 2000 5751 ιι
2029 5717 2121 5770 Est
2147 5712 2198 5765 in
2231 5710 2418 5765 eodem
2451 5709 2570 5763 cod.
2595 5710 2772 5765 Gelas.
2803 5708 2991 5764 eodem
3020 5709 3160 5776 loco,
3186 5715 3238 5765 et
3265 5709 3316 5764 in
3347 5723 3477 5764 mss.

1900 5782 2267 5856 Gregorianis,
2297 5793 2359 5835 ac
2387 5779 2442 5834 in
2470 5779 2712 5837 Romano
2739 5780 2967 5850 Missali,
2992 5781 3109 5853 ipso
3131 5779 3218 5837 die
3247 5779 3310 5836 S.
3339 5779 3483 5835 Prte-

1899 5856 2158 5915 Cut'soris.
