4018 6314
543 394 618 455 ﬂ
1507 368 1737 431 OPERA
1771 364 1832 424 Β.
1872 362 2072 420 »δοκι
2111 357 2350 417 MAGNO
2388 350 2800 413 AT‘I‘BIBUTA.

544 420 612 455 σε
1515 420 1578 431 ν·
1598 420 1737 427 ““”’“
1772 420 1827 424 "‘

544 510 850 585 pariterque
869 510 923 559 et
945 501 1262 557 devotorum
1294 504 1506 557 munus,
1537 495 1592 545 et
1620 479 2014 542 remunerantis
2035 482 2119 533 est
2142 479 2197 540 Α
2223 474 2278 530 in
2310 486 2456 538 eum,
2507 471 2644 525 sicut
2669 467 2957 537 probamus
2987 458 3044 513 in
3086 453 3287 511 sanctis
3331 450 3458 516 tuis,
3499 445 3692 517 accipit
3717 420 3795 503 tua

2226 565 2419 585 _.e_.--.-
2455 560 2780 585 .s-..:....a..m
2837 553 2941 585 Dm-
2997 558 3082 585 οιρ

2226 565 2424 622 virtute
2452 560 2807 618 dominatum.
2836 553 2962 618 Per,
2997 558 3105 604 etc.

2302 654 2483 713 Sancti
2524 652 2621 719 tui,
2655 648 2905 710 Domine,
2954 636 3376 697 misericordiam
3421 633 3791 704 deprecentur,

2233 758 2294 805 ut
2334 753 2671 804 sacramenta
2707 754 2826 811 qua:
2869 734 3213 805 sumpsimus,
3261 738 3310 784 et
3357 723 3641 798 praesentis
3679 721 3795 778 vitae

2229 840 2386 899 nobis
2416 836 2650 895 remedia
2681 831 2961 890 conferant
2997 837 3051 883 et
3082 824 3297 880 futurae.
3332 819 3456 885 Per,
3492 824 3599 873 etc.

2308 931 2326 971 ί
2361 932 2540 987 Beatis
2568 925 2893 998 martyribus
2920 915 3368 991 supplicantibus,
3397 910 3649 974 Domine,
3682 908 3798 981 ﬁde:

2230 1023 2311 1081 les
2338 1031 2459 1078 tuos
2492 1018 2812 1092 propitiatus
2856 1010 3096 1073 intende,
3145 1016 3204 1063 nt
3233 1016 3456 1061 munera
3482 1000 3678 1056 collata
3718 1013 3801 1057 eu-

2231 1118 2489 1182 stodiant,
2516 1123 2572 1171 et
2600 1112 2951 1183 piejusteque
2971 1111 3186 1174 sperata
3208 1097 3527 1171 percipiant.
3554 1093 3681 1159 Per,
3706 1100 3801 1147 etc.

2303 1207 2406 1276 Qui
2455 1213 2600 1273 sunt,
2657 1202 2907 1266 Domine,
2961 1197 3055 1252 tibi
3106 1190 3356 1262 subjecti,
3416 1184 3803 1243 benedictiones

2236 1274 2378 1367 tuas,
2427 1308 2482 1355 te
2535 1297 2817 1367 largiente,
2863 1288 3182 1362 percipiant,
3224 1297 3359 1354 quas
3414 1277 3607 1335 humili
3654 1274 3804 1332 devo-

2236 1395 2383 1453 tione
2412 1392 2780 1450 indesinenter
2805 1392 3136 1456 exspectant.
3176 1380 3301 1449 Per,
3334 1386 3441 1433 etc.

544 601 842 677 praemium.
879 596 1000 661 Per,
1031 602 1137 649 etc.

618 706 647 735 ι
674 694 815 751 Vere
842 689 1083 760 dignum.
1135 683 1191 738 In
1225 681 1315 737 dic
1346 673 1648 733 festivitatis
1696 668 1991 731 hodiernae,
2022 678 2124 736 qua

544 790 736 847 beatus
763 758 995 840 Joannes
1032 785 1254 833 exortus
1302 779 1405 837 est,
1437 769 1527 839 qui
1574 778 1760 822 vocem
1798 760 1984 816 Matris
2025 758 2127 812 Do-

548 882 678 939 mini
710 876 949 933 nondnm
984 871 1158 928 editus
1198 866 1386 929 sensit,
1418 871 1473 916 et
1497 857 1674 914 adhuc
1704 855 1917 909 clausus
1943 860 2125 915 utero,

551 973 618 1028 ad
659 969 947 1025 adventum
994 960 1181 1019 salutis
1227 958 1475 1011 humana:
1522 946 1835 1021 prophetica
1889 941 2123 999 exsultav

550 1064 699 1122 tione
739 1058 982 1131 gestivit;
1012 1054 1103 1125 qui
1144 1059 1198 1106 et
1235 1044 1511 1119 genitricis
1541 1039 1883 1096 sterilitatem
1934 1044 2129 1089 conce-

550 1165 677 1229 ptus
704 1127 972 1211 abstersit,
996 1152 1050 1201 et
1079 1142 1243 1214 patris
1268 1140 1505 1208 linguam
1542 1140 1701 1189 natus
1730 1127 1960 1184 absolvit
1991 1142 2003 1177 :
2036 1137 2126 1179 so-

551 1216 744 1318 lusque
771 1240 1006 1299 omnium
1032 1234 1414 1308 prophetarum
1455 1226 1871 1294 Redemptorem
1922 1216 2127 1283 mundi,

554 1308 713 1412 quem
738 1330 1139 1406 praenuntiavit,
1179 1322 1446 1386 ostendit;
1496 1329 1555 1376 et
1599 1326 1657 1372 ut
1685 1328 1854 1371 sacrm
1884 1308 2132 1381 puriﬁca-

552 1398 715 1485 tionis
742 1424 993 1482 ell‘ectum
1021 1431 1280 1490 aquarum
1312 1421 1504 1469 natura
1532 1408 1866 1476 conciperet,
1898 1398 2134 1456 sanctifi-

554 1522 742 1581 candis
777 1516 1026 1576 Jordanis
1054 1512 1267 1570 ﬂuentis
1295 1512 1469 1581 ipsum
1499 1502 1835 1576 baptismatis
1872 1500 2001 1555 lavit
2035 1510 2133 1552 au-

556 1625 785 1673 ctorem.
817 1610 966 1668 Unde
992 1622 1113 1665 cum
1142 1604 1363 1675 angelis,
1394 1609 1499 1658 etc.

630 1707 661 1748 ιι
691 1705 938 1763 leestis
973 1699 1100 1758 doni
1131 1695 1509 1755 benedictione
1539 1697 1816 1763 percepta,
1865 1683 2136 1756 supplices

560 1812 636 1871 te,
676 1801 819 1857 Deus
871 1797 1238 1867 omnipotens,
1291 1790 1681 1861 deprecamur,
1732 1792 1801 1865 ut~
1847 1780 1950 1836 hoc
1994 1777 2135 1834 idem

2314 1487 2380 1542 V.
2416 1485 2549 1542 Item
2592 1483 2717 1537 alia.
2749 1511 2819 1523 -
2847 1490 2871 1528 s
2904 1478 3241 1546 Quaesumus,
3273 1468 3623 1538 omnipotens
3663 1464 3801 1528 Deus,

2243 1590 2304 1638 ut
2346 1594 2445 1635 nos
2494 1576 2760 1649 geminata
2803 1569 2986 1628 lmtitia
3024 1566 3299 1622 hodiernae
3331 1556 3643 1618 festivitatis
3668 1554 3802 1612 exci-

2244 1676 2379 1747 piat,
2415 1689 2535 1746 quze
2572 1672 2639 1727 de
2688 1671 2967 1726 beatorum
3008 1662 3231 1721 Joannis
3277 1670 3329 1715 et
3364 1656 3515 1714 Pauli
3558 1652 3803 1726 glorifica-

2241 1771 2387 1824 tione
2417 1764 2678 1838 procedit,
2704 1776 2839 1834 quos
2867 1760 3054 1817 eadem
3094 1756 3226 1813 fides
3254 1764 3311 1810 et
3345 1750 3523 1823 passio
3546 1747 3676 1807 fecit
3698 1758 3799 1803 esse

558 1893 716 1952 nobis
762 1904 974 1962 semper
1029 1895 1085 1944 et
1132 1856 1451 1943 sacramenti
1488 1893 1647 1936 causa
1701 1860 1880 1932 sitiet
1928 1869 2138 1928 salutis.
2170 1870 2550 1962 Bsell‘manos-
2578 1856 2704 1921 Per.
2734 1862 2842 1910 elc-

559 1987 687 2045 Per.
713 1994 818 2042 etc.

632 2029 776 2147 Quos
804 2083 922 2131 tuos
942 2071 1132 2140 efficis,
1157 2068 1402 2133 Domine,
1436 2072 1526 2120 tua
1557 2063 1755 2134 pietate
1780 2060 2141 2126 circumtege;

563 2176 621 2227 et
645 2145 920 2239 fragilibus
950 2171 1257 2219 sanctorum
1291 2155 1533 2215 omnium
1562 2150 1837 2225 praetende
1864 2145 2143 2212 subsidia;

564 2271 628 2319 ut
664 2260 729 2317 ad
778 2255 1163 2329 promissiones
1201 2261 1339 2319 tuas,
1394 2259 1448 2304 te
1474 2246 1797 2317 inspirante,
1821 2248 2062 2307 currant,
2096 2245 2150 2293 te

568 2355 925 2429 gubernante,
952 2346 1286 2422 perveniant.
1320 2342 1443 2409 Per,
1474 2348 1580 2397 etc.

1293 2479 1436 2536 XIV.

784 2615 836 2657 tu
858 2612 1052 2656 ωλι-λιι
1076 2594 1390 2653 ἓλκατοιιυι
1413 2602 1630 2648 πολίταις
1656 2603 1725 2644 er
1754 2600 1941 2643 psum.

655 2716 697 2774 Ι.
727 2746 795 2759 -
823 2714 1175 2785 Omnipotens
1220 2708 1547 2779 sempiterne
1593 2706 1752 2773 Deus,
1789 2701 1880 2773 qui
1911 2714 2007 2756 nos
2036 2697 2155 2754 ido-

579 2824 711 2867 neos
744 2822 852 2864 non
876 2821 998 2864 esse
1025 2802 1333 2877 perpendis,
1357 2808 1463 2857 etc.
1500 2809 1522 2837 ε

653 2900 860 2971 Adjuva
882 2912 1001 2965 nos,
1021 2895 1270 2961 Domine,
1286 2902 1497 2949 tuorum
1518 2903 1676 2961 prece
1701 2894 2032 2953 sanctorum,
2050 2889 2158 2938 etc.

652 2993 793 3049 Vere
821 2991 1060 3061 dignum.
1091 2987 1192 3055 Qui
1230 3000 1335 3042 non
1364 2985 1541 3042 solum
1569 2980 1806 3039 debitum
1851 2974 2040 3034 mortis
2065 2989 2164 3031 an-

582 3088 765 3159 tiquae,
793 3096 901 3143 etc.

652 3178 718 3235 ll.
746 3176 881 3232 Item
909 3176 1033 3235 alia.
1063 3203 1136 3216 —
1155 3172 1275 3231 Sint
1318 3170 1414 3228 tibi
1442 3168 1655 3239 placita,
1698 3164 1949 3231 Domine,
1981 3159 2160 3233 populi

498 3344 507 3351 .
585 3271 682 3340 tui,
708 3280 815 3326 etc.
844 3266 874 3306 ἀ

659 3363 842 3418 Dicata
870 3357 1074 3415 nomini
1093 3364 1185 3411 tuo
1215 3367 1459 3420 munera,
1492 3348 1739 3414 Domine,
1769 3356 1873 3403 etc.

657 3454 801 3510 Vere
828 3452 1065 3521 dignum.
1098 3448 1199 3513 Qui
1246 3445 1313 3500 ad
1357 3443 1616 3512 majorem
1664 3437 2011 3508 triumphum,
2056 3443 2160 3492 etc.

658 3547 747 3602 ΙΙΙ.
776 3544 912 3599 Item
939 3544 1059 3597 alia.
1086 3569 1156 3581 —
1186 3534 1410 3602 Exaudi,
1438 3532 1687 3599 Domine,
1717 3543 1904 3602 preces
1929 3535 2161 3593 nostras,

592 3647 649 3697 et
675 3646 735 3693 ut
756 3635 938 3707 digna,
975 3642 1082 3690 etc.
1111 3641 1135 3670 θ

665 3729 804 3785 Vere
833 3728 1069 3798 dignum.
1101 3722 1200 3778 Tui
1233 3721 1376 3777 enim
1404 3721 1608 3791 operis,
1635 3715 1882 3780 Domine,
1919 3720 2024 3770 etc.

663 3821 769 3893 33
795 3818 884 3875 ιγ.
914 3817 1045 3872 Item
1065 3816 1191 3871 alia.
1213 3843 1285 3856 -—
1306 3812 1532 3879 Adesto,
1567 3808 1811 3874 Domine,
1837 3818 2167 3879 quaesumus,

596 3911 853 3969 Ecclesiae
882 3920 985 3965 tuae
1014 3906 1174 3977 vctis,
1206 3905 1393 3961 adesto
1418 3902 1765 3967 muneribus;
1797 3908 1850 3956 ct
1878 3896 2021 3970 quod
2044 3912 2175 3952 con-

595 4005 818 4061 scientia
846 4011 1026 4059 nostra
1072 4014 1181 4055 non
1219 3996 1449 4068 supplet,
1489 4001 1798 4050 sanctorum
1846 4001 2056 4047 tuorum
2085 3988 2173 4044 in-

595 4096 850 4157 tercessio
876 4100 1187 4165 compensat
1217 4098 1272 4146 et
1297 4088 1571 4145 meritum.
1602 4085 1726 4151 Per,
1755 4094 1862 4141 etc.

674 4192 808 4247 Vere
838 4188 1078 4261 dignum.
1108 4184 1245 4252 Quia
1284 4181 1419 4238 mira
1459 4188 1584 4237 sunt
1611 4191 1776 4248 opera
1819 4174 2041 4248 iustitiae
2072 4181 2177 4229 tum

597 4295 759 4356 atque
785 4281 1017 4352 pietatis,
1042 4292 1165 4335 cum
1187 4276 1273 4331 vel
1301 4289 1332 4329 a
1360 4281 1416 4329 te
1443 4271 1668 4329 devians
1700 4269 1863 4325 homo
1893 4266 2176 4323 diabolicae

599 4374 880 4444 subjicitur
908 4368 1181 4443 potestati,
1203 4365 1292 4422 vel
1317 4365 1386 4420 ad
1426 4373 1480 4419 te
1518 4378 1615 4434 per
1644 4370 1787 4417 tuam
1830 4359 2056 4431 gratiam
2089 4373 2176 4414 re-

601 4486 808 4538 means,
840 4484 946 4524 non
971 4467 1143 4522 solum
1166 4463 1254 4534 jus
1282 4459 1459 4517 infesti
1480 4457 1829 4514 dominatoris
1855 4452 2058 4521 evadit,
2081 4451 2175 4510 sed

680 4601 940 4659 aMissale
984 4596 1396 4654 Ambrosianum
1437 4592 1575 4663 apud
1622 4592 1913 4647 Parnelium
1959 4603 2086 4648 tom.
2131 4593 2171 4658 l,

606 4672 885 4750 pag._39'5,
918 4670 1055 4750 hanc
1084 4666 1446 4750 praefationem
1477 4663 1713 4750 exhibet,
1756 4677 1863 4750 'nec
1903 4679 2007 4717 non
2048 4665 2176 4750 Legi-
2201 4672 2258 4734 Ῑ)

608 4733 707 4803 ἶιιῖ
737 4733 882 4801 inter
913 4733 1252 4811 praefationes
1301 4737 1545 4811 antiquas
1588 4744 1717 4789 tom.
1756 4733 1822 4801 ll,
1880 4749 1999 4804 pag.
2049 4734 2173 4791 587.

608 4806 948 4874 Concordan't
968 4810 1123 4866 codd.
1152 4806 1489 4877 Gregoriani.

679 4889 705 4928 δ
736 4890 829 4942 Est
864 4884 919 4939 in
950 4896 1083 4937 mss.
1126 4875 1352 4947 Gregor.
1395 4893 1458 4933 ac
1502 4876 1557 4932 in
1585 4875 1783 4932 Missali
1822 4876 1980 4932 Rom.
2015 4876 2113 4932 fer.
2150 4877 2180 4933 ι

611 4952 1085 5034 postpominicam
1114 4950 1405 5004 Passionis.

685 5043 707 5071 ε
739 5030 861 5084 Haec
895 5035 950 5079 et
978 5031 1259 5092 sequentes
1303 5020 1570 5092 orationes
1599 5034 1719 5073 cum
1751 5017 2059 5092 prmfatione
2090 5018 2183 5072 ha-

611 5104 804 5159 bentur
824 5110 987 5166 supra
1015 5088 1197 5148 mense
1225 5090 1397 5160 Aprili
1425 5090 1580 5145 Missa
1609 5105 1777 5145 xxxix
1808 5088 1875 5144 de
1908 5090 2179 5145 communi

792 5187 813 5221 l‘
918 5210 932 5223 .

612 5181 1481 5317 fnirﬁigtrepetuntur‘orationes
1522 5241 1577 5288 et
1604 5230 1848 5302 praefatio
1892 5231 2066 5287 Missae
2115 5246 2183 5287 ιι.

616 5315 835 5370 inserta:
856 5303 1025 5364 mensi
1057 5303 1245 5369 Aprili.

689 5392 712 5420 θ
742 5382 838 5436 Hic
858 5391 1066 5451 quoque
1103 5380 1415 5445 repetuntur
1440 5386 1627 5444 preces
1654 5374 1829 5431 Missre
1863 5388 1958 5428 xu
1987 5373 2189 5429 mensis

618 5452 919 5606 Affnllilﬁius.
952 5518 1168 5606 quidem
1186 5515 1476 5606 sickleg'itur
1500 5533 1513 5571 :
1535 5514 1707 5571 Beatis
1735 5516 2043 5598 martyribus
2065 5531 2189 5585 sup-

619 5594 942 5724 yliqntibus,
970 5587 1229 5673 'Domine,
1252 5587 1425 5670 ﬁdeles
1478 5588 1920 5672 tuospmpitialus
1961 5588 2177 5641 intende.

672 5683 721 5720 ut
748 5675 884 5724 sunt,
912 5661 1152 5724 Domine,
1181 5660 1366 5724 ttbtque
1392 5658 1626 5724 subjecti,
1658 5658 2027 5711 benedictiones
2068 5666 2177 5710 tuas

672 5668 721 5746 u_i
748 5661 1152 5746 sunt,ADomine.,
1181 5659 1366 5746 tibique
1392 5658 2027 5746 subjecti,.betterlictiones
2068 5666 2182 5710 tuas

625 5746 673 5792 te
692 5737 931 5808 largiente
950 5733 1253 5805 percipiant,
1281 5746 1406 5808 quas
1435 5730 1615 5783 humili
1637 5729 1975 5808 indesinenter
2004 5743 2183 5797 exspe-

623 5800 794 5873 ctant}
823 5804 911 5861 sed
936 5800 990 5858 ut
1016 5800 1455 5873 munerabunlata
1500 5800 1925 5873 custodiant,pie
1943 5802 2182 5873 justeque

624 5870 827 5950 sperata
852 5876 1151 5949 percipiant.
1178 5872 1238 5931 ln
1267 5872 1380 5930 haec
1419 5872 1620 5930 notavit
1646 5870 1963 5929 Franciscus
1992 5870 2179 5926 Pastor

2318 1946 2347 1988 ιι
2370 1949 2584 2004 Hostias
2623 1943 2880 2001 altaribus
2922 1939 3049 2009 tuis,
3098 1935 3342 2000 Domine,
3381 1930 3696 2004 placationis
3720 1928 3805 1982 im-

2246 2042 2517 2113 ponimus,
2550 2038 2844 2110 potentiam
2871 2041 3018 2089 tuam
3041 2030 3096 2086 in
3127 2036 3435 2085 sanctorum
3467 2032 3678 2078 tuorum
3703 2030 3809 2089 pas-

2247 2133 2489 2192 sionibus
2536 2107 2871 2194 bonorando,
2923 2134 2976 2179 et
3020 2136 3114 2193 per
3162 2134 3257 2177 eos
3300 2115 3458 2173 nobis
3497 2107 3810 2186 imploranda

2250 2229 2464 2286 veniam
2498 2232 2865 2297 peccatorum.
2892 2218 3020 2285 Per,
3054 2223 3160 2272 etc.

2323 2318 2463 2375 Vere
2489 2315 2737 2387 dignum.
2770 2309 3027 2381 Quamvis
3067 2305 3210 2364 enim
3244 2313 3456 2360 tuorum
3492 2301 3679 2356 merita
3707 2306 3811 2367 pre-

2252 2413 2390 2471 tiosa
2414 2412 2708 2483 justorum,
2738 2416 3077 2478 quocumque
3118 2398 3349 2457 fideliter
3397 2397 3729 2458 invocentur,
3764 2387 3808 2442 in

2254 2518 2345 2567 tua
2397 2508 2508 2566 sint
2554 2507 2750 2562 virtute
2798 2499 3108 2573 praesentia,
3161 2503 3408 2567 potenter
3459 2501 3633 2548 tamen
3678 2483 3812 2542 nobis

2256 2603 2510 2662 clementi
2540 2596 2875 2672 providentia
2927 2590 3222 2655 contulisti,
3258 2596 3316 2643 ut
3356 2601 3463 2642 non
3502 2584 3671 2641 solum
3699 2592 3807 2651 pas-

2258 2698 2500 2757 sionibus
2537 2702 2836 2765 martyrum
2872 2686 3124 2761 gloriosis
3166 2682 3359 2739 iurbis
3389 2678 3539 2735 istius
3579 2672 3813 2730 ambitum

2261 2803 2571 2855 coronares,
2627 2785 2723 2843 sed
2780 2783 2943 2839 etiam
2985 2781 3039 2834 in
3088 2776 3217 2847 ipsis
3273 2770 3565 2829 visceribus
3604 2756 3817 2823 civitatis

2263 2883 2437 2943 sancti
2460 2880 2684 2938 Joannis
2706 2886 2763 2934 et
2784 2876 2938 2933 Pauli
2965 2870 3205 2928 victricia
3230 2866 3465 2924 membra
3494 2858 3815 2919 reconderes,

2270 2987 2329 3035 ut
2352 2975 2578 3034 interius
2606 2971 2945 3040 exteriusque
2966 2964 3306 3022 cernentibus
3333 2966 3385 3014 et
3412 2952 3710 3021 exemplum
3735 2948 3821 3019 pia:

2265 3067 2626 3128 confessionis
2675 3037 3006 3128 occurreret,
3036 3066 3092 3114 et
3132 3050 3417 3125 magniﬁca:
3445 3037 3822 3102 benedictionis

2267 3179 2374 3220 non
2402 3162 2615 3217 deesset
2644 3155 2920 3211 auxilium.
2956 3152 3080 3217 Per,
3113 3156 3215 3205 etc.

2186 3252 2235 3317 C
2335 3255 2444 3329 35.
2472 3252 2560 3310 Vl.
2587 3251 2722 3307 Item
2747 3248 2876 3305 alia.
2908 3276 2973 3289 —
3008 3244 3192 3300 Honor
3234 3245 3525 3310 martyrum
3561 3231 3812 3288 beatorum

2264 3324 2478 3405 deferre
2499 3360 2596 3400 nos
2619 3344 2714 3398 tibi
2742 3354 2988 3405 munera,
3018 3336 3267 3399 Domine,
3303 3331 3529 3387 fidenter
3572 3324 3800 3380 hortatur,

2268 3440 2390 3512 quia
2421 3453 2515 3510 per
2542 3451 2637 3492 eos
2665 3434 2821 3490 nobis
2848 3430 3117 3488 credimus
3147 3424 3453 3498 profutura.
3479 3419 3589 3480 Per,
3614 3418 3733 3468 etc.‘

2338 3504 2481 3589 Vere
2516 3531 2753 3602 dignum.
2789 3526 2977 3597 Fulget
3008 3522 3152 3581 enim
3192 3535 3297 3577 vox
3327 3519 3418 3575 illa
3461 3504 3817 3602 piissimaADo-

2268 3627 2399 3685 mini
2444 3600 2615 3681 nostri
2643 3622 2770 3679 Iesu
2817 3618 3038 3686 Christi,
3082 3630 3211 3687 qua,
3256 3610 3462 3669 mundo
3507 3600 3821 3664 subvenistis,

2269 3719 2563 3777 clementer
2611 3712 2892 3785 praedixit:
2928 3708 3043 3764 Nisi
3089 3721 3310 3781 granum
3357 3701 3515 3757 tritici
3556 3696 3732 3753 cadens
3778 3690 3825 3742 in

2273 3820 2464 3867 terram
2489 3815 2746 3863 mortuum
2771 3804 2947 3875 fuerit,
2978 3802 3149 3872 ipsum
3184 3797 3351 3853 solum
3378 3800 3581 3858 manet;
3610 3789 3650 3844 si
3678 3792 3828 3839 autem

2274 3912 2531 3959 mortuum
2552 3900 2729 3971 fuerit,
2756 3872 2975 3951 multum
2996 3896 3217 3965 fructum
3237 3888 3390 3958 affert
3414 3884 3594 3959 (Joan.
3625 3872 3829 3947 ωηερε).

2277 3993 2356 4050 Ex
2397 4008 2501 4064 quo
2555 3989 2800 4046 videmus
2845 3987 3063 4042 uberem
3107 3981 3396 4053 pullulasse
3444 3983 3557 4032 toto
3599 3977 3833 4029 terrarum

2276 4061 2725 4148 orbe'sationem,
2774 4090 2828 4136 et
2856 4079 2925 4135 de
2954 4074 3231 4149 principali
3266 4086 3426 4130 cruce
3451 4067 3712 4141 prodiisse
3739 4061 3834 4132 glo-

2277 4180 2540 4236 riosarum
2582 4184 2819 4248 segetem
2845 4171 3175 4243 passionum,
3217 4168 3339 4239 quia
3381 4180 3479 4237 pro
3515 4163 3693 4235 impiis
3734 4170 3837 4213 ser-

2279 4272 2361 4327 vis
2387 4269 2699 4342 sanguinem
2727 4280 2882 4323 suum
2928 4263 3153 4319 Creator
3192 4258 3493 4328 en‘undens,
3525 4265 3590 4313 ut
3620 4267 3713 4327 pro
3756 4249 3840 4305 im-

2278 4363 2546 4420 maculato
2569 4360 2798 4416 Domino
2836 4355 3024 4412 famuli
3057 4359 3366 4425 peccatores
3408 4349 3658 4406 certatim
3686 4354 3838 4401 more-

2281 4466 2495 4521 rentur,
2527 4451 2728 4509 eﬂecit.
2771 4451 3085 4521 Propterea,
3117 4454 3222 4502 etc.
3411 4442 3415 4447 ⁷

2286 4593 2426 4662 apud
2463 4590 2875 4662 Blanchinium»:
2902 4586 3127 4662 Collecta
3153 4599 3268 4652 qua:
3291 4582 3492 4662 _incipit_
3518 4579 3700 4662 Beatis
3727 4589 3847 4633 mar.

2280 4653 2485 4735 tiribus
2516 4660 2959 4735 supplicantibus,
2991 4658 3093 4711 nisi
3121 4653 3433 4735 emendetur,
3474 4653 3682 4734 lectoris
3711 4662 3845 4732 vexa-

2284 4719 2354 4789 b'il
2384 4719 2661 4804 ingenia-ni.
2711 4729 2785 4804 Ni
2810 4719 2963 4802 fallor
2992 4738 3181 4804 tamen,
3214 4726 3359 4797 facili
3391 4726 3599 4804 negotio
3637 4719 3851 4804 restitui-

2282 4814 2388 4870 tur,
2416 4788 2461 4857 si
2492 4805 2722 4858 dicamus
2750 4788 2821 4855 in.
2847 4816 3000 4854 unam
3027 4788 3352 4868 eamdemque
3400 4788 3669 4870 collectam
3695 4788 3849 4862 dupli-

2285 4865 2393 4932 cem
2420 4876 2577 4940 fuisse
2628 4878 2897 4945 confusam
2946 4870 3009 4923 ab
3048 4865 3357 4945 antiqtgtrio,
3390 4865 3759 4945 .ut_colligitur
3803 4874 3856 4914 ea:

2283 4934 2539 5021 geminata
2592 4934 2746 5021 verba
2806 4934 3652 5021 venerentur.'Emendatiqneni
3709 4934 3852 5021 ejus.

2288 5004 2447 5144 'guam
2493 5016 2817 5072 Muratorius
2859 5013 3076 5083 recepit,
3127 5012 3466 5066 retinuimus.
3499 5008 3691 5065 Solum
3734 5004 3857 5059 idem

2332 5100 2479 5144 aStor
2512 5102 2610 5144 pro
2648 5086 2833 5140 humili
2860 5086 3177 5138 alterutrum
3210 5081 3489 5144 legendum
3520 5077 3758 5143 monuit,
3786 5070 3857 5128 vel

2332 5070 2610 5158 aster—pro
2648 5070 2833 5140 humili
2860 5070 3177 5158 alterutrum
3210 5077 3758 5158 legendumanonuit,
3786 5070 3859 5128 vel

2291 5150 2589 5230 supplendo
2630 5158 2911 5230 devotione,
2946 5156 3026 5209 vel
3056 5150 3650 5230 scribendohnumiliter,
3686 5156 3785 5230 etc.

2367 5218 2516 5285 IIS-Est
2540 5229 2595 5284 in
2624 5228 2800 5285 Gelas.
2832 5218 3056 5296 Gregor.
3084 5234 3138 5279 et
3156 5223 3351 5279 Missali
3382 5223 3569 5296 Rom.,
3596 5237 3664 5276 ex
3686 5218 3863 5289 quibus

2288 5301 2657 5411 suppletafuit
2678 5294 2993 5382 praepositio
3023 5298 3085 5350 de
3114 5307 3239 5350 ante
3259 5309 3443 5349 vocem
3472 5294 3761 5347 beatorum.

2431 5372 2645 5411 IJIDIIIII‘
2676 5387 2726 5411 In
2756 5371 3065 5411 Rzmmmnn-
3100 5367 3272 5411 Calas.
3310 5376 3363 5411 et
3396 5363 3629 5411 Greanr-

2373 5363 2645 5451 P'Eegitur
2676 5363 2727 5425 in
2756 5363 3067 5451 Sacram‘en.
3100 5367 3278 5448 Gelas.
3310 5376 3364 5421 et
3385 5363 3630 5451 Fragor.

2370 5442 2385 5481 ί
2424 5432 2534 5498 Hic"
2553 5442 2863 5498 cmmeteria
2895 5439 3199 5494 indicantur
3228 5439 3280 5491 in
3310 5432 3864 5506 quibus'antiquiores

2290 5522 2567 5597 martyres
2574 5521 2742 5597 erant
2768 5511 2996 5597 sepulti;
3035 5524 3155 5565 cum
3196 5508 3290 5564 SS.
3327 5501 3570 5597 Ioannes
3602 5501 3867 5597 e‘tPaulus

2286 5585 2345 5668 in
2390 5573 3041 5668 iifsis‘llrbis‘vjsceribus
3086 5589 3285 5668 essent,
3315 5573 3868 5668 tumulatiusnniliter

2285 5656 2338 5711 in
2369 5646 2679 5727 przefntione
2722 5654 2903 5727 Missa;
2927 5653 3130 5727 primae
3153 5650 3396 5727 S._Xysti
3423 5664 3513 5704 vin
3549 5649 3674 5727 idus
3701 5646 3870 5713 Augu«

2282 5722 2389 5783 sti':
2424 5727 2615 5792 Quibus
2646 5724 3016 5850 gnartyribus)
3051 5722 3189 5779 urbis
3219 5723 3372 5795 hujus
3419 5722 3685 5792 principiis
3729 5730 3866 5771 coro-

2282 5808 2431 5850 natus
2460 5807 2532 5850 est
2563 5814 2645 5850 am
2681 5804 2801 5850 tlus.

2281 5808 2431 5856 natus
2460 5807 2532 5854 est
2563 5804 2801 5853 ambitus.
