4018 6314
224 342 287 400 ιο
1032 333 1233 391 LIBER
1273 331 1888 391 SACRAMENTORUM
1932 333 2285 396 ECCLESIIE
2326 338 2658 397 ROMAN.E.
3420 343 3493 401 50

293 453 400 510 Vll.
456 451 591 508 Item
628 455 752 508 alia.
785 481 855 494 —
879 454 1165 522 Propitius,
1204 452 1446 519 Domine,
1490 464 1798 522 quasumus
1825 468 1875 522 Α
1905 465 2256 521 sacratarum,
2282 474 2500 528 quarum
2530 471 2650 516 ante
2677 471 2918 517 sanctum
2945 463 3115 518 altare
3143 472 3288 518 tuum
3311 463 3489 518 oblata

223 548 545 604 oblationem
605 556 800 603 nostra:
846 546 1122 602 servitutis
1164 544 1414 611 intende;
1472 555 1526 602 et
1575 555 1631 600 ut
1683 561 1806 601 san-

222 652 427 698 ctorum
481 651 689 698 tuorum
745 641 994 713 precibus
1039 641 1497 708 commendetur,
1565 640 1802 711 indulge.

230 735 355 802 Per,
383 745 486 790 etc.

292 829 431 885 Vere
473 829 712 901 dignum.
756 830 919 900 Cujus
966 829 1318 901 inspiratione
1366 831 1611 886 succensi
1663 829 1804 886 beati

223 932 488 993 martyres
516 922 582 977 ad
613 922 878 993 passionis
906 923 1133 994 gloriam
1170 934 1550 990 cucurrerunt;
1598 940 1703 980 non
1738 923 1804 980 ti-

221 1022 432 1070 mentes
475 1015 563 1085 qui
593 1030 789 1085 corpus
833 1017 1160 1084 occiderent,
1202 1015 1296 1071 sed
1331 1032 1454 1072 eum
1483 1018 1575 1087 qui
1607 1030 1805 1085 corpus

217 1107 560 1177 animamque
591 1108 806 1164 mittere
825 1117 1036 1177 poterat
1062 1109 1112 1162 in
1137 1107 1470 1178 gehennam;
1498 1116 1660 1176 atque
1688 1106 1808 1162 ideo

215 1197 339 1254 illos
368 1198 670 1268 persecutio
698 1212 839 1254 saeva
865 1213 971 1253 non
998 1197 1256 1268 perdidit,
1285 1197 1380 1253 sed
1411 1197 1570 1253 beata
1598 1197 1809 1252 confes-

216 1289 300 1346 sio
331 1291 657 1346 sublimavit.
689 1291 813 1356 Per,
846 1301 950 1346 etc.

291 1384 425 1440 Vlll.
458 1384 594 1441 Item
623 1387 750 1440 alia.
773 1415 842 1425 —
867 1384 1056 1440 Oblata
1086 1399 1311 1440 munera
1334 1383 1532 1439 nomini
1566 1393 1674 1449 tuo,
1704 1383 1808 1439 Do-

214 1479 384 1546 mine,
436 1487 640 1534 nostrzc
685 1478 1092 1534 sanctificationi
1135 1480 1410 1548 prolicere,
1451 1487 1658 1533 tuorum
1689 1491 1806 1548 pre-

215 1571 378 1626 cibus
399 1572 638 1627 concede
667 1579 992 1628 sanctorum.
1024 1571 1142 1638 Per,
1167 1580 1273 1626 etc.

299 1663 444 1720 Vere
464 1664 705 1734 dignum.
732 1664 862 1731 Quia
893 1673 994 1718 tuae
1022 1663 1230 1717 virtutis
1256 1677 1375 1717 esse
1404 1662 1800 1731 cognoscimus,

211 1764 277 1811 ut
314 1755 487 1811 sancti
528 1756 625 1820 tui,
675 1755 966 1810 secundum
1016 1754 1350 1825 magnificam
1389 1753 1598 1810 Domini
1633 1754 1804 1810 nostri

209 1845 343 1902 Jesu
371 1845 572 1902 Christi
594 1847 978 1917 cmlestemque
1007 1846 1329 1916 doctrinam,
1355 1855 1570 1903 sanctas
1595 1847 1802 1905 animas

209 1939 452 1996 odiendo
473 1940 781 2011 diligerent,
809 1948 864 1996 et
889 1955 997 1996 non
1027 1941 1316 2007 servando,
1361 1942 1539 2011 potius
1565 1942 1802 1998 custodi-

209 2044 366 2101 rent;
398 2034 540 2090 hanc
566 2035 727 2090 simul
768 2035 982 2108 pietatis
1013 2035 1365 2092 imitationem
1400 2035 1557 2092 nobis
1585 2045 1640 2092 et
1665 2052 1802 2107 prae-

209 2127 410 2183 sidium
439 2127 824 2198 relinquentes.
855 2128 980 2196 Per,
1014 2137 1120 2184 etc.

281 2222 438 2289 aDa,
491 2235 819 2292 quaesumus,
870 2223 1095 2278 Domine
1140 2223 1279 2280 Deus
1329 2235 1530 2293 noster,
1569 2235 1630 2281 ut
1667 2227 1806 2281 sicut

212 2322 432 2369 tuorum
457 2316 968 2370 commemoratione
990 2325 1296 2372 sanctorum
1321 2318 1602 2388 temporali
1620 2330 1802 2389 gratu-

212 2408 606 2477 lamurofllcio,
637 2409 706 2464 ita
736 2418 994 2480 perpetuo
1010 2411 1252 2465 laztemur
1283 2420 1522 2482 aspectu.
1553 2412 1674 2479 Per,
1697 2421 1800 2470 etc.

278 2499 393 2571 35
433 2499 676 2555 Exsultat
707 2500 858 2570 plebs
890 2511 999 2568 tua,
1035 2502 1280 2569 Domine,
1313 2503 1630 2573 placitorum
1677 2507 1805 2561 fulta

217 2591 501 2660 prasidiis,
535 2591 730 2662 quibus
756 2601 811 2648 et
839 2592 1317 2650 sanctificationem
1350 2594 1570 2662 referat,
1597 2605 1649 2651 et
1673 2598 1804 2652 sub-

222 2684 345 2739 sidia
386 2685 619 2754 prepria:
648 2685 948 2756 fragilitatis
979 2688 1240 2757 acquirat.
1270 2687 1392 2755 Per,
1421 2697 1529 2744 etc.

957 2776 1075 2832 XV.

424 2885 476 2923 IN
505 2883 698 2924 NA'I'ALI
721 2882 1098 2925 APOSTOLORUI
1124 2886 1280 2926 PETRI
1313 2887 1381 2926 Ετ
1413 2889 1585 2929 PAULI.

298 2960 482 3015 l.--b
523 2961 682 3026 Deus,
733 2962 821 3031 qui
849 2962 992 3016 hunc
1021 2962 1162 3017 diem
1217 2964 1489 3019 beatorum
1539 2967 1806 3036 apostolo-

243 3068 344 3109 rum
376 3054 518 3110 Petri
558 3054 779 3110 etPauli
820 3057 1078 3128 martyrio
1103 3059 1536 3126 consecrasti,da
1553 3058 1808 3116 Ecclesiae

253 3154 368 3212 tuae,
394 3158 496 3203 toto
524 3158 785 3204 terrarum
814 3149 948 3205 orbe
974 3149 1201 3218 dill'usaa,
1241 3165 1425 3205 eorum
1458 3166 1670 3221 semper
1699 3167 1810 3206 ma-

256 3241 455 3309 gisterio
480 3243 772 3312 gubernari,
806 3259 902 3314 per
931 3258 1066 3315 quos
1091 3244 1318 3312 sumpsit
1350 3243 1622 3315 religionis
1653 3260 1810 3299 exor-

250 3333 400 3388 dium.
432 3335 547 3402 Per,
577 3345 681 3392 etc.

309 3429 515 3486 Munera
546 3431 716 3501 plebis
743 3439 870 3496 tuae,
896 3429 1144 3499 Domine,
1172 3444 1500 3501 quzesumus,
1526 3429 1804 3487 beatorum

239 3525 586 3592 apostolorum
619 3526 748 3580 fiant
795 3533 944 3597 grata
988 3524 1285 3596 sullragiis;
1335 3534 1391 3580 ut
1438 3542 1533 3596 pro
1581 3542 1806 3597 quorum

241 3615 508 3688 triumphis
533 3627 626 3672 tuo
650 3618 851 3673 nomini
880 3617 1210 3685 deferuntur,
1243 3617 1480 3689 ipsorum
1506 3618 1662 3690 digna
1687 3635 1807 3688 per-

237 3710 471 3767 liciantur
498 3721 551 3768 et
574 3712 807 3767 meritis.
839 3711 963 3777 Per,
993 3720 1097 3767 etc.

302 3803 431 3860 Vere
460 3804 702 3875 dignum.
730 3815 751 3842 °
792 3803 891 3872 Qui
936 3804 1232 3859 secundum
1281 3803 1652 3874 promissionis
1700 3813 1804 3860 tua;

235 3895 491 3953 ineﬂabile
507 3897 878 3963 constitutum,
899 3896 1205 3966 apostolicae
1227 3895 1550 3951 confessioni
1574 3911 1804 3965 superna

234 3982 255 4021 ἀ
278 3987 672 4058 dispensatione
696 3989 926 4059 largiris,
953 3997 1009 4042 ut
1029 3989 1079 4043 in
1100 3988 1338 4043 veritatis
1367 3998 1470 4043 tua:
1498 3988 1807 4044 fundamine

231 4081 444 4137 solidata
471 4082 615 4136 nulla
642 4081 931 4136 mortiferae
961 4079 1204 4135 falsitatis
1226 4081 1342 4150 jura
1367 4082 1720 4151 praevaleant;
1754 4090 1809 4136 et

228 4174 555 4242 quantalibet
581 4173 1084 4228 existaterrantium
1119 4173 1425 4238 multitudo,
1449 4173 1564 4227 t-‘illi
1596 4175 1701 4228 sint
1723 4189 1809 4228 re-

227 4266 547 4339 demptionis
575 4278 680 4322 tum
713 4267 828 4332 lilii,
857 4276 912 4322 et
940 4267 1045 4322 illis
1064 4267 1301 4322 Ecclesia
1334 4275 1440 4321 tota
1475 4275 1807 4330 numeretur,

227 4363 311 4432 qui
341 4364 408 4419 ab
439 4364 740 4419 electorum
776 4372 989 4418 tuorum
1021 4360 1041 4401 ί
1077 4363 1355 4432 principali
1389 4361 1672 4417 traditione
1706 4377 1808 4418 non

227 4453 436 4511 dissona
448 4465 527 4510 nt.
561 4455 683 4519 Per,
711 4464 814 4510 etc.
955 4525 1075 4581 xw

346 4618 666 4691 Conjunctio
691 4627 715 4666 ι
748 4617 1019 4672 oblationis
1053 4617 1310 4690 virginum
1340 4625 1676 4670 sacratorum.

1911 552 2123 605 nomina
2151 551 2464 618 recitantur,
2487 570 2811 624 quaesumus,
2836 557 3074 627 placatus
3104 557 3353 627 accipias.
3385 558 3490 612 i'ro

1909 645 2101 714 quibus
2142 645 2475 715 majestatem
2527 659 2666 704 tuam
2718 651 2987 721 supplices
3031 650 3384 722 deprecamur
3431 667 3494 707 ut

1910 739 2240 808 propositum
2269 740 2549 808 castitatis,
2567 745 2704 812 quod
2738 755 2786 799 te
2813 755 3031 800 auctore
3064 745 3316 815 professae
3339 754 3486 814 sunt,

1909 838 1961 886 te
1990 839 2299 900 protectore
2328 833 2650 888 custodiant.
2693 835 2811 902 Per,
2839 845 2941 891 etc.

1979 923 2040 979 ll.
2077 922 2210 980 Item
2237 928 2363 979 alia.
2391 956 2458 965 —
2491 923 2520 963 ιι
2552 929 2927 996 Apostolorum
2959 939 3168 986 tuorum
3217 930 3486 1000 precibus,

1909 1015 2157 1084 Domine,
2207 1033 2536 1088 quasumus,
2581 1021 2752 1089 plebis
2782 1029 2885 1075 tua:
2914 1023 3049 1076 dona
3079 1024 3373 1089 sanctilica,
3406 1031 3487 1091 ut,

1912 1125 2031 1180 quae
2059 1111 2152 1166 tibi
2185 1119 2275 1166 tuo
2305 1121 2452 1182 grata
2483 1121 2609 1167 sunt
2651 1113 2922 1179 instituto,
2974 1114 3103 1169 fiant
3129 1116 3361 1186 gratiora
3391 1131 3488 1186 pa~

1913 1203 2139 1257 trocinio
2168 1203 2602 1274 supplicantium.
2636 1206 2760 1271 Per,
2793 1213 2895 1261 etc.

1986 1293 2121 1348 Vere
2161 1294 2396 1363 dignum.
2428 1296 2604 1366 Teque
2648 1297 2870 1352 laudare
2917 1297 3210 1353 mirabilem
3243 1299 3405 1354 Deum
3436 1299 3493 1357 in

1909 1388 2108 1443 sanctis
2137 1391 2260 1453 tuis,
2311 1390 2362 1443 in
2393 1390 2584 1459 quibus
2615 1393 2984 1462 magnificatus
3011 1406 3071 1447 es
3114 1392 3492 1459 vehementer;

1909 1493 2004 1549 per
2032 1480 2176 1551 ipsos
2206 1481 2473 1551 Unigeniti
2503 1485 2574 1537 tui
2597 1484 2706 1556 36
2726 1499 2935 1538 sacrum
2963 1499 3159 1554 corpus
3203 1499 3494 1551 exornans,

1907 1581 1961 1628 et
2009 1573 2061 1626 in
2109 1572 2237 1642 ipsis
2287 1574 2543 1629 Ecclesia:
2589 1585 2692 1629 ture
2738 1576 3084 1632 fundamenta
3135 1578 3492 1634 constituens.

1906 1661 2145 1730 Quorum
2183 1663 2550 1720 beatissimum
2605 1668 2839 1731 Petrum,
2891 1669 3074 1739 gratiae
3122 1679 3226 1722 tua:
3274 1668 3496 1723 electio-

1910 1757 2099 1827 nisque
2142 1757 2436 1827 primitias,
2489 1759 2541 1813 in
2603 1760 2911 1828 apostolica:
2961 1761 3232 1829 dignitatis
3279 1761 3495 1816 culmen

1909 1849 2159 1913 ascitum,
2207 1850 2276 1902 ita
2309 1849 2374 1903 ad
2406 1849 2769 1905 confitendum
2805 1861 2855 1906 te
2893 1851 3058 1906 Deum
3093 1853 3266 1906 vivum
3305 1860 3356 1904 et
3385 1851 3493 1905 Do-

1908 1942 2112 1996 minum
2145 1949 2385 1996 nostrum
2413 1940 2591 1996 Iesum
2623 1942 2893 1996 Christum
2943 1953 3147 1998 secreta
3179 1943 3251 1997 tui
3284 1943 3493 1998 revela-

1909 2037 2055 2092 tione
2083 2035 2332 2104 docuisti,
2366 2045 2421 2090 ut
2445 2037 2496 2089 in
2528 2037 2900 2106 cognoscenda
2930 2034 3198 2106 Unigeniti
3233 2035 3302 2089 tui
3327 2034 3498 2104 gloria

1909 2128 2071 2183 nullis
2091 2129 2269 2183 carnis
2296 2137 2349 2183 et
2376 2129 2652 2198 sanguinis
2679 2128 3026 2198 impediretur
3049 2129 3358 2184 obstaculis.
3392 2127 3496 2182 Pro

1909 2239 2009 2294 qua
2035 2224 2285 2292 magistra
2319 2225 2556 2278 omnium
2586 2224 2920 2279 credentium
2954 2225 3080 2289 lide,
3127 2224 3494 2279 confessorem

1911 2326 2059 2372 tuum
2092 2318 2350 2372 cmlorum
2383 2317 2620 2371 clavibus
2653 2318 2957 2383 ιπωῐροίειὶ,
3003 2325 3060 2370 ιιι
3102 2319 3182 2370 cui
3216 2317 3278 2370 ad
3314 2325 3362 2371 te
3400 2330 3498 2386 per

1914 2419 1963 2466 te
2012 2409 2183 2465 fuerat
2235 2425 2502 2476 accessus,
2553 2425 2650 2480 per
2698 2410 2868 2479 ipsum
2905 2410 3114 2463 ceteris
3160 2409 3222 2462 ad
3272 2424 3496 2479 regnum

1912 2513 2058 2560 tuum
2089 2514 2292 2574 pateret
2324 2506 2592 2560 introitus.
2629 2503 2761 2558 Huic
2792 2519 3002 2573 quoque
3033 2503 3248 2557 beatum
3281 2511 3497 2571 aposto-

1911 2600 2020 2655 lum
2046 2599 2267 2654 Paulum
2307 2598 2372 2653 ad
2416 2598 2640 2654 salutem
2669 2597 2908 2667 gentium
2951 2611 3055 2650 non
3104 2596 3292 2665 impari
3335 2608 3497 2648 voca-

1913 2693 2055 2748 tione
2074 2692 2385 2758 consocias;
2408 2707 2566 2762 quem
2592 2691 2800 2759 magnis
2824 2687 3096 2742 laboribus
3113 2694 3496 2757 prieparatum,

1910 2786 2083 2855 gratia
2119 2794 2204 2839 tua
2231 2793 2281 2839 et
2312 2794 2544 2838 mentem
2570 2783 2794 2837 mutavit
2815 2791 2867 2835 et
2897 2795 3113 2835 nomen.
3148 2780 3315 2849 llujus
3340 2779 3500 2848 igitur

1912 2879 2164 2948 triumphi
2204 2877 2345 2932 diem
2399 2877 2657 2931 hodierna
2690 2876 2981 2929 devotione
3011 2873 3366 2936 celebrantes,
3401 2871 3501 2926 lio-

1913 2973 2042 3026 stias
2073 2972 2191 3033 tibi,
2217 2970 2467 3035 Domine,
2495 2968 2668 3022 laudis
2688 2967 2984 3032 offerimus,
3009 2979 3130 3018 cum
3154 2963 3375 3032 angelis,
3393 2970 3498 3016 etc.

1987 3062 2071 3115 111.
2109 3061 2238 3115 Item
2268 3062 2390 3112 alia.
2423 3088 2492 3099 —
2517 3058 2828 3112 Oblationes
2873 3055 3055 3124 populi
3103 3056 3198 3117 tui,
3256 3053 3500 3120 Domino,

1916 3167 2247 3222 quaesumus,
2279 3150 2644 3220 apostolorum
2694 3155 2906 3200 tuorum
2952 3145 3130 3214 passio
3174 3144 3327 3199 beata
3374 3158 3501 3199 con-

1916 3243 2081 3309 ciliet,
2110 3254 2161 3297 et
2185 3258 2300 3313 quae
2325 3239 2522 3295 nostris
2556 3235 2569 3276 ί
2599 3235 2822 3311 (minus)
2843 3252 2947 3291 non
2969 3245 3106 3306 aptae
3127 3245 3249 3291 sunt
3273 3235 3502 3304 meritis,

1839 3295 1885 3359 Ο
1918 3338 2045 3392 fiant
2096 3295 2215 3391 tibi,
2254 3335 2460 3406 placitae
2514 3295 2727 3390 tuorum
2789 3330 3166 3402 deprecatione
3208 3331 3500 3400 justorum.

1916 3432 2038 3497 Per,
2070 3440 2173 3486 etc.

1991 3523 2128 3578 Vere
2158 3521 2396 3593 dignum.
2430 3519 2530 3589 Qui
2550 3518 2848 3576 Ecclesiam
2880 3526 3023 3573 tuam
3046 3516 3098 3572 in
3130 3517 3232 3572 tuis
3257 3515 3502 3572 fidelibus

1915 3615 2110 3684 ubique
2141 3615 2431 3683 pollentem
2455 3611 2761 3681 apostolicis
2793 3610 2920 3664 facis
2947 3618 3197 3664 constare
3219 3607 3498 3674 drctrinis,

1916 3717 1975 3762 ut
2006 3723 2099 3777 per
2129 3721 2263 3777 quos
2295 3706 2504 3759 initium
2533 3704 2728 3758 divina:
2762 3701 3083 3770 cognitionis
3133 3699 3360 3770 accepit,
3406 3713 3503 3768 per

1912 3815 2006 3856 eos
2039 3814 2205 3869 usque
2235 3799 2287 3852 in
2316 3798 2476 3852 linem
2504 3795 2686 3852 saeculi
2713 3794 2886 3864 capiat
2927 3793 3077 3864 regni
3104 3792 3342 3848 caelestis
3373 3805 3503 3862 aug-

1913 3905 2172 3949 mentum.
2203 3892 2326 3957 Per,
2359 3900 2464 3946 etc.

1985 3988 2072 4041 lV.
2110 3988 2240 4041 Item
2265 3985 2389 4039 alia.
2420 4013 2488 4025 —
2521 3983 2710 4038 Munus
2740 3981 2862 4047 hoc,
2899 3981 3142 4043 Domine,
3172 3994 3502 4050 qumsumus,

1916 4082 2205 4153 apostolica
2234 4096 2333 4150 pro
2359 4079 2512 4134 nobis
2535 4077 2859 4133 interventio
2883 4081 3258 4142 prosequatur,
3285 4085 3336 4126 ul
3362 4073 3506 4140 quod

1917 4185 2179 4231 tremente
2207 4175 2426 4228 servitio
2456 4187 2550 4240 per
2571 4186 2670 4225 nos
2699 4161 2956 4223 v'ovemus
2981 4168 3089 4238 (Al.
3116 4167 3352 4220 oblatum
3375 4166 3506 4236 est),

1916 4283 2100 4323 eorum
2127 4267 2278 4321 nobis
2310 4264 2554 4335 precibus
2577 4261 2778 4317 efficias
2805 4256 3362 4322 sacramentum.Per,
3393 4263 3504 4311 etc.

1989 4359 2125 4414 Vere
2147 4358 2388 4428 dignum.
2411 4355 2490 4410 Tu
2513 4353 2713 4410 etenim
2733 4354 2746 4402 l
2781 4352 2992 4419 tribuis,
3012 4350 3257 4418 Domine,
3283 4358 3341 4404 ut
3368 4365 3506 4422 pra;-

1917 4449 2203 4507 dicationis
2252 4446 2560 4519 apostolica:
2603 4445 2901 4500 claritatem
2955 4443 3099 4497 nulla
3140 4442 3276 4512 juris
3308 4442 3506 4499 inferni

1918 4543 2142 4599 subdola
2176 4540 2419 4596 doctrina
2448 4539 2749 4602 subvertat,
2783 4535 2932 4592 nulla
2963 4535 3335 4608 praevaricatio
3365 4534 3506 4590 veri-

1918 4635 2043 4691 tatis
2070 4634 2313 4689 ot'fuscet.
2349 4633 2471 4698 Per,
2506 4641 2611 4687 etc.

288 4731 442 4787 Hanc
497 4731 658 4786 etiam
703 4730 1053 4797 oblationem,
1110 4729 1354 4798 Domine,
1406 4729 1502 4784 tibi
1547 4719 1894 4799 virginumD
1991 4726 2149 4798 37ll
2181 4726 2486 4796 Perceptis,
2549 4725 2804 4788 Domine,
2864 4721 3241 4788 sacramentis,
3293 4719 3506 4776 subdito

288 4870 314 4898 ι
347 4862 450 4918 Est
495 4862 548 4916 in
601 4861 938 4918 Sacrament.
979 4863 1206 4933 Gregor.
1266 4877 1329 4918 ac
1376 4862 1428 4916 in
1469 4862 1664 4917 Missali
1707 4863 1817 4918 Ro-

227 4948 385 5004 mano
417 4936 476 4989 in
512 4935 783 4989 communi
813 4933 968 4988 unius
988 4935 1260 5004 martyris,
1294 4943 1349 4989 et
1377 4933 1522 4988 alibi.

289 5003 315 5044 δ
341 5005 476 5060 Haec
509 5006 684 5058 oratio
712 5015 792 5058 est
835 5007 888 5058 in
929 5004 1106 5060 Gelas.
1132 5003 1473 5061 ’Sacrament.
1518 5005 1609 5059 lib.
1644 5019 1702 5072 ιι,
1758 5023 1808 5060 ιι.

220 5075 308 5138 51.
340 5085 398 5132 et
427 5080 483 5131 in
510 5075 737 5146 Gregor.
769 5091 830 5130 ac
860 5076 1058 5131 Missali
1090 5078 1243 5131 llom.
1277 5076 1386 5130 fere
1415 5076 1624 5131 eadem.

296 5159 318 5186 ε
348 5147 485 5202 Hmc
517 5149 758 5216 praelatio
775 5147 1010 5202 Leonina
1037 5147 1274 5212 videtur,
1308 5148 1446 5202 sicut
1488 5154 1542 5202 et
1585 5148 1733 5217 plura
1763 5147 1817 5204 in

296 5219 587 5274 tuentibus
618 5217 776 5274 huius
809 5219 946 5273 festi.

222 5230 587 5326 sequentibus
618 5230 776 5300 nujus
809 5230 946 5273 lesll.
1051 5289 1061 5300 .
1595 5290 1606 5303 .

247 5360 278 5373 ,Δ
351 5290 409 5344 lu
433 5299 683 5373 sequenti
717 5290 870 5373 Missa
903 5305 1101 5373 xtvpm
1130 5305 1231 5373 qua
1260 5290 1373 5373 haec
1405 5289 1645 5360 praefatio
1665 5304 1820 5361 repe-

222 5360 373 5424 titur,
410 5377 518 5430 pro
540 5360 916 5431 dispensatione
938 5361 1130 5430 legitur
1151 5362 1466 5432 dignatione.
1737 5360 1740 5361 ⁷

295 5442 318 5470 ⁸
353 5433 410 5486 ln
444 5432 639 5487 eadem
672 5433 829 5486 Missa
856 5448 942 5486 XIV
974 5450 987 5484 :
1019 5430 1108 5485 Illi
1139 5443 1303 5485 tamen
1331 5432 1692 5501 redemptionis
1720 5439 1820 5488 tute

223 5505 320 5557 sint
353 5504 482 5570 ﬁlii,
505 5511 555 5557 et
584 5503 689 5557 illis
718 5501 948 5557 Ecclesia
969 5513 1150 5557 cuncta
1172 5513 1480 5558 numeretur.

297 5574 315 5612 ί
349 5575 470 5630 Vox
507 5574 779 5644 principali
805 5575 959 5629 deest
983 5576 1032 5628 in
1064 5574 1217 5628 Missa
1243 5577 1424 5629 citata.

297 5656 322 5694 ι
355 5645 682 5701 Oblationes
709 5647 974 5716 virginum
1006 5661 1122 5715 quae
1155 5646 1266 5702 Deo
1296 5655 1450 5700 erant
1492 5655 1821 5702 consecratae

225 5715 294 5771 ad
338 5732 567 5772 sacrum
619 5715 1123 5772 altare’memorant
1155 5719 1478 5786 Augustinus
1508 5719 1665 5785 epist.
1699 5721 1730 5772 5
1755 5718 1820 5771 ad

226 5786 612 5860 Victorianum
639 5789 1034 5860 presbyterum,
1065 5796 1118 5842 et
1141 5787 1456 5843 Ambrosius
1487 5789 1536 5843 in
1569 5805 1732 5842 serm.
1758 5787 1824 5843 ad

233 5857 522 5932 Virginem
574 5857 816 5930 lapsamf
845 5859 975 5916 Hinc
1018 5869 1198 5915 autem
1244 5874 1425 5916 carum
1459 5861 1672 5916 nomina
1705 5869 1828 5916 ante

1917 4862 2091 4934 ipsum
2106 4864 2272 4917 altare
2295 4863 2346 4916 in
2370 4861 2584 4934 scriptis
2596 4860 2852 4934 oblatakac
2873 4858 3090 4912 recitata
3105 4859 3504 4934 cognoscimus.

1993 4931 2020 4969 h
2053 4933 2177 4988 Haec
2217 4933 2388 4988 oratio
2420 4928 2612 5002 legitur
2657 4933 2706 4984 in
2760 4931 3094 5002 Sacrament.
3125 4929 3345 5002 Gregor.
3372 4928 3506 5002 ΔΜεξιιι

1923 5004 2099 5069 nardi,
2133 5014 2184 5058 et
2215 5006 2266 5058 in
2299 4999 2497 5058 Missali
2543 5005 2695 5056 Rom.
2742 5001 2828 5054 die
2871 4999 3008 5054 feSIo
3038 4999 3413 5054 Conversionis
3443 4999 3501 5054 S.

1921 5075 2095 5136 Pauli,
2130 5084 2183 5128 et
2208 5075 2351 5140 alibi,
2383 5091 2502 5129 cum
2529 5074 2584 5126 lit
2613 5071 3054 5126 commemoratio
3079 5071 3233 5136 hujus
3255 5069 3504 5140 apostoli.

2003 5146 2018 5183 ί
2056 5146 2166 5200 Vox
2197 5139 2362 5201 minus
2390 5154 2475 5201 est
2502 5145 2718 5199 varians
2760 5143 2943 5205 lectio,
2982 5157 3099 5210 qua:
3130 5141 3285 5194 deest
3329 5141 3380 5191 in
3408 5139 3508 5210 Sa-

1925 5232 2092 5291 cram.
2129 5218 2347 5282 Gelasii,
2401 5217 2494 5291 ubi
2539 5217 2654 5291 lizec
2697 5209 3129 5291 oratiodegitur.
3176 5212 3296 5291 illo;
3337 5209 3509 5291 codex

1929 5289 2090 5344 habet
2115 5299 2235 5360 apta
2265 5298 2316 5360 ct
2362 5288 2595 5360 placita.
2636 5285 2691 5339 in
2721 5285 2934 5360 Ga‘lasio
2979 5284 3510 5360 cohmrentiusmpta

1927 5371 1980 5417 et
2021 5356 2229 5431 placita.
2276 5356 2624 5431 Sediplacuit
2668 5357 3131 5431 C0!‘_l‘ig€t‘6__aplt2,
3176 5356 3508 5431 et_retinere

1930 5421 2162 5503 placitae;
2204 5446 2323 5503 nam
2349 5421 2726 5503 ad'oblationes
2755 5421 2869 5503 huic
2894 5421 3150 5503 adje'ctiva
3177 5421 3507 5503 referuntur.

2003 5505 2016 5552 i
2056 5492 2237 5557 Codex
2272 5502 2370 5554 hoc
2401 5501 2519 5554 loco
2549 5498 2709 5553 habet
2744 5492 2970 5558 tribues,
2995 5495 3087 5547 sed
3121 5494 3169 5545 in
3202 5492 3359 5546 Missa
3390 5506 3508 5558 vttt,

1931 5577 1978 5629 in
2003 5589 2103 5644 qua
2132 5575 2246 5628 haec
2273 5570 2513 5641 praefatio
2537 5570 2821 5644 repetitur,
2855 5567 3045 5644 melius
3076 5563 3274 5619 tribuis.
3303 5564 3504 5620 Ibidem

1928 5636 2111 5716 postea
2137 5659 2230 5712 pro
2258 5636 2517 5716 subvertet
2537 5636 3112 5716 legitttr_commaculet.

2002 5715 2028 5754 ι
2058 5716 2113 5770 ln
2139 5705 2382 5769 Sacram.
2427 5705 2616 5765 Gela-sf
2640 5722 2689 5765 et
2718 5712 2877 5777 Greg.
2911 5723 2970 5761 ac
3013 5707 3062 5760 in
3108 5707 3347 5761 Romano
3377 5705 3511 5777 Mla-

1930 5788 2052 5850 sali,
2109 5788 2151 5840 si
2184 5800 2345 5852 pauca
2379 5783 2633 5850 excipias,
2685 5774 2873 5837 similis
2905 5789 2985 5836 cst
3011 5781 3234 5836 collecta
3263 5781 3314 5834 in
3337 5774 3511 5842 Nata“

1935 5859 1990 5915 S.
2030 5857 2196 5914 Pauli.
