4018 6314
478 356 540 416 Si
1464 349 1690 411 OPERA
1729 346 1787 407 S.
1830 346 2032 404 LEONI
2071 348 2075 405 Ῑ

2204 346 2308 403 lNO
2345 346 2758 406 ATTBIBUTA.

478 472 643 532 corde
669 484 922 543 rogamus
950 474 1008 526 et
1029 468 1263 540 petimus
1290 474 1349 524 ut
1378 464 1852 523 intervenientibus
1886 464 2057 521 beatis
2083 468 2133 529 Α
2234 462 2345 519 Vll.
2370 461 2503 519 Item
2528 463 2655 519 alia.
2684 491 2752 507 --
2778 462 2908 529 Qun
2938 470 3029 520 tuo
3056 462 3282 529 nomini,
3327 461 3575 531 Domine,
3624 471 3760 520 sunt

478 564 755 637 apostolis,
787 578 905 633 quae
926 576 1025 632 pro
1046 576 1231 617 eorum
1253 560 1525 617 celebrata
1546 565 1669 614 sunt
1689 557 1875 630 gloria,
1903 555 2059 615 nobis

477 657 761 730 proﬁciant
787 654 854 711 ad
886 653 1172 713 medelam.
1199 653 1322 719 Per,
1348 664 1456 710 etc.

549 760 575 788 ι
607 749 834 820 Gregem
859 756 1027 812 tuum,
1060 746 1247 800 Pastor
1271 745 1433 811 bone,
1467 744 1707 812 placatus
1735 742 1982 810 intende;
2008 749 2063 799 et

476 860 576 914 per
602 842 876 914 apostolos
909 849 1029 895 tuos
1072 838 1319 909 pervigili
1352 838 1685 909 protectione
1723 836 1953 904 custodi,
2002 842 2063 895 ut

480 936 668 991 iisdem
709 933 1010 989 rectoribus
1047 930 1400 1003 gubernetur,
1449 943 1584 999 quos
1625 926 1797 986 eidem
1834 925 2064 982 contuli-

482 1029 550 1087 sni
574 1026 600 1066 δ
629 1025 738 1099 (At.
763 1022 1068 1098 prafecisti)
1090 1023 1268 1095 operis
1300 1022 1378 1078 tui
1399 1020 1630 1077 vicarios
1652 1034 1772 1077 esse
1799 1028 2058 1090 pastores.

485 1119 608 1186 Per,
642 1126 746 1173 etc.

556 1210 620 1265 V.
649 1208 782 1264 Item
808 1207 932 1263 alia.
959 1234 1031 1248 —
1051 1204 1403 1275 Omnipotens
1429 1203 1752 1273 sempiterne
1779 1201 1943 1270 Deus,
1972 1198 2063 1273 qui

489 1300 743 1359 ineffabili
767 1306 1102 1355 sacramento
1119 1296 1208 1367 jus
1235 1293 1511 1366 apostolici
1538 1293 1864 1361 principatus
1890 1292 1940 1347 in
1962 1290 2065 1344 Ro.

485 1395 629 1451 mani
654 1392 882 1449 nominis
912 1406 1035 1447 arce
1064 1389 1308 1461 posuisti,
1343 1387 1482 1444 unde
1512 1402 1570 1442 se
1598 1386 1900 1457 evangelica
1924 1383 2065 1441 veri-

485 1499 567 1543 tas
599 1503 697 1558 per
724 1494 833 1542 tota
849 1484 1036 1542 mundi
1056 1499 1217 1554 regna
1241 1482 1565 1539 diffunderet
1588 1500 1600 1537 :
1626 1489 1820 1553 prmsta
1847 1489 1903 1535 ut
1924 1478 2063 1549 quod

482 1582 540 1636 in
582 1581 766 1635 orbem
827 1589 1091 1634 terrarum
1136 1592 1323 1633 eorum
1381 1576 1758 1646 pradicatione
1808 1572 2062 1639 manavit,

485 1673 803 1730 Christianae
832 1672 1130 1729 devotionis
1157 1680 1411 1739 sequatur
1434 1671 1777 1727 universitas.
1811 1668 1933 1735 Per,
1957 1678 2060 1725 etc.

559 1767 783 1835 Praesta,
803 1780 1130 1837 quaesumus,
1149 1765 1404 1821 Ecclesiae
1433 1774 1556 1831 ture,
1588 1764 1833 1827 Domine,
1856 1761 1923 1818 de
1949 1770 2068 1817 tan-

2160 554 2353 623 dicata,
2380 572 2706 627 quaesumus,
2734 557 2983 613 Ecclesiae
3007 567 3113 614 tua
3136 556 3437 629 principum
3465 572 3750 614 commcn-

2162 650 2254 706 det
2280 651 2477 707 oratio.
2508 649 2631 718 Per,
2664 661 2752 708 etc

2231 743 2372 800 Vere
2392 744 2630 814 dignum.
2654 745 2754 812 Qui
2785 745 3076 801 Ecclesiam
3107 754 3249 799 tuam
3278 745 3609 815 sempiterna
3638 746 3753 816 pie-

2162 846 2270 897 tate
2300 852 2406 893 non
2434 838 2712 905 deserens,
2743 855 2835 907 per
2873 838 3150 908 apostolos
3188 847 3307 893 tuos
3325 838 3525 910 jugiler
3548 853 3669 893 eam
3696 846 3756 895 et

2160 931 2343 989 crudis
2367 940 2420 986 ct
2451 934 2707 1001 protegis.
2735 930 2859 999 Per,
2887 940 2987 987 etc.

2238 1022 2369 1078 Vlll.
2399 1021 2534 1081 Item
2554 1024 2679 1080 alia.
2702 1024 2816 1090 -ξδ
2844 1023 3153 1094 Apostohca
3178 1037 3277 1093 pro
3299 1023 3454 1078 nobis
3479 1023 3757 1078 interven-

2162 1114 2258 1181 tio,
2273 1130 2598 1186 quaesumus.
2616 1117 2857 1183 Domine,
2876 1127 3232 1188 prosequatur
3254 1131 3448 1172 munus
3461 1116 3712 1171 oblatum
3735 1132 3751 1171 :

2167 1208 2390 1278 utquod
2418 1217 2679 1265 tremente
2706 1210 2927 1267 servitio
2957 1224 3055 1264 nos
3098 1224 3375 1276 vovemus,
3418 1212 3536 1279 ejus
3578 1208 3758 1279 preci-

2170 1299 2269 1354 bus
2300 1299 2563 1355 efﬁciatur
2590 1311 2889 1371 acceptum.
2922 1301 3046 1367 Per,
3071 1310 3177 1357 etc.

2237 1393 2378 1449 Vere
2408 1393 2649 1464 dignum.
2678 1395 2756 1451 Tu
2778 1395 2920 1453 enim
2952 1394 3166 1455 tribuis.
3198 1395 3440 1461 Domine,
3476 1403 3528 1448 ut
3558 1393 3759 1465 pradi-

2162 1488 2412 1551 catiunis,
2441 1496 2547 1543 etc.
2576 1485 2605 1526 ¹ι

2239 1578 2558 1643 Celebratis,
2592 1580 2836 1645 Domine,
2878 1595 2999 1650 qua:
3028 1595 3125 1650 pro
3148 1578 3517 1649 apostolorum
3544 1586 3759 1637 tuorum

2174 1670 2327 1731 beata
2361 1669 2611 1740 passione
2638 1671 2958 1741 peregimus,
3000 1671 3260 1742 ipsorum,
3294 1685 3628 1739 quaesumus,
3660 1687 3760 1727 no-

2173 1764 2257 1819 bis
2282 1763 2411 1818 ﬁant
2440 1764 2827 1820 intercessione
2852 1763 3129 1831 salutaria,
3163 1764 3216 1818 in
3235 1777 3463 1833 quorum
3487 1763 3761 1820 Natalitiil

490 1862 559 1917 tis
587 1860 745 1933 digne
772 1861 1004 1933 gaudere
1030 1860 1382 1931 principibus,
1413 1867 1467 1915 et
1496 1858 1643 1913 illam
1672 1858 1819 1927 sequi
1851 1855 1937 1927 pia
1971 1855 2065 1913 de—
2092 1853 2141 1913 Β
2168 1866 2295 1915 sunt
2324 1858 2654 1914 exsultanter
2684 1857 2924 1928 impleta.
2959 1857 3081 1927 Per,
3113 1868 3219 1913 etc.

490 1953 710 2008 votione
737 1952 1055 2018 doctrinam,
1084 1967 1186 2023 qua
1222 1962 1245 1991 ο
1270 1952 1506 2007 delectos
1534 1950 1629 2006 tibi
1664 1962 1854 2021 greges
1898 1949 2068 2007 sacris

488 2046 760 2122 mysteriis
791 2047 1111 2102 imbuerant.
1141 2046 1264 2114 Per,
1292 2054 1399 2102 etc.

561 2140 701 2195 Vere
728 2139 962 2210 dignum.
998 2139 1129 2207 Quia
1156 2154 1263 2195 non
1290 2138 1474 2195 mundi
1519 2152 1675 2209 reges
1704 2145 1759 2194 et
1795 2149 2066 2206 proceres,

491 2248 599 2289 non
630 2232 887 2287 facundos
918 2242 1008 2287 aut
1038 2232 1258 2296 divites,
1307 2231 1400 2288 sed
1440 2230 1677 2302 abjectos
1706 2239 1758 2286 et
1784 2242 2067 2302 pauperes,

491 2323 788 2381 ineruditos
818 2332 979 2394 atque
1002 2324 1259 2394 ignobiles
1290 2323 1522 2393 elegisti,
1554 2322 1747 2393 quibus
1774 2319 2073 2388 majestatis

493 2428 598 2472 tuae
619 2417 934 2488 potentiam,
964 2427 1017 2473 et
1045 2417 1300 2473 coaeterni
1344 2418 1437 2472 tibi
1470 2415 1591 2471 Filii
1620 2415 1887 2471 revelares
1922 2428 2074 2468 arca-

492 2524 651 2577 num;
682 2520 740 2564 ut
770 2526 874 2563 non
905 2508 1271 2578 possibilitatis
1293 2508 1563 2575 humanae,
1602 2507 1697 2562 sed
1725 2506 1850 2562 doni
1880 2510 2075 2577 proba-

491 2612 639 2657 retur
677 2616 795 2657 esse
834 2601 1027 2668 divini;
1058 2598 1085 2638 ἀ
1118 2611 1173 2657 et
1210 2617 1329 2673 qua:
1379 2601 1645 2672 praecipua
1676 2599 1994 2655 videbantur
2019 2598 2073 2654 in

492 2695 709 2762 saeculo,
733 2697 933 2765 absque
960 2704 1012 2751 te
1034 2695 1146 2751 Deo
1172 2702 1598 2750 monstrarentur
1618 2694 1825 2760 inania;
1858 2702 1911 2748 et
1930 2706 2075 2763 quas-

492 2784 625 2843 libet
653 2788 852 2853 inania,
896 2804 991 2858 per
1023 2797 1074 2844 te
1107 2793 1428 2845 docerentur
1466 2801 1585 2843 esse
1618 2784 1862 2841 sublimia
1892 2802 1904 2837 :
1929 2798 2073 2853 cum,

454 2950 463 2965 ᾗ
495 2878 568 2935 ita
591 2880 937 2950 dispensante
963 2880 1179 2948 virtute,
1209 2896 1313 2935 non
1344 2879 1411 2935 de
1435 2878 1685 2951 gloriosis
1712 2877 1950 2942 humilia,
1981 2873 2075 2933 sed

494 2975 562 3032 de
604 2975 896 3030 humilibus
938 2976 1170 3047 gloriosa
1214 2975 1543 3047 penderent;
1588 2982 1644 3031 et
1692 2972 1782 3028 ille
1807 2971 2078 3042 quondam

493 3069 686 3125 Petrus
719 3070 949 3140 piscator
993 3069 1246 3139 exiguus,
1296 3078 1519 3136 repente
1567 3066 1737 3121 factus
1777 3063 2074 3136 apostolus,

493 3158 599 3217 non
622 3160 931 3231 potentibus
952 3160 1275 3230 subjaceret,
1300 3160 1392 3215 sed
1422 3174 1517 3216 eos
1538 3159 1713 3230 potius
1737 3156 1933 3212 salubri
1959 3164 2077 3213 rete

2240 1951 2402 2019 Audi,
2453 1952 2696 2019 Domine,
2744 1951 2998 2021 populum
3040 1961 3185 2007 tuum
3216 1950 3309 2006 tibi
3357 1949 3524 2007 corde
3564 1948 3758 2020 subje-

2172 2053 2339 2112 ctum,
2371 2055 2424 2100 et
2452 2046 2733 2101 tuitionem
2764 2044 2955 2101 mentis
2983 2054 3035 2103 et
3063 2044 3307 2114 corporis
3334 2044 3531 2109 eidem,
3562 2058 3761 2115 rogatio

2170 2138 2313 2193 tibus
2340 2136 2538 2192 sanctis
2566 2137 2821 2206 apostolis
2849 2138 2975 2203 tuis,
3008 2148 3203 2206 prmsIa
3225 2137 3558 2191 continuam.

2244 2231 2336 2289 lX.
2382 2230 2515 2289 Item
2562 2233 2689 2287 alia.
2728 2261 2795 2274 -
2824 2231 3179 2300 Omnipotens
3224 2230 3552 2300 sempiterno
3596 2230 3760 2297 Deus,

2180 2327 2270 2398 qui
2298 2326 2437 2382 hunc
2464 2325 2606 2381 diem
2630 2326 2931 2391 beatorum,
2962 2332 3068 2380 etc.
3100 2324 3117 2363 ί

2245 2420 2486 2491 Suscipe,
2516 2419 2766 2484 Domine,
2793 2434 3013 2475 munera
3036 2417 3209 2489 plebis
3235 2426 3340 2471 tua!
3362 2433 3458 2487 pro
3486 2420 3767 2476 beatorum

2180 2512 2546 2583 apostolorum
2579 2512 2863 2581 triumphis
2892 2510 3109 2575 oblata;
3163 2516 3215 2565 et
3257 2510 3381 2578 quia
3426 2510 3621 2565 nostris
3650 2525 3766 2565 me-

2177 2607 2295 2663 ritis
2327 2620 2430 2660 non
2470 2613 2554 2660 cst
2579 2604 2737 2673 digna
2770 2603 2983 2669 ﬁducia,
3026 2603 3349 2674 placentium
3378 2603 3471 2659 tibi
3519 2603 3766 2673 precibus

2184 2701 2276 2755 ﬁat
2303 2709 2449 2771 grata
2476 2697 2710 2755 devotio.
2743 2698 2865 2763 Per,
2899 2705 3003 2753 etc.

2256 2791 2395 2846 Vere
2421 2791 2660 2859 dignum.
2696 2788 2826 2856 Quia
2856 2789 2927 2843 tui
2959 2796 3043 2844 est
3073 2788 3254 2857 operis
3284 2796 3493 2856 tuaeque
3529 2788 3639 2859 39
3658 2786 3768 2842 vir-

2182 2883 2328 2948 tutis,
2381 2890 2437 2941 ut
2480 2882 2760 2938 beatorum
2790 2879 3157 2950 apostolorum
3188 2879 3327 2934 Petri
3357 2887 3414 2934 et
3451 2878 3600 2933 Pauli
3637 2879 3764 2949 glo-

2178 2975 2319 3032 riosa
2345 2973 2612 3029 confessio
2644 2986 2745 3029 nec
2770 2972 3013 3043 capiatur
3038 2985 3283 3040 umquam
3311 2969 3479 3035 falsis,
3515 2984 3617 3023 nec
3643 2985 3775 3037 per-

2183 3070 2430 3127 turbetur
2474 3068 2745 3134 adversis;
2777 3067 2872 3123 sed
2913 3066 3152 3122 scelestis
3187 3063 3435 3127 eruditio,
3482 3063 3623 3118 sicut
3664 3080 3772 3134 per

2178 3178 2272 3221 eos
2302 3163 2368 3219 ab
2412 3163 2527 3233 ipsa
2575 3162 2799 3219 veritate
2846 3168 3093 3229 suscepta
3134 3157 3466 3230 posterisque
3508 3157 3765 3213 mandata

493 3254 869 3320 concluderet;
920 3267 1020 3307 nec
1065 3254 1308 3324 cuiquam
1354 3260 1500 3307 esset
1537 3250 1862 3320 ambiguum,
1910 3248 1963 3302 in
1988 3262 2074 3303 se—
2100 3234 2145 3299 C
2177 3266 2279 3321 est,
2326 3255 2397 3310 ita
2429 3253 2618 3313 iisdem
2669 3251 3083 3323 suﬂnganubus
3128 3252 3449 3309 intemerata
3479 3249 3783 3319 perduret.‘

460 3358 466 3363 '
496 3354 643 3400 creta
672 3344 1006 3399 beatitudine
1036 3344 1352 3399 collocatum
1397 3344 1483 3413 jus
1522 3343 1723 3399 habere
1772 3340 2077 3401 dimittendi

496 3436 693 3491 delicta
722 3436 1051 3498 mortalium,
1081 3434 1234 3505 cujus
1260 3435 1506 3489 meritum
1534 3443 1779 3490 cerneret
1808 3443 1921 3489 toto
1946 3433 2077 3495 orbe

497 3532 862 3588 venerandum
891 3546 1115 3600 regnare
1159 3538 1280 3600 post
1324 3539 1571 3587 mortem.
1606 3529 1824 3585 Beatum
1866 3543 2077 3599 quoque

498 3623 800 3694 apostolum
837 3622 1086 3688 Paulum,
1118 3623 1365 3690 Domine,
1395 3621 1556 3677 simili
1590 3620 1892 3691 dignatione
1916 3620 2079 3690 glori-

500 3718 655 3783 ﬁcas;
684 3716 775 3788 qui
796 3716 1035 3786 dejectus
1061 3716 1111 3773 in
1144 3716 1300 3772 terris
1323 3716 1529 3771 levatur
1562 3716 1617 3770 in
1642 3715 1856 3779 caelum,
1888 3724 2078 3783 captus

499 3808 672 3864 oculis
698 3806 1088 3877 corporalibus,
1120 3808 1291 3862 lucem
1323 3806 1455 3861 vidit
1476 3815 1762 3872 aeternam;
1795 3814 1952 3876 atque
1975 3820 2078 3863 uno

502 3902 799 3971 eodemque
832 3902 991 3957 modo
1025 3911 1314 3957 contumax
1353 3911 1474 3956 tuus
1514 3910 1569 3956 et
1595 3900 1881 3957 vindictam
1911 3900 2080 3956 sensit

502 4006 558 4052 et
584 3996 841 4067 gratiam;
873 4002 1124 4066 tantaque
1155 3994 1363 4051 felicior
1393 3994 1617 4060 ultione,
1652 3994 1917 4065 particeps
1946 3993 2081 4048 divi-

501 4101 698 4145 norum
726 4096 749 4124 ο
781 4086 977 4142 meruit
1008 4101 1127 4142 esse
1159 4095 1278 4157 post
1309 4102 1542 4158 poenam.
1573 4086 1695 4151 Per,
1725 4095 1829 4142 etc.

573 4180 684 4253 38
710 4177 797 4234 VI.
841 4177 975 4232 Item
1011 4178 1135 4233 alia.
1177 4210 1245 4220 ——
1281 4177 1614 4236 ‘Offerimus
1664 4178 1779 4246 tibi,
1831 4179 2079 4249 Domine,

504 4288 693 4344 preces
720 4280 773 4329 et
796 4287 1014 4328 munera
1048 4288 1226 4344 :qutc,
1261 4281 1315 4328 ut
1339 4282 1429 4328 tuo
1457 4272 1565 4329 sint
1586 4272 1742 4343 digna
1763 4282 2077 4343 conspectu,

504 4362 781 4421 beatorum
810 4364 1176 4434 apostolorum
1220 4374 1453 4431 tuorum,
1481 4379 1805 4435 quaesumus,
1836 4366 2083 4436 precibus

506 4456 844 4527 adiuventur.
872 4455 994 4521 Per,
1024 4464 1128 4510 etc.

580 4544 722 4601 Vere
749 4543 987 4615 dignum.
1033 4545 1133 4613 Qui
1167 4545 1464 4601 Ecclesiam
1494 4555 1660 4614 tuam,
1703 4549 1757 4604 in
1789 4550 2085 4619 apostolica

2179 3346 2304 3412 Per,
2341 3354 2446 3401 etc.

2246 3438 2315 3494 Χ.
2349 3437 2478 3493 Item
2509 3437 2635 3493 alia.
2662 3435 3038 3494 --Ofl'erimus
3064 3435 3180 3502 tibi,
3216 3433 3457 3498 Domine,
3482 3441 3662 3502 preces
3693 3433 3748 3483 et

2179 3544 2421 3595 munera,
2451 3539 2553 3586 etc.
2591 3530 2604 3579 f
3550 3560 3551 3565 η

2250 3623 2277 3662 ιι
2306 3623 2440 3680 Vere
2460 3624 2700 3695 dignum.
2734 3622 2834 3692 Qui
2857 3621 3110 3681 ineﬂabili
3134 3628 3475 3677 sacramento
3513 3616 3601 3688 jus
3635 3629 3764 3686 apo-

2182 3718 2356 3774 stolici
2390 3718 2716 3789 principatus
2750 3718 2802 3771 in
2833 3716 3059 3777 Romani
3089 3715 3322 3773 nominis
3365 3728 3490 3770 arce
3513 3710 3760 3782 posuisti,

2181 3813 2323 3868 unde
2355 3827 2414 3868 se
2436 3811 2744 3882 evangelica
2777 3810 2974 3867 veritas
3002 3824 3097 3879 per
3120 3818 3228 3864 tota
3258 3807 3442 3864 mundi
3471 3819 3635 3878 regna
3665 3802 3767 3859 dif-

2184 3906 2447 3971 funderet,
2476 3913 2533 3960 ut
2566 3904 2708 3973 quod
2758 3903 2810 3957 in
2841 3904 3025 3959 orbem
3060 3912 3320 3957 terrarum
3346 3912 3536 3955 eorum
3568 3894 3767 3965 praedi-

2182 4000 2393 4057 catione
2422 4006 2714 4063 manasset,
2744 3995 3063 4052 Christiante
3108 3992 3412 4051 devotionis
3448 3997 3771 4059 sequeretur

2182 4090 2549 4155 universitas;
2584 4089 2891 4157 salubrique
2930 4085 3252 4155 compendio
3276 4093 3333 4141 et
3359 4083 3412 4138 hi
3439 4083 3530 4153 qui
3556 4082 3625 4137 ab
3651 4081 3776 4137 illo-

2182 4199 2298 4241 rum
2327 4182 2536 4239 tramite
2558 4182 2866 4238 deviassent
2897 4180 3230 4236 haberentur
3285 4175 3515 4241 externi,
3557 4184 3609 4230 et
3664 4183 3777 4229 tan.

2184 4277 2459 4334 tummodo
2508 4275 2603 4330 ﬁlii
2651 4274 2890 4329 veritatis
2922 4274 3240 4338 existerent,
3268 4270 3360 4341 qui
3406 4283 3435 4323 a
3492 4268 3782 4337 principali

2185 4371 2490 4427 nullatenus
2522 4366 2804 4422 traditione
2833 4363 3192 4421 discederent.
3227 4363 3348 4428 Per,
3378 4369 3483 4418 etc.

2720 4458 2847 4514 Post
2870 4460 3235 4529 inﬁrmitatem.

2258 4557 2350 4612 XI.
2370 4556 2501 4610 Item
2522 4555 2867 4610 alim—Vere
2880 4555 3109 4624 dignum.
3130 4554 3228 4621 Qui
3253 4566 3349 4608 nos
3366 4552 3484 4607 ideo
3504 4562 3786 4620 tempora-

511 4624 783 4692 Soliditate
807 4636 1102 4703 fundatam,
1131 4637 1199 4691 ab
1221 4637 1546 4693 infernarum
1574 4639 1716 4695 eruis
1741 4649 1945 4696 terrore
1968 4657 2075 4710 por-

2204 4651 2331 4706 .ibus
2352 4649 2636 4704 salubriter
2654 4648 2891 4719 ﬂagellas
2914 4620 3289 4712 incommodis,
3304 4645 3427 4715 quia
3450 4653 3789 4700 :eternarum

514 4738 717 4797 tarum;
768 4730 905 4784 utin
938 4738 1023 4785 tua
1055 4730 1279 4786 veritate
1321 4732 1647 4800 consistens,
1696 4735 1839 4793 nulla
1871 4735 2091 4809 recipiat

512 4823 782 4878 consortia
809 4821 1155 4892 perﬁdorum.
1190 4822 1312 4892 Per,
1346 4833 1451 4880 etc.

588 4953 615 4981 ι
646 4936 753 4998 Has
776 4944 1069 5017 sententias
1086 4951 1142 5017 et
1160 4943 1415 5017 formulas
1442 4945 1683 5017 invenies
1704 4946 1755 5001 in
1782 4946 2090 5017 przefatione

515 5015 754 5071 Sacram.
803 5014 1071 5085 Gelasiani
1119 5015 1170 5085 in
1216 5016 1418 5071 octavis
1464 5014 1824 5085 apostolorum
1856 5018 1999 5077 Petri
2037 5031 2091 5076 et

516 5086 693 5150 Pauli,
738 5102 791 5140 n.
824 5084 914 5157 56,
961 5095 1015 5141 et
1054 5086 1106 5139 in
1142 5084 1457 5157 Gregoriani
1500 5103 1563 5143 ac
1606 5087 1837 5144 Missalis
1861 5090 2092 5149 Romani

518 5157 831 5229 prmfatione
855 5155 923 5211 de
952 5157 1243 5229 Apostolis.

590 5227 617 5267 ι’
650 5227 880 5299 Verbum
909 5228 1183 5299 patefecisti
1206 5236 1294 5299 est
1318 5228 1528 5284 varians
1558 5227 1733 5285 lectio.

596 5308 617 5337 ο
647 5297 703 5351 in
734 5297 1165 5354 simili‘oratione
1199 5298 1374 5354 Missae
1405 5315 1513 5356 χιιι
1542 5300 1765 5356 habetur
1790 5303 2017 5360 dilectos.

591 5366 619 5447 ξι
646 5368 823 5425 Codex
847 5368 1006 5447 habet
1028 5383 1275 5447 erronee,
1306 5387 1553 5447 quamque
1579 5371 1811 5447 universo
1836 5376 2095 5447 principatu

521 5440 812 5495 viderentur
853 5440 907 5493 in
953 5440 1158 5495 tacula.
1213 5440 1655 5499 Emendationcm
1701 5460 1729 5497 a
1778 5440 2093 5504 Bl'anchi'nio

524 5511 791 5565 inductam
822 5519 875 5564 et
905 5524 936 5564 a
966 5511 1253 5567 Muratorio
1283 5522 1550 5582 receptam
1584 5516 1920 5573 retinuimus.

600 5590 623 5650 ἐ
655 5582 854 5650 Supple
883 5582 1209 5650 gaudiorum,
1242 5584 1324 5636 vel
1345 5585 1539 5649 aliquid
1568 5586 1761 5640 simile.

601 5649 623 5688 ί
653 5649 746 5705 Est
760 5653 820 5723 in
853 5649 1092 5708 Sacram.
1126 5655 1344 5723 Cregnr.
1390 5655 1681 5718 Muratnrii,
1725 5674 1786 5713 ac
1817 5660 1866 5713 in
1898 5660 2095 5715 Missali

530 5722 687 5795 liom.
740 5722 825 5776 die
872 5736 1073 5777 octavae
1118 5723 1211 5780 SS.
1240 5722 1599 5795 apostolorum
1646 5730 1783 5784 Petri
1828 5740 1881 5785 et
1922 5732 2092 5786 Pauli.

529 5794 649 5870 Mos
674 5801 795 5847 ante
819 5808 1004 5870 vocem
1030 5812 1198 5863 preces
1222 5794 1386 5870 codex
1410 5798 1595 5855 inserit
1618 5818 1927 5870 qmcsumus,
1953 5802 2098 5870 quod

527 5863 751 5920 verbum
798 5866 986 5921 melius
1040 5868 1405 5924 transtulimus
1452 5880 1575 5927 ante
1629 5863 1819 5929 vocem
1867 5863 2098 5940 arce-ibus

2193 4758 2371 4799 rerum
2394 4757 2496 4796 non
2528 4742 2606 4797 vis
2633 4740 2816 4799 subire
2845 4739 3181 4808 dispendium
3203 4755 3219 4805 ;
3241 4746 3295 4794 et
3322 4738 3571 4807 quoniam
3604 4736 3791 4794 facilis

2192 4844 2274 4889 est
2298 4833 2354 4888 in
2382 4833 2668 4888 securitate
2692 4831 2991 4905 prolapsus,
3023 4830 3180 4884 malis
3214 4831 3390 4907 potius
3416 4830 3791 4898 praesentibus

2198 4954 2512 5008 auctoritate
2533 4951 2769 5020 ejusdem
2793 4949 3015 5016 codicis,
3040 4950 3126 5019 qui
3151 4964 3208 5003 n.
3232 4948 3455 5020 iolianc
3472 4945 3792 5020 orationem

2199 5034 2474 5094 repetens,
2507 5016 2605 5077 hac
2634 5022 2746 5077 sola
2772 5016 3069 5094 variatione
3094 5018 3386 5094 concludit,
3426 5016 3799 5089 apostolorum

2200 5091 2424 5157 tuorum,
2453 5108 2765 5164 quasumus,
2798 5093 3031 5164 precibus
3049 5091 3335 5164 expientttr.

2271 5174 2297 5213 8
2327 5157 2517 5222 Afﬁnis
2556 5171 2641 5219 est
2686 5164 2737 5217 in
2791 5157 3063 5218 nonnullis
3106 5157 3211 5215 alia
3262 5160 3388 5215 licet
3424 5157 3639 5230 syntaxi
3686 5173 3798 5214 ex-

2198 5236 2399 5362 gigssis
2440 5238 2553 5291 hmc
2592 5236 2762 5290 oratio
2793 5235 2978 5303 primae
3016 5232 3243 5288 orationi
3288 5229 3466 5287 Missis
3508 5229 3801 5301 tv'supra

2300 5316 2505 5362 cristae.

2300 5316 2505 5363 cristae.

2270 5323 2608 5446 ἶοὲἓὲῗίίωτ
2635 5375 2872 5431 anterior
2901 5374 3143 5446 praefatio
3172 5372 3350 5429 Missae
3376 5386 3453 5446 tv.

2278 5450 2293 5487 ι
2319 5439 2604 5518 Sequentia
2633 5447 2819 5503 eadem
2840 5439 2963 5501 sunt
2991 5447 3045 5499 in
3069 5445 3240 5518 prima
3257 5442 3515 5518 oratione
3545 5439 3740 5518 Missa
3758 5458 3801 5509 ι,

2202 5513 2421 5603 excepta
2453 5534 2584 5575 voce
2605 5518 2927 5590 magisterio,
2959 5531 3054 5586 pro
3076 5513 3184 5585 qua
3216 5514 3303 5570 hic
3340 5513 3570 5568 habetur
3604 5514 3808 5570 mode-

2200 5607 2414 5644 ramme.

2280 5663 2295 5711 i
2340 5661 2469 5715 Vide
2496 5675 2653 5729 supra
2684 5660 2961 5715 collectam
2998 5659 3172 5715 Missa:
3214 5674 3284 5712 γι.

2276 5729 2303 5767 ιι
2332 5732 2456 5787 Hauc
2486 5726 2724 5801 praefatio
2755 5732 2986 5785 Leonem
3015 5732 3225 5798 spirans
3256 5730 3310 5784 in
3331 5726 3630 5801 orationem
3674 5727 3809 5801 pri.

2206 5816 2348 5857 mam
2391 5798 2563 5860 Missa:
2611 5819 2639 5857 v
2691 5802 2928 5858 traducta
2977 5801 3071 5857 fuit
3122 5815 3287 5873 usque
3334 5798 3401 5855 ad
3450 5810 3641 5853 vocem
3672 5799 3810 5857 uni-

2206 5875 2436 5931 territas.
