4018 6314
254 310 320 369 53
1075 298 1277 355 LIBER
1312 288 1854 353 SACRAMENTORI

1983 286 2321 349 εοαιεειι
2361 288 2690 347 ΕΟΜΑΝΒ.
3457 290 3533 352 α

256 429 541 500 castigatos
557 425 621 481 ad
638 424 814 480 divina
838 420 1117 494 proﬁcere,
1144 433 1303 489 quam
1328 414 1595 472 mundana
1616 423 1835 482 prosps-
1864 413 1911 471 Λ
1943 407 2149 463 hostias
2176 407 2462 475 apostolica
2493 405 2840 461 commendet
2855 406 3050 474 oratio,
3081 408 3307 477 utquod
3330 422 3427 479 pro
3455 408 3528 463 il-

256 527 411 579 ritate
442 520 707 592 permittis
728 534 758 572 a
778 516 1118 587 sempiterna
1151 510 1495 567 beatitudinis
1522 508 1715 563 itinere
1739 505 1835 561 de-

252 619 429 683 viare;
456 631 552 687 per
575 629 695 685 quae
734 610 1082 683 providentiae
1112 617 1218 663 tua
1249 616 1276 644 ⁸
1309 603 1593 666 beneﬁcia,
1635 610 1833 671 cogno-

253 720 462 768 scentes
490 707 797 777 apostolicis
828 720 924 760 nos
961 699 1387 759 institutionibus
1415 694 1638 760 erudiri,
1688 692 1832 748 diem

250 806 497 876 gloriosae
524 799 790 873 passionis
818 810 1005 854 eorum
1036 793 1251 850 subdito
1286 788 1451 847 corde
1482 798 1827 845 veneramur.

254 897 374 963 Per,
410 906 513 952 etc.

901 966 1184 1040 ἶν’ῐῦ

319 1082 434 1139 XII.
452 1081 583 1136 Item
611 1082 810 1135 otia.-—-
826 1078 1165 1147 Quaesumus,
1191 1073 1439 1138 Domine,
1468 1072 1607 1125 Deus
1630 1078 1835 1131 noster,

249 1194 370 1249 quae
400 1178 452 1233 in
480 1176 584 1233 hoc
610 1176 761 1232 altari
802 1173 1073 1245 proposita
1103 1169 1276 1225 oculis
1304 1177 1407 1221 tute
1432 1164 1732 1233 maiestatis
1761 1161 1843 1217 of-

250 1269 496 1333 ferimus,
528 1269 806 1323 beatorum
839 1263 1205 1334 apostolorum
1238 1269 1451 1313 tuorum
1494 1253 1841 1325 supplicatio-

248 1364 409 1421 nibus
439 1363 758 1436 propitiatus
782 1372 1020 1415 assume.
1047 1355 1172 1423 Per,
1201 1362 1306 1408 etc.

322 1458 465 1515 Vere
492 1457 738 1528 dignum.
789 1454 888 1521 Qui
921 1448 1217 1507 Ecclesiam
1260 1454 1405 1501 tuam
1453 1443 1507 1499 in
1548 1440 1839 1512 apostolica

198 1538 201 1545 ’
252 1552 554 1613 soliditate,
579 1559 683 1603 etc.
715 1546 742 1585 δ

336 1653 358 1681 ι
388 1640 629 1697 Peractis
652 1635 979 1700 solemniter,
1012 1633 1251 1697 Domine,
1282 1642 1401 1699 quae
1446 1642 1541 1697 pro
1568 1622 1840 1695 apostolo-

256 1752 378 1791 rum
411 1745 620 1788 tuorum
651 1730 804 1785 beata
844 1724 1233 1783 celebravimus
1264 1722 1533 1793 passione,
1573 1720 1834 1788 ipsorum,

1940 508 2113 562 lorum
2155 504 2323 577 gloria
2356 504 2709 568 celebramus,
2755 502 2915 558 nobis
2963 502 3137 573 prosit
3176 503 3241 558 ad
3289 504 3525 559 veniam.

1938 598 2062 665 Per,
2089 606 2193 653 etc.

2010 691 2149 747 Vere
2192 690 2432 761 dignum.
2482 688 2614 755 lQoi
2651 686 2946 745 secundum
2993 688 3368 759 promissionis
3419 696 3528 745 tua:

1938 786 2247 843 inviolabile
2273 783 2645 849 constitutum,
2672 783 2983 853 apostolica:
3013 781 3363 845 confessioni,
3393 791 3527 848 etc.,

1939 889 1994 933 ut
2017 894 2174 950 supra
2224 875 2280 930 in
2334 874 2640 945 prtefatione
2689 871 2862 927 lisse;
2908 888 2955 942 l,
3014 888 3172 943 usque
3214 871 3527 939 dissonant;

1941 977 2161 1047 ipsaque
2186 972 2257 1028 sit
2279 970 2417 1028 sacri
2439 968 2681 1040 corporis
2702 967 2899 1037 ubique
2918 983 3044 1024 vera
3073 982 3353 1040 compago,
3386 982 3529 1038 qua,

1942 1079 1993 1125 te
2020 1068 2394 1136 dispensante,
2432 1060 2627 1118 devota
2677 1059 3012 1130 obsequitur,
3057 1060 3316 1132 quidquid
3372 1059 3533 1116 sedes

1944 1158 2049 1233 ἧι
2081 1160 2169 1215 illa
2202 1155 2497 1223 censuerit,
2524 1168 2682 1225 quam
2712 1161 2900 1208 tenere
2928 1152 3141 1209 voluisti
3163 1154 3325 1209 totius
3344 1150 3535 1207 Eccle-

1946 1254 2041 1308 siae
2080 1253 2460 1324 principatum.
2490 1248 2609 1313 Per,
2640 1254 2747 1301 etc.

2017 1343 2044 1384 ι
2076 1344 2369 1414 Perceptis,
2398 1339 2648 1407 Domine,
2674 1339 3055 1405 sacramentis,
3080 1338 3415 1407 suppliceste
3442 1350 3536 1393 ro-

1942 1454 2131 1511 gamus
2164 1448 2241 1503 ut,
2273 1432 2727 1491 intercedentibus
2760 1432 2935 1488 beatis
2966 1432 3250 1503 apostolis,
3292 1445 3412 1499 qua:
3442 1442 3538 1500 pro

1943 1532 2158 1587 illorum
2211 1529 2518 1585 veneranda
2566 1527 2805 1597 gerimus
2856 1528 3130 1597 passione,
3183 1525 3338 1581 nobis
3380 1524 3544 1594 proﬁ-

1942 1627 2086 1682 ciant
2111 1624 2178 1679 ad
2208 1622 2495 1679 medelam.
2521 1621 2643 1685 Per,
2676 1632 2783 1677 etc.

2019 1716 2036 1757 ι
2074 1716 2355 1773 Familiam
2406 1725 2574 1783 tuam,
2609 1713 2857 1781 Domine,
2911 1712 3176 1784 propitius
3222 1711 3453 1775 intuere.
3483 1715 3541 1765 et

247 1838 581 1898 quaesumus,
611 1822 763 1877 nobis
784 1819 913 1873 ﬁant
946 1816 1326 1872 intercessione
1350 1811 1459 1885 ω
1482 1811 1757 1877 salutaria,
1784 1808 1837 1863 In
1871 1819 1919 1881 Β
1946 1815 2257 1885 apostolicis
2279 1811 2509 1868 defende
2533 1809 2832 1881 praesidiis;
2870 1819 2925 1863 ut
2947 1823 3133 1865 eorum
3162 1808 3414 1879 precibus
3440 1820 3541 1878 gu-

242 1914 757 1991 quorumNatalitiis
780 1923 903 1968 sunt
923 1910 1251 1967 exsultanter
1282 1908 1539 1977 impensa.
1576 1903 1704 1969 Per,
1731 1912 1837 1958 etc.

316 2011 481 2078 Audi,
538 2008 786 2075 Domine,
822 2006 1076 2077 p0pulum
1125 2014 1296 2067 tuum,
1346 2010 1453 2056 tota
1514 1999 1609 2055 tibi
1662 2006 1841 2053 mente

244 2107 578 2177 subjectum,
609 2113 662 2159 et
684 2101 1030 2175 apostolicam
1054 2097 1336 2154 tuitionem
1366 2095 1588 2166 supplici
1612 2092 1843 2149 decerno

246 2200 613 2271 propitiatus:
649 2204 707 2251 ut
735 2208 963 2265 corpore
989 2202 1044 2249 et
1071 2189 1234 2247 corde
1264 2198 1561 2260 protectus,
1593 2187 1736 2258 quod
1759 2188 1844 2257 pie

244 2293 419 2350 credit
452 2298 692 2363 appetat,
722 2288 862 2360 quod
888 2288 1030 2359 juste
1058 2282 1512 2357 speratobtineat.
1546 2282 1667 2347 Per,
1701 2290 1804 2336 etc.

317 2384 462 2442 Xlll.
487 2415 561 2429 --
584 2382 803 2440 Munera
830 2398 949 2454 quae
973 2380 1287 2444 deferimus,
1322 2377 1570 2441 Domine,
1587 2375 1846 2447 benignus

250 2494 488 2545 assume,
513 2475 539 2515 ἀ
572 2486 627 2534 et
649 2479 774 2548 quia
802 2476 1002 2531 nostris
1034 2473 1401 2544 impediuntur
1428 2469 1649 2526 oﬁ'ensis
1670 2511 1685 2536 ,
1720 2483 1849 2540 apo-

255 2575 519 2631 stolorum
552 2581 769 2627 tuorum
804 2568 1049 2639 precibus
1072 2568 1411 2636 adjuventur.
1444 2564 1570 2633 Per,
1596 2571 1702 2619 etc.

790 2661 917 2718 Post
940 2661 1308 2731 inﬁrmitatem.

325 2758 466 2815 Vere
495 2757 740 2828 dignum.
796 2766 822 2795 ο
850 2752 960 2810 Nos
990 2753 1131 2808 enim
1176 2749 1561 2821 temporalibus
1612 2747 1850 2820 ﬂagellas

265 2850 635 2916 incommodis,
670 2850 794 2921 quia
826 2854 1149 2902 :eternarum
1198 2861 1377 2901 rerum
1420 2859 1524 2899 non
1557 2844 1640 2898 vis
1670 2843 1851 2899 subire

270 2944 598 3015 diSpendium
623 2958 637 3008 ;
667 2940 967 3008 meliusque
1003 2928 1086 2993 est
1118 2938 1273 2993 malis
1304 2936 1660 3007 praesentibus
1688 2936 1851 2990 casti.

277 3048 416 3108 gatos
441 3037 507 3092 ad
538 3035 719 3091 divina
761 3032 1053 3105 proﬁcere,
1100 3046 1259 3103 quam
1306 3029 1662 3100 prosperitate
1693 3044 1853 3083 mun-

289 3130 409 3184 dana
432 3146 459 3185 a
484 3126 827 3185 beatitudinis
849 3125 1190 3196 sempiterna:
1216 3124 1429 3178 tramite
1449 3123 1684 3177 deviare.
1713 3118 1859 3177 Inter

1944 1914 2223 1975 bernetur,
2246 1908 2441 1981 quibus
2462 1907 2670 1974 nititur,
2691 1916 2742 1962 te
2762 1904 3151 1971 constituente,
3184 1900 3538 1974 principibus.

1944 2007 2069 2073 Per,
2100 2018 2205 2063 etc.

2017 2100 2133 2156 XV.
2170 2097 2303 2154 Item
2329 2097 2455 2151 alia.
2481 2125 2553 2137 -—
2572 2105 2612 2131 ιιι
2634 2094 2988 2164 Omnipotens
3010 2090 3347 2160 sempiterne
3376 2087 3541 2154 Deus,

1947 2194 2039 2265 qui
2072 2190 2346 2262 lragilitati
2379 2197 2581 2245 nostra:
2610 2186 2923 2249 consulens,
2958 2184 3173 2238 assidua
3204 2195 3301 2237 nos
3328 2187 3547 2235 sancto-

1951 2302 2069 2343 rum
2097 2284 2412 2341 celebritate
2444 2283 2673 2337 solaris:
2708 2280 2775 2335 da
2803 2276 2979 2344 nobis,
3016 2278 3116 2333 sub
3155 2276 3396 2347 patronis
3427 2272 3549 2327 tali-

1949 2384 2050 2441 bus
2093 2381 2439 2447 constitutis,
2489 2387 2543 2435 et
2585 2379 2837 2434 continua
2878 2376 3169 2431 securitate
3217 2370 3441 2438 muniri,
3494 2379 3550 2426 et

1952 2478 2173 2534 salutari
2195 2477 2430 2546 gaudere
2471 2474 2738 2545 profectu.
2777 2473 2902 2538 Per,
2943 2480 3048 2526 etc.

2021 2570 2185 2627 Grata
2211 2569 2305 2623 tibi
2329 2582 2552 2623 munera
2576 2574 2757 2622 nostra
2785 2565 2915 2630 sint,
2944 2562 3193 2627 Domine,
3224 2574 3347 2631 quae
3371 2566 3427 2613 et
3443 2556 3551 2613 tuis

1952 2671 2078 2720 sunt
2107 2662 2351 2717 instituta
2383 2658 2693 2731 praeceptis,
2724 2666 2781 2714 et
2796 2664 3110 2714 sanctorum
3143 2653 3410 2711 festivitas
3438 2650 3554 2719 glo-

1955 2758 2099 2813 riosa
2129 2755 2491 2811 commendat.
2527 2754 2649 2817 Per,
2681 2762 2787 2807 etc.

2026 2848 2169 2906 Vere
2198 2850 2437 2919 dignum.
2459 2847 2563 2915 Qui
2591 2849 2733 2902 inter
2767 2859 3013 2902 errorum
3039 2843 3297 2914 caligines
3320 2838 3554 2897 munda-

1959 2957 2152 2997 norum
2188 2940 2470 2995 luminaria
2502 2938 2817 3007 multiplicis
2846 2938 3100 3006 beatique
3123 2934 3362 3007 martyrii
3390 2948 3554 2989 eoru-

1959 3050 2112 3089 scare
2138 3032 2395 3096 tribuisti,
2422 3040 2481 3085 ut
2506 3032 2558 3085 in
2586 3038 2877 3097 conspectu
2907 3028 3118 3096 generis
3152 3026 3369 3080 immani
3398 3024 3559 3076 mira-

1961 3126 2085 3181 bilis
2124 3132 2405 3193 appareret
2432 3122 2483 3175 in
2513 3134 2700 3174 eorum
2725 3132 2895 3188 agone
2925 3119 3173 3179 mutatio,
3222 3131 3323 3184 qua
3355 3128 3562 3183 praeva-

297 3238 400 3293 quze
421 3221 691 3291 praeceptis
732 3235 833 3275 nos
877 3219 1212 3291 apostolicis,
1241 3215 1549 3285 pariterque
1584 3213 1857 3284 cognosei-
1884 3222 1932 3288 α
1962 3213 2123 3270 lendo
2150 3211 2831 3279 deﬁciuntpersequentes.
2868 3216 2921 3262 et
2942 3203 3241 3259 deﬁcieudo
3272 3204 3564 3273 praevalent

295 3330 400 3371 mus
438 3314 689 3385 praesidiis
739 3312 975 3378 erudiri;
1010 3321 1063 3366 et
1105 3310 1306 3365 idcirco
1356 3308 1545 3364 horum
1599 3305 1861 3363 solemnia

288 3408 621 3474 celebrantes,
653 3406 859 3461 hostias
887 3403 982 3461 tibi
1010 3403 1185 3458 laudis
1206 3400 1504 3458 oﬁ‘erimus.
1532 3400 1650 3469 Per,
1682 3410 1787 3457 etc.

351 3498 714 3555 fC(elestihus
760 3497 947 3554 refecti
986 3495 1336 3553 sacramentis
1376 3505 1429 3552 et
1466 3494 1696 3569 gaudiis,
1729 3510 1859 3565 sup-

282 3592 458 3662 plices,
500 3592 751 3659 Domine,
786 3598 836 3648 te
865 3604 1134 3660 rogamus,
1188 3599 1245 3643 ut
1290 3602 1515 3659 quorum
1569 3586 1862 3659 gloriamur

282 3685 581 3758 triumphis,
607 3693 952 3757 protegamur
981 3680 1213 3737 auxiliis.
1244 3682 1365 3749 Per,
1398 3688 1499 3735 etc.

344 3792 368 3829 ε
399 3782 637 3853 Gregem
670 3790 841 3841 tuum,
874 3778 1031 3833 Pater
1062 3776 1223 3842 bone,
1250 3774 1488 3845 placatus
1519 3772 1769 3839 intende;
1811 3780 1865 3829 et

285 3890 375 3947 per
405 3876 601 3932 beatos
629 3872 905 3946 apostolos
955 3880 1210 3941 perpetua
1263 3869 1595 3939 protectione
1630 3865 1861 3934 custodi,

277 3982 402 4039 quos
445 3968 613 4022 totius
640 3964 896 4020 Ecclesia:
919 3960 1212 4036 praestitisti
1236 3958 1344 4035 (Al.
1377 3959 1495 4017 Filii
1520 3959 1592 4016 tui
1612 3959 1866 4031 vicarius)

275 4073 388 4117 esse
410 4071 681 4131 pastores.
706 4056 829 4121 Per,
858 4065 963 4111 etc.

342 4152 488 4211 XIV.
522 4152 657 4208 Item
679 4153 801 4206 alia.
820 4181 891 4193 —
909 4149 1259 4223 Omnipotens
1280 4150 1605 4221 sempiterno
1620 4148 1784 4215 Deus,
1799 4147 1865 4205 da

276 4246 487 4316 populis
518 4244 623 4299 tuis
649 4242 1039 4314 praecipuorum
1062 4240 1427 4311 apostolorum
1460 4239 1689 4294 natalem
1722 4238 1865 4293 diem

274 4342 428 4411 plena
459 4340 748 4395 devotione
776 4337 1020 4393 venerari
1040 4354 1054 4404 ;
1073 4347 1364 4407 utquorum
1379 4333 1637 4389 doctrinis
1658 4333 1722 4387 ad
1747 4348 1869 4386 con-

274 4434 567 4490 fessionem
583 4431 802 4489 Deitatis
816 4429 972 4486 uoius
988 4430 1261 4484 institutus
1272 4436 1353 4483 est
1380 4426 1542 4481 mund
1552 4423 1665 4494 us,ll
1682 4441 1867 4481 eorum

274 4524 699 4599 suifragantibus
720 4523 924 4580 meritis
950 4521 1144 4577 divinae
1171 4520 1369 4576 serviat
1396 4519 1605 4575 unitati.
1625 4518 1743 4587 Per,
1762 4528 1865 4575 etc.

1968 3302 2311 3375 interempti;
2344 3317 2449 3372 quo
2474 3300 2685 3355 illorum
2718 3296 3049 3353 saevientium
3083 3296 3339 3351 memoria
3374 3310 3439 3349 ac
3468 3310 3564 3362 po-

1968 3411 2129 3458 testas
2163 3400 2399 3466 evanuit,
2428 3398 2617 3453 horum
2659 3394 2975 3454 obeuntium
3006 3408 3152 3449 mors
3192 3393 3390 3462 ubique
3442 3405 3565 3461 pre-

1969 3492 2103 3549 tiosa
2135 3492 2296 3567 fung
2326 3501 2379 3548 et
2400 3505 2631 3556 nomen;
2668 3490 2883 3546 illorum
2914 3487 3055 3545 nulla
3081 3496 3369 3555 supersunt
3396 3484 3559 3554 regia

1967 3587 2251 3657 potestatis
2292 3586 2544 3656 insignia,
2579 3586 2804 3640 istorum
2853 3586 3104 3639 virtutem
3134 3590 3403 3638 monstrat
3432 3578 3563 3638 effe-

1967 3690 2122 3746 ctus;
2162 3689 2213 3736 et
2247 3678 2372 3750 quid
2411 3677 2480 3733 de
2521 3678 2761 3749 utrisque
2806 3683 3042 3747 geratur,
3088 3689 3193 3730 non
3238 3674 3413 3729 solum
3457 3670 3563 3727 ﬁde

1968 3776 2241 3840 cernitur,
2273 3774 2368 3829 sed
2399 3773 2560 3831 etiam
2602 3770 2885 3827 visibiliter
2915 3769 3263 3841 approbatur.
3300 3767 3422 3833 l’er,
3455 3778 3566 3821 etc.

2039 3868 2382 3935 Quasnmus,
2418 3867 2644 3923 Domine
2688 3865 2826 3920 Deus
2858 3875 3063 3930 noster,
3098 3872 3153 3916 ut
3194 3858 3561 3916 intervenien-

1970 3963 2111 4019 tibus
2132 3963 2333 4019 sanctis
2362 3961 2487 4029 tuis,
2527 3969 2873 4018 sacrosancta
2898 3958 3152 4031 mysteria
3174 3970 3293 4027 quze
3313 3954 3564 4025 frequen-

1972 4066 2149 4111 tamus
2180 4064 2325 4120 actu,
2359 4054 2753 4122 subsequamur
2780 4060 2834 4106 et
2878 4064 3062 4105 sensu.
3093 4047 3216 4113 Per,
3251 4055 3357 4100 etc.

2042 4148 2269 4214 Adesto,
2296 4148 2543 4213 Domine,
2563 4144 2763 4215 populo
2792 4152 2907 4208 tuo,
2942 4157 3063 4197 cum
3104 4147 3412 4193 sanctorum
3446 4142 3569 4189 tuo-

1980 4259 2098 4298 rum
2132 4240 2437 4312 patrocinio
2483 4234 2833 4305 supplicanti,
2864 4243 2921 4287 ut
2949 4231 3091 4302 quod
3135 4229 3347 4296 propria
3379 4226 3573 4280 ﬁducia

1976 4348 2083 4388 non
2134 4331 2445 4402 praesumit,
2497 4324 2903 4397 suffragantium
2948 4319 3153 4377 meritis
3192 4324 3573 4387 consequatur.

1973 4424 2095 4491 Per,
2124 4432 2228 4480 etc.

2048 4516 2189 4574 XVI.
2223 4514 2358 4572 Item
2387 4514 2511 4571 alia.
2539 4544 2611 4556 —
2632 4512 2797 4582 Deus,
2824 4510 2911 4585 qui
2946 4508 3205 4567 Ecclesia!
3229 4513 3333 4561 ture
3362 4503 3415 4560 in
3448 4518 3579 4559 san-

348 4619 360 4658 ί
398 4597 666 4675 Ecclesiae
711 4626 832 4683 tuae,
895 4629 1222 4684 quaesumus,
1273 4611 1500 4667 Domine
1530 4654 1542 4677 ,
1585 4627 1772 4682 preces
1819 4621 1875 4670 et
1902 4602 1953 4664 D
1980 4613 2081 4670 ctis
2103 4610 2379 4669 montibus
2401 4608 2745 4665 fundamenta
2776 4603 3027 4679 posuisti:
3054 4601 3118 4658 da
3149 4608 3209 4656 ut
3230 4597 3392 4655 nullis
3422 4612 3577 4655 ert-o-

343 4770 367 4798 ·
397 4756 717 4828 Legendum
756 4753 969 4828 videtur
998 4752 1262 4828 beneﬁcio.
1284 4751 1412 4828 _Post
1436 4766 1603 4820 pauca
1630 4753 1684 4806 in
1715 4751 1870 4828 Missa

272 4849 401 4894 xvu,
438 4823 533 4884 ubi
586 4829 699 4882 haec
748 4826 990 4896 praefatio
1035 4825 1229 4896 iterum
1284 4823 1503 4895 legitur,
1538 4838 1634 4893 pro
1672 4824 1874 4878 subdito

274 4892 427 4957 corde
460 4901 689 4954 habetur
716 4892 1005 4969 multiplici
1025 4892 1365 4969 solemnitate)

346 4974 371 5013 ι)
406 4970 668 5028 Praefatio
698 4964 879 5024 Missae
900 4983 949 5022 vt
994 4966 1081 5021 hic
1105 4964 1355 5035 repetita.

347 5043 609 5118 {Paucis
631 5039 849 5095 mutatis
886 5039 1080 5095 iterum
1133 5051 1191 5093 se
1221 5036 1399 5108 prodit
1427 5037 1600 5093 oratio
1641 5036 1876 5093 secunda

274 5118 453 5172 Missae
491 5129 603 5169 vm.

346 5190 372 5227 ἀ
403 5183 679 5242 Particula
710 5193 756 5237 et
778 5182 1020 5251 suppleta
1053 5178 1151 5234 fuit
1178 5178 1427 5251 exigente
1453 5189 1727 5237 contextu.

349 5272 373 5299 ο
407 5257 610 5313 Afﬁnis
637 5266 719 5310 est
753 5253 995 5323 praefatio
1026 5266 1173 5306 num.
1210 5252 1295 5323 lo.

354 5332 373 5370 ί
404 5331 606 5386 Exstat
646 5327 698 5381 in
746 5320 942 5380 liiissali
971 5324 1214 5378 Romano
1245 5320 1330 5379 die
1364 5324 1436 5378 22
1469 5323 1621 5396 Sept.
1656 5325 1707 5380 io
1746 5324 1881 5380 testo

275 5404 375 5462 SS.
411 5399 648 5457 Mauritii
682 5408 735 5452 et
766 5396 1059 5451 sociorum.

277 5484 377 5603 Ms
407 5475 541 5527 llaec
592 5483 804 5540 quoque
848 5464 1020 5522 oratio
1060 5465 1249 5523 similis
1292 5476 1376 5525 est
1407 5466 1648 5525 collectae
1679 5467 1882 5524 ultima:

335 5562 463 5600 ι-εῖιξ
498 5560 571 5597 ιν.

335 5562 463 5600 ι-εῖιξ
498 5560 571 5597 ιν.

352 5616 381 5654 ιι
408 5616 472 5671 In
502 5616 657 5668 Missa
682 5629 790 5680 xix,
821 5612 910 5667 ubi
940 5611 1113 5667 afﬁnis
1145 5612 1318 5666 oratio
1345 5612 1557 5680 legitur,
1588 5614 1696 5667 sic:
1727 5610 1880 5681 Ipso-

280 5706 401 5746 rum
431 5703 575 5741 nunc
603 5702 801 5756 quoque
830 5683 1091 5753 stt/fragt'is
1116 5686 1298 5739 divina:
1340 5693 1514 5751 parcat
1543 5684 1750 5756 unitati.

358 5759 376 5797 ί
411 5761 468 5815 In
503 5754 787 5813 Gelasiano
812 5757 1036 5813 habetur
1066 5756 1117 5810 in
1143 5756 1314 5811 Natali
1357 5756 1415 5814 S.
1450 5756 1591 5810 Petri
1620 5773 1672 5810 n.
1704 5754 1795 5817 50,
1828 5754 1883 5808 in

282 5832 629 5906 Gregoriano
664 5844 793 5886 vero
821 5830 873 5885 in
905 5826 1075 5883 Natali
1108 5827 1164 5885 S.
1208 5827 1374 5885 Pauli.
1408 5827 1705 5885 Romanum
1755 5824 1879 5881 Mis-

1979 4752 2090 4806 sale
2119 4750 2340 4822 praefert
2364 4750 2505 4822 hanc
2529 4748 2827 4803 orationem
2872 4742 3267 4822 die_Cathedr1e
3299 4738 3359 4796 S.
3406 4735 3579 4803 Petri,

1980 4834 2035 4877 et
2064 4817 2184 4878 cum
2212 4820 2269 4876 ﬁt
2296 4821 2537 4892 ejusdem
2568 4817 3031 4892 commemoratio.
3246 4882 3259 4892 ,
3324 4879 3341 4892 _.

2058 4892 2071 4944 ἱ
2107 4894 2233 4948 llzec
2262 4881 2505 4963 praefatio
2530 4907 2595 4947 ex
2619 4889 2830 4945 duobus
2860 4894 3159 4963 compacta.
3208 4881 3463 4963 nimirum
3512 4894 3584 4935 ex

1984 4952 2302 5034 praefatione
2330 4963 2506 5019 Missae
2528 4980 2567 5029 ι,
2600 4963 2690 5017 ubi
2728 4963 2933 5034 aliquot
2958 4952 3228 5034 variantes
3252 4952 3583 5034 notavimus.

1984 5019 2275 5092 Avocibus
2306 5043 2483 5091 autem
2512 5019 2724 5104 ipsaque
2751 5019 2839 5088 εἰτ’
2863 5031 2930 5087 ad
2968 5031 3128 5086 ﬁnem
3170 5038 3341 5097 usque
3396 5019 3582 5077 afﬁnia

1986 5109 2227 5163 invenies
2248 5107 2301 5161 in
2333 5104 2646 5175 praefatione
2674 5104 2846 5159 MisSre
2871 5119 2981 5158 xu.

2057 5162 2436 5254 IKNonsen'su,
2461 5178 2556 5234 sed
2582 5177 2762 5254 verbis
2804 5175 2983 5254 differt
3022 5162 3587 5254 aliquantulut‘t'ithe

1985 5233 2161 5306 oratio
2196 5250 2264 5305 ab
2300 5265 2359 5304 ca
2392 5233 2512 5319 qua:
2533 5263 2691 5319 supra
2714 5245 3038 5319 describitur
3067 5233 3225 5319 Missa
3250 5252 3327 5294 tv.
3374 5233 3587 5292 Similis

1986 5332 2062 5378 est
2088 5322 2140 5376 in
2164 5312 2631 5376 Romano'MissaIi
2656 5320 2706 5373 in
2739 5319 2917 5389 vigilia
2948 5317 3005 5372 S.
3045 5312 3289 5389 Andrem.

2064 5374 2953 5458 1—Sacram.A'Gregorianum"hanc
2983 5386 3283 5443 orationem
3310 5376 3479 5437 refert
3515 5374 3587 5434 ad

1986 5479 2241 5535 veSperas
2274 5465 2324 5519 in
2353 5456 2524 5519 Natali
2553 5464 2609 5519 S.
2638 5462 2804 5535 Petri.

2064 5521 2102 5573 ιιῖ
2134 5536 2229 5590 llic
2252 5546 2535 5591 revocatur
2565 5535 2739 5589 oratio
2764 5533 2937 5587 Missas
2967 5542 3177 5584 xxmtt
3205 5523 3407 5582 mensis
3429 5521 3591 5592 Apri-

1994 5610 2078 5688 li_s__
2106 5609 2172 5661 de
2220 5607 2491 5688 communi
2551 5614 2877 5688 martyrum;
2922 5610 2977 5657 et
3020 5598 3162 5686 idem
3205 5605 3289 5688 est
3318 5598 3386 5653 de
3416 5594 3591 5688 νίψω

1991 5680 2113 5735 aliis
2153 5678 2403 5761 .collectis
2465 5666 2817 5745 sequentibus
2845 5666 2873 5743 ,⁷
2898 5687 3031 5745 quas
3076 5672 3128 5729 in
3190 5669 3379 5728 eadem
3424 5666 3591 5724 Missa

1991 5762 2252 5821 reperies.
