  <div class='ocr_page' id='page_1' title='image "/cluster/home/n/w/nwhite01/storage/ocr_20150623/55/hvd.32044015471592/033.png"; bbox 0 0 4018 6314; ppageno 0'>
   <div class='ocr_carea' id='block_1_1' title="bbox 383 266 2667 340">
    <p class='ocr_par' dir='ltr' id='par_1_1' title="bbox 383 266 2667 340">
     <span class='ocr_line' id='line_1_1' title="bbox 383 266 2667 340; baseline -0.007 0"><span class='ocrx_word' id='word_1_1' title='bbox 383 280 452 340; x_wconf 71' lang='lat'><strong>55</strong></span> <span class='ocrx_word' id='word_1_2' title='bbox 1353 271 1585 330; x_wconf 79' lang='lat' dir='ltr'><strong>OPERA</strong></span> <span class='ocrx_word' id='word_1_3' title='bbox 1623 271 1680 328; x_wconf 90' lang='lat' dir='ltr'><strong>S.</strong></span> <span class='ocrx_word' id='word_1_4' title='bbox 1723 268 1929 327; x_wconf 78' lang='lat' dir='ltr'><strong>LEONI</strong></span> <span class='ocrx_word' id='word_1_5' title='bbox 1971 266 2211 325; x_wconf 75' lang='lat' dir='ltr'><strong>MAGNO</strong></span> <span class='ocrx_word' id='word_1_6' title='bbox 2251 266 2667 327; x_wconf 78' lang='lat' dir='ltr'><strong>ATTRIBUTA.</strong></span> 
     </span>
    </p>
   </div>
   <div class='ocr_carea' id='block_1_2' title="bbox 3574 266 3657 332">
    <p class='ocr_par' dir='ltr' id='par_1_2' title="bbox 3574 266 3657 332">
     <span class='ocr_line' id='line_1_2' title="bbox 3574 266 3657 332; baseline 0 -4"><span class='ocrx_word' id='word_1_7' title='bbox 3574 266 3657 332; x_wconf 68' lang='lat'><strong>56</strong></span> 
     </span>
    </p>
   </div>
   <div class='ocr_carea' id='block_1_3' title="bbox 386 383 3657 459">
    <p class='ocr_par' dir='ltr' id='par_1_3' title="bbox 386 383 3657 459">
     <span class='ocr_line' id='line_1_3' title="bbox 386 383 3657 459; baseline -0.002 -7"><span class='ocrx_word' id='word_1_8' title='bbox 386 413 498 452; x_wconf 85' lang='lat' dir='ltr'><strong>rum</strong></span> <span class='ocrx_word' id='word_1_9' title='bbox 534 395 819 448; x_wconf 71' lang='lat' dir='ltr'><strong>subruatur</strong></span> <span class='ocrx_word' id='word_1_10' title='bbox 841 392 1161 457; x_wconf 83' lang='lat' dir='ltr'><strong>incursibus,</strong></span> <span class='ocrx_word' id='word_1_11' title='bbox 1188 390 1331 443; x_wconf 88' lang='lat' dir='ltr'><strong>nulla</strong></span> <span class='ocrx_word' id='word_1_12' title='bbox 1359 389 1538 443; x_wconf 91' lang='lat' dir='ltr'><strong>mundi</strong></span> <span class='ocrx_word' id='word_1_13' title='bbox 1560 387 1959 459; x_wconf 73' lang='lat' dir='ltr'><strong>perturbatione</strong></span> <span class='ocrx_word' id='word_1_14' title='bbox 1987 387 2037 447; x_wconf 76' lang='grc' dir='ltr'><strong>Α</strong></span> <span class='ocrx_word' id='word_1_15' title='bbox 2066 383 2153 440; x_wconf 89' lang='lat' dir='ltr'><strong>tiis</strong></span> <span class='ocrx_word' id='word_1_16' title='bbox 2174 384 2521 452; x_wconf 89' lang='lat' dir='ltr'><strong>obtulerunt;</strong></span> <span class='ocrx_word' id='word_1_17' title='bbox 2547 393 2810 440; x_wconf 88' lang='lat' dir='ltr'><strong>eteorum</strong></span> <span class='ocrx_word' id='word_1_18' title='bbox 2836 384 2930 440; x_wconf 92' lang='lat' dir='ltr'><strong>tibi</strong></span> <span class='ocrx_word' id='word_1_19' title='bbox 2959 383 3376 456; x_wconf 89' lang='lat' dir='ltr'><strong>placitameritis</strong></span> <span class='ocrx_word' id='word_1_20' title='bbox 3390 386 3657 457; x_wconf 83' lang='lat' dir='ltr'><strong>propitius</strong></span> 
     </span>
    </p>
   </div>
   <div class='ocr_carea' id='block_1_4' title="bbox 382 479 1965 558">
    <p class='ocr_par' dir='ltr' id='par_1_4' title="bbox 382 479 1965 558">
     <span class='ocr_line' id='line_1_4' title="bbox 382 479 1965 558; baseline -0.005 -15"><span class='ocrx_word' id='word_1_21' title='bbox 382 491 681 558; x_wconf 86' lang='lat' dir='ltr'><strong>quatiatur;</strong></span> <span class='ocrx_word' id='word_1_22' title='bbox 722 486 813 539; x_wconf 87' lang='lat' dir='ltr'><strong>sed</strong></span> <span class='ocrx_word' id='word_1_23' title='bbox 859 484 1153 555; x_wconf 86' lang='lat' dir='ltr'><strong>apostolica</strong></span> <span class='ocrx_word' id='word_1_24' title='bbox 1194 496 1407 552; x_wconf 83' lang='lat' dir='ltr'><strong>semper</strong></span> <span class='ocrx_word' id='word_1_25' title='bbox 1437 490 1491 538; x_wconf 87' lang='lat' dir='ltr'><strong>et</strong></span> <span class='ocrx_word' id='word_1_26' title='bbox 1522 480 1856 536; x_wconf 75' lang='lat' dir='ltr'><strong>institutione</strong></span> <span class='ocrx_word' id='word_1_27' title='bbox 1894 479 1965 535; x_wconf 89' lang='lat' dir='ltr'><strong>sit</strong></span> 
     </span>
    </p>
   </div>
   <div class='ocr_carea' id='block_1_5' title="bbox 388 572 1591 655">
    <p class='ocr_par' dir='ltr' id='par_1_5' title="bbox 388 572 1591 655">
     <span class='ocr_line' id='line_1_5' title="bbox 388 572 1591 655; baseline -0.005 -23"><span class='ocrx_word' id='word_1_28' title='bbox 388 580 566 643; x_wconf 84' lang='lat' dir='ltr'><strong>ﬁrma,</strong></span> <span class='ocrx_word' id='word_1_29' title='bbox 592 586 647 630; x_wconf 89' lang='lat' dir='ltr'><strong>et</strong></span> <span class='ocrx_word' id='word_1_30' title='bbox 675 575 1071 655; x_wconf 44' lang='lat' dir='ltr'><strong>irite’t&#39;ventionc</strong></span> <span class='ocrx_word' id='word_1_31' title='bbox 1102 589 1314 629; x_wconf 89' lang='lat' dir='ltr'><strong>secura.</strong></span> <span class='ocrx_word' id='word_1_32' title='bbox 1338 572 1463 640; x_wconf 89' lang='lat' dir='ltr'><strong>Per,</strong></span> <span class='ocrx_word' id='word_1_33' title='bbox 1488 583 1591 628; x_wconf 89' lang='lat' dir='ltr'><strong>etc.</strong></span> 
     </span>
    </p>
   </div>
   <div class='ocr_carea' id='block_1_6' title="bbox 452 662 1967 740">
    <p class='ocr_par' dir='ltr' id='par_1_6' title="bbox 452 662 1967 740">
     <span class='ocr_line' id='line_1_6' title="bbox 452 662 1967 740; baseline -0.008 -12"><span class='ocrx_word' id='word_1_34' title='bbox 452 669 561 740; x_wconf 63' lang='grc'><strong>42</strong></span> <span class='ocrx_word' id='word_1_35' title='bbox 584 680 605 705; x_wconf 67' lang='grc' dir='ltr'><strong>ιι</strong></span> <span class='ocrx_word' id='word_1_36' title='bbox 632 667 921 723; x_wconf 75' lang='lat' dir='ltr'><strong>Offerimus</strong></span> <span class='ocrx_word' id='word_1_37' title='bbox 942 666 1283 732; x_wconf 84' lang='lat' dir='ltr'><strong>sacrificium,</strong></span> <span class='ocrx_word' id='word_1_38' title='bbox 1315 664 1560 731; x_wconf 84' lang='lat' dir='ltr'><strong>Domine,</strong></span> <span class='ocrx_word' id='word_1_39' title='bbox 1589 662 1730 732; x_wconf 92' lang='lat' dir='ltr'><strong>quod</strong></span> <span class='ocrx_word' id='word_1_40' title='bbox 1762 676 1859 732; x_wconf 91' lang='lat' dir='ltr'><strong>pro</strong></span> <span class='ocrx_word' id='word_1_41' title='bbox 1881 676 1967 717; x_wconf 90' lang='lat' dir='ltr'><strong>re-</strong></span> 
     </span>
    </p>
   </div>
   <div class='ocr_carea' id='block_1_7' title="bbox 384 751 1967 827">
    <p class='ocr_par' dir='ltr' id='par_1_7' title="bbox 384 751 1967 827">
     <span class='ocr_line' id='line_1_7' title="bbox 384 751 1967 827; baseline -0.004 -14"><span class='ocrx_word' id='word_1_42' title='bbox 384 763 621 817; x_wconf 79' lang='lat' dir='ltr'><strong>verentia</strong></span> <span class='ocrx_word' id='word_1_43' title='bbox 653 761 934 815; x_wconf 87' lang='lat' dir='ltr'><strong>beatorum</strong></span> <span class='ocrx_word' id='word_1_44' title='bbox 962 757 1325 827; x_wconf 85' lang='lat' dir='ltr'><strong>apostolorum</strong></span> <span class='ocrx_word' id='word_1_45' title='bbox 1354 754 1501 810; x_wconf 91' lang='lat' dir='ltr'><strong>Petri</strong></span> <span class='ocrx_word' id='word_1_46' title='bbox 1544 762 1595 809; x_wconf 89' lang='lat' dir='ltr'><strong>et</strong></span> <span class='ocrx_word' id='word_1_47' title='bbox 1625 752 1771 807; x_wconf 89' lang='lat' dir='ltr'><strong>Pauli</strong></span> <span class='ocrx_word' id='word_1_48' title='bbox 1798 751 1967 822; x_wconf 87' lang='lat' dir='ltr'><strong>maje-</strong></span> 
     </span>
    </p>
   </div>
   <div class='ocr_carea' id='block_1_8' title="bbox 384 844 1929 923">
    <p class='ocr_par' dir='ltr' id='par_1_8' title="bbox 384 844 1929 923">
     <span class='ocr_line' id='line_1_8' title="bbox 384 844 1929 923; baseline -0.007 -14"><span class='ocrx_word' id='word_1_49' title='bbox 384 855 509 913; x_wconf 88' lang='lat' dir='ltr'><strong>stati</strong></span> <span class='ocrx_word' id='word_1_50' title='bbox 540 863 645 908; x_wconf 75' lang='lat' dir='ltr'><strong>tute</strong></span> <span class='ocrx_word' id='word_1_51' title='bbox 672 853 875 923; x_wconf 85' lang='lat' dir='ltr'><strong>jugiter</strong></span> <span class='ocrx_word' id='word_1_52' title='bbox 890 860 945 907; x_wconf 90' lang='lat' dir='ltr'><strong>et</strong></span> <span class='ocrx_word' id='word_1_53' title='bbox 970 850 1239 906; x_wconf 84' lang='lat' dir='ltr'><strong>reddimus</strong></span> <span class='ocrx_word' id='word_1_54' title='bbox 1268 856 1324 903; x_wconf 94' lang='lat' dir='ltr'><strong>ct</strong></span> <span class='ocrx_word' id='word_1_55' title='bbox 1350 846 1633 902; x_wconf 89' lang='lat' dir='ltr'><strong>debemus.</strong></span> <span class='ocrx_word' id='word_1_56' title='bbox 1673 844 1797 911; x_wconf 86' lang='lat' dir='ltr'><strong>Per,</strong></span> <span class='ocrx_word' id='word_1_57' title='bbox 1826 853 1929 899; x_wconf 93' lang='lat' dir='ltr'><strong>etc.</strong></span> 
     </span>
    </p>
   </div>
   <div class='ocr_carea' id='block_1_9' title="bbox 458 942 1972 1014">
    <p class='ocr_par' dir='ltr' id='par_1_9' title="bbox 458 942 1972 1014">
     <span class='ocr_line' id='line_1_9' title="bbox 458 942 1972 1014; baseline -0.004 -14"><span class='ocrx_word' id='word_1_58' title='bbox 458 944 486 983; x_wconf 71' lang='grc' dir='ltr'>δ</span> <span class='ocrx_word' id='word_1_59' title='bbox 510 945 652 1000; x_wconf 82' lang='lat' dir='ltr'><strong>Vere</strong></span> <span class='ocrx_word' id='word_1_60' title='bbox 674 944 912 1014; x_wconf 84' lang='lat' dir='ltr'><strong>dignum.</strong></span> <span class='ocrx_word' id='word_1_61' title='bbox 933 942 1084 1012; x_wconf 76' lang='lat' dir='ltr'><strong>Apud</strong></span> <span class='ocrx_word' id='word_1_62' title='bbox 1107 955 1287 1011; x_wconf 88' lang='lat' dir='ltr'><strong>quem,</strong></span> <span class='ocrx_word' id='word_1_63' title='bbox 1314 954 1438 995; x_wconf 91' lang='lat' dir='ltr'><strong>cum</strong></span> <span class='ocrx_word' id='word_1_64' title='bbox 1459 943 1737 994; x_wconf 86' lang='lat' dir='ltr'><strong>beatorum</strong></span> <span class='ocrx_word' id='word_1_65' title='bbox 1759 945 1972 1009; x_wconf 89' lang='lat' dir='ltr'><strong>aposto-</strong></span> 
     </span>
    </p>
   </div>
   <div class='ocr_carea' id='block_1_10' title="bbox 382 1031 1973 1100">
    <p class='ocr_par' dir='ltr' id='par_1_10' title="bbox 382 1031 1973 1100">
     <span class='ocr_line' id='line_1_10' title="bbox 382 1031 1973 1100; baseline -0.005 -5"><span class='ocrx_word' id='word_1_66' title='bbox 382 1040 555 1095; x_wconf 91' lang='lat' dir='ltr'><strong>lorum</strong></span> <span class='ocrx_word' id='word_1_67' title='bbox 575 1038 720 1094; x_wconf 89' lang='lat' dir='ltr'><strong>Petri</strong></span> <span class='ocrx_word' id='word_1_68' title='bbox 738 1036 1276 1093; x_wconf 88' lang='lat' dir='ltr'><strong>etPaulicontinuata</strong></span> <span class='ocrx_word' id='word_1_69' title='bbox 1301 1032 1581 1100; x_wconf 90' lang='lat' dir='ltr'><strong>festivitas,</strong></span> <span class='ocrx_word' id='word_1_70' title='bbox 1606 1040 1806 1089; x_wconf 65' lang='lat' dir='ltr'><strong>aeterna</strong></span> <span class='ocrx_word' id='word_1_71' title='bbox 1829 1031 1973 1088; x_wconf 89' lang='lat' dir='ltr'><strong>cele-</strong></span> 
     </span>
    </p>
   </div>
   <div class='ocr_carea' id='block_1_11' title="bbox 385 1124 1972 1200">
    <p class='ocr_par' dir='ltr' id='par_1_11' title="bbox 385 1124 1972 1200">
     <span class='ocr_line' id='line_1_11' title="bbox 385 1124 1972 1200; baseline -0.005 -12"><span class='ocrx_word' id='word_1_72' title='bbox 385 1133 573 1200; x_wconf 83' lang='lat' dir='ltr'><strong>britas,</strong></span> <span class='ocrx_word' id='word_1_73' title='bbox 599 1139 653 1188; x_wconf 90' lang='lat' dir='ltr'><strong>et</strong></span> <span class='ocrx_word' id='word_1_74' title='bbox 670 1130 919 1200; x_wconf 86' lang='lat' dir='ltr'><strong>triumphi</strong></span> <span class='ocrx_word' id='word_1_75' title='bbox 948 1128 1183 1184; x_wconf 77' lang='lat' dir='ltr'><strong>ctelestis</strong></span> <span class='ocrx_word' id='word_1_76' title='bbox 1206 1135 1497 1198; x_wconf 91' lang='lat' dir='ltr'><strong>perpetuus</strong></span> <span class='ocrx_word' id='word_1_77' title='bbox 1527 1124 1599 1180; x_wconf 86' lang='lat' dir='ltr'><strong>sit</strong></span> <span class='ocrx_word' id='word_1_78' title='bbox 1623 1125 1813 1180; x_wconf 85' lang='lat' dir='ltr'><strong>natalis</strong></span> <span class='ocrx_word' id='word_1_79' title='bbox 1835 1141 1851 1192; x_wconf 89' lang='lat'><strong>;</strong></span> <span class='ocrx_word' id='word_1_80' title='bbox 1872 1138 1972 1180; x_wconf 87' lang='lat' dir='ltr'><strong>nos</strong></span> 
     </span>
    </p>
   </div>
   <div class='ocr_carea' id='block_1_12' title="bbox 390 1218 1973 1287">
    <p class='ocr_par' dir='ltr' id='par_1_12' title="bbox 390 1218 1973 1287">
     <span class='ocr_line' id='line_1_12' title="bbox 390 1218 1973 1287; baseline -0.004 -6"><span class='ocrx_word' id='word_1_81' title='bbox 390 1235 567 1281; x_wconf 85' lang='lat' dir='ltr'><strong>tamen</strong></span> <span class='ocrx_word' id='word_1_82' title='bbox 601 1225 770 1280; x_wconf 74' lang='lat' dir='ltr'><strong>beatae</strong></span> <span class='ocrx_word' id='word_1_83' title='bbox 790 1220 1145 1278; x_wconf 90' lang='lat' dir='ltr'><strong>confessionis</strong></span> <span class='ocrx_word' id='word_1_84' title='bbox 1175 1220 1325 1276; x_wconf 88' lang='lat' dir='ltr'><strong>initia</strong></span> <span class='ocrx_word' id='word_1_85' title='bbox 1360 1219 1662 1275; x_wconf 84' lang='lat' dir='ltr'><strong>recolentes</strong></span> <span class='ocrx_word' id='word_1_86' title='bbox 1705 1218 1973 1287; x_wconf 78' lang='lat' dir='ltr'><strong>frequenti</strong></span> 
     </span>
    </p>
   </div>
   <div class='ocr_carea' id='block_1_13' title="bbox 384 1310 1973 1381">
    <p class='ocr_par' dir='ltr' id='par_1_13' title="bbox 384 1310 1973 1381">
     <span class='ocr_line' id='line_1_13' title="bbox 384 1310 1973 1381; baseline -0.005 -8"><span class='ocrx_word' id='word_1_87' title='bbox 384 1318 576 1373; x_wconf 90' lang='lat' dir='ltr'><strong>tribuis</strong></span> <span class='ocrx_word' id='word_1_88' title='bbox 595 1316 880 1371; x_wconf 82' lang='lat' dir='ltr'><strong>devotione</strong></span> <span class='ocrx_word' id='word_1_89' title='bbox 908 1312 1181 1378; x_wconf 88' lang='lat' dir='ltr'><strong>venerari,</strong></span> <span class='ocrx_word' id='word_1_90' title='bbox 1208 1311 1521 1367; x_wconf 89' lang='lat' dir='ltr'><strong>utcrebrior</strong></span> <span class='ocrx_word' id='word_1_91' title='bbox 1548 1311 1740 1381; x_wconf 88' lang='lat' dir='ltr'><strong>honor,</strong></span> <span class='ocrx_word' id='word_1_92' title='bbox 1758 1310 1973 1381; x_wconf 84' lang='lat' dir='ltr'><strong>impen-</strong></span> 
     </span>
    </p>
   </div>
   <div class='ocr_carea' id='block_1_14' title="bbox 386 1404 1973 1477">
    <p class='ocr_par' dir='ltr' id='par_1_14' title="bbox 386 1404 1973 1477">
     <span class='ocr_line' id='line_1_14' title="bbox 386 1404 1973 1477; baseline -0.003 -11"><span class='ocrx_word' id='word_1_93' title='bbox 386 1425 477 1466; x_wconf 88' lang='lat' dir='ltr'><strong>sus</strong></span> <span class='ocrx_word' id='word_1_94' title='bbox 505 1407 885 1464; x_wconf 64' lang='lat' dir='ltr'><strong>sacratissima:</strong></span> <span class='ocrx_word' id='word_1_95' title='bbox 906 1406 1165 1477; x_wconf 89' lang='lat' dir='ltr'><strong>passioni,</strong></span> <span class='ocrx_word' id='word_1_96' title='bbox 1204 1405 1457 1475; x_wconf 87' lang='lat' dir='ltr'><strong>majorem</strong></span> <span class='ocrx_word' id='word_1_97' title='bbox 1489 1405 1642 1461; x_wconf 88' lang='lat' dir='ltr'><strong>nobis</strong></span> <span class='ocrx_word' id='word_1_98' title='bbox 1680 1406 1851 1476; x_wconf 88' lang='lat' dir='ltr'><strong>prosit</strong></span> <span class='ocrx_word' id='word_1_99' title='bbox 1905 1404 1973 1461; x_wconf 89' lang='lat' dir='ltr'><strong>ad</strong></span> 
     </span>
    </p>
   </div>
   <div class='ocr_carea' id='block_1_15' title="bbox 384 1503 919 1576">
    <p class='ocr_par' dir='ltr' id='par_1_15' title="bbox 384 1503 919 1576">
     <span class='ocr_line' id='line_1_15' title="bbox 384 1503 919 1576; baseline -0.013 -15"><span class='ocrx_word' id='word_1_100' title='bbox 384 1504 630 1576; x_wconf 86' lang='lat' dir='ltr'><strong>gratiam.</strong></span> <span class='ocrx_word' id='word_1_101' title='bbox 661 1503 788 1567; x_wconf 89' lang='lat' dir='ltr'><strong>Per,</strong></span> <span class='ocrx_word' id='word_1_102' title='bbox 811 1509 919 1556; x_wconf 91' lang='lat' dir='ltr'><strong>etc.</strong></span> 
     </span>
    </p>
   </div>
   <div class='ocr_carea' id='block_1_16' title="bbox 461 1588 1971 1662">
    <p class='ocr_par' dir='ltr' id='par_1_16' title="bbox 461 1588 1971 1662">
     <span class='ocr_line' id='line_1_16' title="bbox 461 1588 1971 1662; baseline -0.005 -13"><span class='ocrx_word' id='word_1_103' title='bbox 461 1606 482 1634; x_wconf 73' lang='grc' dir='ltr'><strong>ε</strong></span> <span class='ocrx_word' id='word_1_104' title='bbox 514 1595 798 1649; x_wconf 88' lang='lat' dir='ltr'><strong>Beatorum</strong></span> <span class='ocrx_word' id='word_1_105' title='bbox 832 1588 1223 1662; x_wconf 90' lang='lat' dir='ltr'><strong>apostolorum,</strong></span> <span class='ocrx_word' id='word_1_106' title='bbox 1256 1588 1502 1657; x_wconf 90' lang='lat' dir='ltr'><strong>Domine,</strong></span> <span class='ocrx_word' id='word_1_107' title='bbox 1527 1602 1857 1660; x_wconf 76' lang='lat' dir='ltr'><strong>quaesumus,</strong></span> <span class='ocrx_word' id='word_1_108' title='bbox 1889 1589 1971 1643; x_wconf 52' lang='lat' dir='ltr'><strong>in.</strong></span> 
     </span>
    </p>
   </div>
   <div class='ocr_carea' id='block_1_17' title="bbox 387 1683 1975 1755">
    <p class='ocr_par' dir='ltr' id='par_1_17' title="bbox 387 1683 1975 1755">
     <span class='ocr_line' id='line_1_17' title="bbox 387 1683 1975 1755; baseline -0.003 -13"><span class='ocrx_word' id='word_1_109' title='bbox 387 1687 714 1744; x_wconf 88' lang='lat' dir='ltr'><strong>tercessione</strong></span> <span class='ocrx_word' id='word_1_110' title='bbox 737 1700 837 1741; x_wconf 90' lang='lat' dir='ltr'><strong>nos</strong></span> <span class='ocrx_word' id='word_1_111' title='bbox 864 1684 1075 1755; x_wconf 88' lang='lat' dir='ltr'><strong>adjuva,</strong></span> <span class='ocrx_word' id='word_1_112' title='bbox 1110 1698 1207 1754; x_wconf 91' lang='lat' dir='ltr'><strong>pro</strong></span> <span class='ocrx_word' id='word_1_113' title='bbox 1228 1698 1453 1753; x_wconf 89' lang='lat' dir='ltr'><strong>quorum</strong></span> <span class='ocrx_word' id='word_1_114' title='bbox 1486 1683 1824 1739; x_wconf 89' lang='lat' dir='ltr'><strong>solemnitate</strong></span> <span class='ocrx_word' id='word_1_115' title='bbox 1855 1698 1975 1755; x_wconf 88' lang='lat' dir='ltr'><strong>per-</strong></span> 
     </span>
    </p>
   </div>
   <div class='ocr_carea' id='block_1_18' title="bbox 385 1775 1542 1851">
    <p class='ocr_par' dir='ltr' id='par_1_18' title="bbox 385 1775 1542 1851">
     <span class='ocr_line' id='line_1_18' title="bbox 385 1775 1542 1851; baseline -0.007 -15"><span class='ocrx_word' id='word_1_116' title='bbox 385 1780 626 1851; x_wconf 85' lang='lat' dir='ltr'><strong>cepimus</strong></span> <span class='ocrx_word' id='word_1_117' title='bbox 658 1787 748 1832; x_wconf 91' lang='lat' dir='ltr'><strong>tua</strong></span> <span class='ocrx_word' id='word_1_118' title='bbox 779 1784 960 1831; x_wconf 90' lang='lat' dir='ltr'><strong>sancta</strong></span> <span class='ocrx_word' id='word_1_119' title='bbox 984 1776 1251 1832; x_wconf 67' lang='lat' dir='ltr'><strong>laetantes.</strong></span> <span class='ocrx_word' id='word_1_120' title='bbox 1281 1775 1406 1840; x_wconf 90' lang='lat' dir='ltr'><strong>Per,</strong></span> <span class='ocrx_word' id='word_1_121' title='bbox 1437 1784 1542 1831; x_wconf 90' lang='lat' dir='ltr'><strong>etc.</strong></span> 
     </span>
    </p>
   </div>
   <div class='ocr_carea' id='block_1_19' title="bbox 460 1868 1973 1939">
    <p class='ocr_par' dir='ltr' id='par_1_19' title="bbox 460 1868 1973 1939">
     <span class='ocr_line' id='line_1_19' title="bbox 460 1868 1973 1939; baseline -0.003 -11"><span class='ocrx_word' id='word_1_122' title='bbox 460 1872 682 1939; x_wconf 76' lang='lat' dir='ltr'><strong>Adesto,</strong></span> <span class='ocrx_word' id='word_1_123' title='bbox 716 1871 957 1937; x_wconf 91' lang='lat' dir='ltr'><strong>Domine,</strong></span> <span class='ocrx_word' id='word_1_124' title='bbox 984 1869 1229 1925; x_wconf 85' lang='lat' dir='ltr'><strong>fidelibus</strong></span> <span class='ocrx_word' id='word_1_125' title='bbox 1248 1869 1372 1935; x_wconf 88' lang='lat' dir='ltr'><strong>tuis,</strong></span> <span class='ocrx_word' id='word_1_126' title='bbox 1401 1884 1500 1924; x_wconf 90' lang='lat' dir='ltr'><strong>nec</strong></span> <span class='ocrx_word' id='word_1_127' title='bbox 1521 1883 1614 1925; x_wconf 91' lang='lat' dir='ltr'><strong>eos</strong></span> <span class='ocrx_word' id='word_1_128' title='bbox 1636 1868 1757 1923; x_wconf 80' lang='lat' dir='ltr'><strong>ullis</strong></span> <span class='ocrx_word' id='word_1_129' title='bbox 1780 1869 1973 1924; x_wconf 78' lang='lat' dir='ltr'><strong>mentis</strong></span> 
     </span>
    </p>
   </div>
   <div class='ocr_carea' id='block_1_20' title="bbox 394 1963 1977 2037">
    <p class='ocr_par' dir='ltr' id='par_1_20' title="bbox 394 1963 1977 2037">
     <span class='ocr_line' id='line_1_20' title="bbox 394 1963 1977 2037; baseline -0.003 -14"><span class='ocrx_word' id='word_1_130' title='bbox 394 1977 447 2023; x_wconf 87' lang='lat' dir='ltr'><strong>et</strong></span> <span class='ocrx_word' id='word_1_131' title='bbox 475 1968 719 2037; x_wconf 88' lang='lat' dir='ltr'><strong>corporis</strong></span> <span class='ocrx_word' id='word_1_132' title='bbox 753 1965 971 2037; x_wconf 88' lang='lat' dir='ltr'><strong>patiaris</strong></span> <span class='ocrx_word' id='word_1_133' title='bbox 998 1964 1275 2035; x_wconf 75' lang='lat' dir='ltr'><strong>subiacere</strong></span> <span class='ocrx_word' id='word_1_134' title='bbox 1296 1963 1546 2034; x_wconf 88' lang='lat' dir='ltr'><strong>periculis</strong></span> <span class='ocrx_word' id='word_1_135' title='bbox 1569 2003 1585 2031; x_wconf 94' lang='lat'><strong>,</strong></span> <span class='ocrx_word' id='word_1_136' title='bbox 1625 1978 1761 2033; x_wconf 92' lang='lat' dir='ltr'><strong>quos</strong></span> <span class='ocrx_word' id='word_1_137' title='bbox 1792 1963 1977 2018; x_wconf 88' lang='lat' dir='ltr'><strong>beato-</strong></span> 
     </span>
    </p>
   </div>
   <div class='ocr_carea' id='block_1_21' title="bbox 388 2056 1976 2131">
    <p class='ocr_par' dir='ltr' id='par_1_21' title="bbox 388 2056 1976 2131">
     <span class='ocr_line' id='line_1_21' title="bbox 388 2056 1976 2131; baseline -0.004 -14"><span class='ocrx_word' id='word_1_138' title='bbox 388 2076 506 2117; x_wconf 89' lang='lat' dir='ltr'><strong>rum</strong></span> <span class='ocrx_word' id='word_1_139' title='bbox 528 2060 893 2131; x_wconf 86' lang='lat' dir='ltr'><strong>apostolorum</strong></span> <span class='ocrx_word' id='word_1_140' title='bbox 920 2058 1065 2114; x_wconf 88' lang='lat' dir='ltr'><strong>Petri</strong></span> <span class='ocrx_word' id='word_1_141' title='bbox 1104 2065 1158 2115; x_wconf 91' lang='lat' dir='ltr'><strong>et</strong></span> <span class='ocrx_word' id='word_1_142' title='bbox 1187 2056 1341 2113; x_wconf 85' lang='lat' dir='ltr'><strong>Pauli</strong></span> <span class='ocrx_word' id='word_1_143' title='bbox 1385 2056 1557 2114; x_wconf 92' lang='lat' dir='ltr'><strong>munit</strong></span> <span class='ocrx_word' id='word_1_144' title='bbox 1592 2056 1824 2129; x_wconf 90' lang='lat' dir='ltr'><strong>gloriosa</strong></span> <span class='ocrx_word' id='word_1_145' title='bbox 1846 2070 1976 2112; x_wconf 87' lang='lat' dir='ltr'><strong>con-</strong></span> 
     </span>
    </p>
   </div>
   <div class='ocr_carea' id='block_1_22' title="bbox 384 2152 866 2221">
    <p class='ocr_par' dir='ltr' id='par_1_22' title="bbox 384 2152 866 2221">
     <span class='ocr_line' id='line_1_22' title="bbox 384 2152 866 2221; baseline -0.008 -13"><span class='ocrx_word' id='word_1_146' title='bbox 384 2152 582 2215; x_wconf 81' lang='lat' dir='ltr'><strong>fessio.</strong></span> <span class='ocrx_word' id='word_1_147' title='bbox 606 2152 731 2221; x_wconf 90' lang='lat' dir='ltr'><strong>Per,</strong></span> <span class='ocrx_word' id='word_1_148' title='bbox 763 2158 866 2208; x_wconf 93' lang='lat' dir='ltr'><strong>etc.</strong></span> 
     </span>
    </p>
   </div>
   <div class='ocr_carea' id='block_1_23' title="bbox 1020 2229 1321 2245">
    <p class='ocr_par' dir='ltr' id='par_1_23' title="bbox 1020 2229 1321 2245">
     <span class='ocr_line' id='line_1_23' title="bbox 1020 2229 1321 2245; baseline -0.007 -2"><span class='ocrx_word' id='word_1_149' title='bbox 1020 2229 1321 2245; x_wconf 73' lang='lat'><strong>———-</strong></span> 
     </span>
    </p>
   </div>
   <div class='ocr_carea' id='block_1_24' title="bbox 1043 2259 1315 2300">
    <p class='ocr_par' dir='ltr' id='par_1_24' title="bbox 1043 2259 1315 2300">
     <span class='ocr_line' id='line_1_24' title="bbox 1043 2259 1315 2300; baseline -0.004 0"><span class='ocrx_word' id='word_1_150' title='bbox 1043 2259 1315 2300; x_wconf 79' lang='lat' dir='ltr'><strong>I&#39;BSP</strong></span> 
     </span>
    </p>
   </div>
   <div class='ocr_carea' id='block_1_25' title="bbox 457 2357 1970 2430">
    <p class='ocr_par' dir='ltr' id='par_1_25' title="bbox 457 2357 1970 2430">
     <span class='ocr_line' id='line_1_25' title="bbox 457 2357 1970 2430; baseline -0.001 -12"><span class='ocrx_word' id='word_1_151' title='bbox 457 2361 621 2419; x_wconf 81' lang='lat' dir='ltr'><strong>XVII.</strong></span> <span class='ocrx_word' id='word_1_152' title='bbox 690 2360 821 2417; x_wconf 85' lang='lat' dir='ltr'><strong>Item</strong></span> <span class='ocrx_word' id='word_1_153' title='bbox 877 2362 1003 2416; x_wconf 81' lang='lat' dir='ltr'><strong>alia.</strong></span> <span class='ocrx_word' id='word_1_154' title='bbox 1042 2388 1115 2403; x_wconf 91' lang='lat'><strong>--</strong></span> <span class='ocrx_word' id='word_1_155' title='bbox 1152 2357 1179 2399; x_wconf 73' lang='grc' dir='ltr'><strong>ἀ</strong></span> <span class='ocrx_word' id='word_1_156' title='bbox 1240 2358 1594 2429; x_wconf 89' lang='lat' dir='ltr'><strong>Omnipotens</strong></span> <span class='ocrx_word' id='word_1_157' title='bbox 1638 2359 1970 2430; x_wconf 87' lang='lat' dir='ltr'><strong>sempiterne</strong></span> 
     </span>
    </p>
   </div>
   <div class='ocr_carea' id='block_1_26' title="bbox 387 2451 1972 2527">
    <p class='ocr_par' dir='ltr' id='par_1_26' title="bbox 387 2451 1972 2527">
     <span class='ocr_line' id='line_1_26' title="bbox 387 2451 1972 2527; baseline -0.002 -15"><span class='ocrx_word' id='word_1_158' title='bbox 387 2457 563 2524; x_wconf 90' lang='lat' dir='ltr'><strong>Deus,</strong></span> <span class='ocrx_word' id='word_1_159' title='bbox 609 2456 700 2527; x_wconf 85' lang='lat' dir='ltr'><strong>qui</strong></span> <span class='ocrx_word' id='word_1_160' title='bbox 747 2454 1042 2511; x_wconf 89' lang='lat' dir='ltr'><strong>Ecclesiam</strong></span> <span class='ocrx_word' id='word_1_161' title='bbox 1096 2463 1238 2509; x_wconf 89' lang='lat' dir='ltr'><strong>tuam</strong></span> <span class='ocrx_word' id='word_1_162' title='bbox 1278 2453 1334 2508; x_wconf 86' lang='lat' dir='ltr'><strong>in</strong></span> <span class='ocrx_word' id='word_1_163' title='bbox 1371 2451 1664 2523; x_wconf 89' lang='lat' dir='ltr'><strong>apostolica</strong></span> <span class='ocrx_word' id='word_1_164' title='bbox 1700 2452 1972 2509; x_wconf 88' lang='lat' dir='ltr'><strong>soliditate</strong></span> 
     </span>
    </p>
   </div>
   <div class='ocr_carea' id='block_1_27' title="bbox 389 2546 1968 2615">
    <p class='ocr_par' dir='ltr' id='par_1_27' title="bbox 389 2546 1968 2615">
     <span class='ocr_line' id='line_1_27' title="bbox 389 2546 1968 2615; baseline -0.003 -9"><span class='ocrx_word' id='word_1_165' title='bbox 389 2551 663 2606; x_wconf 90' lang='lat' dir='ltr'><strong>fundatam</strong></span> <span class='ocrx_word' id='word_1_166' title='bbox 702 2551 770 2606; x_wconf 92' lang='lat' dir='ltr'><strong>ab</strong></span> <span class='ocrx_word' id='word_1_167' title='bbox 810 2548 1142 2604; x_wconf 87' lang='lat' dir='ltr'><strong>infernarum</strong></span> <span class='ocrx_word' id='word_1_168' title='bbox 1188 2546 1337 2603; x_wconf 86' lang='lat' dir='ltr'><strong>eruis</strong></span> <span class='ocrx_word' id='word_1_169' title='bbox 1394 2555 1601 2602; x_wconf 88' lang='lat' dir='ltr'><strong>terrore</strong></span> <span class='ocrx_word' id='word_1_170' title='bbox 1656 2556 1968 2615; x_wconf 89' lang='lat' dir='ltr'><strong>portarum,</strong></span> 
     </span>
    </p>
   </div>
   <div class='ocr_carea' id='block_1_28' title="bbox 387 2637 1972 2715">
    <p class='ocr_par' dir='ltr' id='par_1_28' title="bbox 387 2637 1972 2715">
     <span class='ocr_line' id='line_1_28' title="bbox 387 2637 1972 2715; baseline -0.004 -15"><span class='ocrx_word' id='word_1_171' title='bbox 387 2653 582 2715; x_wconf 74' lang='lat' dir='ltr'><strong>praesta</strong></span> <span class='ocrx_word' id='word_1_172' title='bbox 627 2651 685 2699; x_wconf 92' lang='lat' dir='ltr'><strong>ut</strong></span> <span class='ocrx_word' id='word_1_173' title='bbox 732 2643 786 2698; x_wconf 92' lang='lat' dir='ltr'><strong>in</strong></span> <span class='ocrx_word' id='word_1_174' title='bbox 837 2651 924 2697; x_wconf 91' lang='lat' dir='ltr'><strong>tua</strong></span> <span class='ocrx_word' id='word_1_175' title='bbox 950 2642 1179 2697; x_wconf 80' lang='lat' dir='ltr'><strong>veritate</strong></span> <span class='ocrx_word' id='word_1_176' title='bbox 1210 2639 1527 2710; x_wconf 87' lang='lat' dir='ltr'><strong>persistens,</strong></span> <span class='ocrx_word' id='word_1_177' title='bbox 1575 2637 1719 2695; x_wconf 91' lang='lat' dir='ltr'><strong>nulla</strong></span> <span class='ocrx_word' id='word_1_178' title='bbox 1749 2638 1972 2708; x_wconf 86' lang='lat' dir='ltr'><strong>recipiat</strong></span> 
     </span>
    </p>
   </div>
   <div class='ocr_carea' id='block_1_29' title="bbox 388 2734 1329 2807">
    <p class='ocr_par' dir='ltr' id='par_1_29' title="bbox 388 2734 1329 2807">
     <span class='ocr_line' id='line_1_29' title="bbox 388 2734 1329 2807; baseline -0.007 -14"><span class='ocrx_word' id='word_1_179' title='bbox 388 2738 659 2794; x_wconf 84' lang='lat' dir='ltr'><strong>consortia</strong></span> <span class='ocrx_word' id='word_1_180' title='bbox 685 2735 1033 2807; x_wconf 87' lang='lat' dir='ltr'><strong>perfidorum.</strong></span> <span class='ocrx_word' id='word_1_181' title='bbox 1066 2734 1189 2801; x_wconf 89' lang='lat' dir='ltr'><strong>Per,</strong></span> <span class='ocrx_word' id='word_1_182' title='bbox 1224 2739 1329 2788; x_wconf 92' lang='lat' dir='ltr'><strong>etc.</strong></span> 
     </span>
    </p>
   </div>
   <div class='ocr_carea' id='block_1_30' title="bbox 458 2822 1970 2897">
    <p class='ocr_par' dir='ltr' id='par_1_30' title="bbox 458 2822 1970 2897">
     <span class='ocr_line' id='line_1_30' title="bbox 458 2822 1970 2897; baseline -0.005 -12"><span class='ocrx_word' id='word_1_183' title='bbox 458 2831 589 2897; x_wconf 83' lang='lat' dir='ltr'><strong>Quae</strong></span> <span class='ocrx_word' id='word_1_184' title='bbox 636 2830 689 2884; x_wconf 92' lang='lat' dir='ltr'><strong>in</strong></span> <span class='ocrx_word' id='word_1_185' title='bbox 740 2828 843 2884; x_wconf 91' lang='lat' dir='ltr'><strong>hoc</strong></span> <span class='ocrx_word' id='word_1_186' title='bbox 879 2827 1033 2882; x_wconf 88' lang='lat' dir='ltr'><strong>altari</strong></span> <span class='ocrx_word' id='word_1_187' title='bbox 1074 2824 1367 2896; x_wconf 89' lang='lat' dir='ltr'><strong>proposita,</strong></span> <span class='ocrx_word' id='word_1_188' title='bbox 1396 2823 1641 2891; x_wconf 89' lang='lat' dir='ltr'><strong>Domine,</strong></span> <span class='ocrx_word' id='word_1_189' title='bbox 1672 2822 1841 2880; x_wconf 88' lang='lat' dir='ltr'><strong>oculis</strong></span> <span class='ocrx_word' id='word_1_190' title='bbox 1866 2829 1970 2878; x_wconf 83' lang='lat' dir='ltr'><strong>tuae</strong></span> 
     </span>
    </p>
   </div>
   <div class='ocr_carea' id='block_1_31' title="bbox 385 2920 1186 2993">
    <p class='ocr_par' dir='ltr' id='par_1_31' title="bbox 385 2920 1186 2993">
     <span class='ocr_line' id='line_1_31' title="bbox 385 2920 1186 2993; baseline -0.009 -15"><span class='ocrx_word' id='word_1_191' title='bbox 385 2922 684 2993; x_wconf 89' lang='lat' dir='ltr'><strong>majestatis</strong></span> <span class='ocrx_word' id='word_1_192' title='bbox 704 2920 999 2987; x_wconf 87' lang='lat' dir='ltr'><strong>offerimus,</strong></span> <span class='ocrx_word' id='word_1_193' title='bbox 1033 2925 1137 2973; x_wconf 91' lang='lat' dir='ltr'><strong>etc.</strong></span> <span class='ocrx_word' id='word_1_194' title='bbox 1163 2926 1186 2954; x_wconf 74' lang='grc' dir='ltr'><strong>ο</strong></span> 
     </span>
    </p>
   </div>
   <div class='ocr_carea' id='block_1_32' title="bbox 906 3032 1441 3102">
    <p class='ocr_par' dir='ltr' id='par_1_32' title="bbox 906 3032 1441 3102">
     <span class='ocr_line' id='line_1_32' title="bbox 906 3032 1441 3102; baseline -0.002 -15"><span class='ocrx_word' id='word_1_195' title='bbox 906 3035 1032 3089; x_wconf 79' lang='lat' dir='ltr'><strong>Post</strong></span> <span class='ocrx_word' id='word_1_196' title='bbox 1074 3032 1441 3102; x_wconf 79' lang='lat' dir='ltr'><strong>inﬁmitatem.</strong></span> 
     </span>
    </p>
   </div>
   <div class='ocr_carea' id='block_1_33' title="bbox 2066 482 2763 550">
    <p class='ocr_par' dir='ltr' id='par_1_33' title="bbox 2066 482 2763 550">
     <span class='ocr_line' id='line_1_33' title="bbox 2066 482 2763 550; baseline -0.004 -11"><span class='ocrx_word' id='word_1_197' title='bbox 2066 497 2189 541; x_wconf 87' lang='lat' dir='ltr'><strong>esse</strong></span> <span class='ocrx_word' id='word_1_198' title='bbox 2211 483 2467 541; x_wconf 88' lang='lat' dir='ltr'><strong>concede.</strong></span> <span class='ocrx_word' id='word_1_199' title='bbox 2502 482 2627 550; x_wconf 88' lang='lat' dir='ltr'><strong>Per,</strong></span> <span class='ocrx_word' id='word_1_200' title='bbox 2658 492 2763 537; x_wconf 90' lang='lat' dir='ltr'><strong>etc.</strong></span> 
     </span>
    </p>
   </div>
   <div class='ocr_carea' id='block_1_34' title="bbox 2135 571 3653 649">
    <p class='ocr_par' dir='ltr' id='par_1_34' title="bbox 2135 571 3653 649">
     <span class='ocr_line' id='line_1_34' title="bbox 2135 571 3653 649; baseline -0.001 -18"><span class='ocrx_word' id='word_1_201' title='bbox 2135 575 2243 649; x_wconf 60' lang='lat'><strong>53</strong></span> <span class='ocrx_word' id='word_1_202' title='bbox 2272 575 2414 631; x_wconf 91' lang='lat' dir='ltr'><strong>Vere</strong></span> <span class='ocrx_word' id='word_1_203' title='bbox 2437 574 2677 645; x_wconf 90' lang='lat' dir='ltr'><strong>dignum.</strong></span> <span class='ocrx_word' id='word_1_204' title='bbox 2703 572 2804 642; x_wconf 86' lang='lat' dir='ltr'><strong>Qui</strong></span> <span class='ocrx_word' id='word_1_205' title='bbox 2828 571 3124 629; x_wconf 84' lang='lat' dir='ltr'><strong>Ecclesiam</strong></span> <span class='ocrx_word' id='word_1_206' title='bbox 3148 578 3293 627; x_wconf 88' lang='lat' dir='ltr'><strong>tuam</strong></span> <span class='ocrx_word' id='word_1_207' title='bbox 3320 573 3653 644; x_wconf 82' lang='lat' dir='ltr'><strong>sempiterna</strong></span> 
     </span>
    </p>
   </div>
   <div class='ocr_carea' id='block_1_35' title="bbox 2108 665 2484 726">
    <p class='ocr_par' dir='ltr' id='par_1_35' title="bbox 2108 665 2484 726">
     <span class='ocr_line' id='line_1_35' title="bbox 2108 665 2484 726; baseline -0.013 0"><span class='ocrx_word' id='word_1_208' title='bbox 2108 670 2291 726; x_wconf 90' lang='lat' dir='ltr'><strong>ietate.</strong></span> <span class='ocrx_word' id='word_1_209' title='bbox 2325 674 2431 722; x_wconf 88' lang='lat' dir='ltr'><strong>etc.</strong></span> <span class='ocrx_word' id='word_1_210' title='bbox 2468 665 2484 704; x_wconf 78' lang='grc' dir='ltr'><strong>ί</strong></span> 
     </span>
    </p>
   </div>
   <div class='ocr_carea' id='block_1_36' title="bbox 2068 684 3663 832">
    <p class='ocr_par' dir='ltr' id='par_1_36' title="bbox 2068 684 3663 832">
     <span class='ocr_line' id='line_1_36' title="bbox 2110 684 2484 726; baseline -0.013 0"><span class='ocrx_word' id='word_1_211' title='bbox 2110 684 2271 726; x_wconf 83' lang='lat' dir='ltr'><strong>tetate</strong></span> <span class='ocrx_word' id='word_1_212' title='bbox 2325 684 2431 722; x_wconf 76' lang='lat' dir='ltr'><strong>etc.</strong></span> <span class='ocrx_word' id='word_1_213' title='bbox 2468 684 2484 704; x_wconf 82' lang='lat'><strong><em>-</em></strong></span> 
     </span>
     <span class='ocr_line' id='line_1_37' title="bbox 2068 684 3663 832; baseline 0 -20"><span class='ocrx_word' id='word_1_214' title='bbox 2068 684 2105 741; x_wconf 63' lang='grc' dir='ltr'><strong>Ρ</strong></span> <span class='ocrx_word' id='word_1_215' title='bbox 2145 761 2159 812; x_wconf 82' lang='grc' dir='ltr'><strong>ι</strong></span> <span class='ocrx_word' id='word_1_216' title='bbox 2202 709 2455 832; x_wconf 65' lang='lat' dir='ltr'><strong>Suinpto,</strong></span> <span class='ocrx_word' id='word_1_217' title='bbox 2508 756 2765 822; x_wconf 88' lang='lat' dir='ltr'><strong>Domine,</strong></span> <span class='ocrx_word' id='word_1_218' title='bbox 2794 761 3165 822; x_wconf 90' lang='lat' dir='ltr'><strong>sacramento,</strong></span> <span class='ocrx_word' id='word_1_219' title='bbox 3192 754 3363 811; x_wconf 87' lang='lat' dir='ltr'><strong>beatis</strong></span> <span class='ocrx_word' id='word_1_220' title='bbox 3402 756 3663 826; x_wconf 83' lang='lat' dir='ltr'><strong>apostolis</strong></span> 
     </span>
    </p>
   </div>
   <div class='ocr_carea' id='block_1_37' title="bbox 2072 849 3665 923">
    <p class='ocr_par' dir='ltr' id='par_1_37' title="bbox 2072 849 3665 923">
     <span class='ocr_line' id='line_1_38' title="bbox 2072 849 3665 923; baseline -0.003 -12"><span class='ocrx_word' id='word_1_221' title='bbox 2072 853 2555 912; x_wconf 83' lang='lat' dir='ltr'><strong>intervenientibus</strong></span> <span class='ocrx_word' id='word_1_222' title='bbox 2595 852 2950 923; x_wconf 90' lang='lat' dir='ltr'><strong>deprecamur</strong></span> <span class='ocrx_word' id='word_1_223' title='bbox 2996 858 3055 904; x_wconf 91' lang='lat' dir='ltr'><strong>ut</strong></span> <span class='ocrx_word' id='word_1_224' title='bbox 3099 849 3241 919; x_wconf 89' lang='lat' dir='ltr'><strong>quod</strong></span> <span class='ocrx_word' id='word_1_225' title='bbox 3289 850 3665 919; x_wconf 89' lang='lat' dir='ltr'><strong>temporaliter</strong></span> 
     </span>
    </p>
   </div>
   <div class='ocr_carea' id='block_1_38' title="bbox 2070 942 3232 1023">
    <p class='ocr_par' dir='ltr' id='par_1_38' title="bbox 2070 942 3232 1023">
     <span class='ocr_line' id='line_1_39' title="bbox 2070 942 3232 1023; baseline -0.009 -16"><span class='ocrx_word' id='word_1_226' title='bbox 2070 951 2327 1023; x_wconf 86' lang='lat' dir='ltr'><strong>gerimus,</strong></span> <span class='ocrx_word' id='word_1_227' title='bbox 2356 947 2633 1018; x_wconf 87' lang='lat' dir='ltr'><strong>capiamus</strong></span> <span class='ocrx_word' id='word_1_228' title='bbox 2661 953 2944 1001; x_wconf 67' lang='lat' dir='ltr'><strong>aeternum.</strong></span> <span class='ocrx_word' id='word_1_229' title='bbox 2972 942 3099 1005; x_wconf 86' lang='lat' dir='ltr'><strong>Per,</strong></span> <span class='ocrx_word' id='word_1_230' title='bbox 3123 952 3232 999; x_wconf 90' lang='lat' dir='ltr'><strong>etc.</strong></span> 
     </span>
    </p>
   </div>
   <div class='ocr_carea' id='block_1_39' title="bbox 2145 1033 3664 1112">
    <p class='ocr_par' dir='ltr' id='par_1_39' title="bbox 2145 1033 3664 1112">
     <span class='ocr_line' id='line_1_40' title="bbox 2145 1033 3664 1112; baseline -0.005 -17"><span class='ocrx_word' id='word_1_231' title='bbox 2145 1039 2172 1079; x_wconf 74' lang='grc' dir='ltr'><strong>ιι</strong></span> <span class='ocrx_word' id='word_1_232' title='bbox 2200 1040 2459 1112; x_wconf 89' lang='lat' dir='ltr'><strong>Protege,</strong></span> <span class='ocrx_word' id='word_1_233' title='bbox 2490 1036 2719 1093; x_wconf 91' lang='lat' dir='ltr'><strong>Domine</strong></span> <span class='ocrx_word' id='word_1_234' title='bbox 2739 1076 2754 1102; x_wconf 91' lang='lat'><strong>,</strong></span> <span class='ocrx_word' id='word_1_235' title='bbox 2797 1036 3051 1107; x_wconf 88' lang='lat' dir='ltr'><strong>populum</strong></span> <span class='ocrx_word' id='word_1_236' title='bbox 3084 1043 3267 1099; x_wconf 91' lang='lat' dir='ltr'><strong>tuum,</strong></span> <span class='ocrx_word' id='word_1_237' title='bbox 3307 1040 3363 1090; x_wconf 92' lang='lat' dir='ltr'><strong>et</strong></span> <span class='ocrx_word' id='word_1_238' title='bbox 3390 1033 3664 1104; x_wconf 86' lang='lat' dir='ltr'><strong>apostolo-</strong></span> 
     </span>
    </p>
   </div>
   <div class='ocr_carea' id='block_1_40' title="bbox 2073 1127 3666 1205">
    <p class='ocr_par' dir='ltr' id='par_1_40' title="bbox 2073 1127 3666 1205">
     <span class='ocr_line' id='line_1_41' title="bbox 2073 1127 3666 1205; baseline -0.004 -16"><span class='ocrx_word' id='word_1_239' title='bbox 2073 1150 2190 1189; x_wconf 91' lang='lat' dir='ltr'><strong>rum</strong></span> <span class='ocrx_word' id='word_1_240' title='bbox 2213 1133 2512 1205; x_wconf 91' lang='lat' dir='ltr'><strong>patrocinio</strong></span> <span class='ocrx_word' id='word_1_241' title='bbox 2533 1130 2893 1187; x_wconf 84' lang='lat' dir='ltr'><strong>confidentem</strong></span> <span class='ocrx_word' id='word_1_242' title='bbox 2920 1138 3175 1200; x_wconf 88' lang='lat' dir='ltr'><strong>perpetua</strong></span> <span class='ocrx_word' id='word_1_243' title='bbox 3197 1127 3514 1184; x_wconf 90' lang='lat' dir='ltr'><strong>defensione</strong></span> <span class='ocrx_word' id='word_1_244' title='bbox 3534 1142 3666 1184; x_wconf 83' lang='lat' dir='ltr'><strong>con-</strong></span> 
     </span>
    </p>
   </div>
   <div class='ocr_carea' id='block_1_41' title="bbox 2073 1225 2543 1291">
    <p class='ocr_par' dir='ltr' id='par_1_41' title="bbox 2073 1225 2543 1291">
     <span class='ocr_line' id='line_1_42' title="bbox 2073 1225 2543 1291; baseline -0.006 -9"><span class='ocrx_word' id='word_1_245' title='bbox 2073 1240 2249 1282; x_wconf 87' lang='lat' dir='ltr'><strong>serva.</strong></span> <span class='ocrx_word' id='word_1_246' title='bbox 2283 1225 2407 1291; x_wconf 90' lang='lat' dir='ltr'><strong>Per,</strong></span> <span class='ocrx_word' id='word_1_247' title='bbox 2438 1234 2543 1280; x_wconf 92' lang='lat' dir='ltr'><strong>etc.</strong></span> 
     </span>
    </p>
   </div>
   <div class='ocr_carea' id='block_1_42' title="bbox 2144 1310 3663 1386">
    <p class='ocr_par' dir='ltr' id='par_1_42' title="bbox 2144 1310 3663 1386">
     <span class='ocr_line' id='line_1_43' title="bbox 2144 1310 3663 1386; baseline -0.003 -13"><span class='ocrx_word' id='word_1_248' title='bbox 2144 1317 2287 1373; x_wconf 79' lang='lat' dir='ltr'><strong>XIX.</strong></span> <span class='ocrx_word' id='word_1_249' title='bbox 2320 1315 2452 1372; x_wconf 85' lang='lat' dir='ltr'><strong>Item</strong></span> <span class='ocrx_word' id='word_1_250' title='bbox 2474 1316 2601 1371; x_wconf 86' lang='lat' dir='ltr'><strong>alia.</strong></span> <span class='ocrx_word' id='word_1_251' title='bbox 2624 1344 2693 1355; x_wconf 97' lang='lat'>—</span> <span class='ocrx_word' id='word_1_252' title='bbox 2726 1312 2743 1352; x_wconf 81' lang='grc' dir='ltr'><strong>ι</strong></span> <span class='ocrx_word' id='word_1_253' title='bbox 2769 1312 3121 1386; x_wconf 88' lang='lat' dir='ltr'><strong>Omnipotens</strong></span> <span class='ocrx_word' id='word_1_254' title='bbox 3146 1312 3472 1383; x_wconf 87' lang='lat' dir='ltr'><strong>sempiterne</strong></span> <span class='ocrx_word' id='word_1_255' title='bbox 3494 1310 3663 1380; x_wconf 87' lang='lat' dir='ltr'><strong>Deus,</strong></span> 
     </span>
    </p>
   </div>
   <div class='ocr_carea' id='block_1_43' title="bbox 2075 1404 3669 1479">
    <p class='ocr_par' dir='ltr' id='par_1_43' title="bbox 2075 1404 3669 1479">
     <span class='ocr_line' id='line_1_44' title="bbox 2075 1404 3669 1479; baseline -0.001 -16"><span class='ocrx_word' id='word_1_256' title='bbox 2075 1407 2140 1463; x_wconf 91' lang='lat' dir='ltr'><strong>da</strong></span> <span class='ocrx_word' id='word_1_257' title='bbox 2170 1409 2379 1479; x_wconf 91' lang='lat' dir='ltr'><strong>populis</strong></span> <span class='ocrx_word' id='word_1_258' title='bbox 2422 1406 2525 1462; x_wconf 89' lang='lat' dir='ltr'><strong>tuis</strong></span> <span class='ocrx_word' id='word_1_259' title='bbox 2567 1406 2959 1478; x_wconf 69' lang='lat' dir='ltr'><strong>praecipuorum</strong></span> <span class='ocrx_word' id='word_1_260' title='bbox 3005 1404 3373 1475; x_wconf 88' lang='lat' dir='ltr'><strong>apostolorum</strong></span> <span class='ocrx_word' id='word_1_261' title='bbox 3419 1404 3564 1460; x_wconf 84' lang='lat' dir='ltr'><strong>Petri</strong></span> <span class='ocrx_word' id='word_1_262' title='bbox 3610 1413 3669 1461; x_wconf 87' lang='lat' dir='ltr'><strong>et</strong></span> 
     </span>
    </p>
   </div>
   <div class='ocr_carea' id='block_1_44' title="bbox 2074 1500 2649 1567">
    <p class='ocr_par' dir='ltr' id='par_1_44' title="bbox 2074 1500 2649 1567">
     <span class='ocr_line' id='line_1_45' title="bbox 2074 1500 2649 1567; baseline -0.003 -11"><span class='ocrx_word' id='word_1_263' title='bbox 2074 1500 2226 1558; x_wconf 85' lang='lat' dir='ltr'><strong>Pauli</strong></span> <span class='ocrx_word' id='word_1_264' title='bbox 2257 1501 2521 1567; x_wconf 84' lang='lat' dir='ltr'><strong>Natalem,</strong></span> <span class='ocrx_word' id='word_1_265' title='bbox 2544 1507 2649 1556; x_wconf 92' lang='lat' dir='ltr'><strong>etc.</strong></span> 
     </span>
    </p>
   </div>
   <div class='ocr_carea' id='block_1_45' title="bbox 2149 1588 3671 1664">
    <p class='ocr_par' dir='ltr' id='par_1_45' title="bbox 2149 1588 3671 1664">
     <span class='ocr_line' id='line_1_46' title="bbox 2149 1588 3671 1664; baseline -0.003 -14"><span class='ocrx_word' id='word_1_266' title='bbox 2149 1602 2189 1631; x_wconf 76' lang='grc' dir='ltr'>ω</span> <span class='ocrx_word' id='word_1_267' title='bbox 2211 1592 2350 1650; x_wconf 90' lang='lat' dir='ltr'><strong>Vere</strong></span> <span class='ocrx_word' id='word_1_268' title='bbox 2376 1592 2618 1664; x_wconf 85' lang='lat' dir='ltr'><strong>dignum.</strong></span> <span class='ocrx_word' id='word_1_269' title='bbox 2649 1590 2783 1660; x_wconf 86' lang='lat' dir='ltr'><strong>Quia</strong></span> <span class='ocrx_word' id='word_1_270' title='bbox 2812 1590 2888 1647; x_wconf 90' lang='lat' dir='ltr'><strong>tui</strong></span> <span class='ocrx_word' id='word_1_271' title='bbox 2912 1589 3091 1660; x_wconf 92' lang='lat' dir='ltr'><strong>operis</strong></span> <span class='ocrx_word' id='word_1_272' title='bbox 3115 1597 3324 1660; x_wconf 66' lang='lat' dir='ltr'><strong>tuaeque</strong></span> <span class='ocrx_word' id='word_1_273' title='bbox 3343 1588 3558 1644; x_wconf 90' lang='lat' dir='ltr'><strong>virtutis</strong></span> <span class='ocrx_word' id='word_1_274' title='bbox 3584 1596 3671 1645; x_wconf 88' lang='lat' dir='ltr'><strong>est</strong></span> 
     </span>
    </p>
   </div>
   <div class='ocr_carea' id='block_1_46' title="bbox 2078 1682 3668 1758">
    <p class='ocr_par' dir='ltr' id='par_1_46' title="bbox 2078 1682 3668 1758">
     <span class='ocr_line' id='line_1_47' title="bbox 2078 1682 3668 1758; baseline -0.003 -16"><span class='ocrx_word' id='word_1_275' title='bbox 2078 1698 2134 1742; x_wconf 92' lang='lat' dir='ltr'><strong>ut</strong></span> <span class='ocrx_word' id='word_1_276' title='bbox 2162 1689 2443 1744; x_wconf 88' lang='lat' dir='ltr'><strong>beatorum</strong></span> <span class='ocrx_word' id='word_1_277' title='bbox 2471 1686 2836 1758; x_wconf 81' lang='lat' dir='ltr'><strong>apostolorum</strong></span> <span class='ocrx_word' id='word_1_278' title='bbox 2858 1684 3004 1740; x_wconf 90' lang='lat' dir='ltr'><strong>Petri</strong></span> <span class='ocrx_word' id='word_1_279' title='bbox 3031 1693 3083 1738; x_wconf 91' lang='lat' dir='ltr'><strong>et</strong></span> <span class='ocrx_word' id='word_1_280' title='bbox 3103 1682 3255 1738; x_wconf 84' lang='lat' dir='ltr'><strong>Pauli</strong></span> <span class='ocrx_word' id='word_1_281' title='bbox 3280 1683 3513 1754; x_wconf 89' lang='lat' dir='ltr'><strong>gloriosa</strong></span> <span class='ocrx_word' id='word_1_282' title='bbox 3534 1696 3668 1737; x_wconf 87' lang='lat' dir='ltr'><strong>cun-</strong></span> 
     </span>
    </p>
   </div>
   <div class='ocr_carea' id='block_1_47' title="bbox 2002 1771 3671 1849">
    <p class='ocr_par' dir='ltr' id='par_1_47' title="bbox 2002 1771 3671 1849">
     <span class='ocr_line' id='line_1_48' title="bbox 2002 1771 3671 1849; baseline 0.001 -18"><span class='ocrx_word' id='word_1_283' title='bbox 2002 1771 2049 1831; x_wconf 90' lang='lat' dir='ltr'><strong>B</strong></span> <span class='ocrx_word' id='word_1_284' title='bbox 2078 1779 2272 1847; x_wconf 90' lang='lat' dir='ltr'><strong>fessio,</strong></span> <span class='ocrx_word' id='word_1_285' title='bbox 2319 1781 2469 1849; x_wconf 86' lang='lat' dir='ltr'><strong>cujus</strong></span> <span class='ocrx_word' id='word_1_286' title='bbox 2511 1794 2686 1834; x_wconf 88' lang='lat' dir='ltr'><strong>annua</strong></span> <span class='ocrx_word' id='word_1_287' title='bbox 2731 1786 2855 1833; x_wconf 92' lang='lat' dir='ltr'><strong>vota</strong></span> <span class='ocrx_word' id='word_1_288' title='bbox 2886 1777 3250 1843; x_wconf 89' lang='lat' dir='ltr'><strong>celebramus,</strong></span> <span class='ocrx_word' id='word_1_289' title='bbox 3292 1791 3393 1831; x_wconf 91' lang='lat' dir='ltr'><strong>nec</strong></span> <span class='ocrx_word' id='word_1_290' title='bbox 3423 1776 3671 1846; x_wconf 85' lang='lat' dir='ltr'><strong>capiatur</strong></span> 
     </span>
    </p>
   </div>
   <div class='ocr_carea' id='block_1_48' title="bbox 2080 1866 3672 1942">
    <p class='ocr_par' dir='ltr' id='par_1_48' title="bbox 2080 1866 3672 1942">
     <span class='ocr_line' id='line_1_49' title="bbox 2080 1866 3672 1942; baseline -0.003 -16"><span class='ocrx_word' id='word_1_291' title='bbox 2080 1887 2328 1942; x_wconf 85' lang='lat' dir='ltr'><strong>umquam</strong></span> <span class='ocrx_word' id='word_1_292' title='bbox 2358 1871 2527 1936; x_wconf 84' lang='lat' dir='ltr'><strong>falsis,</strong></span> <span class='ocrx_word' id='word_1_293' title='bbox 2562 1885 2661 1926; x_wconf 88' lang='lat' dir='ltr'><strong>uec</strong></span> <span class='ocrx_word' id='word_1_294' title='bbox 2689 1868 3034 1939; x_wconf 91' lang='lat' dir='ltr'><strong>perturbetur</strong></span> <span class='ocrx_word' id='word_1_295' title='bbox 3062 1866 3338 1933; x_wconf 87' lang='lat' dir='ltr'><strong>adversis;</strong></span> <span class='ocrx_word' id='word_1_296' title='bbox 3371 1866 3462 1921; x_wconf 90' lang='lat' dir='ltr'><strong>sed</strong></span> <span class='ocrx_word' id='word_1_297' title='bbox 3495 1875 3553 1921; x_wconf 88' lang='lat' dir='ltr'><strong>ut</strong></span> <span class='ocrx_word' id='word_1_298' title='bbox 3572 1882 3672 1936; x_wconf 86' lang='lat' dir='ltr'><strong>po-</strong></span> 
     </span>
    </p>
   </div>
   <div class='ocr_carea' id='block_1_49' title="bbox 2078 1959 3671 2036">
    <p class='ocr_par' dir='ltr' id='par_1_49' title="bbox 2078 1959 3671 2036">
     <span class='ocr_line' id='line_1_50' title="bbox 2078 1959 3671 2036; baseline -0.004 -17"><span class='ocrx_word' id='word_1_299' title='bbox 2078 1965 2181 2020; x_wconf 86' lang='lat' dir='ltr'><strong>tius</strong></span> <span class='ocrx_word' id='word_1_300' title='bbox 2212 1965 2285 2019; x_wconf 91' lang='lat' dir='ltr'><strong>tui</strong></span> <span class='ocrx_word' id='word_1_301' title='bbox 2316 1963 2558 2036; x_wconf 90' lang='lat' dir='ltr'><strong>corporis</strong></span> <span class='ocrx_word' id='word_1_302' title='bbox 2587 1964 2783 2034; x_wconf 89' lang='lat' dir='ltr'><strong>ubique</strong></span> <span class='ocrx_word' id='word_1_303' title='bbox 2824 1962 3017 2018; x_wconf 88' lang='lat' dir='ltr'><strong>devota</strong></span> <span class='ocrx_word' id='word_1_304' title='bbox 3046 1975 3335 2030; x_wconf 81' lang='lat' dir='ltr'><strong>compago,</strong></span> <span class='ocrx_word' id='word_1_305' title='bbox 3370 1969 3423 2016; x_wconf 92' lang='lat' dir='ltr'><strong>te</strong></span> <span class='ocrx_word' id='word_1_306' title='bbox 3447 1959 3671 2030; x_wconf 87' lang='lat' dir='ltr'><strong>dispen-</strong></span> 
     </span>
    </p>
   </div>
   <div class='ocr_carea' id='block_1_50' title="bbox 2075 2055 3663 2127">
    <p class='ocr_par' dir='ltr' id='par_1_50' title="bbox 2075 2055 3663 2127">
     <span class='ocr_line' id='line_1_51' title="bbox 2075 2055 3663 2127; baseline 0.001 -16"><span class='ocrx_word' id='word_1_307' title='bbox 2075 2065 2250 2122; x_wconf 90' lang='lat' dir='ltr'><strong>sante,</strong></span> <span class='ocrx_word' id='word_1_308' title='bbox 2275 2056 2550 2127; x_wconf 90' lang='lat' dir='ltr'><strong>suscipiat,</strong></span> <span class='ocrx_word' id='word_1_309' title='bbox 2584 2056 2725 2127; x_wconf 89' lang='lat' dir='ltr'><strong>quod</strong></span> <span class='ocrx_word' id='word_1_310' title='bbox 2749 2056 2907 2112; x_wconf 90' lang='lat' dir='ltr'><strong>sedes</strong></span> <span class='ocrx_word' id='word_1_311' title='bbox 2934 2056 3023 2111; x_wconf 87' lang='lat' dir='ltr'><strong>illa</strong></span> <span class='ocrx_word' id='word_1_312' title='bbox 3056 2055 3359 2121; x_wconf 89' lang='lat' dir='ltr'><strong>censuerit,</strong></span> <span class='ocrx_word' id='word_1_313' title='bbox 3392 2070 3549 2125; x_wconf 90' lang='lat' dir='ltr'><strong>quam</strong></span> <span class='ocrx_word' id='word_1_314' title='bbox 3582 2065 3663 2112; x_wconf 79' lang='lat' dir='ltr'><strong>te~</strong></span> 
     </span>
    </p>
   </div>
   <div class='ocr_carea' id='block_1_51' title="bbox 2075 2144 3623 2214">
    <p class='ocr_par' dir='ltr' id='par_1_51' title="bbox 2075 2144 3623 2214">
     <span class='ocr_line' id='line_1_52' title="bbox 2075 2144 3623 2214; baseline -0.001 -13"><span class='ocrx_word' id='word_1_315' title='bbox 2075 2160 2204 2201; x_wconf 89' lang='lat' dir='ltr'><strong>nere</strong></span> <span class='ocrx_word' id='word_1_316' title='bbox 2230 2145 2446 2200; x_wconf 88' lang='lat' dir='ltr'><strong>voluisti</strong></span> <span class='ocrx_word' id='word_1_317' title='bbox 2479 2145 2641 2200; x_wconf 89' lang='lat' dir='ltr'><strong>totius</strong></span> <span class='ocrx_word' id='word_1_318' title='bbox 2662 2145 2918 2201; x_wconf 69' lang='lat' dir='ltr'><strong>Ecclesia:</strong></span> <span class='ocrx_word' id='word_1_319' title='bbox 2948 2144 3327 2214; x_wconf 88' lang='lat' dir='ltr'><strong>principatum.</strong></span> <span class='ocrx_word' id='word_1_320' title='bbox 3360 2144 3485 2212; x_wconf 86' lang='lat' dir='ltr'><strong>Per,</strong></span> <span class='ocrx_word' id='word_1_321' title='bbox 3514 2154 3623 2201; x_wconf 88' lang='lat' dir='ltr'><strong>etc.</strong></span> 
     </span>
    </p>
   </div>
   <div class='ocr_carea' id='block_1_52' title="bbox 2147 2235 3665 2308">
    <p class='ocr_par' dir='ltr' id='par_1_52' title="bbox 2147 2235 3665 2308">
     <span class='ocr_line' id='line_1_53' title="bbox 2147 2235 3665 2308; baseline -0.001 -15"><span class='ocrx_word' id='word_1_322' title='bbox 2147 2236 2479 2304; x_wconf 61' lang='lat' dir='ltr'><strong>l1Concede,</strong></span> <span class='ocrx_word' id='word_1_323' title='bbox 2521 2251 2862 2307; x_wconf 77' lang='lat' dir='ltr'><strong>quaesumus,</strong></span> <span class='ocrx_word' id='word_1_324' title='bbox 2912 2236 3173 2303; x_wconf 88' lang='lat' dir='ltr'><strong>Domine,</strong></span> <span class='ocrx_word' id='word_1_325' title='bbox 3220 2235 3406 2291; x_wconf 90' lang='lat' dir='ltr'><strong>beatos</strong></span> <span class='ocrx_word' id='word_1_326' title='bbox 3445 2246 3665 2308; x_wconf 86' lang='lat' dir='ltr'><strong>aposto-</strong></span> 
     </span>
    </p>
   </div>
   <div class='ocr_carea' id='block_1_53' title="bbox 2075 2329 3664 2401">
    <p class='ocr_par' dir='ltr' id='par_1_53' title="bbox 2075 2329 3664 2401">
     <span class='ocr_line' id='line_1_54' title="bbox 2075 2329 3664 2401; baseline -0.001 -14"><span class='ocrx_word' id='word_1_327' title='bbox 2075 2332 2155 2388; x_wconf 89' lang='lat' dir='ltr'><strong>los</strong></span> <span class='ocrx_word' id='word_1_328' title='bbox 2184 2342 2303 2386; x_wconf 91' lang='lat' dir='ltr'><strong>tuos</strong></span> <span class='ocrx_word' id='word_1_329' title='bbox 2333 2330 2660 2387; x_wconf 74' lang='lat' dir='ltr'><strong>intervenire</strong></span> <span class='ocrx_word' id='word_1_330' title='bbox 2690 2345 2788 2401; x_wconf 91' lang='lat' dir='ltr'><strong>pro</strong></span> <span class='ocrx_word' id='word_1_331' title='bbox 2829 2329 2984 2385; x_wconf 89' lang='lat' dir='ltr'><strong>nobis</strong></span> <span class='ocrx_word' id='word_1_332' title='bbox 3015 2347 3026 2382; x_wconf 88' lang='lat'><strong>:</strong></span> <span class='ocrx_word' id='word_1_333' title='bbox 3061 2330 3134 2384; x_wconf 88' lang='lat' dir='ltr'><strong>ita</strong></span> <span class='ocrx_word' id='word_1_334' title='bbox 3164 2329 3309 2384; x_wconf 88' lang='lat' dir='ltr'><strong>enim</strong></span> <span class='ocrx_word' id='word_1_335' title='bbox 3340 2343 3439 2385; x_wconf 87' lang='lat' dir='ltr'><strong>nos</strong></span> <span class='ocrx_word' id='word_1_336' title='bbox 3467 2330 3664 2386; x_wconf 89' lang='lat' dir='ltr'><strong>salvari</strong></span> 
     </span>
    </p>
   </div>
   <div class='ocr_carea' id='block_1_54' title="bbox 2074 2420 3664 2495">
    <p class='ocr_par' dir='ltr' id='par_1_54' title="bbox 2074 2420 3664 2495">
     <span class='ocr_line' id='line_1_55' title="bbox 2074 2420 3664 2495; baseline -0.003 -15"><span class='ocrx_word' id='word_1_337' title='bbox 2074 2438 2232 2495; x_wconf 90' lang='lat' dir='ltr'><strong>posse</strong></span> <span class='ocrx_word' id='word_1_338' title='bbox 2274 2424 2628 2489; x_wconf 88' lang='lat' dir='ltr'><strong>confidimus,</strong></span> <span class='ocrx_word' id='word_1_339' title='bbox 2674 2422 2722 2477; x_wconf 89' lang='lat' dir='ltr'><strong>si</strong></span> <span class='ocrx_word' id='word_1_340' title='bbox 2763 2436 2947 2477; x_wconf 89' lang='lat' dir='ltr'><strong>eorum</strong></span> <span class='ocrx_word' id='word_1_341' title='bbox 2987 2420 3238 2491; x_wconf 89' lang='lat' dir='ltr'><strong>precibus</strong></span> <span class='ocrx_word' id='word_1_342' title='bbox 3285 2420 3521 2477; x_wconf 84' lang='lat' dir='ltr'><strong>Ecclesia</strong></span> <span class='ocrx_word' id='word_1_343' title='bbox 3565 2437 3664 2491; x_wconf 68' lang='lat' dir='ltr'><strong>guo</strong></span> 
     </span>
    </p>
   </div>
   <div class='ocr_carea' id='block_1_55' title="bbox 2074 2513 3659 2587">
    <p class='ocr_par' dir='ltr' id='par_1_55' title="bbox 2074 2513 3659 2587">
     <span class='ocr_line' id='line_1_56' title="bbox 2074 2513 3659 2587; baseline -0.003 -15"><span class='ocrx_word' id='word_1_344' title='bbox 2074 2517 2349 2584; x_wconf 84' lang='lat' dir='ltr'><strong>bernetur,</strong></span> <span class='ocrx_word' id='word_1_345' title='bbox 2381 2516 2576 2587; x_wconf 90' lang='lat' dir='ltr'><strong>quibus</strong></span> <span class='ocrx_word' id='word_1_346' title='bbox 2608 2516 2797 2584; x_wconf 90' lang='lat' dir='ltr'><strong>utitur,</strong></span> <span class='ocrx_word' id='word_1_347' title='bbox 2828 2524 2879 2569; x_wconf 92' lang='lat' dir='ltr'><strong>te</strong></span> <span class='ocrx_word' id='word_1_348' title='bbox 2901 2514 3287 2582; x_wconf 88' lang='lat' dir='ltr'><strong>constituente,</strong></span> <span class='ocrx_word' id='word_1_349' title='bbox 3310 2513 3659 2585; x_wconf 87' lang='lat' dir='ltr'><strong>principibus.</strong></span> 
     </span>
    </p>
   </div>
   <div class='ocr_carea' id='block_1_56' title="bbox 2073 2611 2341 2679">
    <p class='ocr_par' dir='ltr' id='par_1_56' title="bbox 2073 2611 2341 2679">
     <span class='ocr_line' id='line_1_57' title="bbox 2073 2611 2341 2679; baseline -0.011 -12"><span class='ocrx_word' id='word_1_350' title='bbox 2073 2611 2200 2679; x_wconf 91' lang='lat' dir='ltr'><strong>Per,</strong></span> <span class='ocrx_word' id='word_1_351' title='bbox 2235 2620 2341 2666; x_wconf 91' lang='lat' dir='ltr'><strong>etc.</strong></span> 
     </span>
    </p>
   </div>
   <div class='ocr_carea' id='block_1_57' title="bbox 2146 2698 3664 2771">
    <p class='ocr_par' dir='ltr' id='par_1_57' title="bbox 2146 2698 3664 2771">
     <span class='ocr_line' id='line_1_58' title="bbox 2146 2698 3664 2771; baseline 0.001 -14"><span class='ocrx_word' id='word_1_352' title='bbox 2146 2711 2170 2739; x_wconf 92' lang='grc' dir='ltr'><strong>ο</strong></span> <span class='ocrx_word' id='word_1_353' title='bbox 2202 2701 2507 2771; x_wconf 89' lang='lat' dir='ltr'><strong>Perceptis,</strong></span> <span class='ocrx_word' id='word_1_354' title='bbox 2542 2698 2769 2756; x_wconf 91' lang='lat' dir='ltr'><strong>Domine</strong></span> <span class='ocrx_word' id='word_1_355' title='bbox 2789 2741 2805 2768; x_wconf 91' lang='lat'><strong>,</strong></span> <span class='ocrx_word' id='word_1_356' title='bbox 2838 2702 3190 2757; x_wconf 84' lang='lat' dir='ltr'><strong>sacramentis</strong></span> <span class='ocrx_word' id='word_1_357' title='bbox 3210 2740 3226 2767; x_wconf 93' lang='lat'><strong>,</strong></span> <span class='ocrx_word' id='word_1_358' title='bbox 3256 2700 3472 2757; x_wconf 90' lang='lat' dir='ltr'><strong>subdito</strong></span> <span class='ocrx_word' id='word_1_359' title='bbox 3499 2700 3664 2758; x_wconf 86' lang='lat' dir='ltr'><strong>corde</strong></span> 
     </span>
    </p>
   </div>
   <div class='ocr_carea' id='block_1_58' title="bbox 2072 2795 3663 2868">
    <p class='ocr_par' dir='ltr' id='par_1_58' title="bbox 2072 2795 3663 2868">
     <span class='ocr_line' id='line_1_59' title="bbox 2072 2795 3663 2868; baseline 0.001 -17"><span class='ocrx_word' id='word_1_360' title='bbox 2072 2811 2320 2867; x_wconf 77' lang='lat' dir='ltr'><strong>rogamus</strong></span> <span class='ocrx_word' id='word_1_361' title='bbox 2338 2803 2392 2851; x_wconf 92' lang='lat' dir='ltr'><strong>et</strong></span> <span class='ocrx_word' id='word_1_362' title='bbox 2409 2797 2639 2865; x_wconf 89' lang='lat' dir='ltr'><strong>petimus</strong></span> <span class='ocrx_word' id='word_1_363' title='bbox 2657 2805 2713 2850; x_wconf 92' lang='lat' dir='ltr'><strong>ut</strong></span> <span class='ocrx_word' id='word_1_364' title='bbox 2731 2796 3189 2852; x_wconf 91' lang='lat' dir='ltr'><strong>intercedentibus</strong></span> <span class='ocrx_word' id='word_1_365' title='bbox 3206 2795 3376 2852; x_wconf 88' lang='lat' dir='ltr'><strong>beatis</strong></span> <span class='ocrx_word' id='word_1_366' title='bbox 3402 2798 3663 2868; x_wconf 85' lang='lat' dir='ltr'><strong>apostolis</strong></span> 
     </span>
    </p>
   </div>
   <div class='ocr_carea' id='block_1_59' title="bbox 2072 2887 3663 2960">
    <p class='ocr_par' dir='ltr' id='par_1_59' title="bbox 2072 2887 3663 2960">
     <span class='ocr_line' id='line_1_60' title="bbox 2072 2887 3663 2960; baseline 0.002 -18"><span class='ocrx_word' id='word_1_367' title='bbox 2072 2888 2175 2944; x_wconf 89' lang='lat' dir='ltr'><strong>tuis</strong></span> <span class='ocrx_word' id='word_1_368' title='bbox 2219 2887 2374 2943; x_wconf 90' lang='lat' dir='ltr'><strong>nobis</strong></span> <span class='ocrx_word' id='word_1_369' title='bbox 2414 2887 2698 2957; x_wconf 86' lang='lat' dir='ltr'><strong>proficiant</strong></span> <span class='ocrx_word' id='word_1_370' title='bbox 2729 2888 2794 2942; x_wconf 88' lang='lat' dir='ltr'><strong>ad</strong></span> <span class='ocrx_word' id='word_1_371' title='bbox 2826 2888 3088 2945; x_wconf 85' lang='lat' dir='ltr'><strong>medelam</strong></span> <span class='ocrx_word' id='word_1_372' title='bbox 3112 2928 3126 2955; x_wconf 89' lang='lat'><strong>,</strong></span> <span class='ocrx_word' id='word_1_373' title='bbox 3156 2904 3275 2960; x_wconf 65' lang='lat' dir='ltr'><strong>quae</strong></span> <span class='ocrx_word' id='word_1_374' title='bbox 3306 2904 3404 2958; x_wconf 92' lang='lat' dir='ltr'><strong>pro</strong></span> <span class='ocrx_word' id='word_1_375' title='bbox 3443 2887 3663 2945; x_wconf 90' lang='lat' dir='ltr'><strong>illorum</strong></span> 
     </span>
    </p>
   </div>
   <div class='ocr_carea' id='block_1_60' title="bbox 2069 2979 2965 3051">
    <p class='ocr_par' dir='ltr' id='par_1_60' title="bbox 2069 2979 2965 3051">
     <span class='ocr_line' id='line_1_61' title="bbox 2069 2979 2965 3051; baseline 0 -16"><span class='ocrx_word' id='word_1_376' title='bbox 2069 2988 2219 3051; x_wconf 84' lang='lat' dir='ltr'><strong>gesta</strong></span> <span class='ocrx_word' id='word_1_377' title='bbox 2245 2988 2369 3034; x_wconf 91' lang='lat' dir='ltr'><strong>sunt</strong></span> <span class='ocrx_word' id='word_1_378' title='bbox 2398 2980 2667 3050; x_wconf 90' lang='lat' dir='ltr'><strong>passione.</strong></span> <span class='ocrx_word' id='word_1_379' title='bbox 2702 2979 2828 3048; x_wconf 90' lang='lat' dir='ltr'><strong>Per,</strong></span> <span class='ocrx_word' id='word_1_380' title='bbox 2860 2989 2965 3035; x_wconf 87' lang='lat' dir='ltr'><strong>etc.</strong></span> 
     </span>
    </p>
   </div>
   <div class='ocr_carea' id='block_1_61' title="bbox 2141 3070 3659 3143">
    <p class='ocr_par' dir='ltr' id='par_1_61' title="bbox 2141 3070 3659 3143">
     <span class='ocr_line' id='line_1_62' title="bbox 2141 3070 3659 3143; baseline 0.001 -16"><span class='ocrx_word' id='word_1_381' title='bbox 2141 3070 2261 3127; x_wconf 79' lang='lat' dir='ltr'><strong>XX.</strong></span> <span class='ocrx_word' id='word_1_382' title='bbox 2290 3071 2419 3127; x_wconf 83' lang='lat' dir='ltr'><strong>Item</strong></span> <span class='ocrx_word' id='word_1_383' title='bbox 2440 3072 2567 3126; x_wconf 80' lang='lat' dir='ltr'><strong>alia.</strong></span> <span class='ocrx_word' id='word_1_384' title='bbox 2595 3101 2664 3111; x_wconf 91' lang='lat'><strong>—</strong></span> <span class='ocrx_word' id='word_1_385' title='bbox 2696 3082 2723 3121; x_wconf 83' lang='lat' dir='ltr'><strong>r</strong></span> <span class='ocrx_word' id='word_1_386' title='bbox 2748 3071 3098 3140; x_wconf 90' lang='lat' dir='ltr'><strong>Omnipotens</strong></span> <span class='ocrx_word' id='word_1_387' title='bbox 3125 3072 3448 3140; x_wconf 89' lang='lat' dir='ltr'><strong>sempiterne</strong></span> <span class='ocrx_word' id='word_1_388' title='bbox 3474 3071 3659 3143; x_wconf 85' lang='lat' dir='ltr'><strong>Deus,</strong></span> 
     </span>
    </p>
   </div>
   <div class='ocr_carea' id='block_1_62' title="bbox 456 3144 1963 3236">
    <p class='ocr_par' dir='ltr' id='par_1_62' title="bbox 456 3144 1962 3220">
     <span class='ocr_line' id='line_1_63' title="bbox 456 3144 1962 3220; baseline -0.002 -16"><span class='ocrx_word' id='word_1_389' title='bbox 456 3148 595 3205; x_wconf 92' lang='lat' dir='ltr'><strong>Vere</strong></span> <span class='ocrx_word' id='word_1_390' title='bbox 625 3148 863 3220; x_wconf 91' lang='lat' dir='ltr'><strong>dignum.</strong></span> <span class='ocrx_word' id='word_1_391' title='bbox 895 3146 997 3215; x_wconf 90' lang='lat' dir='ltr'><strong>Qui</strong></span> <span class='ocrx_word' id='word_1_392' title='bbox 1026 3161 1124 3203; x_wconf 94' lang='lat' dir='ltr'><strong>nos</strong></span> <span class='ocrx_word' id='word_1_393' title='bbox 1162 3146 1285 3201; x_wconf 92' lang='lat' dir='ltr'><strong>ideo</strong></span> <span class='ocrx_word' id='word_1_394' title='bbox 1326 3145 1709 3216; x_wconf 88' lang='lat' dir='ltr'><strong>temporalibus</strong></span> <span class='ocrx_word' id='word_1_395' title='bbox 1738 3144 1962 3201; x_wconf 88' lang='lat' dir='ltr'><strong>salubri-</strong></span> 
     </span>
    </p>
   </div>
   <div class='ocr_carea' id='block_1_63' title="bbox 2094 3144 3657 3236">
    <p class='ocr_par' dir='ltr' id='par_1_63' title="bbox 2094 3164 3657 3236">
     <span class='ocr_line' id='line_1_64' title="bbox 2094 3164 3657 3236; baseline 0.002 -17"><span class='ocrx_word' id='word_1_396' title='bbox 2094 3164 2158 3235; x_wconf 87' lang='lat' dir='ltr'><strong>[ui</strong></span> <span class='ocrx_word' id='word_1_397' title='bbox 2198 3178 2298 3219; x_wconf 90' lang='lat' dir='ltr'><strong>nos</strong></span> <span class='ocrx_word' id='word_1_398' title='bbox 2334 3178 2519 3219; x_wconf 90' lang='lat' dir='ltr'><strong>eorum</strong></span> <span class='ocrx_word' id='word_1_399' title='bbox 2553 3164 2831 3233; x_wconf 90' lang='lat' dir='ltr'><strong>multiplici</strong></span> <span class='ocrx_word' id='word_1_400' title='bbox 2878 3165 3007 3219; x_wconf 91' lang='lat' dir='ltr'><strong>facis</strong></span> <span class='ocrx_word' id='word_1_401' title='bbox 3047 3164 3351 3220; x_wconf 87' lang='lat' dir='ltr'><strong>celebritate</strong></span> <span class='ocrx_word' id='word_1_402' title='bbox 3378 3166 3617 3236; x_wconf 83' lang='lat' dir='ltr'><strong>gaudere</strong></span> <span class='ocrx_word' id='word_1_403' title='bbox 3639 3206 3657 3233; x_wconf 87' lang='lat'><strong>,</strong></span> 
     </span>
    </p>
   </div>
   <div class='ocr_carea' id='block_1_64' title="bbox 289 3235 1333 3312">
    <p class='ocr_par' dir='ltr' id='par_1_64' title="bbox 289 3235 1333 3312">
     <span class='ocr_line' id='line_1_65' title="bbox 289 3235 1333 3312; baseline 0.001 -21"><span class='ocrx_word' id='word_1_404' title='bbox 289 3286 293 3291; x_wconf 89' lang='lat'><strong>.</strong></span> <span class='ocrx_word' id='word_1_405' title='bbox 392 3250 470 3297; x_wconf 92' lang='lat' dir='ltr'><strong>ter</strong></span> <span class='ocrx_word' id='word_1_406' title='bbox 490 3242 731 3312; x_wconf 85' lang='lat' dir='ltr'><strong>flagellas</strong></span> <span class='ocrx_word' id='word_1_407' title='bbox 762 3239 1145 3306; x_wconf 89' lang='lat' dir='ltr'><strong>incommodis,</strong></span> <span class='ocrx_word' id='word_1_408' title='bbox 1171 3248 1278 3294; x_wconf 91' lang='lat' dir='ltr'><strong>etc.</strong></span> <span class='ocrx_word' id='word_1_409' title='bbox 1313 3235 1333 3275; x_wconf 73' lang='grc' dir='ltr'>ί</span> 
     </span>
    </p>
   </div>
   <div class='ocr_carea' id='block_1_65' title="bbox 460 3328 1966 3401">
    <p class='ocr_par' dir='ltr' id='par_1_65' title="bbox 460 3328 1966 3401">
     <span class='ocr_line' id='line_1_66' title="bbox 460 3328 1966 3401; baseline -0.001 -14"><span class='ocrx_word' id='word_1_410' title='bbox 460 3342 485 3379; x_wconf 74' lang='lat'><strong>8</strong></span> <span class='ocrx_word' id='word_1_411' title='bbox 515 3333 753 3388; x_wconf 53' lang='lat' dir='ltr'><strong>Auernae</strong></span> <span class='ocrx_word' id='word_1_412' title='bbox 786 3332 973 3401; x_wconf 88' lang='lat' dir='ltr'><strong>pignus</strong></span> <span class='ocrx_word' id='word_1_413' title='bbox 1001 3332 1127 3385; x_wconf 67' lang='lat' dir='ltr'><strong>vitae</strong></span> <span class='ocrx_word' id='word_1_414' title='bbox 1153 3330 1449 3399; x_wconf 82' lang='lat' dir='ltr'><strong>capientes,</strong></span> <span class='ocrx_word' id='word_1_415' title='bbox 1480 3328 1753 3385; x_wconf 85' lang='lat' dir='ltr'><strong>humiliter</strong></span> <span class='ocrx_word' id='word_1_416' title='bbox 1774 3328 1966 3399; x_wconf 78' lang='lat' dir='ltr'><strong>implo-</strong></span> 
     </span>
    </p>
   </div>
   <div class='ocr_carea' id='block_1_66' title="bbox 382 3421 1966 3492">
    <p class='ocr_par' dir='ltr' id='par_1_66' title="bbox 382 3421 1966 3492">
     <span class='ocr_line' id='line_1_67' title="bbox 382 3421 1966 3492; baseline -0.002 -12"><span class='ocrx_word' id='word_1_417' title='bbox 382 3440 584 3491; x_wconf 91' lang='lat' dir='ltr'><strong>ramus,</strong></span> <span class='ocrx_word' id='word_1_418' title='bbox 612 3434 671 3479; x_wconf 90' lang='lat' dir='ltr'><strong>ut</strong></span> <span class='ocrx_word' id='word_1_419' title='bbox 696 3423 1006 3492; x_wconf 89' lang='lat' dir='ltr'><strong>apostolicis</strong></span> <span class='ocrx_word' id='word_1_420' title='bbox 1042 3422 1159 3477; x_wconf 86' lang='lat' dir='ltr'><strong>fulti</strong></span> <span class='ocrx_word' id='word_1_421' title='bbox 1190 3421 1522 3492; x_wconf 89' lang='lat' dir='ltr'><strong>patrociniis,</strong></span> <span class='ocrx_word' id='word_1_422' title='bbox 1555 3422 1696 3492; x_wconf 91' lang='lat' dir='ltr'><strong>quod</strong></span> <span class='ocrx_word' id='word_1_423' title='bbox 1736 3421 1787 3477; x_wconf 89' lang='lat' dir='ltr'><strong>in</strong></span> <span class='ocrx_word' id='word_1_424' title='bbox 1831 3424 1966 3477; x_wconf 87' lang='lat' dir='ltr'><strong>ima-</strong></span> 
     </span>
    </p>
   </div>
   <div class='ocr_carea' id='block_1_67' title="bbox 382 3514 1965 3586">
    <p class='ocr_par' dir='ltr' id='par_1_67' title="bbox 382 3514 1965 3586">
     <span class='ocr_line' id='line_1_68' title="bbox 382 3514 1965 3586; baseline 0.001 -17"><span class='ocrx_word' id='word_1_425' title='bbox 382 3516 505 3586; x_wconf 83' lang='lat' dir='ltr'><strong>gine</strong></span> <span class='ocrx_word' id='word_1_426' title='bbox 534 3516 774 3586; x_wconf 80' lang='lat' dir='ltr'><strong>gerimus</strong></span> <span class='ocrx_word' id='word_1_427' title='bbox 828 3515 1144 3571; x_wconf 88' lang='lat' dir='ltr'><strong>sacramenti</strong></span> <span class='ocrx_word' id='word_1_428' title='bbox 1185 3514 1464 3570; x_wconf 89' lang='lat' dir='ltr'><strong>manifesta</strong></span> <span class='ocrx_word' id='word_1_429' title='bbox 1490 3516 1834 3585; x_wconf 88' lang='lat' dir='ltr'><strong>perceptione</strong></span> <span class='ocrx_word' id='word_1_430' title='bbox 1875 3529 1965 3571; x_wconf 89' lang='lat' dir='ltr'><strong>su-</strong></span> 
     </span>
    </p>
   </div>
   <div class='ocr_carea' id='block_1_68' title="bbox 384 3608 1908 3671">
    <p class='ocr_par' dir='ltr' id='par_1_68' title="bbox 384 3608 1908 3671">
     <span class='ocr_line' id='line_1_69' title="bbox 384 3608 1908 3671; baseline -0.004 -7"><span class='ocrx_word' id='word_1_431' title='bbox 384 3623 612 3664; x_wconf 90' lang='lat' dir='ltr'><strong>mamus.</strong></span> <span class='ocrx_word' id='word_1_432' title='bbox 644 3608 769 3671; x_wconf 90' lang='lat' dir='ltr'><strong>Per,</strong></span> <span class='ocrx_word' id='word_1_433' title='bbox 798 3614 904 3662; x_wconf 91' lang='lat' dir='ltr'><strong>etc.</strong></span> <span class='ocrx_word' id='word_1_434' title='bbox 1904 3654 1908 3658; x_wconf 22' lang='grc' dir='ltr'><strong>Α</strong></span> 
     </span>
    </p>
   </div>
   <div class='ocr_carea' id='block_1_69' title="bbox 454 3699 1966 3770">
    <p class='ocr_par' dir='ltr' id='par_1_69' title="bbox 454 3699 1966 3770">
     <span class='ocr_line' id='line_1_70' title="bbox 454 3699 1966 3770; baseline 0.001 -17"><span class='ocrx_word' id='word_1_435' title='bbox 454 3701 647 3765; x_wconf 84' lang='lat' dir='ltr'><strong>Tuere,</strong></span> <span class='ocrx_word' id='word_1_436' title='bbox 681 3699 929 3767; x_wconf 89' lang='lat' dir='ltr'><strong>Domine,</strong></span> <span class='ocrx_word' id='word_1_437' title='bbox 964 3699 1177 3770; x_wconf 88' lang='lat' dir='ltr'><strong>plebem</strong></span> <span class='ocrx_word' id='word_1_438' title='bbox 1220 3708 1386 3769; x_wconf 92' lang='lat' dir='ltr'><strong>tuam,</strong></span> <span class='ocrx_word' id='word_1_439' title='bbox 1420 3708 1476 3756; x_wconf 93' lang='lat' dir='ltr'><strong>et</strong></span> <span class='ocrx_word' id='word_1_440' title='bbox 1526 3699 1805 3756; x_wconf 85' lang='lat' dir='ltr'><strong>beatorum</strong></span> <span class='ocrx_word' id='word_1_441' title='bbox 1835 3714 1966 3770; x_wconf 84' lang='lat' dir='ltr'><strong>apo-</strong></span> 
     </span>
    </p>
   </div>
   <div class='ocr_carea' id='block_1_70' title="bbox 383 3793 1966 3866">
    <p class='ocr_par' dir='ltr' id='par_1_70' title="bbox 383 3793 1966 3866">
     <span class='ocr_line' id='line_1_71' title="bbox 383 3793 1966 3866; baseline 0.003 -19"><span class='ocrx_word' id='word_1_442' title='bbox 383 3794 644 3849; x_wconf 88' lang='lat' dir='ltr'><strong>stolorum</strong></span> <span class='ocrx_word' id='word_1_443' title='bbox 685 3793 913 3848; x_wconf 84' lang='lat' dir='ltr'><strong>defende</strong></span> <span class='ocrx_word' id='word_1_444' title='bbox 965 3794 1236 3849; x_wconf 89' lang='lat' dir='ltr'><strong>subsidiis.</strong></span> <span class='ocrx_word' id='word_1_445' title='bbox 1284 3794 1380 3849; x_wconf 91' lang='lat' dir='ltr'><strong>&#39;l‘ui</strong></span> <span class='ocrx_word' id='word_1_446' title='bbox 1431 3793 1617 3849; x_wconf 90' lang='lat' dir='ltr'><strong>famuli</strong></span> <span class='ocrx_word' id='word_1_447' title='bbox 1647 3796 1966 3866; x_wconf 65' lang='lat' dir='ltr'><strong>famulaeque</strong></span> 
     </span>
    </p>
   </div>
   <div class='ocr_carea' id='block_1_71' title="bbox 382 3886 1963 3957">
    <p class='ocr_par' dir='ltr' id='par_1_71' title="bbox 382 3886 1963 3957">
     <span class='ocr_line' id='line_1_72' title="bbox 382 3886 1963 3957; baseline 0.003 -17"><span class='ocrx_word' id='word_1_448' title='bbox 382 3894 527 3949; x_wconf 87' lang='lat' dir='ltr'><strong>sunt,</strong></span> <span class='ocrx_word' id='word_1_449' title='bbox 561 3886 806 3955; x_wconf 89' lang='lat' dir='ltr'><strong>Domine,</strong></span> <span class='ocrx_word' id='word_1_450' title='bbox 857 3886 1059 3957; x_wconf 88' lang='lat' dir='ltr'><strong>tibique</strong></span> <span class='ocrx_word' id='word_1_451' title='bbox 1096 3886 1344 3956; x_wconf 84' lang='lat' dir='ltr'><strong>subjecti.</strong></span> <span class='ocrx_word' id='word_1_452' title='bbox 1396 3887 1804 3944; x_wconf 89' lang='lat' dir='ltr'><strong>Benedictiones</strong></span> <span class='ocrx_word' id='word_1_453' title='bbox 1845 3896 1963 3945; x_wconf 90' lang='lat' dir='ltr'><strong>tuas</strong></span> 
     </span>
    </p>
   </div>
   <div class='ocr_carea' id='block_1_72' title="bbox 380 3976 1961 4050">
    <p class='ocr_par' dir='ltr' id='par_1_72' title="bbox 380 3976 1961 4050">
     <span class='ocr_line' id='line_1_73' title="bbox 380 3976 1961 4050; baseline 0.005 -19"><span class='ocrx_word' id='word_1_454' title='bbox 380 3976 577 4048; x_wconf 92' lang='lat' dir='ltr'><strong>jugiter</strong></span> <span class='ocrx_word' id='word_1_455' title='bbox 605 3988 978 4047; x_wconf 79' lang='lat' dir='ltr'><strong>assequamur,</strong></span> <span class='ocrx_word' id='word_1_456' title='bbox 1014 3993 1149 4050; x_wconf 86' lang='lat' dir='ltr'><strong>quas</strong></span> <span class='ocrx_word' id='word_1_457' title='bbox 1178 3980 1490 4049; x_wconf 88' lang='lat' dir='ltr'><strong>suppliciter</strong></span> <span class='ocrx_word' id='word_1_458' title='bbox 1516 3989 1570 4035; x_wconf 91' lang='lat' dir='ltr'><strong>et</strong></span> <span class='ocrx_word' id='word_1_459' title='bbox 1594 3980 1961 4039; x_wconf 88' lang='lat' dir='ltr'><strong>indesinenter</strong></span> 
     </span>
    </p>
   </div>
   <div class='ocr_carea' id='block_1_73' title="bbox 382 4070 1004 4140">
    <p class='ocr_par' dir='ltr' id='par_1_73' title="bbox 382 4070 1004 4140">
     <span class='ocr_line' id='line_1_74' title="bbox 382 4070 1004 4140; baseline 0 -16"><span class='ocrx_word' id='word_1_460' title='bbox 382 4078 715 4140; x_wconf 83' lang='lat' dir='ltr'><strong>exspectant.</strong></span> <span class='ocrx_word' id='word_1_461' title='bbox 748 4070 870 4137; x_wconf 90' lang='lat' dir='ltr'><strong>Per,</strong></span> <span class='ocrx_word' id='word_1_462' title='bbox 900 4078 1004 4126; x_wconf 91' lang='lat' dir='ltr'><strong>etc.</strong></span> 
     </span>
    </p>
   </div>
   <div class='ocr_carea' id='block_1_74' title="bbox 1025 4144 1306 4154">
    <p class='ocr_par' dir='ltr' id='par_1_74' title="bbox 1025 4144 1306 4154">
     <span class='ocr_line' id='line_1_75' title="bbox 1025 4144 1306 4154; baseline 0.004 -1"><span class='ocrx_word' id='word_1_463' title='bbox 1025 4144 1306 4154; x_wconf 64' lang='lat'><strong>_.-—-—.</strong></span> 
     </span>
    </p>
   </div>
   <div class='ocr_carea' id='block_1_75' title="bbox 1035 4179 1305 4220">
    <p class='ocr_par' dir='ltr' id='par_1_75' title="bbox 1035 4179 1305 4220">
     <span class='ocr_line' id='line_1_76' title="bbox 1035 4179 1305 4220; baseline 0 -2"><span class='ocrx_word' id='word_1_464' title='bbox 1035 4179 1305 4220; x_wconf 66' lang='lat' dir='ltr'><strong>IESP</strong></span> 
     </span>
    </p>
   </div>
   <div class='ocr_carea' id='block_1_76' title="bbox 380 4275 1957 4359">
    <p class='ocr_par' dir='ltr' id='par_1_76' title="bbox 380 4275 1957 4359">
     <span class='ocr_line' id='line_1_77' title="bbox 380 4275 1957 4359; baseline 0.004 -28"><span class='ocrx_word' id='word_1_465' title='bbox 380 4358 383 4359; x_wconf 10' lang='grc' dir='ltr'><em>γ</em></span> <span class='ocrx_word' id='word_1_466' title='bbox 448 4276 633 4336; x_wconf 82' lang='lat' dir='ltr'><strong>XVlll.</strong></span> <span class='ocrx_word' id='word_1_467' title='bbox 667 4275 801 4331; x_wconf 78' lang='lat' dir='ltr'><strong>Item</strong></span> <span class='ocrx_word' id='word_1_468' title='bbox 827 4277 954 4332; x_wconf 80' lang='lat' dir='ltr'><strong>alia.</strong></span> <span class='ocrx_word' id='word_1_469' title='bbox 984 4306 1055 4320; x_wconf 92' lang='grc'><strong>--</strong></span> <span class='ocrx_word' id='word_1_470' title='bbox 1083 4275 1113 4315; x_wconf 78' lang='grc' dir='ltr'><strong>ιι</strong></span> <span class='ocrx_word' id='word_1_471' title='bbox 1142 4277 1353 4334; x_wconf 81' lang='lat' dir='ltr'><strong>Exaudi</strong></span> <span class='ocrx_word' id='word_1_472' title='bbox 1392 4294 1509 4343; x_wconf 91' lang='lat' dir='ltr'><strong>nos,</strong></span> <span class='ocrx_word' id='word_1_473' title='bbox 1548 4278 1685 4335; x_wconf 91' lang='lat' dir='ltr'><strong>Deus</strong></span> <span class='ocrx_word' id='word_1_474' title='bbox 1705 4280 1957 4338; x_wconf 87' lang='lat' dir='ltr'><strong>salutaris</strong></span> 
     </span>
    </p>
   </div>
   <div class='ocr_carea' id='block_1_77' title="bbox 380 4370 1954 4442">
    <p class='ocr_par' dir='ltr' id='par_1_77' title="bbox 380 4370 1954 4442">
     <span class='ocr_line' id='line_1_78' title="bbox 380 4370 1954 4442; baseline 0.004 -21"><span class='ocrx_word' id='word_1_475' title='bbox 380 4378 580 4435; x_wconf 90' lang='lat' dir='ltr'><strong>noster,</strong></span> <span class='ocrx_word' id='word_1_476' title='bbox 613 4378 667 4424; x_wconf 90' lang='lat' dir='ltr'><strong>et</strong></span> <span class='ocrx_word' id='word_1_477' title='bbox 706 4370 1066 4439; x_wconf 88' lang='lat' dir='ltr'><strong>apostolorum</strong></span> <span class='ocrx_word' id='word_1_478' title='bbox 1111 4380 1318 4426; x_wconf 90' lang='lat' dir='ltr'><strong>tuorum</strong></span> <span class='ocrx_word' id='word_1_479' title='bbox 1356 4386 1453 4426; x_wconf 90' lang='lat' dir='ltr'><strong>nos</strong></span> <span class='ocrx_word' id='word_1_480' title='bbox 1486 4382 1634 4428; x_wconf 90' lang='lat' dir='ltr'><strong>tuere</strong></span> <span class='ocrx_word' id='word_1_481' title='bbox 1673 4373 1954 4442; x_wconf 72' lang='lat' dir='ltr'><strong>praesidiis,</strong></span> 
     </span>
    </p>
   </div>
   <div class='ocr_carea' id='block_1_78' title="bbox 376 4461 1801 4533">
    <p class='ocr_par' dir='ltr' id='par_1_78' title="bbox 376 4461 1801 4533">
     <span class='ocr_line' id='line_1_79' title="bbox 376 4461 1801 4533; baseline 0.004 -18"><span class='ocrx_word' id='word_1_482' title='bbox 376 4476 603 4533; x_wconf 87' lang='lat' dir='ltr'><strong>quorum</strong></span> <span class='ocrx_word' id='word_1_483' title='bbox 631 4461 840 4516; x_wconf 88' lang='lat' dir='ltr'><strong>donasti</strong></span> <span class='ocrx_word' id='word_1_484' title='bbox 864 4462 1049 4517; x_wconf 83' lang='lat' dir='ltr'><strong>ﬁdeles</strong></span> <span class='ocrx_word' id='word_1_485' title='bbox 1079 4477 1199 4518; x_wconf 90' lang='lat' dir='ltr'><strong>esse</strong></span> <span class='ocrx_word' id='word_1_486' title='bbox 1225 4463 1504 4519; x_wconf 90' lang='lat' dir='ltr'><strong>doctrinis.</strong></span> <span class='ocrx_word' id='word_1_487' title='bbox 1540 4464 1663 4531; x_wconf 90' lang='lat' dir='ltr'><strong>Per,</strong></span> <span class='ocrx_word' id='word_1_488' title='bbox 1694 4476 1801 4521; x_wconf 88' lang='lat' dir='ltr'><strong>etc.</strong></span> 
     </span>
    </p>
   </div>
   <div class='ocr_carea' id='block_1_79' title="bbox 2069 3255 3650 3327">
    <p class='ocr_par' dir='ltr' id='par_1_79' title="bbox 2069 3255 3650 3327">
     <span class='ocr_line' id='line_1_80' title="bbox 2069 3255 3650 3327; baseline 0.001 -16"><span class='ocrx_word' id='word_1_489' title='bbox 2069 3270 2292 3327; x_wconf 91' lang='lat' dir='ltr'><strong>quorum</strong></span> <span class='ocrx_word' id='word_1_490' title='bbox 2321 3265 2523 3311; x_wconf 70' lang='lat' dir='ltr'><strong>nostrte</strong></span> <span class='ocrx_word' id='word_1_491' title='bbox 2561 3255 2838 3327; x_wconf 87' lang='lat' dir='ltr'><strong>fragilitati</strong></span> <span class='ocrx_word' id='word_1_492' title='bbox 2878 3258 3170 3326; x_wconf 89' lang='lat' dir='ltr'><strong>patrocinia</strong></span> <span class='ocrx_word' id='word_1_493' title='bbox 3215 3258 3525 3313; x_wconf 92' lang='lat' dir='ltr'><strong>contulisti:</strong></span> <span class='ocrx_word' id='word_1_494' title='bbox 3556 3258 3650 3325; x_wconf 92' lang='lat' dir='ltr'><strong>da,</strong></span> 
     </span>
    </p>
   </div>
   <div class='ocr_carea' id='block_1_80' title="bbox 2067 3346 3643 3417">
    <p class='ocr_par' dir='ltr' id='par_1_80' title="bbox 2067 3346 3643 3417">
     <span class='ocr_line' id='line_1_81' title="bbox 2067 3346 3643 3417; baseline 0.001 -16"><span class='ocrx_word' id='word_1_495' title='bbox 2067 3362 2375 3417; x_wconf 63' lang='lat' dir='ltr'><strong>qumsumus</strong></span> <span class='ocrx_word' id='word_1_496' title='bbox 2395 3390 2410 3414; x_wconf 92' lang='lat'><strong>,</strong></span> <span class='ocrx_word' id='word_1_497' title='bbox 2445 3356 2506 3401; x_wconf 93' lang='lat' dir='ltr'><strong>ut</strong></span> <span class='ocrx_word' id='word_1_498' title='bbox 2535 3346 2747 3402; x_wconf 88' lang='lat' dir='ltr'><strong>illorum</strong></span> <span class='ocrx_word' id='word_1_499' title='bbox 2778 3349 2974 3416; x_wconf 80' lang='lat' dir='ltr'><strong>stepius</strong></span> <span class='ocrx_word' id='word_1_500' title='bbox 3003 3347 3192 3403; x_wconf 90' lang='lat' dir='ltr'><strong>iterata</strong></span> <span class='ocrx_word' id='word_1_501' title='bbox 3224 3348 3533 3404; x_wconf 85' lang='lat' dir='ltr'><strong>solemnitas</strong></span> <span class='ocrx_word' id='word_1_502' title='bbox 3553 3362 3643 3402; x_wconf 82' lang='lat' dir='ltr'><strong>no-</strong></span> 
     </span>
    </p>
   </div>
   <div class='ocr_carea' id='block_1_81' title="bbox 2068 3439 3248 3510">
    <p class='ocr_par' dir='ltr' id='par_1_81' title="bbox 2068 3439 3248 3510">
     <span class='ocr_line' id='line_1_82' title="bbox 2068 3439 3248 3510; baseline 0.002 -16"><span class='ocrx_word' id='word_1_503' title='bbox 2068 3448 2194 3495; x_wconf 72' lang='lat' dir='ltr'><strong>strae</strong></span> <span class='ocrx_word' id='word_1_504' title='bbox 2220 3439 2293 3494; x_wconf 90' lang='lat' dir='ltr'><strong>sit</strong></span> <span class='ocrx_word' id='word_1_505' title='bbox 2319 3439 2560 3494; x_wconf 88' lang='lat' dir='ltr'><strong>tuitionis</strong></span> <span class='ocrx_word' id='word_1_506' title='bbox 2590 3450 2952 3510; x_wconf 75' lang='lat' dir='ltr'><strong>augmentum.</strong></span> <span class='ocrx_word' id='word_1_507' title='bbox 2989 3441 3108 3508; x_wconf 90' lang='lat' dir='ltr'><strong>Per,</strong></span> <span class='ocrx_word' id='word_1_508' title='bbox 3145 3450 3248 3497; x_wconf 81' lang='lat' dir='ltr'><strong>etc.</strong></span> 
     </span>
    </p>
   </div>
   <div class='ocr_carea' id='block_1_82' title="bbox 2139 3532 3648 3604">
    <p class='ocr_par' dir='ltr' id='par_1_82' title="bbox 2139 3532 3648 3604">
     <span class='ocr_line' id='line_1_83' title="bbox 2139 3532 3648 3604; baseline 0.001 -18"><span class='ocrx_word' id='word_1_509' title='bbox 2139 3532 2354 3587; x_wconf 81' lang='lat' dir='ltr'><strong>Hostias</strong></span> <span class='ocrx_word' id='word_1_510' title='bbox 2385 3533 2563 3602; x_wconf 90' lang='lat' dir='ltr'><strong>populi</strong></span> <span class='ocrx_word' id='word_1_511' title='bbox 2596 3532 2669 3589; x_wconf 87' lang='lat' dir='ltr'><strong>ttti</strong></span> <span class='ocrx_word' id='word_1_512' title='bbox 2690 3579 2703 3603; x_wconf 94' lang='lat'><strong>,</strong></span> <span class='ocrx_word' id='word_1_513' title='bbox 2740 3533 2983 3601; x_wconf 90' lang='lat' dir='ltr'><strong>Domine,</strong></span> <span class='ocrx_word' id='word_1_514' title='bbox 3017 3534 3281 3604; x_wconf 87' lang='lat' dir='ltr'><strong>propitius</strong></span> <span class='ocrx_word' id='word_1_515' title='bbox 3314 3534 3559 3589; x_wconf 86' lang='lat' dir='ltr'><strong>intuere:</strong></span> <span class='ocrx_word' id='word_1_516' title='bbox 3588 3541 3648 3588; x_wconf 88' lang='lat' dir='ltr'><strong>ut</strong></span> 
     </span>
    </p>
   </div>
   <div class='ocr_carea' id='block_1_83' title="bbox 2068 3625 3654 3698">
    <p class='ocr_par' dir='ltr' id='par_1_83' title="bbox 2068 3625 3654 3698">
     <span class='ocr_line' id='line_1_84' title="bbox 2068 3625 3654 3698; baseline -0.001 -18"><span class='ocrx_word' id='word_1_517' title='bbox 2068 3625 2210 3697; x_wconf 88' lang='lat' dir='ltr'><strong>quod</strong></span> <span class='ocrx_word' id='word_1_518' title='bbox 2243 3633 2426 3680; x_wconf 87' lang='lat' dir='ltr'><strong>nostra</strong></span> <span class='ocrx_word' id='word_1_519' title='bbox 2458 3625 2650 3680; x_wconf 84' lang='lat' dir='ltr'><strong>ﬁducia</strong></span> <span class='ocrx_word' id='word_1_520' title='bbox 2692 3642 2799 3681; x_wconf 91' lang='lat' dir='ltr'><strong>non</strong></span> <span class='ocrx_word' id='word_1_521' title='bbox 2830 3638 3089 3693; x_wconf 90' lang='lat' dir='ltr'><strong>meretur,</strong></span> <span class='ocrx_word' id='word_1_522' title='bbox 3122 3625 3231 3698; x_wconf 64' lang='grc'><strong>44</strong></span> <span class='ocrx_word' id='word_1_523' title='bbox 3262 3642 3358 3695; x_wconf 89' lang='lat' dir='ltr'><strong>per</strong></span> <span class='ocrx_word' id='word_1_524' title='bbox 3384 3641 3475 3681; x_wconf 88' lang='lat' dir='ltr'><strong>eos</strong></span> <span class='ocrx_word' id='word_1_525' title='bbox 3514 3639 3654 3696; x_wconf 82' lang='lat' dir='ltr'><strong>quos</strong></span> 
     </span>
    </p>
   </div>
   <div class='ocr_carea' id='block_1_84' title="bbox 2068 3720 3650 3794">
    <p class='ocr_par' dir='ltr' id='par_1_84' title="bbox 2068 3720 3650 3794">
     <span class='ocr_line' id='line_1_85' title="bbox 2068 3720 3650 3794; baseline -0.002 -15"><span class='ocrx_word' id='word_1_526' title='bbox 2068 3723 2223 3779; x_wconf 91' lang='lat' dir='ltr'><strong>nobis</strong></span> <span class='ocrx_word' id='word_1_527' title='bbox 2258 3723 2585 3779; x_wconf 90' lang='lat' dir='ltr'><strong>constituisti</strong></span> <span class='ocrx_word' id='word_1_528' title='bbox 2630 3723 2925 3793; x_wconf 77' lang='lat' dir='ltr'><strong>praesules,</strong></span> <span class='ocrx_word' id='word_1_529' title='bbox 2962 3722 3354 3779; x_wconf 88' lang='lat' dir='ltr'><strong>incessabiliter</strong></span> <span class='ocrx_word' id='word_1_530' title='bbox 3388 3720 3650 3794; x_wconf 88' lang='lat' dir='ltr'><strong>largiaris.</strong></span> 
     </span>
    </p>
   </div>
   <div class='ocr_carea' id='block_1_85' title="bbox 2067 3814 2320 3883">
    <p class='ocr_par' dir='ltr' id='par_1_85' title="bbox 2067 3814 2320 3883">
     <span class='ocr_line' id='line_1_86' title="bbox 2067 3814 2320 3883; baseline -0.004 -12"><span class='ocrx_word' id='word_1_531' title='bbox 2067 3814 2190 3883; x_wconf 91' lang='lat' dir='ltr'><strong>Per,</strong></span> <span class='ocrx_word' id='word_1_532' title='bbox 2216 3824 2320 3871; x_wconf 91' lang='lat' dir='ltr'><strong>etc.</strong></span> 
     </span>
    </p>
   </div>
   <div class='ocr_carea' id='block_1_86' title="bbox 2142 3904 3657 3979">
    <p class='ocr_par' dir='ltr' id='par_1_86' title="bbox 2142 3904 3657 3979">
     <span class='ocr_line' id='line_1_87' title="bbox 2142 3904 3657 3979; baseline -0.001 -18"><span class='ocrx_word' id='word_1_533' title='bbox 2142 3909 2282 3965; x_wconf 87' lang='lat' dir='ltr'><strong>Vere</strong></span> <span class='ocrx_word' id='word_1_534' title='bbox 2310 3908 2550 3979; x_wconf 88' lang='lat' dir='ltr'><strong>dignum.</strong></span> <span class='ocrx_word' id='word_1_535' title='bbox 2589 3908 2693 3976; x_wconf 90' lang='lat' dir='ltr'><strong>Qui</strong></span> <span class='ocrx_word' id='word_1_536' title='bbox 2722 3916 2780 3963; x_wconf 92' lang='lat' dir='ltr'><strong>ut</strong></span> <span class='ocrx_word' id='word_1_537' title='bbox 2803 3906 2939 3963; x_wconf 91' lang='lat' dir='ltr'><strong>hanc</strong></span> <span class='ocrx_word' id='word_1_538' title='bbox 2974 3906 3159 3963; x_wconf 90' lang='lat' dir='ltr'><strong>sedem</strong></span> <span class='ocrx_word' id='word_1_539' title='bbox 3199 3908 3436 3977; x_wconf 85' lang='lat' dir='ltr'><strong>regimen</strong></span> <span class='ocrx_word' id='word_1_540' title='bbox 3467 3904 3657 3960; x_wconf 78' lang='lat' dir='ltr'><strong>Eccle-</strong></span> 
     </span>
    </p>
   </div>
   <div class='ocr_carea' id='block_1_87' title="bbox 2065 3998 3653 4071">
    <p class='ocr_par' dir='ltr' id='par_1_87' title="bbox 2065 3998 3653 4071">
     <span class='ocr_line' id='line_1_88' title="bbox 2065 3998 3653 4071; baseline -0.004 -14"><span class='ocrx_word' id='word_1_541' title='bbox 2065 4002 2160 4057; x_wconf 80' lang='lat' dir='ltr'><strong>site</strong></span> <span class='ocrx_word' id='word_1_542' title='bbox 2185 4003 2350 4057; x_wconf 90' lang='lat' dir='ltr'><strong>totius</strong></span> <span class='ocrx_word' id='word_1_543' title='bbox 2375 4000 2619 4057; x_wconf 81' lang='lat' dir='ltr'><strong>efﬁceres</strong></span> <span class='ocrx_word' id='word_1_544' title='bbox 2639 4044 2653 4069; x_wconf 94' lang='lat'><strong>,</strong></span> <span class='ocrx_word' id='word_1_545' title='bbox 2689 4012 2743 4058; x_wconf 91' lang='lat' dir='ltr'><strong>et</strong></span> <span class='ocrx_word' id='word_1_546' title='bbox 2769 4000 2910 4071; x_wconf 92' lang='lat' dir='ltr'><strong>quod</strong></span> <span class='ocrx_word' id='word_1_547' title='bbox 2955 3998 3068 4055; x_wconf 66' lang='lat' dir='ltr'><strong>haec</strong></span> <span class='ocrx_word' id='word_1_548' title='bbox 3097 3998 3442 4069; x_wconf 84' lang='lat' dir='ltr'><strong>praedicasset</strong></span> <span class='ocrx_word' id='word_1_549' title='bbox 3472 4004 3653 4051; x_wconf 88' lang='lat' dir='ltr'><strong>osten-</strong></span> 
     </span>
    </p>
   </div>
   <div class='ocr_carea' id='block_1_88' title="bbox 2066 4093 3653 4167">
    <p class='ocr_par' dir='ltr' id='par_1_88' title="bbox 2066 4093 3653 4167">
     <span class='ocr_line' id='line_1_89' title="bbox 2066 4093 3653 4167; baseline -0.003 -16"><span class='ocrx_word' id='word_1_550' title='bbox 2066 4096 2225 4153; x_wconf 91' lang='lat' dir='ltr'><strong>deres</strong></span> <span class='ocrx_word' id='word_1_551' title='bbox 2252 4096 2447 4167; x_wconf 89' lang='lat' dir='ltr'><strong>ubique</strong></span> <span class='ocrx_word' id='word_1_552' title='bbox 2486 4094 2805 4151; x_wconf 88' lang='lat' dir='ltr'><strong>servandum</strong></span> <span class='ocrx_word' id='word_1_553' title='bbox 2830 4140 2844 4166; x_wconf 87' lang='lat'><strong>,</strong></span> <span class='ocrx_word' id='word_1_554' title='bbox 2890 4094 3049 4148; x_wconf 89' lang='lat' dir='ltr'><strong>simul</strong></span> <span class='ocrx_word' id='word_1_555' title='bbox 3080 4094 3131 4148; x_wconf 91' lang='lat' dir='ltr'><strong>in</strong></span> <span class='ocrx_word' id='word_1_556' title='bbox 3159 4108 3221 4149; x_wconf 85' lang='lat' dir='ltr'><strong>ea</strong></span> <span class='ocrx_word' id='word_1_557' title='bbox 3260 4093 3653 4163; x_wconf 75' lang='lat' dir='ltr'><strong>etapostolicte</strong></span> 
     </span>
    </p>
   </div>
   <div class='ocr_carea' id='block_1_89' title="bbox 2063 4187 3655 4260">
    <p class='ocr_par' dir='ltr' id='par_1_89' title="bbox 2063 4187 3655 4260">
     <span class='ocr_line' id='line_1_90' title="bbox 2063 4187 3655 4260; baseline -0.001 -16"><span class='ocrx_word' id='word_1_558' title='bbox 2063 4190 2360 4260; x_wconf 90' lang='lat' dir='ltr'><strong>principem</strong></span> <span class='ocrx_word' id='word_1_559' title='bbox 2400 4190 2713 4259; x_wconf 90' lang='lat' dir='ltr'><strong>dignitatis,</strong></span> <span class='ocrx_word' id='word_1_560' title='bbox 2754 4198 2807 4245; x_wconf 90' lang='lat' dir='ltr'><strong>et</strong></span> <span class='ocrx_word' id='word_1_561' title='bbox 2849 4190 3158 4260; x_wconf 90' lang='lat' dir='ltr'><strong>magistrum</strong></span> <span class='ocrx_word' id='word_1_562' title='bbox 3206 4188 3441 4259; x_wconf 86' lang='lat' dir='ltr'><strong>gentium</strong></span> <span class='ocrx_word' id='word_1_563' title='bbox 3484 4187 3655 4243; x_wconf 91' lang='lat' dir='ltr'><strong>collo-</strong></span> 
     </span>
    </p>
   </div>
   <div class='ocr_carea' id='block_1_90' title="bbox 2064 4282 2511 4348">
    <p class='ocr_par' dir='ltr' id='par_1_90' title="bbox 2064 4282 2511 4348">
     <span class='ocr_line' id='line_1_91' title="bbox 2064 4282 2511 4348; baseline -0.004 -11"><span class='ocrx_word' id='word_1_564' title='bbox 2064 4282 2222 4337; x_wconf 91' lang='lat' dir='ltr'><strong>casti.</strong></span> <span class='ocrx_word' id='word_1_565' title='bbox 2254 4283 2375 4348; x_wconf 83' lang='lat' dir='ltr'><strong>Per,</strong></span> <span class='ocrx_word' id='word_1_566' title='bbox 2408 4290 2511 4337; x_wconf 89' lang='lat' dir='ltr'><strong>etc.</strong></span> 
     </span>
    </p>
   </div>
   <div class='ocr_carea' id='block_1_91' title="bbox 2134 4374 3651 4447">
    <p class='ocr_par' dir='ltr' id='par_1_91' title="bbox 2134 4374 3651 4447">
     <span class='ocr_line' id='line_1_92' title="bbox 2134 4374 3651 4447; baseline 0 -17"><span class='ocrx_word' id='word_1_567' title='bbox 2134 4376 2348 4446; x_wconf 83' lang='lat' dir='ltr'><strong>Repleti</strong></span> <span class='ocrx_word' id='word_1_568' title='bbox 2374 4386 2401 4425; x_wconf 73' lang='grc' dir='ltr'>(ι</span> <span class='ocrx_word' id='word_1_569' title='bbox 2425 4374 2806 4431; x_wconf 89' lang='lat' dir='ltr'><strong>benedictione</strong></span> <span class='ocrx_word' id='word_1_570' title='bbox 2831 4375 3039 4433; x_wconf 72' lang='lat' dir='ltr'><strong>cmlesti</strong></span> <span class='ocrx_word' id='word_1_571' title='bbox 3058 4418 3072 4442; x_wconf 91' lang='lat'><strong>,</strong></span> <span class='ocrx_word' id='word_1_572' title='bbox 3102 4374 3413 4447; x_wconf 89' lang='lat' dir='ltr'><strong>suppliciter</strong></span> <span class='ocrx_word' id='word_1_573' title='bbox 3457 4374 3651 4444; x_wconf 87' lang='lat' dir='ltr'><strong>implo-</strong></span> 
     </span>
    </p>
   </div>
   <div class='ocr_carea' id='block_1_92' title="bbox 2064 4466 3650 4539">
    <p class='ocr_par' dir='ltr' id='par_1_92' title="bbox 2064 4466 3650 4539">
     <span class='ocr_line' id='line_1_93' title="bbox 2064 4466 3650 4539; baseline 0.001 -17"><span class='ocrx_word' id='word_1_574' title='bbox 2064 4483 2245 4523; x_wconf 88' lang='lat' dir='ltr'><strong>ramus</strong></span> <span class='ocrx_word' id='word_1_575' title='bbox 2276 4476 2332 4522; x_wconf 87' lang='lat' dir='ltr'><strong>ut</strong></span> <span class='ocrx_word' id='word_1_576' title='bbox 2360 4483 2479 4537; x_wconf 75' lang='lat' dir='ltr'><strong>qua:</strong></span> <span class='ocrx_word' id='word_1_577' title='bbox 2518 4466 2691 4539; x_wconf 88' lang='lat' dir='ltr'><strong>fragili</strong></span> <span class='ocrx_word' id='word_1_578' title='bbox 2734 4467 3067 4524; x_wconf 87' lang='lat' dir='ltr'><strong>celebramus</strong></span> <span class='ocrx_word' id='word_1_579' title='bbox 3104 4468 3302 4535; x_wconf 84' lang='lat' dir='ltr'><strong>officio,</strong></span> <span class='ocrx_word' id='word_1_580' title='bbox 3337 4484 3431 4538; x_wconf 89' lang='lat' dir='ltr'><strong>per</strong></span> <span class='ocrx_word' id='word_1_581' title='bbox 3461 4468 3650 4523; x_wconf 88' lang='lat' dir='ltr'><strong>beatos</strong></span> 
     </span>
    </p>
   </div>
   <div class='ocr_carea' id='block_1_93' title="bbox 378 4542 3647 4631">
    <p class='ocr_par' dir='ltr' id='par_1_93' title="bbox 378 4542 3647 4631">
     <span class='ocr_line' id='line_1_94' title="bbox 378 4542 3647 4631; baseline 0.001 -21"><span class='ocrx_word' id='word_1_582' title='bbox 378 4624 381 4625; x_wconf 17' lang='grc' dir='ltr'><em>ν</em></span> <span class='ocrx_word' id='word_1_583' title='bbox 450 4554 698 4625; x_wconf 86' lang='lat' dir='ltr'><strong>Suscipe,</strong></span> <span class='ocrx_word' id='word_1_584' title='bbox 731 4569 1061 4625; x_wconf 87' lang='lat' dir='ltr'><strong>quaesumus,</strong></span> <span class='ocrx_word' id='word_1_585' title='bbox 1100 4555 1342 4625; x_wconf 90' lang='lat' dir='ltr'><strong>Domine,</strong></span> <span class='ocrx_word' id='word_1_586' title='bbox 1376 4571 1597 4611; x_wconf 88' lang='lat' dir='ltr'><strong>munera</strong></span> <span class='ocrx_word' id='word_1_587' title='bbox 1627 4557 1797 4626; x_wconf 90' lang='lat' dir='ltr'><strong>plebis</strong></span> <span class='ocrx_word' id='word_1_588' title='bbox 1825 4567 1950 4625; x_wconf 69' lang='lat' dir='ltr'><strong>tute,</strong></span> <span class='ocrx_word' id='word_1_589' title='bbox 1982 4542 2037 4603; x_wconf 87' lang='grc' dir='ltr'><strong>Ῑ)</strong></span> <span class='ocrx_word' id='word_1_590' title='bbox 2062 4558 2336 4627; x_wconf 89' lang='lat' dir='ltr'><strong>apostolos</strong></span> <span class='ocrx_word' id='word_1_591' title='bbox 2394 4567 2517 4613; x_wconf 91' lang='lat' dir='ltr'><strong>tuos</strong></span> <span class='ocrx_word' id='word_1_592' title='bbox 2568 4559 2722 4615; x_wconf 89' lang='lat' dir='ltr'><strong>nobis</strong></span> <span class='ocrx_word' id='word_1_593' title='bbox 2772 4560 3032 4631; x_wconf 89' lang='lat' dir='ltr'><strong>prodesse</strong></span> <span class='ocrx_word' id='word_1_594' title='bbox 3083 4560 3378 4616; x_wconf 85' lang='lat' dir='ltr'><strong>sentiamus</strong></span> <span class='ocrx_word' id='word_1_595' title='bbox 3425 4559 3647 4615; x_wconf 80' lang='lat' dir='ltr'><strong>auxilio.</strong></span> 
     </span>
    </p>
   </div>
   <div class='ocr_carea' id='block_1_94' title="bbox 377 4648 1954 4719">
    <p class='ocr_par' dir='ltr' id='par_1_94' title="bbox 377 4648 1954 4719">
     <span class='ocr_line' id='line_1_95' title="bbox 377 4648 1954 4719; baseline 0.002 -17"><span class='ocrx_word' id='word_1_596' title='bbox 377 4663 497 4719; x_wconf 66' lang='lat' dir='ltr'><strong>quae</strong></span> <span class='ocrx_word' id='word_1_597' title='bbox 528 4664 623 4719; x_wconf 92' lang='lat' dir='ltr'><strong>pro</strong></span> <span class='ocrx_word' id='word_1_598' title='bbox 648 4650 924 4704; x_wconf 89' lang='lat' dir='ltr'><strong>beatorum</strong></span> <span class='ocrx_word' id='word_1_599' title='bbox 946 4648 1309 4719; x_wconf 86' lang='lat' dir='ltr'><strong>apostolorum</strong></span> <span class='ocrx_word' id='word_1_600' title='bbox 1340 4649 1482 4705; x_wconf 90' lang='lat' dir='ltr'><strong>Petri</strong></span> <span class='ocrx_word' id='word_1_601' title='bbox 1512 4658 1566 4705; x_wconf 91' lang='lat' dir='ltr'><strong>et</strong></span> <span class='ocrx_word' id='word_1_602' title='bbox 1588 4650 1740 4704; x_wconf 89' lang='lat' dir='ltr'><strong>Pauli</strong></span> <span class='ocrx_word' id='word_1_603' title='bbox 1764 4652 1954 4706; x_wconf 87' lang='lat' dir='ltr'><strong>natali-</strong></span> 
     </span>
    </p>
   </div>
   <div class='ocr_carea' id='block_1_95' title="bbox 448 4854 1649 4922">
    <p class='ocr_par' dir='ltr' id='par_1_95' title="bbox 448 4854 1649 4922">
     <span class='ocr_line' id='line_1_96' title="bbox 448 4854 1649 4922; baseline 0 -12"><span class='ocrx_word' id='word_1_604' title='bbox 448 4866 473 4894; x_wconf 74' lang='grc' dir='ltr'>ει</span> <span class='ocrx_word' id='word_1_605' title='bbox 492 4856 677 4911; x_wconf 84' lang='lat' dir='ltr'><strong>Exstat</strong></span> <span class='ocrx_word' id='word_1_606' title='bbox 704 4856 755 4909; x_wconf 91' lang='lat' dir='ltr'><strong>in</strong></span> <span class='ocrx_word' id='word_1_607' title='bbox 787 4856 1024 4911; x_wconf 88' lang='lat' dir='ltr'><strong>Sacram.</strong></span> <span class='ocrx_word' id='word_1_608' title='bbox 1054 4854 1251 4912; x_wconf 87' lang='lat' dir='ltr'><strong>Gelasii</strong></span> <span class='ocrx_word' id='word_1_609' title='bbox 1282 4854 1380 4910; x_wconf 92' lang='lat' dir='ltr'><strong>lib.</strong></span> <span class='ocrx_word' id='word_1_610' title='bbox 1409 4870 1469 4922; x_wconf 89' lang='grc' dir='ltr'><strong>ιι,</strong></span> <span class='ocrx_word' id='word_1_611' title='bbox 1499 4871 1553 4912; x_wconf 93' lang='lat' dir='ltr'><strong>n.</strong></span> <span class='ocrx_word' id='word_1_612' title='bbox 1579 4856 1649 4913; x_wconf 79' lang='grc'><strong>56</strong></span> 
     </span>
    </p>
   </div>
   <div class='ocr_carea' id='block_1_96' title="bbox 370 4926 1016 4993">
    <p class='ocr_par' dir='ltr' id='par_1_96' title="bbox 370 4926 1016 4993">
     <span class='ocr_line' id='line_1_97' title="bbox 370 4926 1016 4993; baseline 0 -12"><span class='ocrx_word' id='word_1_613' title='bbox 370 4986 377 4993; x_wconf 51' lang='grc'><em>,</em></span> <span class='ocrx_word' id='word_1_614' title='bbox 447 4926 473 4965; x_wconf 73' lang='grc' dir='ltr'>δ</span> <span class='ocrx_word' id='word_1_615' title='bbox 505 4927 601 4981; x_wconf 87' lang='lat' dir='ltr'><strong>Est</strong></span> <span class='ocrx_word' id='word_1_616' title='bbox 621 4927 817 4982; x_wconf 87' lang='lat' dir='ltr'><strong>ibidem</strong></span> <span class='ocrx_word' id='word_1_617' title='bbox 840 4944 893 4981; x_wconf 84' lang='grc' dir='ltr'>ιι.</span> <span class='ocrx_word' id='word_1_618' title='bbox 925 4927 1016 4982; x_wconf 79' lang='grc'><strong>51.</strong></span> 
     </span>
    </p>
   </div>
   <div class='ocr_carea' id='block_1_97' title="bbox 450 4996 1951 5065">
    <p class='ocr_par' dir='ltr' id='par_1_97' title="bbox 450 4996 1951 5065">
     <span class='ocr_line' id='line_1_98' title="bbox 450 4996 1951 5065; baseline 0.001 -13"><span class='ocrx_word' id='word_1_619' title='bbox 450 5008 471 5036; x_wconf 77' lang='grc' dir='ltr'><strong>ο</strong></span> <span class='ocrx_word' id='word_1_620' title='bbox 494 4997 767 5053; x_wconf 84' lang='lat' dir='ltr'><strong>Invenitur</strong></span> <span class='ocrx_word' id='word_1_621' title='bbox 785 4999 835 5051; x_wconf 90' lang='lat' dir='ltr'><strong>in</strong></span> <span class='ocrx_word' id='word_1_622' title='bbox 863 4996 1193 5065; x_wconf 86' lang='lat' dir='ltr'><strong>Gregoriano</strong></span> <span class='ocrx_word' id='word_1_623' title='bbox 1220 4998 1653 5054; x_wconf 88' lang='lat' dir='ltr'><strong>Sacramentario</strong></span> <span class='ocrx_word' id='word_1_624' title='bbox 1688 4999 1951 5065; x_wconf 84' lang='lat' dir='ltr'><strong>Menardi,</strong></span> 
     </span>
    </p>
   </div>
   <div class='ocr_carea' id='block_1_98' title="bbox 378 5068 1948 5141">
    <p class='ocr_par' dir='ltr' id='par_1_98' title="bbox 378 5068 1948 5141">
     <span class='ocr_line' id='line_1_99' title="bbox 378 5068 1948 5141; baseline 0.001 -18"><span class='ocrx_word' id='word_1_625' title='bbox 378 5078 427 5141; x_wconf 74' lang='lat' dir='ltr'><strong>et</strong></span> <span class='ocrx_word' id='word_1_626' title='bbox 460 5069 733 5141; x_wconf 84' lang='lat' dir='ltr'><strong>iuMissali</strong></span> <span class='ocrx_word' id='word_1_627' title='bbox 760 5068 913 5141; x_wconf 74' lang='lat' dir='ltr'><strong>Rom.</strong></span> <span class='ocrx_word' id='word_1_628' title='bbox 942 5068 1030 5124; x_wconf 88' lang='lat' dir='ltr'><strong>die</strong></span> <span class='ocrx_word' id='word_1_629' title='bbox 1050 5085 1139 5124; x_wconf 84' lang='lat' dir='ltr'><strong>VIII</strong></span> <span class='ocrx_word' id='word_1_630' title='bbox 1170 5068 1279 5124; x_wconf 82' lang='lat' dir='ltr'><strong>kal.</strong></span> <span class='ocrx_word' id='word_1_631' title='bbox 1329 5070 1551 5141; x_wconf 79' lang='lat' dir='ltr'><strong>Augusti</strong></span> <span class='ocrx_word' id='word_1_632' title='bbox 1602 5069 1655 5125; x_wconf 92' lang='lat' dir='ltr'><strong>in</strong></span> <span class='ocrx_word' id='word_1_633' title='bbox 1709 5068 1844 5126; x_wconf 90' lang='lat' dir='ltr'><strong>festo</strong></span> <span class='ocrx_word' id='word_1_634' title='bbox 1889 5072 1948 5128; x_wconf 85' lang='lat' dir='ltr'><strong>S.</strong></span> 
     </span>
    </p>
   </div>
   <div class='ocr_carea' id='block_1_99' title="bbox 374 5140 844 5208">
    <p class='ocr_par' dir='ltr' id='par_1_99' title="bbox 374 5140 844 5208">
     <span class='ocr_line' id='line_1_100' title="bbox 374 5140 844 5208; baseline -0.006 -14"><span class='ocrx_word' id='word_1_635' title='bbox 374 5140 560 5208; x_wconf 83' lang='lat' dir='ltr'><strong>Jacobi</strong></span> <span class='ocrx_word' id='word_1_636' title='bbox 594 5140 844 5208; x_wconf 89' lang='lat' dir='ltr'><strong>apostoli.</strong></span> 
     </span>
    </p>
   </div>
   <div class='ocr_carea' id='block_1_100' title="bbox 444 5206 1950 5271">
    <p class='ocr_par' dir='ltr' id='par_1_100' title="bbox 444 5206 1950 5271">
     <span class='ocr_line' id='line_1_101' title="bbox 444 5206 1950 5271; baseline 0.005 -8"><span class='ocrx_word' id='word_1_637' title='bbox 444 5206 471 5245; x_wconf 75' lang='grc' dir='ltr'>ἀ</span> <span class='ocrx_word' id='word_1_638' title='bbox 501 5206 749 5266; x_wconf 62' lang='lat' dir='ltr'><strong>Praefatio</strong></span> <span class='ocrx_word' id='word_1_639' title='bbox 794 5211 1073 5266; x_wconf 87' lang='lat' dir='ltr'><strong>anterioris</strong></span> <span class='ocrx_word' id='word_1_640' title='bbox 1118 5213 1290 5268; x_wconf 82' lang='lat' dir='ltr'><strong>Missae</strong></span> <span class='ocrx_word' id='word_1_641' title='bbox 1314 5227 1369 5266; x_wconf 86' lang='lat' dir='ltr'><strong>vt</strong></span> <span class='ocrx_word' id='word_1_642' title='bbox 1410 5209 1462 5265; x_wconf 94' lang='lat' dir='ltr'><strong>in</strong></span> <span class='ocrx_word' id='word_1_643' title='bbox 1516 5211 1811 5269; x_wconf 88' lang='lat' dir='ltr'><strong>orationem</strong></span> <span class='ocrx_word' id='word_1_644' title='bbox 1864 5214 1950 5271; x_wconf 81' lang='lat' dir='ltr'><strong>hic</strong></span> 
     </span>
    </p>
   </div>
   <div class='ocr_carea' id='block_1_101' title="bbox 373 5281 1944 5354">
    <p class='ocr_par' dir='ltr' id='par_1_101' title="bbox 373 5281 1944 5354">
     <span class='ocr_line' id='line_1_102' title="bbox 373 5281 1944 5354; baseline 0.004 -19"><span class='ocrx_word' id='word_1_645' title='bbox 373 5282 702 5354; x_wconf 70' lang='lat' dir='ltr'><strong>ipttnutatur.</strong></span> <span class='ocrx_word' id='word_1_646' title='bbox 729 5281 863 5354; x_wconf 55' lang='lat' dir='ltr'><strong>Haec</strong></span> <span class='ocrx_word' id='word_1_647' title='bbox 892 5293 1067 5354; x_wconf 86' lang='lat' dir='ltr'><strong>autem</strong></span> <span class='ocrx_word' id='word_1_648' title='bbox 1098 5285 1270 5338; x_wconf 88' lang='lat' dir='ltr'><strong>oratio</strong></span> <span class='ocrx_word' id='word_1_649' title='bbox 1291 5283 1483 5354; x_wconf 86' lang='lat' dir='ltr'><strong>legitur</strong></span> <span class='ocrx_word' id='word_1_650' title='bbox 1514 5283 1566 5337; x_wconf 91' lang='lat' dir='ltr'><strong>in</strong></span> <span class='ocrx_word' id='word_1_651' title='bbox 1608 5284 1944 5341; x_wconf 87' lang='lat' dir='ltr'><strong>Sacrament.</strong></span> 
     </span>
    </p>
   </div>
   <div class='ocr_carea' id='block_1_102' title="bbox 368 5349 1555 5421">
    <p class='ocr_par' dir='ltr' id='par_1_102' title="bbox 368 5349 1555 5421">
     <span class='ocr_line' id='line_1_103' title="bbox 368 5349 1555 5421; baseline -0.002 -11"><span class='ocrx_word' id='word_1_652' title='bbox 368 5349 699 5421; x_wconf 83' lang='lat' dir='ltr'><strong>Gregorianu</strong></span> <span class='ocrx_word' id='word_1_653' title='bbox 723 5352 961 5409; x_wconf 87' lang='lat' dir='ltr'><strong>Menardi</strong></span> <span class='ocrx_word' id='word_1_654' title='bbox 990 5353 1077 5409; x_wconf 91' lang='lat' dir='ltr'><strong>die</strong></span> <span class='ocrx_word' id='word_1_655' title='bbox 1107 5355 1270 5409; x_wconf 89' lang='lat' dir='ltr'><strong>natali</strong></span> <span class='ocrx_word' id='word_1_656' title='bbox 1303 5349 1367 5411; x_wconf 56' lang='lat' dir='ltr'><strong>S.</strong></span> <span class='ocrx_word' id='word_1_657' title='bbox 1393 5354 1555 5409; x_wconf 83' lang='lat' dir='ltr'><strong>Petri.</strong></span> 
     </span>
    </p>
   </div>
   <div class='ocr_carea' id='block_1_103' title="bbox 442 5423 1728 5495">
    <p class='ocr_par' dir='ltr' id='par_1_103' title="bbox 442 5423 1728 5495">
     <span class='ocr_line' id='line_1_104' title="bbox 442 5423 1728 5495; baseline 0.002 -18"><span class='ocrx_word' id='word_1_658' title='bbox 442 5435 464 5495; x_wconf 61' lang='lat' dir='ltr'><strong>cf</strong></span> <span class='ocrx_word' id='word_1_659' title='bbox 496 5423 629 5495; x_wconf 81' lang='lat' dir='ltr'><strong>Vide</strong></span> <span class='ocrx_word' id='word_1_660' title='bbox 656 5440 812 5494; x_wconf 91' lang='lat' dir='ltr'><strong>supra</strong></span> <span class='ocrx_word' id='word_1_661' title='bbox 843 5426 1140 5480; x_wconf 90' lang='lat' dir='ltr'><strong>orationem</strong></span> <span class='ocrx_word' id='word_1_662' title='bbox 1173 5426 1394 5495; x_wconf 91' lang='lat' dir='ltr'><strong>primam</strong></span> <span class='ocrx_word' id='word_1_663' title='bbox 1430 5425 1604 5481; x_wconf 69' lang='lat' dir='ltr'><strong>Missae</strong></span> <span class='ocrx_word' id='word_1_664' title='bbox 1635 5441 1728 5480; x_wconf 84' lang='lat' dir='ltr'><strong>xu.</strong></span> 
     </span>
    </p>
   </div>
   <div class='ocr_carea' id='block_1_104' title="bbox 446 5494 1820 5564">
    <p class='ocr_par' dir='ltr' id='par_1_104' title="bbox 446 5494 1820 5564">
     <span class='ocr_line' id='line_1_105' title="bbox 446 5494 1820 5564; baseline 0.004 -17"><span class='ocrx_word' id='word_1_665' title='bbox 446 5494 463 5533; x_wconf 74' lang='grc' dir='ltr'>ί</span> <span class='ocrx_word' id='word_1_666' title='bbox 494 5494 670 5551; x_wconf 87' lang='lat' dir='ltr'><strong>Habes</strong></span> <span class='ocrx_word' id='word_1_667' title='bbox 695 5496 833 5551; x_wconf 83' lang='lat' dir='ltr'><strong>hanc</strong></span> <span class='ocrx_word' id='word_1_668' title='bbox 859 5494 1225 5564; x_wconf 85' lang='lat' dir='ltr'><strong>praefationem</strong></span> <span class='ocrx_word' id='word_1_669' title='bbox 1248 5499 1299 5552; x_wconf 90' lang='lat' dir='ltr'><strong>in</strong></span> <span class='ocrx_word' id='word_1_670' title='bbox 1326 5496 1501 5552; x_wconf 82' lang='lat' dir='ltr'><strong>Missis</strong></span> <span class='ocrx_word' id='word_1_671' title='bbox 1533 5513 1591 5551; x_wconf 68' lang='grc' dir='ltr'><strong>ιι</strong></span> <span class='ocrx_word' id='word_1_672' title='bbox 1623 5506 1677 5552; x_wconf 92' lang='lat' dir='ltr'><strong>et</strong></span> <span class='ocrx_word' id='word_1_673' title='bbox 1708 5512 1820 5553; x_wconf 82' lang='lat' dir='ltr'><strong>xm.</strong></span> 
     </span>
    </p>
   </div>
   <div class='ocr_carea' id='block_1_105' title="bbox 440 5564 1406 5637">
    <p class='ocr_par' dir='ltr' id='par_1_105' title="bbox 440 5564 1406 5637">
     <span class='ocr_line' id='line_1_106' title="bbox 440 5564 1406 5637; baseline 0.005 -20"><span class='ocrx_word' id='word_1_674' title='bbox 440 5574 465 5637; x_wconf 69' lang='lat' dir='ltr'><strong>tt</strong></span> <span class='ocrx_word' id='word_1_675' title='bbox 495 5564 597 5637; x_wconf 76' lang='lat' dir='ltr'><strong>Est</strong></span> <span class='ocrx_word' id='word_1_676' title='bbox 621 5569 672 5620; x_wconf 91' lang='lat' dir='ltr'><strong>in</strong></span> <span class='ocrx_word' id='word_1_677' title='bbox 703 5567 984 5623; x_wconf 88' lang='lat' dir='ltr'><strong>Gelasiano</strong></span> <span class='ocrx_word' id='word_1_678' title='bbox 1015 5568 1105 5623; x_wconf 88' lang='lat' dir='ltr'><strong>lib.</strong></span> <span class='ocrx_word' id='word_1_679' title='bbox 1140 5585 1198 5637; x_wconf 86' lang='lat' dir='ltr'><strong>tt,</strong></span> <span class='ocrx_word' id='word_1_680' title='bbox 1232 5587 1286 5623; x_wconf 85' lang='grc' dir='ltr'>ιι.</span> <span class='ocrx_word' id='word_1_681' title='bbox 1317 5568 1406 5623; x_wconf 77' lang='grc'><strong>56.</strong></span> 
     </span>
    </p>
   </div>
   <div class='ocr_carea' id='block_1_106' title="bbox 437 5634 1830 5713">
    <p class='ocr_par' dir='ltr' id='par_1_106' title="bbox 437 5634 1830 5713">
     <span class='ocr_line' id='line_1_107' title="bbox 437 5634 1830 5713; baseline 0.005 -24"><span class='ocrx_word' id='word_1_682' title='bbox 437 5634 464 5713; x_wconf 65' lang='lat'><strong>1}</strong></span> <span class='ocrx_word' id='word_1_683' title='bbox 494 5634 691 5713; x_wconf 59' lang='lat' dir='ltr'><strong>[bidem</strong></span> <span class='ocrx_word' id='word_1_684' title='bbox 719 5639 997 5713; x_wconf 68' lang='lat' dir='ltr'><strong>legiturn.</strong></span> <span class='ocrx_word' id='word_1_685' title='bbox 1018 5639 1114 5713; x_wconf 59' lang='lat'><strong>3&#39;5,</strong></span> <span class='ocrx_word' id='word_1_686' title='bbox 1124 5634 1194 5713; x_wconf 82' lang='lat' dir='ltr'><strong>et</strong></span> <span class='ocrx_word' id='word_1_687' title='bbox 1219 5641 1269 5695; x_wconf 91' lang='lat' dir='ltr'><strong>in</strong></span> <span class='ocrx_word' id='word_1_688' title='bbox 1293 5640 1447 5695; x_wconf 90' lang='lat' dir='ltr'><strong>codd.</strong></span> <span class='ocrx_word' id='word_1_689' title='bbox 1472 5638 1830 5712; x_wconf 86' lang='lat' dir='ltr'><strong>Gregorianis.</strong></span> 
     </span>
    </p>
   </div>
   <div class='ocr_carea' id='block_1_107' title="bbox 443 5705 1363 5777">
    <p class='ocr_par' dir='ltr' id='par_1_107' title="bbox 443 5705 1363 5777">
     <span class='ocr_line' id='line_1_108' title="bbox 443 5705 1363 5777; baseline 0.009 -19"><span class='ocrx_word' id='word_1_690' title='bbox 443 5705 459 5743; x_wconf 83' lang='grc' dir='ltr'><strong>ί</strong></span> <span class='ocrx_word' id='word_1_691' title='bbox 494 5705 1035 5777; x_wconf 58' lang='lat' dir='ltr'><strong>Repetitur&#39;prrefatio</strong></span> <span class='ocrx_word' id='word_1_692' title='bbox 1066 5711 1240 5768; x_wconf 63' lang='grc' dir='ltr'>Μίδεω</span> <span class='ocrx_word' id='word_1_693' title='bbox 1272 5727 1363 5767; x_wconf 81' lang='lat' dir='ltr'><strong>vn.</strong></span> 
     </span>
    </p>
   </div>
   <div class='ocr_carea' id='block_1_108' title="bbox 441 5777 1198 5839">
    <p class='ocr_par' dir='ltr' id='par_1_108' title="bbox 441 5777 1198 5839">
     <span class='ocr_line' id='line_1_109' title="bbox 441 5777 1198 5839; baseline 0.016 -12"><span class='ocrx_word' id='word_1_694' title='bbox 441 5780 454 5827; x_wconf 87' lang='lat' dir='ltr'><strong>t</strong></span> <span class='ocrx_word' id='word_1_695' title='bbox 498 5777 730 5834; x_wconf 71' lang='lat' dir='ltr'><strong>[labetur</strong></span> <span class='ocrx_word' id='word_1_696' title='bbox 760 5781 810 5835; x_wconf 93' lang='lat' dir='ltr'><strong>in</strong></span> <span class='ocrx_word' id='word_1_697' title='bbox 839 5780 1016 5836; x_wconf 90' lang='lat' dir='ltr'><strong>Gelas.</strong></span> <span class='ocrx_word' id='word_1_698' title='bbox 1050 5799 1103 5837; x_wconf 93' lang='lat' dir='ltr'><strong>n.</strong></span> <span class='ocrx_word' id='word_1_699' title='bbox 1130 5784 1198 5839; x_wconf 73' lang='lat'><strong>54</strong></span> 
     </span>
    </p>
   </div>
   <div class='ocr_carea' id='block_1_109' title="bbox 2054 4650 2318 4718">
    <p class='ocr_par' dir='ltr' id='par_1_109' title="bbox 2054 4650 2318 4718">
     <span class='ocr_line' id='line_1_110' title="bbox 2054 4650 2318 4718; baseline -0.008 -12"><span class='ocrx_word' id='word_1_700' title='bbox 2054 4650 2180 4718; x_wconf 90' lang='lat' dir='ltr'><strong>Per,</strong></span> <span class='ocrx_word' id='word_1_701' title='bbox 2209 4658 2318 4706; x_wconf 91' lang='lat' dir='ltr'><strong>etc.</strong></span> 
     </span>
    </p>
   </div>
   <div class='ocr_carea' id='block_1_110' title="bbox 2128 4857 3647 4930">
    <p class='ocr_par' dir='ltr' id='par_1_110' title="bbox 2128 4857 3647 4930">
     <span class='ocr_line' id='line_1_111' title="bbox 2128 4857 3647 4930; baseline 0 -16"><span class='ocrx_word' id='word_1_702' title='bbox 2128 4857 2155 4896; x_wconf 67' lang='grc' dir='ltr'><strong>ι</strong></span> <span class='ocrx_word' id='word_1_703' title='bbox 2186 4859 2244 4914; x_wconf 88' lang='lat' dir='ltr'><strong>In</strong></span> <span class='ocrx_word' id='word_1_704' title='bbox 2274 4857 2429 4914; x_wconf 92' lang='lat' dir='ltr'><strong>codd.</strong></span> <span class='ocrx_word' id='word_1_705' title='bbox 2461 4858 2685 4930; x_wconf 89' lang='lat' dir='ltr'><strong>Gregor.</strong></span> <span class='ocrx_word' id='word_1_706' title='bbox 2716 4868 2770 4915; x_wconf 91' lang='lat' dir='ltr'><strong>et</strong></span> <span class='ocrx_word' id='word_1_707' title='bbox 2800 4860 2854 4913; x_wconf 93' lang='lat' dir='ltr'><strong>in</strong></span> <span class='ocrx_word' id='word_1_708' title='bbox 2895 4859 3091 4914; x_wconf 89' lang='lat' dir='ltr'><strong>Missali</strong></span> <span class='ocrx_word' id='word_1_709' title='bbox 3132 4858 3289 4914; x_wconf 83' lang='lat' dir='ltr'><strong>Rom.</strong></span> <span class='ocrx_word' id='word_1_710' title='bbox 3336 4858 3531 4930; x_wconf 87' lang='lat' dir='ltr'><strong>legitur</strong></span> <span class='ocrx_word' id='word_1_711' title='bbox 3554 4875 3647 4914; x_wconf 85' lang='lat' dir='ltr'><strong>tn-</strong></span> 
     </span>
    </p>
   </div>
   <div class='ocr_carea' id='block_1_111' title="bbox 2059 4930 3315 4999">
    <p class='ocr_par' dir='ltr' id='par_1_111' title="bbox 2059 4930 3315 4999">
     <span class='ocr_line' id='line_1_112' title="bbox 2059 4930 3315 4999; baseline 0 -16"><span class='ocrx_word' id='word_1_712' title='bbox 2059 4940 2204 4986; x_wconf 91' lang='lat' dir='ltr'><strong>serta</strong></span> <span class='ocrx_word' id='word_1_713' title='bbox 2229 4930 2403 4984; x_wconf 73' lang='lat' dir='ltr'><strong>Missae</strong></span> <span class='ocrx_word' id='word_1_714' title='bbox 2432 4931 2538 4986; x_wconf 90' lang='lat' dir='ltr'><strong>diei</strong></span> <span class='ocrx_word' id='word_1_715' title='bbox 2568 4942 2770 4985; x_wconf 71' lang='lat' dir='ltr'><strong>octava:</strong></span> <span class='ocrx_word' id='word_1_716' title='bbox 2798 4930 2894 4987; x_wconf 88' lang='lat' dir='ltr'><strong>SS.</strong></span> <span class='ocrx_word' id='word_1_717' title='bbox 2929 4932 3315 4999; x_wconf 89' lang='lat' dir='ltr'><strong>apostolorum.</strong></span> 
     </span>
    </p>
   </div>
   <div class='ocr_carea' id='block_1_112' title="bbox 2132 5000 3641 5071">
    <p class='ocr_par' dir='ltr' id='par_1_112' title="bbox 2132 5000 3641 5071">
     <span class='ocr_line' id='line_1_113' title="bbox 2132 5000 3641 5071; baseline 0.001 -16"><span class='ocrx_word' id='word_1_718' title='bbox 2132 5000 2149 5039; x_wconf 80' lang='grc' dir='ltr'><strong>ι</strong></span> <span class='ocrx_word' id='word_1_719' title='bbox 2188 5002 2346 5056; x_wconf 90' lang='lat' dir='ltr'><strong>Vides</strong></span> <span class='ocrx_word' id='word_1_720' title='bbox 2376 5000 2463 5057; x_wconf 83' lang='lat' dir='ltr'><strong>hic</strong></span> <span class='ocrx_word' id='word_1_721' title='bbox 2495 5003 2674 5057; x_wconf 90' lang='lat' dir='ltr'><strong>iterari</strong></span> <span class='ocrx_word' id='word_1_722' title='bbox 2704 5002 2982 5057; x_wconf 89' lang='lat' dir='ltr'><strong>collectam</strong></span> <span class='ocrx_word' id='word_1_723' title='bbox 3013 5001 3308 5071; x_wconf 90' lang='lat' dir='ltr'><strong>superioris</strong></span> <span class='ocrx_word' id='word_1_724' title='bbox 3330 5001 3502 5056; x_wconf 70' lang='lat' dir='ltr'><strong>Missa:</strong></span> <span class='ocrx_word' id='word_1_725' title='bbox 3527 5018 3641 5058; x_wconf 76' lang='lat' dir='ltr'><strong>xw.</strong></span> 
     </span>
    </p>
   </div>
   <div class='ocr_carea' id='block_1_113' title="bbox 2127 5072 3643 5141">
    <p class='ocr_par' dir='ltr' id='par_1_113' title="bbox 2127 5072 3643 5141">
     <span class='ocr_line' id='line_1_114' title="bbox 2127 5072 3643 5141; baseline 0 -14"><span class='ocrx_word' id='word_1_726' title='bbox 2127 5082 2165 5109; x_wconf 75' lang='grc' dir='ltr'>ιη</span> <span class='ocrx_word' id='word_1_727' title='bbox 2200 5074 2325 5128; x_wconf 71' lang='lat' dir='ltr'><strong>Haec</strong></span> <span class='ocrx_word' id='word_1_728' title='bbox 2354 5072 2595 5141; x_wconf 73' lang='lat' dir='ltr'><strong>prtefatio</strong></span> <span class='ocrx_word' id='word_1_729' title='bbox 2625 5072 2850 5127; x_wconf 81' lang='lat' dir='ltr'><strong>conﬂata</strong></span> <span class='ocrx_word' id='word_1_730' title='bbox 2880 5084 2963 5129; x_wconf 88' lang='lat' dir='ltr'><strong>est</strong></span> <span class='ocrx_word' id='word_1_731' title='bbox 3001 5089 3065 5127; x_wconf 82' lang='lat' dir='ltr'><strong>ex</strong></span> <span class='ocrx_word' id='word_1_732' title='bbox 3106 5072 3331 5126; x_wconf 79' lang='lat' dir='ltr'><strong>duabus.</strong></span> <span class='ocrx_word' id='word_1_733' title='bbox 3374 5072 3426 5125; x_wconf 89' lang='lat' dir='ltr'><strong>In</strong></span> <span class='ocrx_word' id='word_1_734' title='bbox 3468 5074 3643 5139; x_wconf 87' lang='lat' dir='ltr'><strong>prima</strong></span> 
     </span>
    </p>
   </div>
   <div class='ocr_carea' id='block_1_114' title="bbox 2055 5142 3643 5212">
    <p class='ocr_par' dir='ltr' id='par_1_114' title="bbox 2055 5142 3643 5212">
     <span class='ocr_line' id='line_1_115' title="bbox 2055 5142 3643 5212; baseline 0 -14"><span class='ocrx_word' id='word_1_735' title='bbox 2055 5144 2316 5212; x_wconf 89' lang='lat' dir='ltr'><strong>repetitur</strong></span> <span class='ocrx_word' id='word_1_736' title='bbox 2357 5142 2599 5211; x_wconf 76' lang='lat' dir='ltr'><strong>prtefatio</strong></span> <span class='ocrx_word' id='word_1_737' title='bbox 2628 5143 2802 5199; x_wconf 86' lang='lat' dir='ltr'><strong>Missae</strong></span> <span class='ocrx_word' id='word_1_738' title='bbox 2826 5160 2909 5211; x_wconf 76' lang='grc' dir='ltr'>ιχ,</span> <span class='ocrx_word' id='word_1_739' title='bbox 2957 5145 3010 5199; x_wconf 91' lang='lat' dir='ltr'><strong>in</strong></span> <span class='ocrx_word' id='word_1_740' title='bbox 3039 5143 3277 5199; x_wconf 89' lang='lat' dir='ltr'><strong>secunda</strong></span> <span class='ocrx_word' id='word_1_741' title='bbox 3304 5144 3643 5198; x_wconf 88' lang='lat' dir='ltr'><strong>connectitur</strong></span> 
     </span>
    </p>
   </div>
   <div class='ocr_carea' id='block_1_115' title="bbox 2056 5215 2635 5286">
    <p class='ocr_par' dir='ltr' id='par_1_115' title="bbox 2056 5215 2635 5286">
     <span class='ocr_line' id='line_1_116' title="bbox 2056 5215 2635 5286; baseline -0.003 -17"><span class='ocrx_word' id='word_1_742' title='bbox 2056 5215 2302 5286; x_wconf 87' lang='lat' dir='ltr'><strong>praefatio</strong></span> <span class='ocrx_word' id='word_1_743' title='bbox 2330 5215 2503 5286; x_wconf 71' lang='lat' dir='ltr'><strong>Missa:</strong></span> <span class='ocrx_word' id='word_1_744' title='bbox 2526 5230 2635 5268; x_wconf 77' lang='lat' dir='ltr'><strong>xiv.</strong></span> 
     </span>
    </p>
   </div>
   <div class='ocr_carea' id='block_1_116' title="bbox 2127 5285 3080 5351">
    <p class='ocr_par' dir='ltr' id='par_1_116' title="bbox 2127 5285 3080 5351">
     <span class='ocr_line' id='line_1_117' title="bbox 2127 5285 3080 5351; baseline -0.001 -10"><span class='ocrx_word' id='word_1_745' title='bbox 2127 5295 2154 5321; x_wconf 77' lang='grc' dir='ltr'><strong>ιι</strong></span> <span class='ocrx_word' id='word_1_746' title='bbox 2187 5287 2280 5341; x_wconf 77' lang='lat' dir='ltr'><strong>Est</strong></span> <span class='ocrx_word' id='word_1_747' title='bbox 2305 5287 2355 5339; x_wconf 91' lang='lat' dir='ltr'><strong>in</strong></span> <span class='ocrx_word' id='word_1_748' title='bbox 2381 5285 2665 5340; x_wconf 88' lang='lat' dir='ltr'><strong>Gelasiano</strong></span> <span class='ocrx_word' id='word_1_749' title='bbox 2692 5286 2785 5340; x_wconf 92' lang='lat' dir='ltr'><strong>lib.</strong></span> <span class='ocrx_word' id='word_1_750' title='bbox 2818 5301 2875 5351; x_wconf 84' lang='grc' dir='ltr'>ιι,</span> <span class='ocrx_word' id='word_1_751' title='bbox 2910 5302 2965 5340; x_wconf 89' lang='grc' dir='ltr'><strong>η.</strong></span> <span class='ocrx_word' id='word_1_752' title='bbox 2990 5288 3080 5342; x_wconf 77' lang='grc'><strong>53.</strong></span> 
     </span>
    </p>
   </div>
   <div class='ocr_carea' id='block_1_117' title="bbox 2129 5355 3640 5412">
    <p class='ocr_par' dir='ltr' id='par_1_117' title="bbox 2129 5355 3640 5412">
     <span class='ocr_line' id='line_1_118' title="bbox 2129 5355 3640 5412; baseline 0.001 -2"><span class='ocrx_word' id='word_1_753' title='bbox 2129 5368 2152 5393; x_wconf 89' lang='grc' dir='ltr'><strong>υ</strong></span> <span class='ocrx_word' id='word_1_754' title='bbox 2187 5357 2374 5411; x_wconf 83' lang='lat' dir='ltr'><strong>Affinis</strong></span> <span class='ocrx_word' id='word_1_755' title='bbox 2404 5364 2489 5412; x_wconf 92' lang='lat' dir='ltr'><strong>est</strong></span> <span class='ocrx_word' id='word_1_756' title='bbox 2509 5357 2679 5412; x_wconf 91' lang='lat' dir='ltr'><strong>oratio</strong></span> <span class='ocrx_word' id='word_1_757' title='bbox 2701 5357 2872 5411; x_wconf 84' lang='lat' dir='ltr'><strong>Missae</strong></span> <span class='ocrx_word' id='word_1_758' title='bbox 2906 5372 3015 5412; x_wconf 81' lang='lat' dir='ltr'><strong>xiv.</strong></span> <span class='ocrx_word' id='word_1_759' title='bbox 3061 5356 3206 5411; x_wconf 84' lang='lat' dir='ltr'><strong>Hauc</strong></span> <span class='ocrx_word' id='word_1_760' title='bbox 3237 5370 3367 5411; x_wconf 84' lang='lat' dir='ltr'><strong>vero</strong></span> <span class='ocrx_word' id='word_1_761' title='bbox 3391 5355 3640 5411; x_wconf 86' lang='lat' dir='ltr'><strong>eamdem</strong></span> 
     </span>
    </p>
   </div>
   <div class='ocr_carea' id='block_1_118' title="bbox 2054 5427 3641 5499">
    <p class='ocr_par' dir='ltr' id='par_1_118' title="bbox 2054 5427 3641 5499">
     <span class='ocr_line' id='line_1_119' title="bbox 2054 5427 3641 5499; baseline -0.001 -16"><span class='ocrx_word' id='word_1_762' title='bbox 2054 5429 2310 5499; x_wconf 85' lang='lat' dir='ltr'><strong>singulari</strong></span> <span class='ocrx_word' id='word_1_763' title='bbox 2342 5442 2566 5499; x_wconf 80' lang='lat' dir='ltr'><strong>numero</strong></span> <span class='ocrx_word' id='word_1_764' title='bbox 2606 5443 2913 5498; x_wconf 81' lang='lat' dir='ltr'><strong>expressam</strong></span> <span class='ocrx_word' id='word_1_765' title='bbox 2947 5428 3113 5484; x_wconf 89' lang='lat' dir='ltr'><strong>refert</strong></span> <span class='ocrx_word' id='word_1_766' title='bbox 3148 5427 3641 5483; x_wconf 84' lang='lat' dir='ltr'><strong>Sacramentarium</strong></span> 
     </span>
    </p>
   </div>
   <div class='ocr_carea' id='block_1_119' title="bbox 2052 5497 2979 5555">
    <p class='ocr_par' dir='ltr' id='par_1_119' title="bbox 2052 5497 2979 5555">
     <span class='ocr_line' id='line_1_120' title="bbox 2052 5497 2979 5555; baseline -0.005 0"><span class='ocrx_word' id='word_1_767' title='bbox 2052 5497 2231 5555; x_wconf 82' lang='lat' dir='ltr'><strong>Gelas.</strong></span> <span class='ocrx_word' id='word_1_768' title='bbox 2262 5513 2314 5553; x_wconf 87' lang='grc' dir='ltr'>ιι.</span> <span class='ocrx_word' id='word_1_769' title='bbox 2344 5498 2412 5553; x_wconf 74' lang='grc'><strong>52</strong></span> <span class='ocrx_word' id='word_1_770' title='bbox 2438 5500 2491 5552; x_wconf 90' lang='lat' dir='ltr'><strong>in</strong></span> <span class='ocrx_word' id='word_1_771' title='bbox 2520 5497 2689 5553; x_wconf 86' lang='lat' dir='ltr'><strong>Natali</strong></span> <span class='ocrx_word' id='word_1_772' title='bbox 2720 5499 2775 5553; x_wconf 94' lang='lat' dir='ltr'><strong>S.</strong></span> <span class='ocrx_word' id='word_1_773' title='bbox 2813 5500 2979 5553; x_wconf 90' lang='lat' dir='ltr'><strong>Pauli.</strong></span> 
     </span>
    </p>
   </div>
   <div class='ocr_carea' id='block_1_120' title="bbox 2122 5568 3361 5626">
    <p class='ocr_par' dir='ltr' id='par_1_120' title="bbox 2122 5568 3361 5626">
     <span class='ocr_line' id='line_1_121' title="bbox 2122 5568 3361 5626; baseline 0.004 -7"><span class='ocrx_word' id='word_1_774' title='bbox 2122 5581 2149 5618; x_wconf 83' lang='lat' dir='ltr'><strong>p</strong></span> <span class='ocrx_word' id='word_1_775' title='bbox 2179 5570 2367 5623; x_wconf 78' lang='lat' dir='ltr'><strong>Exstat</strong></span> <span class='ocrx_word' id='word_1_776' title='bbox 2392 5570 2445 5622; x_wconf 93' lang='lat' dir='ltr'><strong>in</strong></span> <span class='ocrx_word' id='word_1_777' title='bbox 2470 5568 2659 5625; x_wconf 91' lang='lat' dir='ltr'><strong>eodem</strong></span> <span class='ocrx_word' id='word_1_778' title='bbox 2685 5570 2924 5624; x_wconf 90' lang='lat' dir='ltr'><strong>Sacram.</strong></span> <span class='ocrx_word' id='word_1_779' title='bbox 2955 5569 3134 5626; x_wconf 85' lang='lat' dir='ltr'><strong>Gelas.</strong></span> <span class='ocrx_word' id='word_1_780' title='bbox 3167 5569 3361 5625; x_wconf 78' lang='lat' dir='ltr'><strong>ibidem</strong></span> 
     </span>
    </p>
   </div>
   <div class='ocr_carea' id='block_1_121' title="bbox 2120 5638 3639 5711">
    <p class='ocr_par' dir='ltr' id='par_1_121' title="bbox 2120 5638 3639 5711">
     <span class='ocr_line' id='line_1_122' title="bbox 2120 5638 3639 5711; baseline 0.004 -20"><span class='ocrx_word' id='word_1_781' title='bbox 2120 5651 2147 5691; x_wconf 73' lang='grc' dir='ltr'>(ι</span> <span class='ocrx_word' id='word_1_782' title='bbox 2181 5640 2525 5695; x_wconf 90' lang='lat' dir='ltr'><strong>Desideratur</strong></span> <span class='ocrx_word' id='word_1_783' title='bbox 2572 5641 2822 5705; x_wconf 82' lang='lat' dir='ltr'><strong>Domine;</strong></span> <span class='ocrx_word' id='word_1_784' title='bbox 2868 5643 3058 5711; x_wconf 78' lang='lat' dir='ltr'><strong>legitur</strong></span> <span class='ocrx_word' id='word_1_785' title='bbox 3104 5651 3281 5696; x_wconf 86' lang='lat' dir='ltr'><strong>autem</strong></span> <span class='ocrx_word' id='word_1_786' title='bbox 3332 5642 3384 5695; x_wconf 88' lang='lat' dir='ltr'><strong>in</strong></span> <span class='ocrx_word' id='word_1_787' title='bbox 3434 5638 3639 5711; x_wconf 72' lang='lat' dir='ltr'><strong>Missali</strong></span> 
     </span>
    </p>
   </div>
   <div class='ocr_carea' id='block_1_122' title="bbox 2049 5709 3638 5785">
    <p class='ocr_par' dir='ltr' id='par_1_122' title="bbox 2049 5709 3638 5785">
     <span class='ocr_line' id='line_1_123' title="bbox 2049 5709 3638 5785; baseline 0.002 -20"><span class='ocrx_word' id='word_1_788' title='bbox 2049 5710 2203 5785; x_wconf 81' lang='lat' dir='ltr'><strong>Rom.</strong></span> <span class='ocrx_word' id='word_1_789' title='bbox 2240 5711 2353 5766; x_wconf 79' lang='lat' dir='ltr'><strong>htec</strong></span> <span class='ocrx_word' id='word_1_790' title='bbox 2384 5726 2486 5765; x_wconf 81' lang='lat' dir='ltr'><strong>vox</strong></span> <span class='ocrx_word' id='word_1_791' title='bbox 2504 5711 2571 5785; x_wconf 72' lang='lat' dir='ltr'><strong>in</strong></span> <span class='ocrx_word' id='word_1_792' title='bbox 2602 5711 2759 5766; x_wconf 85' lang='lat' dir='ltr'><strong>Missa</strong></span> <span class='ocrx_word' id='word_1_793' title='bbox 2786 5709 2962 5767; x_wconf 81' lang='lat' dir='ltr'><strong>votiva</strong></span> <span class='ocrx_word' id='word_1_794' title='bbox 2992 5713 3057 5785; x_wconf 87' lang='lat' dir='ltr'><strong>de</strong></span> <span class='ocrx_word' id='word_1_795' title='bbox 3086 5713 3317 5785; x_wconf 84' lang='lat' dir='ltr'><strong>angelis,</strong></span> <span class='ocrx_word' id='word_1_796' title='bbox 3359 5712 3448 5767; x_wconf 89' lang='lat' dir='ltr'><strong>ubi</strong></span> <span class='ocrx_word' id='word_1_797' title='bbox 3490 5709 3638 5767; x_wconf 83' lang='lat' dir='ltr'><strong>hanc</strong></span> 
     </span>
    </p>
   </div>
   <div class='ocr_carea' id='block_1_123' title="bbox 2048 5782 3105 5855">
    <p class='ocr_par' dir='ltr' id='par_1_123' title="bbox 2048 5782 3105 5855">
     <span class='ocr_line' id='line_1_124' title="bbox 2048 5782 3105 5855; baseline 0.004 -18"><span class='ocrx_word' id='word_1_798' title='bbox 2048 5783 2341 5841; x_wconf 87' lang='lat' dir='ltr'><strong>orationem</strong></span> <span class='ocrx_word' id='word_1_799' title='bbox 2366 5782 2568 5854; x_wconf 86' lang='lat' dir='ltr'><strong>angelis</strong></span> <span class='ocrx_word' id='word_1_800' title='bbox 2598 5791 2830 5855; x_wconf 87' lang='lat' dir='ltr'><strong>aptatam</strong></span> <span class='ocrx_word' id='word_1_801' title='bbox 2860 5784 3105 5841; x_wconf 83' lang='lat' dir='ltr'><strong>invenies</strong></span> 
     </span>
    </p>
   </div>
  </div>
