4018 6314
228 285 297 343 51
1032 280 1236 338 LIBER
1272 278 1809 338 SACBAMENTORI

1932 276 2286 338 ECCLESLI
2323 279 2639 340 ROMANIS
3422 285 3498 346 58

230 456 235 457 ,
298 397 573 455 Protector
596 399 649 453 in
691 406 742 453 te
782 397 1141 468 sperantium,
1186 398 1358 465 Deus,
1387 396 1597 465 respice
1639 410 1810 466 popu-
1840 400 1882 459 Α
1918 397 2176 467 martyrio
2204 398 2529 453 consecrasti
2560 414 2575 452 :
2608 397 2675 453 da
2705 396 3005 455 Ecclesiam
3032 406 3176 456 tuam
3196 441 3210 467 ,
3239 408 3351 457 toto
3381 408 3496 459 ter-

231 493 337 561 lum
367 493 786 564 supplicantem,
836 499 893 547 et
930 491 1223 563 apostolico
1268 491 1661 546 interveniente
1700 490 1808 546 suf-

231 586 417 657 fragio,
464 587 660 656 perﬁce
703 586 988 641 miseratus
1018 584 1103 655 pia
1143 583 1406 640 desideria
1451 584 1805 655 singulorum.

232 678 351 744 Per,
386 686 491 734 etc.

222 822 225 825 .
300 768 442 824 XXI.
470 768 605 823 Item
630 769 760 824 alia.
781 800 853 811 —
873 768 1150 838 Placatus,
1181 782 1512 841 quaesumus,
1548 768 1803 839 Domine,

228 860 483 932 quidquid
512 875 609 931 pro
638 861 871 933 peccatis
909 877 1179 918 meremur
1206 870 1428 927 averte;
1462 875 1561 916 nec
1588 860 1728 931 apud
1754 868 1807 917 te

229 953 420 1008 delicta
451 962 633 1009 nostra
662 954 1007 1025 prmvaleant,
1036 953 1130 1009 sed
1153 953 1524 1009 misericordia
1552 963 1639 1008 tua
1669 967 1809 1009 sem-

228 1060 323 1115 per
345 1053 533 1101 exorta
564 1047 874 1116 praevincat.
906 1045 1030 1114 Per,
1062 1056 1167 1101 etc.

297 1145 324 1175 ⁸
354 1137 704 1207 Omnipotens
734 1138 1062 1209 sempiterne
1093 1138 1267 1204 Deus,
1298 1136 1388 1207 qui
1434 1150 1534 1191 nos
1574 1136 1813 1190 omnium

223 1231 592 1302 apostolorum
632 1231 821 1287 merita
850 1231 951 1287 sub
978 1246 1085 1286 una
1118 1228 1352 1285 tribuisti
1383 1228 1698 1295 celebritate
1729 1242 1815 1284 ve-

225 1324 441 1391 nerari,
500 1339 808 1395 quaesumus
865 1333 926 1378 ut
972 1323 1206 1379 celerem
1267 1330 1371 1375 ture
1425 1321 1813 1392 propitiationis

222 1416 610 1472 abundantiam
642 1415 1013 1486 multiplicatis
1051 1412 1498 1471 intercessoribus
1545 1414 1808 1485 largiaris.

224 1509 352 1578 Per,
378 1518 485 1565 etc.

828 1578 856 1618 δ
886 1577 952 1632 In
979 1575 1209 1648 Jejunio.

303 1692 553 1757 Munera,
602 1691 858 1757 Domine,
910 1700 1011 1745 tute
1055 1688 1454 1760 gloriﬁcationis
1496 1687 1803 1758 oﬁ'erimus,

1912 505 2096 545 rarum
2126 490 2257 544 orbe
2285 489 2550 558 diffusam,
2571 506 2757 548 eorum
2788 494 2939 564 sequi
2971 494 3056 563 pia
3082 494 3366 551 devotione
3394 496 3495 553 do-

1911 583 2176 649 ctrinam,
2234 597 2331 652 per
2385 597 2518 653 quos
2568 585 2796 656 sumpsit
2849 585 3127 658 religionis
3188 588 3491 646 exordium.

1912 673 2037 740 Per,
2069 682 2175 729 etc.

1981 766 2008 805 ἀ
2042 768 2280 834 Prazsta,
2320 780 2649 838 quaesumus,
2678 768 2931 827 Ecclesiae
2958 777 3065 827 tua:
3086 815 3102 841 ,
3136 772 3359 829 Domine
3379 816 3394 840 ,
3427 773 3496 830 de

1911 862 2075 918 tantis
2114 861 2275 935 digne
2302 860 2539 933 gaudere
2569 860 2929 934 principibus,
2959 875 3015 922 et
3052 865 3201 922 illam
3241 881 3495 937 perseve-

1910 964 2094 1011 ranter
2135 954 2375 1026 regulam
2417 953 2694 1009 custodire
2717 995 2732 1021 ,
2762 970 2863 1025 qua
2900 956 3057 1013 iidem
3078 999 3094 1024 ,
3140 959 3280 1014 inter
3309 974 3492 1015 verum

1915 1045 2212 1119 falsumque
2243 1046 2598 1114 dissidentes,
2640 1046 2869 1102 dilectos
2898 1046 3078 1119 (Forte
3104 1050 3360 1121 delectos)
3396 1050 3493 1108 tibi

1917 1152 2103 1208 greges
2131 1139 2297 1194 sacris
2326 1138 2596 1211 mysteriis
2627 1138 2954 1194 imbuernnt.
2987 1140 3108 1206 Per,
3141 1150 3244 1197 etc.

2499 1217 2914 1287 ’ἷὲἷῖῐ

1988 1321 2177 1377 XXIII.
2218 1321 2349 1377 Item
2379 1323 2502 1376 alia.
2530 1351 2601 1363 —
2626 1322 3010 1391 Apostolorum
3032 1364 3048 1391 ,
3088 1324 3341 1389 Domine,
3370 1326 3496 1382 bea-

1916 1420 2087 1467 torum
2114 1414 2256 1469 Petri
2280 1423 2329 1468 et
2355 1413 2501 1467 Pauli
2523 1413 2825 1469 desiderata
2850 1414 3109 1470 solemnia
3135 1431 3496 1473 recensemus.

1912 1504 2109 1561 Praesta
2133 1546 2147 1571 ,
2176 1522 2516 1575 quresumus,
2564 1515 2622 1562 ut
2650 1522 2837 1563 eorum
2864 1508 3260 1578 supplicatione
3290 1510 3498 1565 munia-

1912 1614 2051 1664 mur,
2082 1615 2311 1669 quorum
2343 1602 2578 1671 regimur
2610 1601 2932 1671 principatu.
2967 1599 3092 1667 Per,
3119 1610 3224 1657 etc.

1982 1690 2196 1746 Munera
2225 1691 2343 1759 tibi,
2378 1692 2622 1757 Domine,
2650 1692 2892 1748 lactantes
2913 1692 3210 1759 offerimus,
3234 1708 3354 1764 qua:
3376 1693 3499 1748 bea-

220 1799 349 1854 quae
399 1782 491 1837 tibi
524 1796 620 1852 pro
651 1782 851 1838 nostris
876 1790 1026 1852 grata
1068 1781 1309 1851 jejuuiis,
1341 1797 1561 1847 eorum,
1594 1798 1807 1854 quaesu-
1835 1797 1883 1858 Β
1911 1791 2082 1840 torum
2132 1784 2495 1854 apostolorum
2542 1784 2684 1840 Petri
2715 1793 2769 1840 et
2812 1785 2958 1840 Pauli
2996 1786 3257 1841 Natalitiis
3286 1795 3309 1824 ε
3344 1786 3497 1842 nobis

217 1891 363 1941 mus,
396 1875 725 1945 deprecatio,
756 1890 979 1946 quorum
1010 1874 1274 1931 solemnia
1304 1875 1661 1945 celebramus,
1693 1877 1808 1933 efﬁ-

216 1970 341 2024 ciat.
371 1968 495 2036 Per,
530 1980 634 2025 etc.

288 2061 427 2117 Vere
449 2061 691 2132 dignum.
720 2062 821 2130 Qui
846 2063 897 2118 in
918 2063 1190 2120 montibus
1212 2065 1411 2120 sanctis
1431 2064 1669 2122 ctelestis
1692 2065 1808 2122 Hie-

216 2156 449 2211 rusalem
477 2154 827 2212 fundamenta
851 2159 1097 2228 posuisti,
1129 2173 1249 2229 quae
1272 2158 1553 2215 duodecim
1580 2159 1805 2216 solidata

214 2249 479 2321 lapidibus
503 2252 897 2321 apostolorum,
922 2253 1147 2308 chorum
1174 2253 1428 2309 Ecclesire
1453 2262 1556 2307 tua:
1578 2253 1805 2323 spiritali

214 2343 622 2399 constructione
650 2342 917 2409 declarat;
949 2344 1237 2399 ostendens
1268 2344 1442 2411 nobis,
1471 2354 1524 2399 et
1548 2344 1601 2399 iu
1634 2344 1807 2399 Trini-

216 2446 320 2494 tate
348 2438 731 2509 quadriformis
776 2438 1050 2509 Evangelii
1088 2448 1335 2495 constare
1376 2439 1720 2511 mysterium,
1753 2450 1807 2496 et

218 2528 270 2584 in
296 2546 625 2601 unoquoque
668 2531 1077 2602 Evangeliorum
1105 2531 1384 2587 Trinitatis
1422 2532 1805 2601 plenitudinem

223 2625 518 2692 contineri;
552 2624 821 2695 simulque
848 2625 1115 2695 fragilitati
1140 2634 1358 2694 nostras,
1386 2641 1484 2696 per
1511 2635 1651 2680 tuam
1680 2642 1804 2697 gra~

229 2720 369 2787 tiam,
402 2721 577 2777 fuisse
607 2721 850 2790 provisos
876 2722 1032 2791 hujus
1054 2720 1468 2792 dispensationis
1496 2722 1798 2791 magistros,

230 2813 620 2887 suifragatores,
652 2823 705 2869 et
737 2813 1023 2883 praesules;
1060 2825 1119 2870 ut
1143 2814 1283 2869 sacri
1314 2814 1549 2869 muneris
1577 2829 1801 2869 venera-

236 2904 329 2961 bile
357 2914 751 2961 sacramentum
786 2904 914 2960 nihil
938 2906 1187 2975 amplius,
1220 2906 1353 2961 nihil
1381 2905 1587 2971 minus,
1619 2921 1807 2962 nosse-

246 3016 351 3055 mus
375 3017 491 3058 esse
522 3000 890 3072 quarendum.
926 3001 1049 3068 Per,
1081 3010 1187 3058 etc.

313 3090 644 3159 Sanctiﬁcati,
672 3093 932 3160 Domine,
962 3094 1186 3148 salutari
1222 3094 1499 3164 mysterio,
1526 3092 1632 3165 5.5
1657 3108 1804 3164 qua:-

1912 1874 2419 1942 intercessionibus,
2449 1876 2767 1933 confidimus
2799 1878 3099 1948 profutura.
3131 1879 3253 1945 Per,
3282 1891 3388 1936 etc.

1980 1970 2120 2027 Vere
2146 1970 2386 2042 dignum.
2419 1970 2439 2009 ί
2472 1971 2571 2038 Qui
2603 1971 2903 2043 prmvidens
2942 1973 3156 2043 quantis
3198 1984 3378 2028 nostra
3420 1975 3498 2029 ci-

1908 2066 2044 2121 vitas
2074 2066 2383 2123 laboratura
2408 2076 2555 2123 esset
2579 2067 2955 2133 incommodis,
2985 2068 3264 2138 apostolici
3287 2068 3498 2125 roboris

1908 2160 1960 2216 in
1990 2162 2189 2217 eadem‘
2212 2162 2479 2233 praecipua
2510 2162 2748 2218 membra
2780 2162 3024 2231 posuisti.
3044 2162 3171 2228 Sed,
3200 2178 3233 2217 ο
3258 2162 3383 2219 felix
3404 2205 3419 2230 ,
3450 2163 3495 2220 si

1910 2261 2028 2309 tuos
2054 2256 2334 2325 praesules,
2368 2264 2392 2303 s
2421 2254 2611 2323 Roma,
2645 2269 3023 2325 cognosceres,
3055 2264 3108 2310 et
3138 2265 3309 2310 tantos
3337 2255 3497 2324 digne

1909 2348 2157 2403 Studeres
2187 2348 2466 2405 celebrare
2492 2349 2758 2403 rectores!
2801 2346 2939 2403 Nulli
2972 2359 3023 2403 te
3052 2347 3233 2403 hostes
3274 2348 3498 2417 impete-

1910 2450 2060 2509 rent,
2094 2440 2238 2495 nulla
2266 2456 2490 2511 prorsus
2514 2455 2661 2495 arma
2694 2448 2993 2506 terrerent,
3028 2438 3071 2494 si
3104 2454 3290 2495 eorum
3320 2438 3495 2495 famu-

1910 2535 2011 2590 lata
2044 2534 2302 2591 doctrinis
2329 2536 2591 2592 veraciter
2618 2544 2777 2606 atque
2803 2530 2831 2571 ιι
2863 2532 3064 2605 (veraci
3094 2532 3343 2603 ﬁdelique
3374 2548 3499 2604 pro-

1908 2630 2104 2700 posito)
2136 2628 2367 2684 fideliter
2388 2644 2483 2685 eos
2526 2628 2801 2699 proposito
2828 2626 3144 2683 Christianae
3172 2625 3497 2681 sinceritatis

1906 2722 2169 2788 ambires;
2205 2737 2325 2778 cum
2354 2722 2446 2776 tibi
2473 2721 2806 2778 sufﬁcienter
2828 2729 3084 2790 appareat
3103 2733 3221 2789 qua
3242 2718 3499 2774 benemo-

1908 2815 2027 2871 ritis
2048 2815 2158 2888 46
2178 2814 2318 2870 dona
2336 2814 2663 2878 conferrent.
2696 2815 2785 2886 qui
2811 2821 3025 2869 tuentur
3051 2814 3217 2868 etiam
3248 2818 3499 2881 peccato-

1908 2922 2012 2963 res.
2045 2908 2169 2974 Per,
2202 2916 2303 2962 etc.
2349 2919 2355 2928 '

1979 2999 2322 3065 Quaesumus,
2350 2996 2688 3066 omnipotens
2720 2996 2881 3061 Deus,
2914 3004 2993 3060 ut,
3025 2993 3117 3064 qui
3148 2992 3346 3047 nostris
3377 2992 3499 3047 fati-

1911 3106 2099 3161 gamur
2142 3090 2396 3155 otl'ensis,
2443 3089 2612 3142 sacris
2649 3085 2922 3156 mysteriis
2963 3087 3269 3155 expientur;
3311 3092 3365 3139 et
3408 3083 3499 3153 qui

260 3195 444 3250 sumus,
470 3195 527 3239 ut
548 3202 641 3257 pro
663 3187 819 3242 nobis
845 3202 1031 3241 eorum
1063 3202 1164 3241 non
1194 3186 1335 3241 desit
1364 3187 1557 3253 oratio,
1582 3200 1806 3256 quorum
1836 3187 1884 3252 Ο
1914 3183 2107 3239 merito
2149 3190 2346 3235 nostra:
2385 3179 2683 3249 iniquitatis
2722 3175 3029 3246 afﬂigimur,
3072 3174 3385 3247 apostolicis
3412 3188 3499 3231 sa-

253 3290 345 3331 nos
372 3278 565 3335 donasti
585 3280 880 3351 patrocinio
902 3279 1213 3351 gubernari.
1247 3278 1369 3348 Per,
1403 3286 1509 3334 etc.

313 3371 497 3430 Praesta
528 3375 724 3446 papulo
758 3384 867 3443 tuo,
906 3374 1159 3441 Domine,
1191 3388 1525 3445 quaesumus,
1557 3372 1806 3429 consola-

240 3464 384 3521 tionis
407 3468 691 3535 auxilium;
737 3478 790 3523 et
820 3467 1087 3523 diuturnis
1129 3467 1518 3523 calamitatibus
1562 3465 1811 3522 laboran-

238 3565 333 3614 tem
376 3562 641 3632 respirare
680 3561 939 3617 concede.
976 3562 1051 3617 Da
1081 3562 1293 3617 veniam
1325 3561 1591 3632 peccatis,
1633 3571 1684 3617 et
1715 3576 1809 3618 cor

232 3654 339 3725 ejus
362 3656 427 3713 ab
456 3657 739 3729 iniquitate
768 3656 1011 3722 custodi;
1044 3664 1103 3711 ut
1131 3656 1253 3726 quia
1287 3656 1521 3711 humana
1550 3655 1807 3728 fragilitas

229 3746 618 3806 incessabiliter
675 3758 908 3806 meretur
965 3748 1265 3817 offensam,
1330 3750 1809 3807 intervenientibus

226 3841 417 3898 sanctis
454 3843 560 3897 tuis
581 3882 595 3908 ,
622 3840 951 3913 indulgentia
981 3840 1146 3911 lapsis
1174 3840 1481 3896 continuata
1505 3841 1806 3897 subveniat.

226 3929 337 3999 Per,
368 3944 479 3990 etc.

287 4025 455 4105 XXII.
480 4026 617 4083 Item
635 4028 758 4083 alia.
780 4056 851 4068 —-
871 4039 892 4067 ο
919 4027 1272 4100 Omnipotens
1294 4030 1622 4098 sempiterno
1645 4029 1808 4096 Deus,

220 4120 301 4189 qui
322 4121 470 4179 hunc
502 4122 644 4178 diem
675 4122 957 4178 beatorum
994 4122 1359 4193 apostolorum
1392 4122 1533 4178 Petri
1561 4131 1615 4178 et
1654 4122 1808 4178 Pauli

284 4271 308 4300 ι
334 4263 537 4321 Exstat
586 4265 638 4318 in
678 4262 854 4319 Gelas.
888 4262 980 4318 lib.
1024 4276 1099 4326 ιι,
1141 4277 1193 4315 ιι.
1226 4261 1314 4327 33,
1354 4260 1491 4314 inter
1524 4271 1710 4327 preces
1741 4257 1809 4311 ad

215 4348 531 4403 Yesperum.
575 4335 671 4390 Est
696 4334 869 4390 oratio
897 4334 1016 4390 festi
1047 4332 1284 4387 omnium
1311 4330 1708 4403 apostolorum,
1738 4327 1809 4403 ad

215 4396 351 4474 quod
379 4408 555 4463 etiam
579 4422 809 4477 sequens
836 4405 1081 4477 praefatio
1105 4396 1362 4477 refertur;
1386 4402 1495 4477 iloc
1524 4408 1715 4477 autem
1734 4396 1812 4454 fe-

213 4471 347 4532 stum
394 4479 546 4535 infra
592 4471 850 4534 octavam'
879 4476 1243 4541 apostolorum
1271 4473 1598 4529 celebratum
1646 4471 1809 4525 fuisse

214 4560 421 4605 constat
462 4566 540 4607 ex
586 4548 801 4605 laudato
843 4548 1179 4605 Sacrament.
1215 4544 1413 4601 Gelasii
1443 4560 1496 4599 n.
1530 4543 1620 4607 35,
1661 4551 1716 4597 et
1744 4543 1812 4598 de

213 4618 310 4675 hoc
334 4622 571 4692 quidem
610 4620 848 4677 omnium
886 4618 1249 4692 apostolorum
1290 4616 1572 4692 fes_to,_ut_
1609 4614 1810 4692 optime

212 4685 415 4748 nctav'it
440 4707 635 4749 vener.
667 4693 815 4747 card.
848 4685 1185 4756 'I‘liomasius,
1220 4690 1268 4742 in
1295 4687 1516 4756 epistola
1540 4688 1595 4739 S.
1621 4685 1811 4739 Iliero-

214 4766 357 4819 nvmi
390 4765 460 4819 ad
493 4762 865 4819 Chromatium
900 4763 1059 4816 citata
1092 4778 1117 4815 a
1147 4759 1487 4814 Cassiodorio
1518 4756 1809 4812 scribitur:

214 4778 244 4815 n
286 4780 357 4817 mt
390 4778 460 4819 aa
493 4778 865 4819 unromattum
900 4778 1059 4816 cuata
1092 4778 1117 4815 a
1147 4778 1487 4814 basswuorto
1518 4778 1809 4812 scrtmtur:

214 4778 279 4889 ὦ
308 4836 424 4891 dies
456 4836 596 4890 varii
627 4852 729 4889 non
758 4835 1023 4889 rideantur
1058 4833 1281 4886 dividere
1307 4847 1431 4900 quos
1461 4846 1564 4883 una
1590 4828 1814 4896 dignitas

209 4908 548 4976 apostolatus
576 4908 629 4960 in
657 4907 846 4962 calcati
874 4906 1040 4976 gloria
1078 4903 1195 4972 fecit
1222 4918 1326 4957 esse
1338 4901 1607 4976 sublimes.
1643 4900 1813 4953 Porro

209 4971 321 5033 bac
348 4979 543 5035 oratio
571 4978 623 5033 in
652 4971 983 5034 Sacrament.
1013 4975 1172 5045 Greg.
1210 4974 1350 5043 apud
1380 4971 1729 5045 Menardum_,
1761 4979 1816 5045 et

209 5048 260 5102 in
291 5050 505 5106 Missali
542 5049 783 5106 Romano
815 5049 882 5104 ad
913 5048 1105 5104 festum
1126 5040 1358 5101 omnium
1381 5051 1675 5098 sanctorum
1701 5040 1810 5097 kal.

210 5118 479 5177 Novemb.
512 5122 757 5177 traducta
789 5120 905 5176 fuit.

278 5190 305 5231 ι’
338 5193 477 5249 Haec
516 5193 747 5247 collecta
769 5192 961 5263 jejunii
988 5191 1040 5244 in
1080 5188 1242 5263 Missa
1270 5184 1813 5263 omnium‘apostolo-

210 5278 366 5330 rum,
400 5265 499 5319 cui
534 5266 732 5319 inserta
765 5256 872 5326 est,
901 5261 1186 5331 aliquando
1214 5260 1436 5331 recitata
1462 5256 1594 5331 fuit,
1626 5268 1679 5312 et
1706 5256 1815 5331 for:

210 5327 372 5393 lassis
394 5334 841 5403 indicataliquod
862 5327 1344 5389 extraordinarium
1363 5330 1647 5403 jejunium,
1673 5327 1813 5398 quod

209 5408 291 5463 vel
320 5408 541 5464 Leonis
569 5422 684 5461 aevo
713 5401 762 5460 in
784 5405 1072 5477 gratiarum
1096 5406 1360 5477 actionem
1387 5410 1506 5471 post
1533 5401 1811 5477 liberatam

210 5477 443 5534 Romam
478 5495 514 5533 a
553 5471 943 5546 Barbaris'ipso
968 5476 1055 5530 die
1094 5474 1149 5530 S.
1196 5472 1388 5546 Petri,
1412 5481 1469 5526 ut
1501 5471 1813 5546 vidimus_in

209 5548 603 5607 admonitione
632 5548 697 5603 ad
734 5542 897 5603 εει-ιιι.
939 5547 1043 5615 84,
1092 5547 1175 5602 vel
1215 5545 1317 5599 alia
1362 5544 1428 5599 de
1470 5559 1628 5615 causa
1676 5542 1814 5597 infra

209 5631 464 5677 octavam
503 5621 608 5677 SS.
655 5614 1190 5690 apostolorum'l’etri
1230 5625 1284 5671 et
1328 5616 1475 5690 Pauli
1520 5614 1808 5690 indictum,

208 5705 330 5749 cum
363 5694 461 5747 die
494 5684 743 5748 omnium
775 5691 1136 5761 apostolorum
1162 5687 1521 5761 concurrerit.
1541 5685 1595 5740 In
1624 5684 1813 5761 S_acra_-

210 5767 493 5822 mentario
526 5776 708 5819 autem
740 5755 934 5819 Gelasii
962 5763 1074 5818 haec
1102 5761 1273 5815 oratio
1298 5757 1616 5815 describitur
1654 5758 1705 5811 in
1738 5755 1815 5810 vi-

211 5838 335 5910 gilia
362 5836 472 5895 SS.
515 5835 663 5892 Petri
693 5844 746 5892 et
768 5834 916 5890 Pauli
946 5834 1038 5890 lib.
1068 5848 1135 5902 tt,
1166 5847 1221 5888 ιι.
1254 5833 1345 5887 29.

1914 3275 2308 3333 tisfactionibus
2336 3282 2699 3345 protegamur.
2734 3271 2858 3341 Per,
2892 3280 2995 3327 etc.

1988 3368 2005 3408 ι
2042 3370 2190 3438 Esto,
2220 3368 2443 3424 Domine
2462 3408 2478 3435 ,
2507 3366 2649 3437 plebi
2681 3374 2785 3421 tua:
2815 3364 3175 3420 sanctiﬁcator
3204 3370 3258 3418 et
3286 3370 3493 3429 custos,

1914 3473 1972 3520 ut
1999 3462 2312 3535 apostolicis
2355 3462 2693 3534 (gubernata)
2723 3462 2930 3517 munita
2959 3457 3252 3530 praesidiis,
3286 3465 3340 3513 et
3368 3472 3499 3512 con-

1911 3559 2217 3615 versatione
2241 3557 2333 3612 tibi
2363 3556 2591 3626 placeat,
2628 3565 2681 3611 et
2702 3568 2889 3611 secura
2919 3552 3206 3607 deserviat.
3239 3550 3362 3617 Per,
3389 3557 3496 3602 etc.

1984 3651 2175 3707 XXIV.
2206 3649 2335 3706 Item
2367 3651 2494 3705 alia.
2517 3650 2628 3701 —t
2663 3648 2949 3720 Largieute
2976 3656 3048 3713 te,
3079 3645 3323 3710 Domine,
3357 3642 3497 3699 beati

1910 3748 2051 3805 Petri
2088 3756 2141 3801 et
2167 3745 2316 3801 Pauli
2354 3743 2662 3800 Natalitium
2692 3742 2845 3798 nobis
2887 3742 3066 3795 lumen
3098 3737 3315 3794 effulsit.
3350 3734 3497 3793 Con-

1911 3840 2062 3908 cede,
2093 3852 2429 3911 quaesumus,
2464 3846 2524 3891 ut
2555 3836 2815 3891 hodierna
2845 3834 3014 3904 gloria
3046 3829 3332 3903 passionis,
3361 3830 3500 3885 sicut

1913 3932 2021 3989 illis
2063 3930 2513 4002 magniﬁcentiam
2563 3926 2751 3982 tribuit
2778 3925 3195 3994 sempiternam,
3228 3922 3300 3977 ita
3344 3920 3502 3977 nobis

1912 4034 2233 4097 perpetuum
2262 4024 2534 4079 munimen
2558 4028 2831 4092 operetur.
2864 4017 2987 4083 Per,
3011 4025 3116 4072 etc.

1985 4118 2198 4175 Oblatio
2245 4117 2376 4182 tibi,
2420 4116 2667 4181 Domine,
2706 4113 2884 4168 votiva
2923 4108 3185 4166 defertur.
3212 4107 3502 4162 Precamur

1990 4266 2011 4293 ο
2046 4254 2288 4321 Aliquam
2336 4249 2495 4321 habet
2540 4244 2859 4321 afﬁnitatem
2903 4240 3021 4295 bzec
3060 4237 3232 4293 oratio
3267 4249 3390 4291 cum
3434 4250 3500 4292 ea

1915 4340 2035 4396 quae
2059 4325 2110 4379 in
2129 4312 2286 4377 Missa
2315 4336 2331 4374 ι
2363 4320 2534 4389 primo
2566 4317 2685 4370 loco
2714 4312 3020 4370 exhibetur.

1987 4391 2013 4432 ἀ
2044 4393 2247 4449 Similis
2274 4392 2383 4447 fere
2411 4398 2494 4444 est
2518 4386 2691 4443 oratio
2718 4384 2890 4440 Missa:
2919 4398 2971 4438 v.

1991 4476 2013 4503 °
2044 4467 2305 4533 Corrupta
2347 4458 2549 4517 codicis
2595 4459 2774 4534 lectio.
2816 4449 3139 4534 Muratorius
3181 4464 3301 4534 cum
3341 4449 3503 4534 Bian-

1914 4538 2096 4595 chinio
2115 4521 2507 4592 emendandum
2531 4530 2758 4588 credidit
2777 4545 2871 4601 pro
2890 4526 3036 4601 nobis
3052 4521 3496 4601 intercedentibus.

1919 4610 2080 4675 Magis
2112 4610 2343 4677 placeret
2371 4606 2512 4677 nobis
2539 4618 2717 4677 eorum
2743 4595 3207 4677 intercessionibus.
3232 4664 3244 4676 .

1990 4680 2009 4720 ί
2043 4676 2159 4735 Duo
2187 4680 2344 4743 hujus
2374 4676 2701 4747 praefationis
2732 4676 3072 4747 characteres
3101 4679 3320 4720 omnino
3359 4680 3497 4747 _c_on-

1916 4761 2113 4821 gruunt
2142 4738 2274 4806 cuni
2293 4738 2551 4821 ser'm._84
2576 4747 2631 4821 δ.
2654 4743 2868 4821 Leonis,
2888 4742 2977 4821 qui
3077 4746 3264 4821 octava
3284 4738 3498 4821 quidem

1919 4807 2015 4882 ss.
2048 4822 2422 4892 Apostolorum
2456 4818 2681 4892 Pctri_et
2710 4807 3250 4892 Paulihabitusnfuit.
3285 4807 3502 4892 Namct

1918 4879 2183 4952 indicaiur
2209 4892 2432 4962 irruptio
2458 4904 2563 4962 qua
2588 4888 2811 4962 Romae
2838 4879 3495 4962 Vandalisfuitimpetita,

1917 4948 2005 5023 si?
2020 4948 2339 5021 eorumdem'
2364 4948 2899 5032 apostolorumhfesto
2936 4963 2991 5032 et
3023 4951 3326 5032 patrocinio
3367 4948 3502 5032 libe-

1917 5048 2068 5103 rata;
2099 5035 2359 5103 simulque
2382 5023 2656 5102 neglectus
2683 5026 2994 5103 a_Romanis
3023 5023 3260 5103 ipsorum
3288 5027 3501 5099 sancto-

1918 5100 2256 5166 rum'cultus
2277 5100 2565 5167 ’innuitur;
2596 5100 2738 5172 quod
2766 5108 3052 5172 utrumque
3080 5102 3319 5172 apertius
3350 5104 3402 5172 in
3432 5102 3499 5142 eo

1921 5158 2516 5245 séiihddé'éipiiésiur,
2549 5158 2628 5228 uti
2649 5172 2899 5245 Acamius
2928 5158 3131 5245 optime
3153 5158 3498 5245 animadver-

1918 5235 1984 5308 tit
2004 5268 2121 5323 pag.
2148 5252 2235 5323 7f.
2262 5235 2395 5323 Hinc
2421 5235 2593 5323 eitlem
2618 5243 2821 5298 auctori
2848 5235 3225 5308 hm'prmfatio
3258 5246 3364 5285 non
3399 5235 3499 5284 im-

1918 5316 2110 5379 merito
2137 5321 2417 5377 tribuenda
2438 5316 2669 5371 videtur.

1990 5406 2014 5442 ε
2044 5393 2225 5449 Codex
2254 5392 2507 5454 Romana,
2538 5399 2868 5463 perperam._
2945 5452 2973 5463 γ.

1989 5464 2016 5503 h
2044 5465 2207 5523 Uncis
2236 5464 2438 5518 inclusa
2467 5454 2592 5515 sunt
2618 5454 3033 5532 varianslectio.
3115 5519 3128 5532 ο
3199 5517 3241 5532 η
3281 5526 3292 5532 Δ
3336 5516 3367 5532 ν

1994 5537 2009 5574 ί
2045 5516 2592 5591 Εἶέίᾷιίῖιιέειειη.
2630 5528 2791 5601 Greg.
2831 5516 3399 5601 in_vesperis_.Qatalis

1917 5588 2177 5667 Petriwln
2208 5605 2329 5661 cod.
2362 5603 2524 5672 Greg.
2557 5588 2792 5672 Menardi
2823 5588 3199 5672 et_in__Missali.
3223 5590 3377 5672 Rom.
3411 5588 3501 5672 die

1914 5664 1985 5737 22’;
2008 5680 2130 5735 Julii
2163 5680 2213 5732 in
2241 5678 2376 5732 festo
2401 5664 2669 5731 SJacohi
2694 5666 2938 5737 apostoli.
2966 5665 3089 5720 Mox
3113 5664 3391 5736 gubernatis
3411 5669 3501 5730 est

1916 5754 2128 5807 varians
2156 5748 2337 5803 lectio.

1994 5828 2007 5874 ι
2049 5819 2201 5891 Apud
2232 5819 2411 5875 Gelas.
2444 5815 2636 5886 legitur
2666 5812 2755 5867 lib.
2780 5824 2847 5877 ll,
2878 5826 2931 5864 η.
2962 5809 3048 5864 51.
