4018 6314
478 326 548 387 59
1196 312 1201 313 ί
1475 320 1706 380 οΡειιΑ
1745 317 1803 377 8.
1847 316 2052 376 ιΕοΝι

2204 314 2327 374 3N0
2367 313 2786 375 AT‘I‘RIBU’I‘A.
3687 306 3764 368 ω

481 457 541 504 ιιι
568 444 767 519 pariter
795 441 861 499 ad
890 440 1102 498 Iaudem
1131 439 1207 495 tui
1240 438 1500 506 nominis,
1545 446 1599 493 et
1641 438 1948 509 apostolica
1975 450 2063 492 re-
2097 439 2147 499 Α
2176 436 2299 492 liam
2330 445 2749 508 congregantes,
2790 434 2810 473 ί
2840 443 3085 506 tempore
3114 434 3238 491 licet
3273 434 3537 503 discreto,
3571 448 3763 493 recur-

482 542 780 600 vsrentiam
811 536 1105 609 dignitatis,
1132 543 1187 592 et
1206 534 1271 590 ad
1297 542 1537 589 nostrum
1570 535 1847 605 proveniat
1872 534 2069 590 sancti-

483 636 639 693 ficata
669 632 999 706 praesidium.
1030 630 1154 697 Per,
1185 638 1291 685 etc.

553 730 694 787 Vere
736 728 976 800 dignum.
1007 725 1268 794 Quoniam
1312 723 1498 779 beatus
1540 722 1732 779 Petrus
1775 732 1829 779 et
1873 722 2073 781 Paulus

484 823 715 895 apostoli
742 819 842 887 tui,
874 818 1015 892 quod
1042 819 1096 874 in
1127 816 1375 887 lacrymis
1404 816 1764 882 seminarunt,
1795 817 1848 871 in
1877 816 2071 887 gaudio

486 926 690 974 metere
732 929 879 972 nunc
916 914 1227 985 probantur.
1263 912 1331 966 Et
1364 910 1452 982 qui
1483 916 1674 967 euntes
1704 910 1851 967 ibant
1896 919 1949 965 et
1979 909 2073 965 tie-

486 1012 636 1076 bant,
667 1022 774 1065 non
802 1017 975 1063 morte
1003 1004 1295 1078 perterriti,
1324 996 1418 1059 sed
1452 1014 1510 1059 ut
1536 1004 1704 1059 beata
1736 1004 2073 1075 perciperent

488 1100 870 1174 plenitudinem
890 1096 1177 1172 passionis,
1195 1096 1417 1169 gloriosi
1435 1097 1707 1167 sanguinis
1728 1097 1933 1152 semina
1955 1110 2072 1167 pre-

489 1197 623 1252 tiosa
655 1193 941 1261 mittendo,
986 1192 1266 1247 venientes
1307 1205 1433 1261 ecce
1473 1204 1615 1246 nunc
1644 1190 1865 1246 veniunt
1895 1188 1950 1244 in
1980 1203 2075 1245 ex-

486 1286 771 1342 sultatione
817 1284 981 1339 totius
1015 1280 1299 1350 Ecclesiae,
1346 1280 1575 1336 fructum
1606 1282 1845 1336 victoriae
1874 1281 2073 1351 sempi-

489 1389 681 1445 ternae,
715 1385 769 1433 et
801 1374 1153 1448 prmsentibus
1179 1375 1477 1431 referentes
1506 1375 1742 1445 praemiis
1781 1384 1833 1428 et
1858 1371 2071 1429 futuris.

485 1472 607 1538 Per,
635 1480 742 1527 etc.

556 1564 724 1620 XXV.
756 1563 891 1618 Item
911 1562 1038 1617 alia.
1062 1590 1131 1602 —-
1152 1559 1537 1632 Apostolorum
1560 1567 1772 1614 tuorum
1802 1556 2073 1628 precibus,

486 1662 736 1728 Domine,
758 1659 941 1730 .plebis
971 1666 1077 1714 tute
1103 1656 1244 1714 dona
1276 1658 1571 1725 sanctiﬁca,
1604 1665 1708 1714 etc.
1744 1663 1769 1693 ι

1130 1750 1426 1770 han-~—

1152 1787 1417 1829 PFESP

560 1867 586 1907 ι)
616 1868 849 1936 Hostias,
882 1867 1140 1934 Domine,
1172 1882 1304 1939 quas
1335 1864 1538 1922 nomini
1565 1875 1655 1920 tuo
1682 1863 1971 1920 sacrandas
1996 1859 2078 1918 of-

490 1962 732 2032 ferimus,
757 1961 1054 2033 apostolica
1081 1968 1437 2033 prosequatur
1459 1957 1655 2020 oratio.
1681 1972 1774 2030 per
1796 1972 1953 2031 quam
1980 1971 2079 2012 nos

487 2056 690 2127 expiari
721 2054 913 2112 tribuis
934 2064 988 2111 et
1009 2052 1244 2111 defendi.
1279 2051 1404 2119 Per,
1436 2061 1542 2107 etc.

557 2149 699 2206 Vere
724 2148 964 2220 dignum.
999 2158 1023 2188 ⁸
1056 2146 1156 2203 Tui
1184 2146 1326 2202 enim
1359 2145 1598 2201 muneris
1630 2154 1837 2216 tuaeque
1869 2142 2079 2199 virtutis

488 2254 571 2299 εει
611 2253 669 2297 ut
698 2240 937 2298 Ecclesia
969 2249 1057 2296 tua
1098 2239 1151 2296 in
1197 2239 1497 2312 apostolica
1526 2238 1797 2294 soliditate
1829 2236 2075 2308 fundata,

489 2338 817 2393 infernarum
847 2352 952 2390 non
982 2335 1227 2390 vincatur
1252 2340 1459 2388 terrore
1486 2339 1761 2403 portarum
1783 2372 1797 2398 ,
1827 2339 1881 2385 et
1910 2331 1961 2385 in
1990 2337 2079 2384 tua

488 2431 716 2487 veritate
752 2429 859 2503 47
886 2430 1212 2495 consistens,
1235 2426 1379 2483 nulla
1404 2426 1627 2497 recipiat
1666 2425 1937 2482 consortia
1960 2439 2081 2480 uer-

490 2518 735 2580 ﬁdorum.
770 2524 897 2591 Per,
926 2532 1033 2580 etc.

560 2618 841 2673 Beatorum
867 2613 1258 2687 apostolorum,
1285 2612 1531 2679 Domine,
1555 2626 1886 2683 quaesumus,
1908 2609 2079 2665 inter-

490 2710 760 2775 cessione,
791 2719 895 2763 etc.
931 2703 958 2744 ἀ

559 2801 781 2868 Adesto,
816 2800 1062 2869 Domine,
1093 2798 1340 2856 ﬁdelibus
1372 2801 1497 2867 tuis,
1530 2808 1636 2854 etc.
1674 2804 1698 2831 ε

504 2890 507 2893 ⁷
565 2893 753 2951 XXVI.
799 2891 931 2950 Item
969 2894 1037 2947 ad
1073 2904 1307 2948 sanctum
1347 2890 1589 2947 Paulum.
1621 2921 1692 2932 —
1732 2891 2075 2964 Apostolico,

491 2988 717 3047 Domine
737 3028 751 3056 ,
784 3002 1113 3059 quaesumus,
1146 2987 1425 3042 beatorum
1460 2984 1602 3040 Petri
1631 2997 1685 3040 et
1716 2984 1866 3041 Pauli
1896 2994 2079 3056 patro-

486 3084 627 3140 cinio
657 3097 756 3139 nos
782 3092 954 3150 tuere,
979 3090 1033 3138 et
1058 3080 1276 3137 eosdem
1300 3094 1532 3153 quorum
1561 3079 1788 3136 tribuisti
1812 3080 2079 3136 solemnia

486 3178 784 3242 celebrare.
815 3192 1037 3234 securos
1062 3175 1148 3233 fac
1176 3182 1389 3232 nostros
1417 3190 1633 3248 semper
1653 3192 1773 3232 esse
1802 3177 2073 3233 custodes.

487 3271 608 3337 Per,
640 3280 744 3326 etc.

558 3362 779 3418 Munera
805 3362 1103 3433 supplices,
1137 3361 1365 3418 Domine
1387 3406 1401 3433 ,
1434 3361 1538 3416 tuis
1564 3361 1823 3417 altaribus
1852 3359 2077 3418 adhibe-

488 3470 629 3521 mus,
653 3465 911 3527 quantum
933 3454 999 3510 de
1027 3463 1216 3510 nostro
1238 3455 1433 3511 merito
1455 3453 1831 3523 formidantes,
1867 3463 2076 3509 tantum

490 3548 631 3604 beati
662 3548 805 3603 Petri
830 3556 884 3604 et
905 3546 1079 3616 Pauli,
1105 3563 1203 3617 pro
1232 3561 1456 3619 quorum
1480 3545 1810 3602 solemnibus
1840 3543 2077 3601 offerun-

489 3650 593 3708 tur,
628 3640 1012 3697 intercessione
1041 3639 1250 3696 confisi.
1284 3638 1408 3707 Per,
1441 3649 1545 3696 etc.

562 3734 700 3791 Vere
730 3733 971 3806 dignum.
1000 3732 1167 3805 Cujus
1197 3733 1535 3804 providentia
1566 3732 1828 3805 donisque
1856 3746 2077 3788 conces-

489 3841 608 3881 sum
657 3836 737 3881 est
804 3835 862 3881 ut
906 3824 1244 3880 festivitatem
1298 3824 1455 3881 nobis
1504 3840 1734 3879 annuam
1795 3825 2074 3880 beatorum

489 3919 629 3974 Petri
658 3928 708 3975 et
733 3918 882 3975 Pauli
909 3916 1182 3990 triumpho
1211 3926 1427 3989 praastet
1448 3918 1736 3989 insignem,
1760 3933 1855 3990 par
1876 3916 2075 3974 mundo

486 4012 794 4070 venerabile
814 4056 827 4079 ,
859 4011 1192 4083 apostolatus
1220 4010 1411 4067 ordine
1442 4011 1646 4081 primus
1674 4018 1729 4065 et
1778 4009 2032 4066 minimus
2057 4056 2071 4081 ,

488 4106 582 4162 sed
615 4106 787 4177 gratia
815 4114 868 4161 et
911 4106 1162 4177 passione
1192 4104 1464 4177 particeps
1496 4122 1507 4157 :
1544 4103 1632 4160 hic
1673 4104 1922 4175 princeps
1952 4102 2075 4159 fidei

486 4199 843 4267 confitenda,
888 4198 981 4256 ille
1026 4197 1388 4270 intelligenda:
1431 4198 1612 4254 clarus
1660 4206 1931 4263 assertor;
1988 4198 2077 4253 hic

485 4292 795 4361 Christum,
845 4292 1042 4349 Filium
1086 4291 1178 4349 Dei
1219 4294 1367 4358 vivi,
1417 4293 1784 4363 pronuntiavit
1811 4292 2075 4348 divinitus

489 4387 779 4457 inspiratus
812 4405 823 4439 :
857 4386 946 4442 ille
973 4386 1113 4441 hunc
1138 4386 1413 4454 eumdem,
1438 4385 1673 4443 Verbum
1694 4429 1709 4454 ,
1740 4385 2074 4458 Sapientiam

488 4476 584 4531 Dei
636 4486 797 4547 atque
824 4476 1113 4543 Virtutem,
1160 4492 1257 4533 vas
1284 4477 1456 4535 factus
1498 4478 1783 4534 electionis
1810 4479 2071 4543 astruxit;

488 4567 577 4624 hic
601 4568 908 4625 Israelitica:
930 4568 1273 4625 delibationis
1321 4570 1606 4624 instituens
1636 4569 1936 4625 Ecclesiam
1961 4570 2075 4637 pri-

2175 544 2300 585 rens
2330 543 2433 584 una
2480 531 2627 595 dies,
2658 530 2711 584 in
2752 536 3013 585 internum
3052 536 3105 584 et
3141 541 3246 583 una
3280 541 3478 583 corona
3510 529 3759 585 sociavit.

2174 623 2297 690 Per,
2328 632 2437 678 etc.
3848 612 3853 617 ’

2245 714 2462 770 XXVII.
2486 713 2511 767 I
2521 723 2618 768 tem
2642 712 3112 781 alim—intende,
3135 728 3439 785 precamur,
3458 712 3761 781 Altissime,

2177 802 2296 865 vcta
2324 824 2445 881 quae
2472 808 2746 864 reddimus
2771 822 2787 864 :
2822 812 2876 864 et
2900 807 2993 862 tibi
3023 806 3217 877 placita
3248 806 3387 873 ﬁeri,
3417 820 3603 862 eorum
3640 822 3768 875 pre-

2175 901 2326 958 cibus
2392 915 2491 975 pro
2544 915 2771 972 quorum
2835 899 3151 956 deferuntur
3196 900 3401 956 honore
3498 900 3762 957 concede.

2174 997 2279 1053 Per
2292 1038 2306 1063 ,
2343 1006 2447 1053 etc.

2250 1092 2388 1147 Vere
2427 1091 2666 1162 dignum.
2705 1099 2731 1139 Β
2768 1089 3093 1161 Suppliciter
3121 1096 3408 1144 exorantes
3446 1094 3503 1142 ut
3543 1100 3769 1158 gregem

2176 1191 2346 1252 tuum,
2376 1183 2567 1240 Pastor
2593 1192 2816 1251 aeterne,
2844 1198 2948 1237 non
2980 1180 3222 1247 deseras,
3242 1190 3294 1234 et
3311 1195 3404 1250 per
3426 1180 3612 1233 beatos
3634 1195 3773 1249 apo-

2178 1280 2347 1334 stolos
2383 1280 2637 1335 continua
2667 1278 3004 1350 protectione
3034 1275 3328 1340 custodias,
3362 1284 3417 1329 ut
3451 1274 3641 1331 iisdem
3674 1289 3767 1331 re-

2181 1372 2421 1429 ctoribus
2449 1371 2710 1443 dirigatur
2740 1386 2874 1442 quos
2902 1371 3080 1443 operis
3108 1371 3183 1425 tui
3224 1368 3456 1425 vicarios
3486 1367 3768 1425 contulisti

2180 1481 2414 1538 prtrcsse
2449 1479 2713 1534 pastores.
2752 1464 2876 1532 Per,
2910 1477 3015 1521 etc.
3212 1455 3222 1463 ’

2250 1561 2359 1634 48
2397 1560 2638 1617 XXVIII.
2670 1560 2803 1615 Item
2822 1562 2946 1617 alia.
2985 1591 3054 1602 —
3095 1558 3125 1597 ιι
3157 1558 3525 1616 Solemnitatis
3554 1566 3775 1627 aposto-

2183 1653 2300 1708 licae
2356 1652 2798 1723 multiplicatione
2849 1650 3177 1723 gaudentes,
3234 1651 3574 1705 clementiam
3626 1660 3773 1706 tuam

2183 1744 2571 1815 deprecamur,
2624 1745 2964 1815 omnipotens
3009 1743 3153 1799 Deus
3179 1785 3193 1810 ,
3235 1751 3293 1797 ut
3328 1742 3531 1798 tribuas
3568 1742 3774 1814 jugiter

2106 1841 2154 1906 Β
2183 1851 2279 1893 nos
2302 1852 2488 1893 eorum
2516 1836 2853 1893 confessione
2902 1834 3146 1893 benedici
3204 1842 3259 1891 et
3288 1834 3600 1906 patrociniis
3643 1849 3777 1892 con-

2183 1932 2373 1988 foveri.
2407 1933 2536 1998 Per,
2569 1939 2675 1987 etc.

2254 2028 2478 2093 Praesta,
2511 2042 2819 2097 quaesumus
2839 2068 2854 2093 ,
2880 2025 3107 2081 Domine
3138 2027 3279 2082 Deus
3305 2034 3513 2092 uoster,
3556 2032 3611 2082 et
3639 2038 3775 2099 apo-

2183 2121 2443 2177 stolorum
2502 2118 2750 2176 Natalitia
2795 2134 2893 2175 nos
2940 2130 3151 2176 tuorum
3193 2120 3444 2177 continua
3486 2118 3778 2179 devotione

2184 2218 2469 2285 venerari,
2519 2223 2573 2272 et
2603 2216 2655 2271 in
2695 2213 2804 2272 suis
2850 2215 3093 2273 crebrius
3147 2216 3415 2274 honorare
3468 2217 3771 2290 principiis.

2182 2310 2304 2377 Per,
2333 2323 2438 2369 etc.
2804 2314 2809 2321 ’

2261 2403 2276 2442 ί
2314 2404 2503 2475 Populi
2535 2405 2637 2473 tui,
2682 2405 2824 2461 Deus
2849 2446 2865 2473 ,
2916 2404 3188 2461 institutor
3214 2413 3269 2461 et
3296 2415 3508 2474 rector,
3552 2414 3775 2479 peccata

2182 2498 2374 2569 quibus
2403 2498 2746 2569 impugnatur
2785 2497 3025 2570 expelle;
3060 2508 3117 2553 ut
3153 2514 3369 2567 semper
3395 2508 3449 2555 et
3478 2499 3567 2556 tibi
3605 2500 3773 2558 claci-

2186 2598 2290 2657 tus,
2320 2597 2375 2647 et
2406 2600 2497 2647 tuo
2530 2590 2830 2648 munimine
2860 2593 2928 2647 sit
2956 2604 3200 2648 securus.
3233 2592 3361 2659 Per,
3394 2603 3497 2650 etc.

2891 2725 3058 2783 XVII.

2737 2819 2970 2878 MENSE
3009 2818 3222 2879 IULIO.

2691 2928 2742 2969 Vl
2782 2929 2945 2971 IDUUI
2983 2929 3267 2972 JULIAIWI.

2186 3053 2200 3102 t'
2252 3050 2444 3105 Natale
2487 3060 2781 3105 sanctorum
2814 3058 3115 3120 martyrum
3142 3047 3328 3120 Felicis
3352 3044 3681 3120 ,μΡΙιὲΙίρρὴ
3721 3049 3781 3104 r'ts

2252 3124 2537 3180 cantcterio
2561 3120 2837 3176 Prisciifaa.
2868 3116 3069 3185 Vitatis,
3096 3131 3145 3174 et
3171 3116 3441 3185 Martialis,
3472 3128 3520 3173 et
3549 3116 3779 3175 Alexan-

2253 3196 2357 3262 dri,
2386 3196 2437 3249 in
2457 3195 2742 3251 eameteria
2778 3192 3154 3262 lordanorum.
3174 3190 3242 3248 Et
3272 3190 3460 3249 Silani.
3495 3192 3550 3245 in
3594 3208 3772 3248 causa

2253 3260 2378 3319 teri’o
2400 3265 2640 3327 Maximi,
2665 3267 2744 3319 via
2773 3263 2999 3319 Salaria.
3035 3261 3104 3317 Et
3126 3260 3388 3329 Januarii,
3419 3262 3474 3319 in
3493 3263 3767 3318 carmentis

2256 3336 2561 3393 Prwtextati
2588 3379 2601 3403 ,
2633 3337 2714 3390 via
2741 3337 2931 3406 Appia.

2252 3452 2280 3492 ι
2314 3452 2556 3518 Exaudi,
2608 3451 2831 3508 Domine
2858 3493 2872 3519 ,
2930 3466 3117 3522 preces
3151 3457 3369 3508 nostras
3393 3495 3407 3520 ,
3437 3458 3491 3506 et
3535 3446 3756 3503 interve-

2182 3547 2456 3604 nientibus
2489 3547 2691 3602 sanctis
2729 3545 2868 3612 tuis,
2914 3560 3103 3617 preces
3143 3555 3357 3601 nostras
3398 3542 3632 3616 placatus
3672 3539 3767 3598 ad-

2182 3642 2355 3697 mitte.
2392 3642 2513 3705 Per,
2543 3650 2646 3695 etc.

2252 3733 2501 3807 Suscipe,
2532 3732 2776 3795 Domine,
2808 3729 3072 3805 propitius
3104 3730 3409 3787 oblationes
3450 3738 3687 3792 nostras,
3719 3736 3782 3789 et

2181 3837 2391 3883 tuorum
2432 3825 2812 3897 deprecatione
2848 3833 3186 3891 sanctorum,
3223 3822 3404 3894 pietati
3441 3831 3545 3878 ture
3575 3821 3780 3894 perﬁce

2181 3920 2443 3991 benignus
2468 3927 2733 3988 acceptas.
2761 3917 2897 3985 Per,
2930 3928 3037 3973 etc.

2252 4013 2383 4069 Item
2411 4012 2537 4068 alia.
2584 4041 2657 4053 -—
2707 4012 2991 4068 Beatorum
3047 4019 3346 4083 martyrum
3397 4021 3611 4067 tuorum
3643 4024 3784 4078 nos,

2182 4108 2427 4174 Domine,
2468 4105 2719 4179 precibus
2759 4114 2815 4160 et
2850 4104 3241 4159 intercessione
3284 4101 3551 4172 defende;
3596 4112 3657 4157 ut
3691 4102 3793 4175 qui

2180 4210 2380 4256 nostra:
2427 4198 2769 4255 conscientiae
2796 4195 3047 4252 fiduciam
3074 4213 3180 4253 non
3206 4194 3500 4263 habemus,
3548 4193 3785 4265 placen-

2181 4292 2312 4347 tium
2344 4291 2439 4346 tibi
2474 4290 2684 4345 meritis
2715 4298 3079 4359 protegantur.
3114 4289 3240 4355 Per,
3270 4295 3378 4344 etc.

2253 4384 2495 4455 Suscipe,
2520 4396 2848 4456 quaesumus,
2883 4383 3141 4451 Domine,
3173 4389 3387 4438 tuorum
3425 4395 3652 4438 munera
3702 4385 3795 4439 fa-

2180 4479 2470 4544 mulorum,
2500 4494 2621 4549 qua:
2654 4477 3114 4535 intercedentibus
3144 4475 3347 4534 sanctis
3385 4475 3518 4542 tuis,
3562 4478 3800 4549 prosint

2181 4572 2337 4627 nobis
2357 4583 2410 4627 et
2430 4573 2495 4628 ad
2526 4574 2627 4643 pia
2644 4573 2948 4629 devotionis
2970 4572 3233 4639 ofﬁciunt,
3262 4578 3318 4628 et
3340 4572 3408 4627 ad
3441 4584 3546 4629 tne
3574 4576 3801 4631 sancti-

490 4662 728 4716 mitivam
757 4704 771 4729 ,
820 4660 911 4717 ille
941 4661 1195 4733 magister
1230 4668 1287 4716 et
1310 4660 1500 4716 doctor
1530 4662 1768 4731 gentium
1802 4633 2075 4715 vocan—da-
2102 4633 2156 4693 Ῑ)
2185 4664 2450 4723 ﬂcationis
2482 4633 2753 4724 εάοοιιιηι,
2784 4666 2907 4735 Per,
2933 4676 3037 4723 etc.

488 4769 637 4821 rum;
666 4754 778 4822 sic,
809 4753 1213 4826 dispensatione
1239 4754 1455 4812 diversa
1485 4769 1645 4810 unam
1680 4750 1880 4809 Christi
1923 4752 2076 4811 fami-

617 4872 873 4945 Sequitur
898 4880 955 4929 ut
979 4873 1033 4929 in
1061 4872 1233 4945 prima
1259 4871 1787 4945 orationeilisstcn.

558 4943 585 4980 ἰ
615 4941 781 5000 Εεῐὶη
811 4941 1303 5015 SacramfGregor.
1329 4953 1383 4999 et
1408 4943 1460 5001 in
1484 4942 1680 4999 Missali
1712 4944 1866 4999 item.
1896 4943 1946 4998 In
1975 4941 2079 4998 Na-

493 5014 583 5072 tali
610 5016 709 5075 SS.
742 5016 884 5072 Petri
912 5026 967 5072 et
990 5015 1159 5072 Pauli.

621 5088 809 5144 Affinis
840 5096 924 5145 est
946 5088 1188 5157 praefatio
1214 5086 1390 5142 Missae
1420 5104 1488 5143 vr.

560 5158 586 5198 ἀ
616 5162 792 5215 Ilabcs
814 5160 950 5215 hanc
973 5160 1268 5214 orationem
1292 5173 1452 5227 supra
1480 5160 1530 5215 in
1564 5158 1722 5213 Missa
1753 5172 1859 5213 xvt.

566 5242 588 5303 ξ
623 5233 821 5288 Ibidem
847 5231 963 5303 haec
991 5245 1200 5303 quoque
1226 5231 1399 5285 oratio
1428 5229 1693 5303 sequitur.

564 5300 584 5384 ξ
613 5304 746 5388 Vide
774 5317 901 5388 quae
922 5301 991 5359 de
1022 5300 1129 5357 hac
1149 5304 1414 5388 sententia
1464 5300 1816 5388 indicavimus
1844 5303 1901 5388 in
1940 5315 2077 5374 prae.

490 5374 689 5428 fatione
717 5372 839 5430 huic
868 5374 1301 5432 Sacramentario
1332 5376 1631 5441 praemissa.
1661 5390 1811 5429 num.
1843 5372 1893 5428 5.

563 5456 586 5491 ε
624 5446 819 5499 Eadem
851 5456 933 5501 est
962 5444 1203 5515 praefatio
1231 5446 1282 5499 in
1308 5446 1593 5503 Gelasiztno
1621 5447 1715 5501 lib.
1744 5463 1803 5511 tt,
1829 5464 1881 5501 n.
1910 5443 1997 5506 56.
2022 5453 2077 5501 et

492 5515 603 5571 fere
650 5517 836 5572 eadem
891 5519 942 5573 in
974 5516 1200 5587 Gregor.
1236 5518 1286 5571 in
1313 5516 1483 5574 Natali
1508 5519 1563 5575 S.
1602 5519 1743 5574 Petri
1784 5534 1846 5573 ac
1880 5521 1933 5573 in
1966 5517 2075 5572 lio-

490 5601 651 5641 mano
677 5587 873 5643 Missali
910 5589 976 5643 de
1006 5594 1275 5644 communi
1300 5592 1683 5653 apostolorum.

566 5656 593 5693 δ
616 5659 768 5728 Apud
800 5660 978 5717 Gelas.
1013 5660 1105 5715 lib.
1142 5678 1199 5724 ll,
1228 5674 1282 5716 n.
1314 5663 1403 5719 35.

571 5730 584 5768 ί
624 5732 808 5785 Exstat
846 5732 897 5787 in
928 5732 1086 5789 codd.
1129 5734 1471 5804 Grcgorianis
1512 5737 1641 5791 etin
1687 5736 1884 5793 Missali
1909 5733 2073 5789 Rom.

492 5802 685 5881 fcrjafi
707 5815 830 5861 ante
860 5805 1189 5881 Dominicam
1225 5802 1517 5881 Passionis.

569 5874 581 5935 l
624 5874 732 5931 Iloc
764 5887 1054 5949 martyrum
1083 5879 1272 5935 festum
1303 5894 1354 5935 vt
1401 5879 1520 5936 idus
1549 5878 1674 5937 Julii
1700 5895 1820 5938 cum
1861 5893 2079 5938 eorum-

2264 4758 2281 4798 ι
2303 4759 2533 4833 Repleti,
2553 4760 2799 4829 Domine,
2817 4759 3195 4817 benedictione
3217 4759 3449 4827 etelesti,
3466 4769 3802 4821 sanctorum

2182 4876 2302 4931 dem
2334 4877 2767 4933 cmmeteriorum
2804 4877 3080 4932 mentione
3109 4874 3359 4931 similiter
3387 4874 3713 4946 designatur
3737 4879 3801 4938 in

2182 4950 2548 5005 vetustissimo
2572 4948 2829 5015 Catafogo
2879 4948 3233 5003 Bucheriano.
3265 4946 3404 5001 Sunt
3457 4959 3637 5001 autem
3703 4967 3802 5008 se-

2182 5029 2325 5089 ptem
2356 5022 2547 5076 fratres
2570 5020 2628 5075 S.
2663 5020 2957 5075 Felicitatis
2980 5020 3071 5074 filii
3088 5061 3103 5086 ,
3134 5020 3222 5089 qui
3248 5019 3299 5072 in
3319 5019 3549 5074 diversis
3571 5032 3803 5082 caemc-

2183 5092 2331 5147 teriis
2352 5091 2546 5162 sepulti
2565 5099 2885 5147 noscuntur.
2902 5090 3055 5146 Nulla
3073 5101 3253 5163 autem
3267 5090 3456 5163 horum
3481 5099 3805 5163 martyrum

2182 5164 2346 5219 missa
2376 5160 2591 5236 prapria
2616 5164 2753 5236 ,sed
2786 5178 3101 5236 communes
3138 5162 3496 5236 subjiciuntur
3532 5160 3600 5216 de
3622 5160 3805 5221 'mar.

2181 5234 2490 5319 tyribus,eo
2518 5234 2658 5306 quod
2694 5236 2744 5319 in
2765 5237 2986 5304 singulis
3018 5235 3165 5319 festis
3195 5234 3469 5319 orationes
3498 5239 3551 5319 et
3574 5240 3802 5319 prpera-

2183 5305 2359 5363 tiones
2387 5324 2418 5363 e
2442 5305 2817 5363 communibus
2866 5315 3242 5370 sumerentnr;
3282 5305 3381 5359 nisi
3416 5305 3552 5359 forte
3578 5306 3649 5358 ad
3691 5308 3806 5369 hos

2183 5380 2451 5448 pertineat
2486 5380 2644 5432 inissa
2675 5392 2762 5443 ιιι,
2815 5379 2969 5447 cujus
2995 5375 3236 5446 praefatio
3275 5375 3469 5431 fratres
3507 5387 3807 5452 martyres

2184 5461 2235 5506 et
2262 5453 2579 5521 genitricem
2609 5457 3016 5521 commemorat.

2256 5520 2280 5560 κ
2312 5523 2555 5578 Sacram.
2580 5521 2883 5599 Gregor._ot
2906 5520 3118 5599 Missnle
3148 5520 3303 5599 Rom.
3331 5520 3469 5599 hanc
3502 5521 3802 5599 eamdem,

2186 5610 2290 5648 non
2335 5610 2528 5651 sensu.
2564 5593 2655 5645 sed
2712 5593 2891 5645 verbis
2926 5592 3313 5661 aliquantulum
3348 5594 3615 5645 diversam
3662 5592 3809 5651 ora;

2182 5666 2382 5721 tionem
2416 5664 2668 5721 exhibent
2712 5663 2801 5718 die
2842 5664 2876 5718 7
2925 5664 3173 5719 Octobris
3213 5662 3266 5718 in
3297 5663 3467 5718 Natali
3507 5662 3563 5717 S.
3611 5662 3806 5728 Marci

2180 5754 2243 5809 pa
2252 5755 2332 5808 pas

2259 5778 2365 5865 Γιῆ
2399 5810 2570 5865 Natali
2606 5808 2666 5864 s.
2696 5806 2966 5866 Ilermetis
2984 5808 3075 5863 die
3104 5806 3172 5863 es
3200 5807 3421 5878 Augusti
3449 5804 3605 5878 codd.
3644 5810 3809 5875 ετ..

2182 5882 2393 5961 goriaui
2424 5890 2478 5939 et
2523 5880 2737 5938 Missale
2769 5880 2927 5938 Rom.
2959 5879 3096 5937 hanc
3120 5876 3419 5937 orationem
3453 5876 3805 5951 praefer-um,
