4018 6314
279 338 365 425 ιιι
1132 343 1335 403 LIBER
1368 344 1872 406 SACRAMENTOB

2017 348 2367 411 Εοῦιεδιιε
2405 352 2733 414 ROMANI}.
3483 360 3557 423 68

308 462 514 554 tuorum
533 458 767 519 concede
789 458 1081 532 suﬂ‘ragiis,
1105 470 1164 517 ut
1181 477 1303 533 qua:
1321 463 1597 521 humiliter
1616 479 1873 535 gerimus,
1898 466 1955 529 Α
1979 468 2248 535 venerari,
2282 467 2362 525 fac
2410 486 2593 528 eoum
2644 484 2697 530 et
2723 474 3152 536 consideratione
3180 479 3429 538 devotum
3450 528 3466 554 ,
3497 491 3555 547 et

302 549 590 607 salubriter
618 552 927 611 sentiamus.
962 553 1082 621 Per,
1113 564 1217 609 etc.

371 640 481 716 ω
530 640 662 698 Item
704 644 828 700 aiia.
879 675 948 686 —
996 655 1020 683 ι
1072 646 1248 715 Deus,
1288 647 1378 716 qui
1421 662 1521 704 nos
1565 657 1872 704 sanctorum

304 742 513 790 tuorum
543 744 599 792 et
620 737 957 797 solemnitate
975 738 1231 805 laetificas,
1255 750 1310 797 et
1332 740 1628 799 imitatione
1647 742 1873 799 suscitas

302 830 370 887 ad
419 832 751 904 profectum,
802 845 994 907 praesta
1042 846 1101 894 ut
1134 852 1267 909 quos
1312 852 1633 897 veneramur
1660 838 1868 906 officio,

300 925 465 983 etiam
494 927 596 998 piae
623 931 1049 989 conversationis
1076 944 1365 1000 sequamur
1391 930 1661 1001 exemplo,
1695 938 1801 988 etc.

926 1022 993 1078 In
1018 1024 1243 1095 jejunio.

373 1107 414 1162 Ι.
450 1137 516 1150 —-
542 1109 663 1168 Sint
702 1113 831 1181 tibi,
866 1127 1171 1185 quaesumus
1196 1154 1211 1181 ,
1268 1114 1523 1183 Domine,
1570 1115 1740 1171 nostri
1762 1128 1877 1169 mn-

298 1215 428 1257 nera
450 1212 598 1274 grata
616 1204 828 1274 jejunii,
849 1209 970 1278 quia
995 1217 1120 1262 tunc
1136 1206 1324 1262 eadem
1350 1208 1401 1261 in
1424 1216 1734 1264 sanctorum
1761 1214 1880 1262 tuo-

295 1308 418 1348 rum
455 1292 615 1364 digna
657 1298 1170 1354 commemoratione
1197 1296 1523 1361 deferimus,
1554 1298 1598 1351 si
1628 1304 1686 1353 et
1731 1306 1879 1354 actus

294 1386 512 1445 illorum
540 1388 740 1471 pariter
762 1390 1178 1460 subsequamur.
1209 1390 1332 1457 Per,
1364 1400 1471 1447 etc.

370 1482 515 1540 Vere
556 1483 800 1554 dignum.
854 1483 987 1552 Quia
1029 1494 1083 1540 tu
1126 1500 1184 1541 es
1225 1484 1492 1541 mirabilis
1529 1489 1581 1540 in
1630 1485 1876 1541 omnibus

296 1577 506 1633 sanctis
528 1577 634 1635 suis
652 1621 668 1646 ,
700 1592 839 1648 quos
862 1586 918 1634 et
939 1579 1168 1635 nominis
1188 1579 1263 1634 tui
1291 1578 1628 1635 confessione
1657 1578 1876 1647 precia-

299 1682 396 1723 ros
414 1676 469 1724 et
490 1676 737 1739 suscepta
764 1683 862 1738 pro
888 1677 938 1724 te
961 1668 1129 1724 fecisti
1153 1671 1398 1737 passione
1414 1670 1694 1741 gloriosos.
1725 1670 1875 1727 Unde

297 1762 440 1817 sicut
455 1760 528 1815 illi
557 1760 848 1831 jejunando
866 1761 1175 1832 orandoque
1195 1771 1469 1819 certarunt
1496 1774 1553 1819 ut
1585 1765 1721 1819 hanc
1742 1778 1871 1834 pos-

266 1862 417 1929 _sent
444 1852 689 1909 obtinere
727 1853 1006 1915 victoriam
1031 1894 1048 1921 ,
1099 1855 1168 1910 ita
1202 1870 1299 1911 nos
1330 1856 1507 1927 potius
1550 1870 1671 1926 quae
1718 1871 1875 1913 exer-

286 1959 457 2001 cuere
504 1953 801 2013 sectantes,
839 1945 1242 2001 convenientius
1278 1962 1463 2003 eorum
1512 1948 1756 2004 Natalitia
1780 1962 1873 2005 ce-

256 2036 586 2101 lebramus.
614 2036 738 2103 Per,
764 2046 870 2095 etc.

268 2192 273 2193 ί
356 2130 600 2201 Repleti,
626 2130 873 2197 Domine,
896 2130 926 2172 ιι
952 2132 1314 2191 munificentia
1332 2135 1522 2204 gratias
1549 2142 1677 2202 tum,
1712 2135 1875 2193 bene-

281 2222 529 2278 dictione
557 2223 799 2291 cepiosa,
829 2233 884 2281 et
906 2238 1004 2295 pro
1034 2233 1234 2283 nostrae
1255 2226 1531 2284 servitutis
1560 2228 1833 2298 obsequiis
1852 2268 1871 2295 ,

278 2324 334 2373 et
356 2330 463 2386 pro
479 2315 790 2373 celebritate
803 2326 1136 2386 sanctorum,
1154 2319 1394 2377 coelestia
1415 2319 1557 2377 dona
1571 2329 1871 2388 sumentes,

278 2410 488 2482 gratias
516 2408 611 2465 tibi
640 2408 940 2467 referimus.
974 2408 1099 2477 Per,
1132 2420 1235 2467 etc.

348 2500 642 2557 Familiam
664 2510 835 2570 tuam,
865 2503 1113 2572 Domine,
1139 2504 1530 2575 supplicantem
1560 2507 1733 2563 oculis
1764 2516 1868 2564 tua

282 2592 652 2650 miserationis
673 2594 910 2663 intende;
936 2604 992 2650 ut
1014 2610 1156 2667 qua,
1186 2607 1238 2652 te
1260 2597 1579 2667 inspirante,
1610 2598 1871 2669 deposcit,

283 2698 593 2746 sanctorum
610 2698 901 2760 martyrum
920 2690 1214 2759 patrocinio
1226 2702 1608 2761 consequatur.
1625 2691 1749 2759 Per,
1762 2700 1867 2749 etc.

351 2781 424 2838 ll.
450 2779 588 2837 Item
612 2780 739 2836 alio.
774 2810 846 2826 η-
867 2781 1147 2840 Protector
1172 2793 1358 2841 noster
1386 2786 1597 2855 aspice,
1630 2785 1791 2853 Deus,
1820 2794 1873 2842 et

295 2878 725 2935 misericordiam
755 2886 896 2935 tuam
935 2878 1210 2937 humiliter
1242 2880 1591 2950 implorantes
1638 2881 1873 2938 clemenc

294 2980 373 3051 ter
402 2970 617 3029 exaudi.
650 2971 776 3038 Per,
814 2982 918 3027 etc.

300 3140 303 3141 ν
367 3064 448 3120 Ad
493 3064 807 3121 humilitatis
846 3073 1048 3121 nostrai
1078 3079 1298 3134 preces,
1340 3064 1587 3132 Domine,
1636 3065 1875 3135 placatus

314 3157 541 3225 intende;
568 3173 669 3214 nec
689 3174 787 3213 nos
807 3157 859 3213 in
887 3158 1070 3215 foveas
1090 3166 1145 3214 et
1182 3157 1381 3214 diaboli
1413 3158 1633 3226 laqueos
1659 3156 1874 3226 patiaris

1980 558 2298 615 defesioue
2325 576 2590 621 securum.
2606 565 2739 635 ’Per,
2772 577 2875 625 etc.

2052 651 2143 708 lli.
2173 650 2308 708 Item
2337 654 2461 709 alia.
2485 686 2554 697 —
2576 659 2772 715 Praesta
2801 663 2977 733 nobis,
3010 665 3355 736 omnipotens
3376 678 3428 724 et
3454 669 3556 726 mi.

1977 747 2213 802 scricors
2249 747 2419 815 Deus,
2461 756 2523 803 ut
2549 761 2851 809 sanctorum
2884 764 3179 829 martyrum
3227 770 3433 815 tuorum
3464 777 3556 817 co-

1978 839 2124 909 piosa
2154 841 2377 897 victoria
2406 882 2422 908 ,
2462 842 2602 897 sicut
2632 845 2709 898 eis
2737 857 3042 917 perpetuum
3074 849 3165 906 dat
3204 854 3551 925 triumphum,

1978 934 2049 988 ita
2076 934 2234 989 nobis
2259 935 2576 991 continuum
2608 946 2823 1007 praestet
2847 940 3119 1000 auxilium.
3150 945 3269 1009 Per,
3296 958 3401 1003 etc.

2053 1027 2269 1097 Accipe,
2294 1041 2628 1097 quaesumus,
2654 1029 2895 1097 Domine,
2912 1048 3131 1091 munera
3156 1040 3331 1109 populi
3358 1042 3429 1095 tui
3455 1057 3552 1113 pro

1982 1125 2276 1189 martyrum
2303 1119 2593 1176 festivitate
2614 1131 2918 1177 sanctorum
2936 1141 2951 1184 :
2975 1135 3026 1180 et
3048 1128 3251 1185 sincero
3272 1147 3369 1188 nos
3390 1134 3556 1192 corde

1984 1209 2067 1266 fac
2094 1225 2281 1266 eorum
2312 1212 2576 1269 Nataiitiis
2605 1214 2888 1271 interesse.
2922 1214 3045 1286 Per,
3078 1230 3179 1273 etc.

2058 1303 2196 1360 Vere
2235 1306 2473 1374 dignum.
2526 1307 2657 1371 Quia
2701 1306 2823 1361 licet
2872 1310 2922 1362 in
2964 1311 3198 1365 omnium
3252 1324 3549 1372 sanctorum

1981 1404 2193 1450 tuorum
2222 1404 2278 1450 tu
2300 1398 2396 1461 sis,
2430 1396 2673 1465 Domine,
2702 1400 3050 1468 provectione
3078 1402 3337 1459 mirabilis
3356 1447 3370 1469 ,
3397 1407 3447 1458 in
3475 1407 3556 1461 bis

1980 1495 2159 1541 tamen
2198 1486 2431 1556 speciale
2479 1498 2627 1542 tuum
2680 1503 2873 1544 munus
2909 1494 3248 1561 agnoscimus
3272 1536 3286 1559 ,
3338 1510 3468 1564 quos
3508 1505 3561 1551 et

1979 1575 2171 1632 fratres
2208 1585 2353 1633 sorte
2385 1579 2673 1645 nascendi,
2705 1590 2758 1635 et
2801 1583 3080 1652 magnifica
3114 1585 3407 1653 pmstitisti
3441 1601 3560 1657 pas-

1975 1669 2129 1725 sione
2153 1684 2472 1741 germanos;
2502 1681 2560 1726 ut
2584 1672 2743 1727 simul
2767 1682 2912 1728 esset
2938 1682 2991 1728 et
3013 1675 3313 1730 veneranda
3345 1687 3368 1714 ο
3392 1678 3557 1749 gloria

1978 1762 2252 1830 genitricis
2283 1771 2339 1817 et
2367 1763 2748 1819 ﬂorentissima
2778 1765 2958 1833 proles
2990 1765 3264 1822 Ecclesia
3298 1768 3419 1833 Per.
3450 1781 3553 1826 etc.

1902 1863 1950 1926 Β
2046 1851 2267 1910 Ctelesti
2289 1871 2515 1913 munere
2542 1859 2755 1923 satiati,
2777 1872 3083 1928 quaesumus
3104 1903 3119 1927 ,
3150 1859 3375 1917 Domine
3417 1864 3556 1921 Deus

1974 1956 2178 2013 noster,
2224 1956 2283 2003 ut
2324 1948 2436 2005 haec
2458 1964 2555 2005 nos
2582 1950 2724 2005 dona
2772 1961 3065 2023 martyrum
3120 1960 3329 2009 tuorum
3359 1955 3554 2028 depre-

1972 2038 2187 2095 catione
2212 2040 2567 2097 sanctiﬂcent.
2596 2042 2714 2109 Per,
2745 2053 2849 2100 etc.

2045 2130 2133 2185 IV.
2167 2130 2299 2187 Item
2328 2134 2452 2189 alia.
2486 2166 2555 2175 —-
2592 2134 2607 2173 τ
2638 2138 2707 2191 Da
2734 2141 2912 2205 nobis,
2945 2156 3271 2212 quaesumus,
3306 2142 3553 2212 Domine,

1975 2233 2284 2283 sanctorum
2314 2237 2609 2298 martyrum
2636 2234 2975 2301 passionibus
3002 2236 3214 2307 gloriari
3240 2253 3254 2304 ;
3280 2247 3337 2293 ut
3366 2253 3552 2295 eorum

1976 2335 2191 2389 semper
2219 2331 2274 2378 et
2315 2325 2625 2393 patrociniis
2653 2328 2989 2387 confidamus
3008 2373 3022 2397 ,
3052 2340 3107 2387 et
3133 2330 3289 2388 fidem
3320 2345 3553 2403 congrua

1976 2411 2263 2470 devotione
2286 2426 2574 2472 sectemur.
2604 2418 2727 2485 Per,
2756 2430 2860 2476 etc.

2045 2507 2351 2574 Offerimus.
2387 2510 2613 2567 Domine
2634 2552 2649 2579 ,
2680 2529 2903 2570 munera
2939 2524 3146 2573 tuorum
3173 2516 3268 2573 tibi
3296 2516 3552 2574 solemni-

1974 2602 2173 2657 tatibus
2221 2613 2371 2673 grata
2407 2614 2751 2672 sanctorum,
2799 2608 3110 2678 suppliciter
3163 2619 3447 2663 exerentes
3493 2614 3554 2663 ut

1973 2693 2115 2763 quod
2145 2695 2212 2751 ad
2258 2695 2469 2752 illorum
2508 2699 2741 2768 pertinet
2767 2700 2991 2770 gloriam
3018 2742 3034 2769 ,
3077 2700 3233 2757 nobis
3276 2702 3443 2771 prosit
3484 2699 3554 2759 ad

1976 2787 2204 2841 veniam.
2233 2786 2356 2854 Per,
2388 2799 2493 2844 etc.

2048 2878 2185 2935 Vere
2238 2879 2475 2949 dignum.
2530 2882 2631 2950 Qui
2671 2884 2751 2941 sic
2794 2884 3023 2951 tribuis,
3064 2884 3356 2940 Ecclesnam
3408 2895 3551 2942 tuam

1973 2984 2278 3027 sanctorum
2310 2984 2600 3045 martyrum
2634 2978 3144 3032 commemoratione
3174 2979 3467 3047 proiicere,
3499 2986 3557 3036 ut

1975 3077 2092 3117 eam
2120 3077 2334 3132 semper
2356 3064 2569 3120 illorum
2599 3075 2653 3119 et
2679 3065 2969 3120 festivitate
2994 3066 3229 3122 lmtifices
3248 3110 3260 3130 ,
3292 3080 3343 3121 et
3370 3084 3553 3124 exem-

1978 3154 2068 3222 plo
2095 3155 2196 3223 pia:
2225 3154 2580 3209 confessionis
2608 3170 2893 3220 exerceas,
2918 3166 2971 3211 et
2998 3164 3147 3227 grata
3170 3157 3266 3212 tibi
3297 3160 3555 3228 supplica-

320 3249 559 3321 incidere,
581 3266 713 3324 quos
737 3251 900 3309 tantis
926 3260 1238 3309 sanctorum
1283 3256 1579 3321 martyrum
1612 3248 1875 3321 praesidiis
1901 3247 1948 3313 C
1980 3246 2124 3303 tione
2160 3246 2380 3300 tuearis.
2408 3246 2531 3315 Per,
2560 3255 2663 3302 etc.

314 3345 507 3403 munire
528 3346 783 3419 dignaris.
812 3346 936 3412 Per,
979 3354 1087 3403 etc.

372 3448 395 3477 ε
423 3438 770 3511 Omnipotens
798 3450 853 3499 et
894 3441 1202 3503 misericors
1227 3441 1371 3499 Deus
1396 3478 1411 3507 ,
1441 3439 1531 3509 qui
1566 3452 1666 3497 nos
1695 3451 1876 3495 sacra-

303 3539 596 3589 mentorum
639 3540 851 3589 tuorum
878 3541 935 3588 et
963 3532 1250 3603 participes
1278 3529 1449 3587 efficis
1488 3538 1547 3585 et
1567 3529 1872 3599 ministros,

303 3633 510 3691 praesta,
537 3638 874 3693 quaesumus,
904 3633 963 3679 ut
991 3625 1044 3681 in
1073 3622 1267 3681 iisdem
1296 3622 1638 3694 proficiamus
1668 3630 1723 3677 et
1751 3620 1874 3679 fidei

301 3714 588 3783 consortio,
612 3724 667 3772 et
693 3716 855 3789 digno
880 3716 1123 3773 servitio.
1156 3715 1279 3782 Per,
1308 3724 1413 3772 etc.

366 3806 503 3863 Vere
528 3808 767 3880 dignum.
796 3810 895 3876 Qui
910 3823 1008 3867 nos
1033 3808 1150 3867 ideo
1177 3807 1546 3881 frequentibus
1566 3814 1875 3864 sanctorum

302 3912 600 3974 martyrum
629 3902 1011 3961 festivitatibus
1036 3902 1298 3976 benignus
1318 3917 1559 3967 exerces,
1583 3911 1641 3957 ut
1661 3902 1727 3959 ad
1749 3915 1877 3959 con-

290 3988 555 4049 stantiam
614 3995 742 4052 fidei
784 4005 841 4055 et
887 3996 952 4053 ad
997 3995 1449 4067 perseverantiam
1482 3994 1696 4067 pietatis
1722 3994 1879 4055 beata

299 4088 812 4144 commemoratione
852 4086 1114 4158 perducas
1137 4129 1154 4156 ,
1186 4086 1385 4159 pariter
1413 4086 1566 4142 nobis
1605 4085 1661 4142 in
1689 4100 1877 4141 eorum

299 4177 757 4249 contemplatione
778 4180 1109 4235 constituens
1130 4188 1184 4235 et
1208 4178 1502 4235 salutiferae
1524 4177 1880 4235 confessionis

299 4273 630 4344 exemplum,
673 4282 727 4329 et
753 4275 983 4343 copiosae
1019 4273 1370 4345 protectionis
1404 4270 1691 4337 auxilium;
1723 4278 1883 4341 atque

300 4366 362 4421 ad
395 4381 553 4435 spem
579 4373 778 4422 nostra:
808 4381 903 4437 per
929 4380 1023 4422 eos
1047 4365 1421 4437 promissionis
1454 4364 1718 4429 invitans,
1750 4377 1885 4433 quo-

302 4475 418 4515 rum
452 4459 631 4515 adhuc
683 4460 937 4517 latentem
979 4459 1207 4530 gloriam
1251 4459 1362 4531 jam
1407 4468 1581 4513 tamen
1620 4456 1778 4513 etiam
1830 4457 1884 4513 in

302 4551 462 4622 hujus
494 4554 617 4606 vitae
642 4552 860 4622 regione
890 4550 1223 4606 manifestas.
1259 4548 1382 4617 Pcr,
1414 4557 1516 4605 etc.

2046 3338 2113 3397 Et
2149 3346 2454 3397 sanctorum
2486 3348 2698 3395 tuorum
2743 3339 3101 3398 exsultatione
3136 3340 3451 3413 gaudentes,
3497 3351 3556 3402 et

1974 3432 2297 3486 sacramenti
2328 3431 2400 3485 ιιιί
2431 3433 2772 3503 perceptione
2810 3434 3019 3503 satiati,
3051 3435 3250 3505 gratias
3292 3435 3385 3490 tibi
3417 3443 3557 3491 rete-

1976 3524 2162 3591 rimns,
2215 3525 2438 3583 Domine
2472 3534 2690 3595 sancte,
2737 3528 2895 3584 Pater
2932 3529 3305 3598 omnipotens,
3354 3537 3555 3588 aeterne

1977 3617 2137 3675 Deus.
2165 3618 2288 3684 Per,
2317 3627 2425 3675 etc.

2050 3710 2114 3764 ν.
2146 3709 2279 3766 Item
2302 3710 2429 3767 alio.
2459 3740 2530 3755 -
2547 3712 2901 3782 Omnipotens
2927 3713 3255 3784 sempiterne
3278 3714 3436 3778 Deus,
3466 3712 3556 3784 qui

1978 3801 2029 3857 in
2085 3804 2287 3859 sanctis
2318 3809 2421 3861 tuis
2451 3820 2510 3861 es
2543 3806 2738 3877 ubique
2783 3806 3073 3876 mirabilis,
3117 3823 3422 3877 quaesumus
3448 3809 3558 3864 cle-

1978 3897 2235 3953 mentiam
2266 3897 2372 3970 ει
2396 3908 2566 3966 tuam,
2598 3907 2657 3953 ut
2681 3900 2821 3955 sicut
2851 3900 2956 3954 illis
2982 3901 3305 3955 eminentem
3334 3900 3557 3970 gloriam

1977 3990 2290 4055 contulisti,
2328 3991 2407 4046 sic
2448 3989 2521 4047 ad
2558 3991 2965 4061 consequendas
3006 3991 3404 4047 misericordias
3443 4002 3559 4047 tuas

1980 4098 2165 4139 eorum
2198 4098 2295 4138 nos
2323 4084 2487 4139 facias
2519 4084 2765 4153 precibus
2793 4083 3057 4153 adjuvari.
3089 4083 3211 4148 Per,
3241 4091 3344 4138 etc.

2052 4176 2231 4232 Plebis
2277 4187 2379 4230 tute
2429 4190 2674 4242 munera,
2705 4190 3030 4245 quaeumus,
3087 4175 3346 4239 Domine,
3380 4175 3560 4243 prapi.

1985 4270 2145 4324 tiatus
2168 4266 2420 4333 intende;
2448 4274 2505 4322 et
2532 4282 2651 4336 quae
2680 4267 2879 4321 sanctis
2910 4264 3177 4335 mysteriis
3199 4264 3563 4334 exsequendis

1987 4358 2355 4428 temporaliter
2384 4371 2483 4413 nos
2506 4356 2706 4413 offerre
2746 4356 2993 4423 docuisti,
3024 4356 3088 4410 ad
3128 4366 3385 4412 aeternam
3410 4356 3565 4416 nobis

1987 4450 2246 4522 proficere
2275 4449 2357 4506 fac
2378 4451 2626 4507 salutem.
2648 4450 2770 4516 Per,
2803 4461 2906 4508 etc.

2063 4545 2199 4601 Vere
2223 4545 2459 4615 dignum.
2487 4545 2588 4613 Qui
2611 4560 2713 4600 non
2734 4544 2908 4601 solum
2932 4558 3030 4617 pro
3051 4545 3221 4602 salute
3242 4546 3423 4602 mundi
3449 4562 3565 4617 per:

367 4644 482 4717 50
506 4641 536 4681 τι
570 4644 795 4700 Domine
825 4644 966 4700 Deus
998 4651 1203 4709 noster,
1236 4643 1532 4713 multiplica
1576 4655 1738 4712 super
1781 4654 1880 4698 nos
1909 4626 1960 4688 Ι)
1987 4640 2319 4696 secutionem
2366 4639 2617 4695 sustinuit
2664 4639 2986 4708 impiorum,
3019 4637 3115 4695 sed
3160 4638 3412 4695 fidelibus
3456 4641 3566 4701 suis

300 4737 527 4807 gratiam
554 4745 720 4802 tuam,
746 4745 800 4793 ct
827 4751 1052 4806 quorum
1083 4735 1417 4792 celebramus
1447 4734 1682 4807 gloriosa
1709 4745 1884 4792 certa-

305 4829 444 4883 mina
473 4870 487 4893 ,
536 4827 707 4883 tribue
736 4826 990 4900 subsequi
1030 4828 1082 4883 in
1127 4838 1312 4885 sancta
1342 4826 1673 4897 professione
1720 4828 1887 4883 victo-

302 4921 458 4975 riam.
491 4920 615 4985 Per,
645 4928 749 4975 etc.

379 5011 570 5081 Erudi,
604 5011 852 5077 Domine,
883 5024 1217 5082 quaesumus,
1252 5010 1505 5083 populum
1537 5024 1684 5065 tuum
1729 5010 1888 5081 spiri-

305 5103 505 5161 talibus
552 5103 921 5161 instrumentis
946 5144 962 5171 ,
1012 5109 1068 5160 et
1105 5118 1330 5175 quorum
1372 5110 1595 5174 praestas
1625 5103 1887 5161 solemnia

294 5324 297 5325 ⁷
374 5346 406 5409 γε
442 5336 537 5409 Est
558 5339 610 5409 in
635 5337 859 5409 Gregory
890 5337 1363 5403 Sacramentariis,
1392 5345 1447 5392 et
1478 5337 1529 5391 in
1559 5336 1714 5393 Rom.
1758 5335 1884 5393 llis-

306 5408 407 5464 sali
438 5408 527 5463 die
549 5406 620 5465 22
638 5406 771 5466 Νονῖ
805 5407 975 5464 Natali
1000 5410 1058 5465 S.
1082 5409 1330 5465 Caeciliae.

383 5480 815 5563 bg'licduntiantia
843 5479 1087 5537 fortassis
1132 5480 1452 5536 videbuntur
1474 5478 1638 5534 verba
1682 5479 1892 5549 muniﬁ-

309 5560 475 5604 centia
504 5560 686 5622 gratia:
707 5562 824 5609 tua.

300 5690 301 5693 η
388 5634 410 5661 ε
447 5623 539 5701 Est
562 5622 614 5677 in
645 5621 845 5679 Missali
869 5620 1028 5678 Rom.
1061 5622 1149 5679 die
1176 5624 1205 5677 7
1230 5623 1368 5693 Aug.
1402 5619 1575 5677 Natali
1610 5622 1668 5678 S.
1697 5621 1890 5678 Donati

314 5709 716 5847 ῗιιθιιῗξπὲὁάθῃι
747 5764 942 5847 biissali
972 5773 1022 5820 et
1052 5765 1192 5846 apud
1231 5764 1542 5822 Menardum
1584 5764 1774 5834 legitur
1801 5765 1889 5821 die

313 5834 379 5915 ξι
419 5837 635 5897 Octobr.
668 5836 720 5897 in
744 5836 921 5907 vigilia
942 5836 1180 5895 omnium
1201 5847 1527 5898 sanctorum.

1992 4736 2153 4789 etiam
2184 4732 2297 4788 haec
2320 4733 2459 4789 dona
2488 4734 2776 4798 concessit,
2814 4742 2867 4786 ut
2897 4732 3011 4801 ejus
3038 4731 3227 4787 ﬁerent
3253 4742 3342 4787 aut
3367 4733 3566 4804 passio-

1993 4840 2060 4881 ne
2088 4834 2183 4880 aut
2208 4825 2547 4880 confessione
2574 4834 2872 4878 consortes.
2899 4822 3021 4889 Per,
3054 4832 3157 4878 etc.

2072 4915 2153 4969 Vl.
2189 4916 2320 4970 Item
2366 4917 2489 4969 alia.
2522 4945 2593 4957 —-
2631 4917 2979 4986 Omnipotens
3027 4916 3355 4987 sempiterne
3406 4917 3565 4985 Deus,

1993 5008 2084 5080 qui
2114 5010 2250 5067 inter
2280 5010 2560 5065 innumera
2591 5008 2869 5073 beneficia,
2899 5018 3205 5064 sanctorum
3235 5007 3441 5062 tuarum
3474 5023 3568 5063 nos

1994 5101 2427 5158 solemnitatibus
2470 5102 2739 5174 praecipue
2765 5102 3084 5169 consolaris,
3117 5109 3328 5170 prtesta,
3359 5114 3568 5170 quaesu—

2073 5346 2104 5410 εξ
2124 5334 2301 5392 Codex
2332 5336 2417 5393 hic
2448 5337 2636 5392 inserit
2663 5337 2819 5392 aliam
2864 5335 3177 5410 particulam
3210 5341 3286 5410 et,
3332 5346 3448 5410 qun
3490 5330 3571 5388 hie

2035 5408 2174 5462 otius
2201 5424 2358 5479 quam
2387 5420 2510 5463 ante
2533 5422 2715 5463 vocem
2740 5402 3023 5461 veneranda
3050 5405 3320 5479 abundare
3345 5402 3570 5479 videtur.

2041 5489 2156 5534 orte
2186 5476 2298 5534 hinc
2329 5480 2481 5534 Missa
2522 5489 2603 5533 est
2634 5480 2845 5549 propria
2883 5479 2977 5533 δε.
3012 5484 3214 5545 septem
3258 5476 3569 5549 ft'a_t_rutn_§.

1999 5552 2292 5607 Felicitatis
2345 5551 2608 5619 filiorum,
2635 5542 2717 5603 ἰιῑὶ
2736 5542 2979 5603 ’άὶχὶιιιιιδ
3008 5542 3191 5600 annui.
3241 5548 3262 5600 1
3301 5545 3435 5617 (σοι.
3479 5542 3568 5612 59,

1995 5633 2128 5676 ﬂii.

2070 5626 2214 5749 f)itlst
2241 5695 2291 5747 in
2331 5693 2552 5760 Gregor.
2588 5689 2856 5753 Menardi,
2894 5703 2956 5743 ac
2982 5685 3036 5742 in
3067 5687 3264 5760 Missaii
3297 5689 3449 5745 Rom.
3476 5690 3563 5746 die

1994 5766 2058 5821 21
2092 5766 2343 5820 Decemb.
2367 5762 2537 5818 Natali
2569 5762 2625 5814 S.
2661 5760 2876 5817 Thema;
2902 5759 3149 5833 apostoli.
