4018 6314
368 343 441 400 B5
1364 338 1596 396 OPERA
1631 337 1691 395 S.
1732 335 1935 394 LEONI
1972 333 2214 393 MAGNO
2252 332 2648 393 ATTRIBUTA
3570 338 3645 398 σι

368 468 514 520 mus,
545 462 604 509 ut
631 454 695 509 ad
725 451 965 512 cmlestis
1010 453 1191 523 operis
1234 453 1499 522 instituta,
1545 461 1602 510 et
1646 452 1949 510 recordatio
1979 456 2037 522 Α
2058 466 2256 508 nocere
2281 451 2631 523 cupientium,
2661 450 3010 517 declinemus,
3043 452 3094 506 in
3140 466 3244 522 qua
3275 452 3490 508 student
3521 467 3647 524 per-

373 550 527 605 beata
558 562 657 604 nos
680 548 885 616 incitet,
915 553 972 603 et
994 546 1172 605 oratio
1187 545 1454 618 iustorum
1480 546 1638 619 digna
1666 546 1946 618 perducat.

373 643 494 712 Per,
528 651 631 699 etc.

444 734 713 801 Concede,
742 748 1072 807 quaesumus,
1102 735 1328 792 Domine
1368 735 1511 792 Deus
1548 742 1753 803 noster,
1786 744 1843 791 ut
1871 737 1955 792 in.

377 835 457 882 ter
510 826 737 883 adversa
801 843 921 899 qua:
972 836 1312 900 peccatorum
1369 827 1566 885 debitis
1607 829 1954 896 sustinemus,

377 916 518 986 quod
565 917 757 974 ﬁducia
798 928 981 975 nostra
1012 935 1115 975 non
1156 918 1384 989 obtinet,
1416 928 1713 993 martyrum
1744 929 1957 978 tuorum

376 1009 533 1067 nobis
560 1010 876 1068 intercessio
904 1020 1278 1083 consequatur.
1314 1012 1440 1083 Per,
1471 1022 1580 1070 etc.

452 1101 662 1159 Sanctis
711 1103 1227 1173 intervenientibus,
1274 1104 1541 1172 Domine,
1592 1105 1688 1161 tibi
1733 1106 1965 1161 servitus

384 1201 565 1248 nostra
599 1194 927 1264 complaceat
946 1235 961 1261 ,
992 1204 1045 1251 et
1075 1194 1334 1267 obsequia
1360 1212 1641 1253 munerum
1670 1196 1800 1252 ﬁant
1830 1212 1966 1267 prte-

382 1284 518 1344 sidia
545 1285 881 1344 devotorum.
914 1285 1038 1355 Per,
1068 1297 1171 1343 etc.

459 1377 594 1435 Vere
622 1378 861 1449 dignum.
899 1378 1166 1446 Quoniam
1215 1392 1510 1453 martyrum
1550 1383 1831 1438 beatorum
1872 1396 1970 1453 pro

383 1476 722 1532 confessione
759 1477 995 1533 nominis
1022 1478 1101 1533 tui
1130 1479 1455 1535 venerabilis
1486 1479 1701 1552 sanguis
1728 1478 1928 1535 eﬁ'usus
1952 1519 1969 1547 ,

385 1579 411 1607 ἰ
442 1570 583 1626 sicut
608 1579 695 1626 tua
722 1570 988 1627 mirabilia
1018 1571 1344 1639 manifestat,
1387 1574 1476 1645 qui
1501 1574 1715 1645 perﬁcis
1742 1574 1795 1629 in
1824 1573 1975 1630 inﬁr-

384 1665 572 1720 mitate
601 1664 876 1734 virtutem,
908 1667 979 1720 ita
1008 1665 1205 1721 nostris
1228 1667 1420 1722 studiis
1446 1666 1537 1722 dat
1562 1665 1860 1737 profectum
1878 1708 1894 1735 ,
1921 1673 1975 1722 et

390 1756 617 1811 inﬁrmis
644 1756 781 1826 apud
810 1766 860 1813 te
890 1766 1111 1828 praestat
1135 1760 1417 1815 auxilium.
1453 1760 1574 1827 Per,
1607 1769 1711 1816 etc.

2061 559 2330 615 severare,
2364 544 2642 599 malitiam.
2673 543 2775 609 Tu,
2810 544 3031 611 etenim,
3059 544 3307 614 Domine,
3343 544 3562 603 mittens
3592 547 3648 605 in

2063 638 2296 696 medium
2324 652 2423 695 nos
2449 638 2698 709 luporum
2717 678 2733 705 ,
2777 651 3000 694 manere
3042 638 3121 693 vis
3151 636 3425 709 simplices
3454 639 3650 697 simili-

2068 734 2248 790 tudine
2275 733 2667 799 columbarum,
2697 740 2754 789 et
2772 741 2976 788 astutos
2998 732 3115 788 ﬁeri
3139 747 3288 789 more
3306 742 3651 806 serpentum;

2065 840 2175 882 non
2210 826 2411 897 utique,
2440 833 2500 880 ut
2524 825 2772 896 cuiquam
2799 825 2945 881 noxii
2974 825 3164 890 simus,
3190 824 3286 881 sed
3327 832 3388 880 ut
3424 827 3656 885 sollicite

2068 919 2225 976 dolos
2246 932 2532 977 caveamus
2556 917 2782 975 alienos.
2813 918 2890 973 Ita
2911 918 3071 975 mites
3099 918 3165 974 ad
3192 933 3381 975 omnes
3408 933 3530 977 esse
3556 936 3658 979 nos

2070 1012 2298 1083 djubes,
2352 1023 2409 1069 ut
2465 1012 2666 1083 pariter
2714 1011 2991 1082 corripere
3038 1011 3319 1083 praecipias
3366 1012 3657 1083 inquietos.

2070 1106 2251 1177 Longe
2274 1104 2417 1161 aliud
2440 1109 2639 1176 quippe
2658 1116 2742 1161 est
2761 1104 3143 1161 contumeliam
3175 1105 3659 1178 prmterire,aliud,

2072 1215 2138 1256 ne
2154 1214 2249 1271 per
2266 1198 2620 1271 improvidam
2638 1198 3025 1269 benignitatem
3042 1198 3321 1267 capiamur
3337 1197 3621 1255 intendere
3646 1215 3661 1256 :

2072 1294 2324 1365 quoniam
2370 1301 2425 1348 et
2465 1301 2552 1347 tua
2600 1291 2885 1347 clementia
2936 1304 2997 1345 ea
3043 1289 3161 1361 lege
3189 1298 3402 1345 nostros
3441 1291 3666 1347 resolvit

2073 1400 2306 1453 errores,
2333 1394 2391 1440 ut
2412 1399 2511 1440 nos
2531 1384 2731 1452 denuo,
2763 1398 2830 1439 ne
2851 1382 3121 1439 deteriora
3146 1384 3457 1450 subeamus,
3479 1398 3667 1442 errare

2075 1479 2376 1551 prohibeat,
2409 1492 2507 1533 nec
2535 1477 2639 1533 sibi
2666 1477 2948 1547 quisquam
2977 1484 3068 1530 aut
3098 1489 3203 1530 non
3224 1489 3435 1530 cessum
3460 1475 3670 1546 judicet

2076 1571 2242 1627 fuisse
2267 1570 2519 1627 delictum
2539 1611 2554 1637 ,
2586 1577 2678 1624 aut
2708 1568 2895 1624 laesum
2924 1582 2983 1623 se
3014 1566 3255 1621 fortassis
3285 1566 3587 1636 existimet,
3619 1569 3669 1625 si

2078 1664 2299 1720 facultas
2332 1663 2506 1718 eidem
2539 1663 2716 1732 potius
2745 1660 3090 1717 subtrahatur
3117 1659 3385 1715 subsiciva
3414 1659 3669 1728 laedendi,

2079 1772 2201 1813 cum
2225 1756 2328 1811 hoc
2353 1757 2467 1826 ipso
2492 1769 2744 1825 magnum
2768 1754 3091 1809 beneficium
3117 1752 3313 1808 talibus
3333 1752 3667 1821 conferatur,

465 1847 572 1903 VII.
608 1846 738 1902 Item
767 1849 889 1903 alia.
918 1880 987 1891 —-
1026 1852 1252 1923 ASpice.
1302 1867 1611 1923 quaesumus
1636 1896 1652 1920 ,
1705 1852 1933 1909 Domine
1955 1893 1970 1919 ,
2002 1857 2052 1919 Β
2080 1860 2135 1905 ιιι
2161 1849 2286 1905 mali
2326 1863 2446 1905 esse
2474 1848 2752 1905 dediscant
2789 1846 2875 1902 vel
2921 1845 3350 1917 impossibilitate
3388 1846 3671 1917 peccandi.

392 1956 511 2011 qua:
542 1942 709 1997 oculis
736 1949 840 1997 tua:
870 1943 1168 2014 maiestatis
1195 1944 1469 2002 oﬁ‘erimus
1488 1992 1502 2014 ,
1530 1955 1588 2001 ut
1630 1954 1839 2002 tuorum
1881 1947 1974 2003 de-

393 2034 700 2103 precatione
727 2047 1037 2093 sanctorum
1059 2046 1114 2093 et
1139 2038 1418 2095 tuitionem
1442 2039 1594 2096 nobis
1620 2040 1894 2110 praebeant
1921 2048 1977 2097 et

393 2124 677 2182 medelam.
706 2125 832 2195 Per,
862 2135 963 2184 etc.

466 2218 607 2276 Vere
650 2220 893 2293 dignum.
942 2222 1253 2295 Congaudet
1293 2239 1525 2297 namque
1568 2234 1738 2282 totum
1782 2238 1978 2296 corpus

393 2311 653 2370 Ecclesiae
691 2314 761 2372 de
801 2317 1107 2375 sublimium
1136 2319 1528 2391 gloriﬁcatione
1572 2320 1973 2390 membrorum,

394 2415 449 2463 et
470 2408 716 2480 quaelibet
740 2410 856 2481 ejus
887 2411 1112 2469 inﬁrma:
1141 2417 1414 2485 portiones
1442 2416 1549 2488 52
1575 2416 1639 2471 ad
1670 2430 1821 2472 suam
1846 2429 1976 2485 quo-

396 2515 501 2570 que
554 2502 828 2571 pertinere
879 2522 984 2561 non
1034 2494 1313 2579 ambigunt
1361 2509 1674 2580 dignitatem
1723 2508 1979 2579 quidquid

398 2593 612 2650 excellit
640 2598 865 2666 partium
898 2598 951 2653 in
983 2599 1169 2655 eadem
1195 2615 1454 2673 compage
1476 2616 1791 2674 magnarum
1817 2618 1831 2658 :
1855 2603 1981 2673 quia

397 2686 537 2743 sicut
556 2690 924 2760 superioribus
948 2692 1053 2749 ima
1075 2708 1319 2751 connexa
1342 2704 1490 2762 sunt,
1515 2698 1586 2750 ita
1608 2710 1818 2751 summa
1839 2692 1867 2734 δ
1888 2694 1982 2752 de-

399 2779 525 2836 bent
554 2781 839 2841 humilibus
865 2786 1084 2842 unitatis
1110 2788 1381 2845 eﬂ‘ectum.
1414 2789 1536 2857 Per,
1568 2799 1673 2846 etc.

1088 2922 1269 2978 XVIII.

641 3035 905 3109 Incipiunt
945 3040 1199 3095 orationes
1240 3051 1287 3095 et
1315 3057 1489 3114 preces
1516 3041 1735 3098 diurna.

468 3150 510 3205 I.
541 3180 610 3192 —
638 3152 989 3224 Omnipotens
1018 3156 1347 3227 sempiterne
1379 3157 1551 3225 Deus,
1582 3158 1673 3230 qui
1716 3158 1851 3215 nulli
1880 3172 1982 3216 nos

2080 1944 2201 2013 Per,
2233 1954 2338 2000 etc.

2155 2048 2178 2077 ο
2209 2037 2621 2107 Redemptionis
2643 2044 2845 2092 nostra:
2865 2049 3090 2090 munere
3109 2034 3369 2105 vegetati,
3394 2034 3500 2108 53
3525 2049 3676 2107 quas-

2076 2145 2285 2200 sumus,
2319 2129 2568 2197 Domine,
2601 2137 2659 2184 ut
2690 2128 2792 2183 hoc
2822 2126 2978 2183 nobis
3004 2133 3277 2197 perpetua:
3299 2127 3487 2182 salutis
3514 2128 3668 2184 auxi-

2079 2223 2209 2281 lium
2238 2223 2372 2278 ﬁdes
2396 2236 2610 2293 semper
2634 2235 2762 2276 vera
2793 2218 3053 2290 perﬁciat.
3090 2219 3215 2287 Per,
3244 2228 3350 2276 etc.

2151 2316 2329 2379 Salva,
2360 2328 2691 2386 quaesumus,
2729 2311 2976 2380 Domine,
3004 2312 3213 2384 plebem
3237 2320 3407 2381 tuam,
3429 2319 3483 2369 et
3506 2312 3675 2369 bene-

2082 2408 2335 2465 dictionis
2363 2416 2563 2463 sanctaa
2592 2421 2758 2477 super
2797 2421 2917 2462 eam
2944 2405 3159 2461 eﬁ‘unde
3198 2406 3543 2463 clementiam
3568 2424 3583 2475 ;
3614 2418 3679 2464 ut

2081 2503 2223 2557 inter
2247 2500 2573 2555 conditionis
2598 2499 2848 2555 humanae
2878 2508 2933 2555 et
2961 2499 3243 2555 diabolica:
3268 2499 3471 2556 fraudis
3494 2500 3677 2557 incur-

2078 2608 2203 2663 sus,
2229 2594 2558 2665 indulgentia
2601 2605 2692 2650 tua
2721 2595 2989 2651 laboranti
3033 2595 3344 2651 continuata
3375 2602 3677 2652 succurrat.

2085 2690 2189 2745 Per
2204 2731 2219 2756 ,
2254 2698 2361 2745 etc.

2151 2781 2217 2838 ll.
2243 2781 2377 2838 Item
2407 2784 2528 2837 alia.
2566 2811 2635 2824 —-
2660 2782 2884 2851 Adesto,
2918 2782 3166 2846 Domine,
3194 2782 3679 2853 supplicationibus

2082 2878 2317 2947 nostris,
2343 2886 2418 2947 et,
2446 2887 2504 2933 ut
2548 2892 2647 2933 nos
2686 2878 2755 2934 ab
2798 2877 3047 2932 hostibus
3073 2858 3619 2948 dignanter'eripias,
3650 2890 3685 2932 ιι

2086 2974 2180 3028 tibi
2212 2989 2319 3029 non
2372 2973 2579 3043 placitis
2625 2972 2771 3042 prius
2817 2971 3057 3026 moribus
3108 2971 3362 3040 benignus
3404 2967 3668 3025 emunda.

2082 3066 2215 3135 Quia
2248 3067 2366 3123 sine
2390 3064 2725 3121 dubitatione
2752 3063 3010 3120 defendes
3040 3077 3172 3135 quos
3197 3060 3301 3118 tuis
3324 3061 3679 3133 perspexeris

2088 3162 2379 3219 convenire
2408 3162 2698 3217 mandatis.
2726 3160 2851 3228 Per,
2884 3168 2990 3216 etc.

396 3243 596 3302 inferre
638 3247 923 3317 mandasti,
961 3248 1102 3317 quod
1134 3250 1290 3305 nobis
1330 3264 1436 3306 non
1474 3261 1721 3320 optamus
1752 3250 1937 3307 inferri
1962 3292 1978 3320 ,
2006 3251 2053 3316 C
2159 3256 2345 3321 Deus,
2393 3254 2487 3324 qui
2536 3253 2853 3324 prudentem
2913 3253 3288 3324 sinceramque
3332 3250 3675 3307 concordiam

398 3347 615 3411 praesta,
641 3353 967 3409 quaesumus,
1002 3350 1059 3397 ut
1102 3359 1201 3399 nec
1234 3345 1496 3417 ﬁngamus
1533 3349 1674 3416 aliis,
1709 3364 1807 3405 nec
1845 3349 1981 3405 alio-

397 3445 515 3487 rum
549 3430 850 3488 ﬁctionibus
872 3432 1181 3491 illudamur.
1207 3437 1330 3501 Per,
1360 3449 1465 3494 etc.

472 3523 609 3579 Deus
630 3565 644 3591 ,
677 3525 767 3595 qui
799 3524 1019 3583 humani
1066 3530 1281 3600 generis
1308 3529 1411 3586 ﬁda
1440 3532 1696 3589 societate
1744 3533 1942 3589 laetaris
1965 3573 1982 3601 ,

397 3614 485 3683 da,
511 3630 837 3686 qumsumus,
859 3627 919 3674 ut
936 3629 991 3675 et
1015 3635 1113 3676 nos
1134 3621 1357 3678 liberam
1378 3624 1714 3692 praebeamus
1734 3626 1985 3682 omnibus

400 3706 740 3777 charitatem,
773 3718 829 3765 et
867 3711 947 3766 illi
988 3727 1095 3769 non
1122 3728 1220 3784 pro
1252 3714 1406 3771 bonis
1431 3716 1571 3772 mala
1611 3716 1839 3775 reddere
1867 3734 1982 3775 mo-

402 3797 615 3855 liantur.
649 3800 770 3867 Per,
795 3810 900 3858 ctc.

473 3890 684 3947 Ohlatio
708 3893 836 3958 tibi,
866 3894 1094 3952 Domine
1113 3936 1129 3963 ,
1162 3904 1346 3953 nostra
1382 3898 1641 3967 defertur,
1671 3915 1790 3971 qua:
1817 3909 1875 3955 ut
1901 3911 1986 3957 tuo

403 3982 473 4037 sit
496 3982 653 4053 digna
679 3994 990 4057 conspectu,
1027 3997 1098 4056 te,
1142 4005 1471 4060 quaesumus,
1504 3993 1765 4063 largiente
1791 3994 1987 4051 mentis

403 4081 600 4127 nostra:
630 4076 938 4133 sinceritate
970 4090 1264 4148 promatur.
1294 4083 1419 4153 Per,
1450 4091 1553 4140 etc.

481 4174 502 4203 ο
537 4164 676 4222 Vere
714 4166 954 4238 dignum.
988 4171 1089 4241 Qui
1134 4190 1233 4230 nos
1275 4176 1602 4246 spiritalibus
1628 4179 1879 4236 erudiens
1907 4182 1987 4236 in-

405 4263 626 4329 stitutis,
655 4265 733 4321 sic
759 4266 919 4323 doces
949 4268 1167 4327 illorum
1191 4273 1392 4346 jugiter
1418 4276 1681 4347 relaxare,
1712 4281 1803 4350 qui
1832 4282 1987 4337 nobis

404 4352 781 4425 adversantur,
804 4359 1056 4429 oﬁ'ensas,
1088 4373 1145 4419 ut
1173 4380 1357 4422 eorum
1395 4384 1499 4425 non
1530 4370 1829 4427 incidamus
1858 4372 1988 4428 insi-

404 4446 543 4513 dias,
574 4448 652 4504 sic
678 4450 1019 4511 dissimulare
1045 4460 1250 4527 culpas,
1305 4469 1382 4527 ut,
1428 4461 1530 4516 sub
1572 4463 1755 4533 specie
1802 4465 1988 4533 gratiae

2091 3358 2303 3405 tuorum
2345 3347 2603 3404 cordibus
2642 3346 2822 3403 inesse
2858 3347 3095 3413 voluisti,
3144 3347 3210 3401 da
3244 3346 3400 3402 nobis
3425 3345 3667 3416 legitimas

2087 3442 2392 3497 dilectionis
2437 3448 2623 3496 tenere
2652 3454 3000 3505 mensuram;
3031 3448 3087 3494 ut
3132 3439 3224 3509 qui
3272 3453 3304 3492 a
3347 3438 3496 3509 iustae
3523 3435 3673 3506 pacis

2088 3534 2319 3607 puritate
2367 3534 2725 3601 dissentiunt,
2772 3534 2825 3589 in
2858 3533 3015 3589 nobis
3065 3540 3278 3597 tamen,
3308 3530 3453 3603 quod
3482 3529 3675 3587 merito

2088 3628 2321 3684 debeant
2351 3626 2612 3693 lacerare,
2643 3640 2749 3681 non
2776 3626 3025 3681 habeant.
3059 3625 3184 3692 Per,
3217 3635 3321 3681 etc.

2166 3721 2371 3777 Praesta
2401 3720 2556 3777 nobis
2578 3760 2592 3785 ,
2624 3734 2954 3791 quaesumus,
2990 3719 3237 3786 Domine,
3270 3728 3486 3775 terrena
3508 3716 3686 3789 deSpi-

2089 3830 2215 3871 cere
2255 3823 2311 3871 et
2352 3829 2535 3870 amare
2563 3814 2828 3881 cmlestia,
2853 3821 2913 3869 ut
2955 3827 3051 3884 per
3078 3814 3191 3869 haec
3222 3828 3373 3869 sacra
3400 3829 3521 3885 quae
3546 3815 3687 3885 geri-

2087 3924 2233 3977 mus,
2276 3918 2331 3967 et
2358 3925 2387 3965 a
2418 3912 2728 3965 transituris
2774 3909 3063 3966 desideriis
3103 3908 3308 3979 expiari
3355 3923 3683 3975 mereamur,

2089 4015 2139 4060 et
2173 4004 2493 4075 incipiamus
2524 4006 2791 4061 inhaerere
2824 4005 3118 4075 perpetuis.
3150 4004 3276 4071 Per,
3304 4013 3411 4060 etc.

2165 4098 2185 4137 ¹
2220 4098 2362 4155 Vere
2386 4099 2627 4169 dignum.
2670 4099 2774 4169 Qui
2815 4098 2894 4155 sic
2940 4099 3308 4155 rationabilem
3342 4113 3449 4156 non
3478 4098 3689 4156 deseris

2092 4200 2392 4248 creaturam
2421 4236 2434 4258 ,
2469 4202 2528 4248 ut
2554 4202 2608 4249 et
2638 4194 2833 4264 quibus
2861 4193 3036 4250 modis
3068 4194 3279 4265 placere
3307 4195 3400 4250 tibi
3446 4205 3498 4251 et
3548 4211 3686 4267 qua-

2090 4283 2215 4340 liter
2254 4286 2428 4356 possit
2455 4286 2745 4357 impetrare
2773 4302 2890 4357 qua:
2936 4287 3142 4358 poscit,
3177 4286 3467 4354 ostendas;
3495 4288 3689 4358 praeci-

2089 4376 2246 4446 piens
2277 4386 2336 4431 ut
2367 4387 2417 4432 te
2441 4377 2813 4448 principaliter
2842 4386 2954 4432 toto
2984 4378 3149 4434 corde
3174 4387 3519 4446 venerantes,
3553 4394 3689 4434 con-

2092 4476 2381 4539 sequenter
2411 4476 2465 4523 et
2501 4468 2785 4525 universos
2816 4468 3093 4537 homines,
3123 4469 3261 4525 sicut
3285 4472 3686 4536 nosmetipsos,

475 4579 1247 4679 Iligltabeylusimi‘tl
1290 4602 1338 4679 et
1377 4604 1501 4679 tua,
1535 4608 1587 4679 et
1623 4607 1740 4666 post
1786 4615 1986 4679 pauca,
2016 4605 2068 4666 D
2096 4604 2430 4679 Probabilius
2476 4624 2606 4665 vero
2660 4610 3208 4679 credimusjindicari
3257 4612 3609 4669 rebellionem
3656 4628 3687 4668 a

405 4668 506 4722 quo
538 4654 758 4723 perﬁcis,
814 4671 877 4712 ac
926 4662 1121 4717 omittit
1177 4666 1266 4718 ita.
1300 4654 1711 4723 Emendavimus
1740 4654 1805 4724 ea?
1831 4654 1989 4727 Missa

409 4739 471 4810 χει
485 4739 554 4810 sit
591 4726 656 4779 de
703 4729 944 4810 pluribus
972 4735 1295 4810 martyribus
1310 4737 1574 4809 descripta
1593 4755 1776 4796 mense
1796 4726 1986 4810 Aprili,

412 4794 637 4883 nhilth
664 4799 901 4883 prtefatio
932 4794 1143 4874 legitur,
1166 4816 1220 4861 et
1247 4809 1420 4864 solum
1449 4794 1503 4865 in
1533 4811 1636 4866 ﬁne
1657 4794 1865 4883 aliquid
1883 4794 1988 4869 iiii:

410 4876 667 4922 mutatum
699 4879 799 4927 est.

414 4988 419 4993 .
536 4935 669 5027 Qud.
705 4958 981 5027 perperam
1003 4947 1309 5027 ,_de_bet.....
1338 4950 1597 5027 affectum.

485 5019 509 5093 (ξ
548 5010 623 5093 .In
654 5010 891 5093 margine
946 5018 1146 5093 codicis
1198 5010 1460 5093 notatur:
1506 5023 1698 5093 Culpas
1754 5030 1990 5088 relaxare

410 5082 588 5151 fratri,
622 5082 875 5162 corripere
904 5089 1055 5162 etiam
1082 5090 1328 5160 inquietos
1355 5110 1453 5149 non
1483 5082 1648 5152 omitti
1665 5140 1679 5162 ,
1702 5082 1989 5159 sicut-seri:

410 5162 675 5244 ptiar-126st:
698 5157 821 5244 Haec
845 5160 1085 5244 praefatio
1110 5157 1229 5244 cum
1246 5166 1605 5244 sequentibus
1625 5157 1796 5227 Missis
1820 5157 1989 5244 usque

410 5224 473 5275 :ul
492 5224 880 5313 Buinta’m‘mti
912 5230 1215 5313 observavit
1244 5224 1990 5313 lliuratoriusinprtefalione

411 5297 648 5388 c;:§_,_‘p.
807 5302 875 5388 ab
900 5302 1097 5388 aliquo
1142 5309 1392 5388 pontifice
1427 5297 1725 5388 ‘lucubrata
1746 5297 1880 5380 fuit,
1896 5297 1989 5388 qui

414 5366 619 5449 aliquos
670 5366 917 5426 inimicos
963 5366 1182 5449 passus,
1226 5379 1293 5433 ah
1343 5382 1470 5449 ipsis
1525 5366 1712 5441 adhuc
1746 5366 1990 5448 iiiiiétiiil

418 5436 700 5518 Ilespicere
749 5449 925 5497 autem
964 5436 1080 5501 haec
1118 5436 1272 5516 posse
1318 5436 1407 5507 ille
1446 5436 1715 5514 exisliniat

414 5512 944 5596 centra-Ramas-uut
1005 5512 1323 5596 _pap_at_n‘_ab
1380 5526 1623 5582 Ursicino
1696 5512 1985 5589 ἐξκέἶὶξῖιῖἧῖ

414 5580 852 5665 anno_§67‘,‘vel
894 5580 1026 5665 illud
1084 5580 1273 5648 Eulalii
1329 5580 1989 5660 contra,VV—Bonifaciu'mwl

415 5648 659 5732 an._419.
689 5653 849 5732 Addit
879 5669 931 5712 ct
963 5659 1106 5716 Bassi
1147 5648 1987 5732 excons'tilis'accusat-innesan:

415 5720 532 5811 £5.54
546 5734 744 5811 contra
763 5725 987 5811 Xystum
1016 5732 1081 5788 III
1105 5720 1575 5811 conﬂata—sv,_quasv

416 5802 845 5890 \innixas
868 5802 1077 5890 fatetur,
1103 5824 1219 5879 qua}
1243 5802 1416 5890 dubia:
1436 5802 1563 5890 sunt
1587 5815 1710 5890 ﬁdei
1734 5802 1991 5890 (adjicere

419 5866 648 5939 poterat)
688 5886 911 5945 qumque
941 5875 998 5932 P.
1035 5866 1986 5956 Cassianum;'spiI-{aiéiﬁiiiéiaﬁ

2094 4677 2683 4754 clericiscommotam
2741 4677 2996 4754 adversus
3054 4683 3366 4748 Zosimum,
3424 4683 3576 4754 cujus
3626 4684 3687 4740 ﬁt

2096 4750 2297 4824 mentio
2320 4750 2370 4804 in
2403 4750 2829 4824 ej_usrepjst.ii.I,
2863 4756 3002 4824 apud
3035 4755 3283 4810 eumdem
3310 4750 3685 4812 Constantium

2093 4822 2290 4896 scripta
2318 4837 2406 4876 an.
2436 4821 2562 4896 (ΜΒ,
2591 4822 2785 4879 Confer
2810 4821 2970 4895 hujus
2994 4834 3146 4882 notas
3177 4836 3231 4881 ct
3283 4828 3528 4881 notitiam
3570 4828 3687 4896 epi-

2094 4894 2351 4968 stolarum
2405 4893 2644 4968 ejusdem
2696 4893 2963 4966 pontiﬁcis
3015 4913 3122 4953 non
3164 4898 3490 4954 exstantium
3542 4893 3686 4968 apud

2095 4962 2367 5019 laudatum
2416 4962 2852 5022 editorent'nutn.
2884 4968 2973 5023 52.
3006 4969 3082 5025 De
3113 4970 3418 5025 Manichmis
3447 4984 3475 5022 a
3508 4962 3689 5026 Leone

2096 5038 2392 5104 perstrictis
2424 5038 2536 5091 hmo
2567 5038 2816 5094 Acamius
2858 5040 3262 5109 interpretatur.
3308 5040 3424 5097 Non
3458 5040 3688 5096 assenti-

2094 5121 2216 5161 mur
2242 5124 2255 5163 :
2282 5122 2454 5175 neque
2473 5110 2613 5163 enim
2642 5110 2810 5165 ullum
2839 5109 2924 5167 hic
2946 5111 3169 5168 haeresis
3196 5124 3283 5166 aut
3308 5111 3686 5167 haereticorum

2097 5177 2349 5253 indicium
2372 5191 2481 5245 eSt;
2510 5196 2680 5251 neque
2706 5196 2799 5237 eos
2831 5181 3088 5239 adversus
3117 5183 3350 5241 Leonem
3375 5185 3533 5239 ullam
3565 5199 3692 5253 per-

2096 5251 2725 5326 secutionetnexcitasse
2766 5261 2875 5326 aut
2905 5256 3200 5310 calumnias
3246 5257 3509 5326 sparsisse
3536 5251 3693 5325 quis-

2095 5322 2235 5398 piam
2270 5322 2507 5398 tradidit.
2543 5322 2728 5398 Stylns
2746 5325 2971 5398 quidem
3018 5322 3290 5382 Zosimuni
3316 5326 3496 5397 potius
3520 5322 3687 5398 quam

2098 5392 2332 5468 Leonem
2363 5392 2518 5468 hujus
2548 5392 2878 5465 praefatioms
2910 5407 3181 5454 auctorem
3215 5392 3451 5468 praifert.

2166 5462 2192 5502 ά
2224 5463 2411 5540 _Co_dex_
2438 5462 2636 5540 inbu'es.
2669 5468 3010 5540 Blanchinins
3030 5462 3233 5539 optime
3253 5470 3485 5526 correxit
3497 5468 3651 5540 jubes
3666 5484 3690 5537 ;

2096 5536 2242 5610 quod
2269 5536 2313 5590 si
2345 5536 2518 5610 minus
2549 5537 2779 5607 placeat,
2811 5536 3091 5610 legendum
3125 5552 3306 5598 monct
3331 5536 3533 5596 imbuis.

2170 5608 2468 5684 {Invenies
2495 5607 2635 5684 hanc
2656 5607 2958 5684 orationem
2988 5613 3040 5667 in
3065 5613 3225 5669 codd.
3254 5612 3599 5684 Gregorianis
3618 5618 3693 5684 get

2096 5680 2148 5733 in
2179 5679 2380 5734 Missali
2400 5680 2555 5735 Rom.
2577 5681 2664 5737 die
2685 5682 2891 5737 Sahbati
2921 5697 3045 5739 ante
3070 5679 3397 5740 Dominicam
3431 5684 3483 5738 in
3507 5681 3688 5739 Albis.

2172 5749 2191 5828 ζ
2248 5750 2305 5828 I_n
2349 5753 2471 5828 cod.
2516 5753 2629 5807 haec
2673 5756 2983 5828 marginalis
3023 5759 3223 5813 notatio
3265 5756 3499 5828 afﬁgitur
3528 5771 3540 5807 :
3573 5752 3693 5828 _Pro

2098 5821 2367 5900 dilectione
2410 5826 2643 5895 fraterna
2692 5821 2967 5882 orandum.
3021 5828 3134 5886 Sub
3182 5821 3690 5900 ﬁncm'legendum

2102 5894 2367 5965 fortassis,
2401 5894 2448 5953 et
2475 5913 2580 5968 eos,
2611 5914 2736 5968 quos
2763 5915 3016 5957 amamus.
