4018 6314
278 383 346 441 65

1106 379 1308 437 LIBER
1343 377 1965 438 SACRAMENTORUM
2007 381 2366 440 ECCLESIE
2404 380 2729 439 ΒΟΜΑΝᾸΞ.

277 507 548 568 tamquam
579 504 857 554 consortes
888 499 1056 553 nostri
1098 496 1343 568 generis,
1375 495 1697 566 diligamus;
1742 503 1868 551 tunc
1900 503 1948 561 Α
1976 497 2077 552 hoc
2105 505 2210 552 tua:
2240 499 2506 567 sapientiae
2533 507 2925 554 sacramentum
2958 497 3343 569 circumspecta
3370 499 3556 556 modo-

281 592 425 647 circa
451 606 546 646 eos
576 607 760 647 verum
792 592 1082 662 probantes
1107 592 1378 656 affectum,
1412 599 1471 645 ut
1514 590 1864 661 quemadmo-

278 685 405 740 dum
448 700 545 740 nos
577 687 790 756 purgari
822 686 1190 741 desideramus
1216 703 1244 738 a
1275 685 1443 750 vitiis,
1492 685 1564 739 ita
1595 693 1650 739 et
1679 700 1864 740 eorum

279 791 416 847 quos
442 791 686 832 amamus
712 787 978 846 optemus.
1012 778 1218 845 Quibus
1240 777 1524 846 praeceptis
1552 775 1768 831 duobus
1791 784 1869 830 to-

279 877 386 924 tam
417 870 586 941 legem
637 871 754 926 sine
798 870 1112 927 difﬁcultate
1163 870 1514 940 complentes,
1563 869 1702 925 bona
1734 884 1871 940 prte-

280 965 454 1018 sentia
484 978 756 1019 sumamus
784 975 836 1020 et
863 974 1084 1020 aeterna.
1115 963 1238 1031 Per,
1271 974 1376 1019 etc.

355 1053 432 1108 Da
460 1054 634 1120 nobis,
663 1055 909 1124 Domine,
943 1070 1274 1126 qumsumus,
1307 1053 1513 1109 ambire
1561 1068 1681 1123 qua:
1726 1061 1873 1107 recta

280 1151 426 1211 sunt,
485 1153 541 1201 et
593 1145 762 1202 vitare
791 1162 910 1217 quae
948 1147 1142 1212 noxia;
1186 1153 1245 1201 ut
1278 1155 1461 1201 sancta
1493 1158 1612 1214 quas
1637 1144 1876 1213 capimus

285 1250 394 1291 non
416 1236 482 1292 ad
501 1236 766 1306 judicium
793 1239 973 1306 nobis,
1002 1238 1098 1295 sed
1143 1238 1428 1308 proﬁciant
1461 1237 1637 1307 potius
1673 1235 1740 1292 ad
1761 1253 1876 1292 me-

281 1325 481 1383 delam.
513 1328 638 1394 Per,
671 1337 778 1385 etc.

355 1419 554 1487 Tuere,
577 1421 834 1488 Domine,
858 1436 1189 1491 quaesumus,
1215 1422 1443 1477 famulos
1470 1431 1608 1489 tuos,
1633 1431 1687 1477 et
1713 1435 1742 1475 a
1770 1430 1877 1476 ter-

284 1513 436 1568 renis
481 1513 757 1568 erroribus
804 1515 1086 1584 expeditos
1129 1514 1195 1568 ad
1249 1514 1501 1570 virtutum
1550 1523 1759 1568 tuarum
1792 1513 1876 1569 fac

291 1604 537 1660 instituta
569 1605 861 1676 proﬁcere;
911 1608 1094 1677 sicque
1141 1608 1518 1676 temporalibus
1544 1608 1758 1663 auxiliis
1786 1607 1872 1662 fo-

291 1706 544 1765 veantur,
577 1710 633 1754 ut
662 1699 832 1770 magis
856 1701 1121 1768 gaudeant
1147 1701 1510 1769 sempiternis.
1544 1700 1666 1768 Per,
1697 1709 1800 1756 etc.

360 1788 451 1844 ιιι.
482 1789 615 1843 Item
643 1791 769 1845 alia.
805 1820 872 1830 —
905 1800 929 1827 ι
960 1791 1216 1848 Ecclesia:
1249 1802 1371 1859 tua,
1425 1794 1669 1859 Domine,
1714 1807 1876 1850 voces

1973 594 2180 648 ratione
2208 595 2465 648 vivamus.
2499 594 2618 663 Per,
2649 605 2754 649 etc.

2045 685 2071 723 ά
2105 687 2177 741 Da
2211 687 2468 742 Ecclesiae
2498 696 2616 753 tuae,
2647 687 2870 743 Domine
2892 731 2906 755 ,
2937 704 3042 742 non
3074 687 3302 756 superbe
3323 701 3514 756 sapere
3537 727 3555 754 ,

1973 777 2071 834 sed
2099 777 2192 832 tibi
2225 777 2422 845 placita
2456 775 2748 834 humilitate
2778 779 3073 848 proﬁcere,
3106 787 3163 833 ut
3189 791 3440 850 proterva
3465 779 3558 833 de-

1969 870 2206 940 spiciens
2229 879 2282 924 et
2310 878 2518 924 matura
2540 884 2764 939 qumque
2800 871 3130 940 desiderans,
3156 881 3404 928 exerceat
3429 871 3558 926 libe-

1971 976 2086 1016 ram
2114 959 2450 1016 charitatem.
2482 959 2606 1025 Per,
2640 969 2743 1015 etc.

2046 1051 2138 1108 IV.
2167 1050 2300 1106 Item
2329 1051 2456 1106 alia.
2491 1083 2559 1091 —
2588 1052 2822 1108 Absolve
2844 1093 2858 1117 ,
2890 1055 3130 1121 _Dominc
3150 1098 3163 1121 ,
3213 1070 3515 1126 quaesumus
3542 1101 3554 1122 ,

1981 1145 2295 1215 iniquitates
2327 1156 2569 1238 nostras,
2604 1155 2659 1202 et
2688 1158 2742 1200 ut
2779 1156 2868 1200 tua
2897 1146 3037 1201 dona
3065 1165 3359 1204 mereamur
3390 1150 3559 1219 perci-

1979 1251 2126 1305 pere,
2163 1236 2245 1292 fac
2275 1253 2373 1292 nos
2403 1236 2584 1292 amare
2610 1237 2896 1306 justitiam.
2929 1239 3172 1304 Per,etc.

2051 1327 2299 1384 Concede
2323 1330 2476 1384 nobis
2500 1370 2514 1395 ,
2541 1328 2768 1384 Domine
2799 1331 2941 1385 Deus
2975 1340 3175 1396 noster,
3206 1344 3260 1386 ut
3295 1343 3345 1387 et
3374 1343 3424 1389 te
3457 1343 3561 1390 tota

1978 1432 2160 1477 mente
2188 1438 2529 1487 veneremur,
2554 1431 2608 1477 et
2629 1439 2818 1479 omnes
2846 1423 3094 1480 homines
3123 1427 3421 1480 rationabili
3447 1427 3568 1482 dili-

1975 1528 2161 1584 gamus
2183 1513 2395 1570 aﬁ‘ectu.
2420 1514 2546 1582 Per,
2579 1524 2684 1570 etc.

2056 1604 2344 1674 Consecra,
2397 1619 2724 1676 quaesumus,
2761 1605 3017 1674 Domine,
3064 1623 3183 1677 qum
3230 1607 3298 1662 de
3345 1609 3572 1664 terrenis

1987 1696 2250 1753 fructibus
2272 1699 2476 1753 nomini
2508 1709 2596 1753 tuo
2623 1697 2850 1753 dicanda
2872 1698 3168 1765 mandasti;
3196 1709 3332 1755 utet
3362 1710 3569 1768 gratam

1978 1791 2073 1846 tibi
2103 1802 2336 1847 nostram
2361 1792 2524 1848 facias
2549 1793 2889 1861 servitutem,
2909 1801 2963 1848 et
2983 1794 3386 1849 Sacramentum
3414 1795 3569 1851 nobis

282 1879 529 1950 placatus
557 1882 802 1946 admitte,
853 1891 912 1936 ut
959 1882 1247 1940 destructis
1292 1885 1701 1941 adversantibus
1753 1887 1872 1941 uni-
1905 1882 1953 1944 B
1980 1895 2252 1956 perpetua:
2280 1886 2600 1941 salvationis
2629 1887 2895 1942 instituas.
2929 1887 3052 1954 Per,
3082 1897 3186 1942 etc.

279 1974 478 2040 versis,
511 1973 621 2044 54
647 1989 833 2029 secura
864 1975 960 2031 tibi
993 1976 1193 2032 serviat
1224 1977 1492 2035 libertate.
1525 1980 1644 2045 Per,
1679 1989 1783 2035 etc.

356 2064 585 2134 Prmsta,
638 2065 884 2133 Domine,
935 2082 1264 2136 qumsumus,
1315 2079 1373 2124 ut
1426 2078 1538 2124 toto
1571 2068 1665 2125 tibi
1715 2071 1878 2127 corde

279 2154 548 2226 subjecti,
591 2155 908 2212 tumentium
937 2159 1268 2215 voluntatum
1297 2175 1614 2231 respuamus
1641 2160 1875 2220 afflatus.

277 2246 408 2312 Per,
434 2256 541 2303 etc.

347 2341 606 2408 Hostias,
636 2356 983 2413 quaesumus,
1028 2343 1274 2410 Domine,
1329 2353 1530 2401 nostrae
1577 2347 1882 2404 devotionis

279 2447 532 2501 assume;
564 2443 620 2489 et
657 2448 757 2504 per
809 2433 1070 2490 sacriﬁcia
1120 2435 1353 2506 gloriosa
1404 2436 1738 2494 subditorum
1787 2435 1883 2494 tibi

280 2527 447 2584 corda
476 2527 728 2596 puriﬁca.
753 2527 876 2595 Per,
906 2538 1010 2583 etc.

351 2622 382 2663 δ
419 2622 561 2678 Vere
599 2621 838 2693 dignum.
871 2619 1038 2692 Cujus
1083 2621 1432 2693 inspiratione
1459 2625 1650 2681 beatus
1676 2625 1879 2682 Paulus

285 2713 565 2785 apostolus
593 2713 846 2769 Ecclesia:
876 2713 1058 2769 dicens
1087 2732 1102 2772 :
1134 2712 1470 2771 Providentes
1512 2716 1646 2771 bona
1675 2734 1775 2772 non
1800 2733 1884 2772 so-

292 2808 398 2861 lum
430 2822 609 2861 coram
629 2804 762 2874 Deo,
785 2806 875 2861 sed
894 2807 1048 2860 etiam
1076 2822 1249 2861 coram
1275 2809 1561 2864 hominibus
1586 2811 1762 2881 (Rom.
1787 2827 1880 2879 xtt,

300 2898 422 2970 l7),
450 2897 731 2955 evidenter
757 2898 993 2954 ostendit
1035 2913 1143 2954 non
1192 2915 1310 2956 esse
1337 2917 1560 2971 prorsus
1589 2919 1696 2974 quo
1723 2905 1880 2960 malis

306 2990 507 3046 actibus
557 2990 641 3046 vel
688 2990 742 3044 in
775 2989 876 3046 bac
901 2991 1009 3044 vita
1040 2991 1307 3061 possimus
1339 2995 1594 3050 abscondi
1628 3013 1641 3050 :
1681 2996 1805 3051 dum
1837 3007 1888 3052 te

317 3099 414 3138 non
435 3085 662 3140 latemus
687 3084 934 3150 interius,
964 3093 1018 3139 et
1039 3085 1373 3141 extrinsecus
1395 3087 1658 3142 humanos
1679 3104 1890 3158 quoque

326 3189 423 3230 non
445 3178 671 3232 vitamus
701 3184 970 3247 aspectus.
1003 3175 1146 3232 Nihil
1189 3191 1318 3248 ergo
1359 3178 1510 3247 juvat
1552 3194 1646 3234 eos
1674 3181 1764 3249 qui
1793 3181 1891 3236 de-

2059 1988 2081 2014 ε
2119 1977 2254 2034 Vere
2279 1978 2517 2048 dignum.
2544 1978 2645 2045 Qui
2669 1977 2855 2034 lideles
2886 1988 3004 2034 tuos
3031 1989 3212 2033 mutua
3236 1978 3434 2034 faciens
3456 1979 3571 2048 lege

1981 2071 2298 2137 concordes,
2314 2088 2493 2126 veram
2514 2086 2694 2142 pacem
2711 2072 2800 2126 tali
2817 2071 2920 2144 55
2945 2070 3148 2127 foedere
3162 2072 3379 2139 nexisti,
3397 2082 3572 2128 utnec

1982 2163 2138 2220 alteri
2163 2163 2445 2234 quisquam
2478 2165 2757 2218 moliretur
2804 2164 3044 2233 inﬂigere
3078 2164 3218 2234 quod
3263 2164 3365 2220 sibi
3409 2165 3570 2220 nollet

1990 2255 2212 2321 inferri;
2243 2266 2296 2311 et
2327 2256 2464 2311 bona
2489 2273 2608 2327 qua
2635 2258 2744 2312 suis
2769 2257 3085 2313 utilitatibus
3115 2259 3272 2313 tribui
3297 2268 3512 2329 cuperet
3544 2274 3573 2314 a

1987 2357 2242 2404 consorte
2268 2361 2493 2418 natura,
2525 2351 2638 2404 hare
2669 2351 2841 2406 eidem
2874 2350 2990 2420 ipse
3015 2368 3227 2422 quoque
3256 2362 3528 2422 przestarcl
3561 2370 3573 2406 :

1985 2450 2254 2511 quatenus
2296 2442 2424 2498 dum
2457 2459 2553 2512 per
2576 2445 2884 2498 alterutram
2930 2445 3180 2512 pietatem
3213 2460 3271 2500 se
3305 2447 3576 2515 reperiunt

1985 2548 2300 2591 communes
2348 2537 2398 2591 in
2443 2538 2686 2607 singulis,
2723 2537 3066 2605 scmetipsam
3103 2537 3119 2577 ¹
3150 2538 3398 2608 diligens,
3430 2546 3575 2594 esset

1987 2641 2136 2684 mens
2169 2645 2270 2682 una
2301 2639 2638 2684 cunctorum.
2669 2629 2794 2698 Per,
2830 2639 2933 2685 etc.

2057 2720 2248 2776 Satiati
2281 2722 2684 2791 participatione
2712 2722 2952 2787 caelesti,
2985 2731 3036 2778 et
3074 2725 3273 2793 gratias
3312 2725 3405 2778 tibi
3434 2724 3570 2781 refe-

1987 2812 2175 2879 rimus,
2202 2813 2425 2869 Domine
2449 2815 2590 2870 Deus
2611 2825 2817 2881 noster,
2854 2824 2906 2869 et
2936 2824 2993 2870 ut
3021 2815 3173 2871 nobis
3197 2817 3266 2870 sit
3291 2827 3569 2888 perpetua,

1988 2901 2363 2973 deprecamur.
2396 2903 2520 2970 Per,
2546 2915 2652 2960 etc.

2063 2996 2343 3050 Beneﬁciis
2367 2997 2492 3062 tuis,
2520 2997 2768 3060 Domine,
2794 3012 3120 3066 quaesumus,
3150 2999 3378 3066 populus
3401 2999 3574 3054 ﬁdelis

1991 3099 2206 3155 semper
2236 3087 2492 3152 exsultet,
2529 3095 2588 3139 ut
2617 3096 2668 3140 te
2701 3087 3000 3139 instruente
3029 3087 3322 3155 dispositus
3352 3098 3404 3141 et
3435 3103 3570 3143 con-

1995 3177 2300 3230 versatione
2330 3176 2423 3229 tibi
2453 3177 2678 3246 placeat,
2709 3185 2763 3231 et
2790 3189 2910 3244 quae
2942 3176 3078 3230 votis
3114 3179 3315 3245 expetit
3344 3177 3574 3236 salubri-

330 3267 509 3324 decora
531 3285 615 3326 sua
643 3279 907 3341 notasque
930 3284 1038 3326 non
1063 3280 1318 3336 cernunt,
1347 3280 1400 3326 et
1427 3271 1548 3340 quia
1576 3272 1678 3342 ipsi
1704 3287 1762 3328 se
1784 3287 1889 3328 non
1916 3263 1962 3328 C
1996 3275 2076 3324 ter
2103 3277 2441 3338 assequatur.
2476 3268 2600 3335 Per,
2627 3277 2730 3324 etc.

327 3360 510 3430 vident,
538 3365 809 3420 testimant
855 3379 955 3421 nec
981 3364 1049 3420 ab
1075 3364 1197 3420 aliis
1241 3380 1299 3420 se
1341 3365 1530 3421 videri.
1572 3367 1705 3422 Cum
1750 3367 1891 3423 enim

313 3451 440 3510 idem
468 3456 664 3510 clamat
693 3456 983 3526 Apostolus
1013 3474 1025 3509 :
1062 3455 1189 3523 Quae
1229 3457 1506 3511 secundum
1546 3459 1728 3529 faciem
1751 3471 1886 3542 sunt,

306 3549 456 3604 videte
485 3551 502 3620 (
519 3550 562 3606 ll
590 3551 714 3606 Cor.
733 3567 766 3606 x
786 3594 801 3620 ,
822 3550 889 3623 7)
917 3569 929 3604 :
955 3551 1405 3621 quemadmodum
1437 3567 1496 3608 se
1523 3553 1700 3608 celare
1735 3567 1892 3622 posse

305 3641 596 3711 conﬁdunt,
619 3642 732 3713 qui,
759 3644 897 3700 sicut
922 3644 1180 3714 scriptum
1211 3653 1312 3713 est,
1360 3660 1454 3715 per
1473 3645 1657 3702 dulces
1684 3662 1890 3702 sermo-

307 3748 396 3789 nes
433 3750 564 3791 suos
610 3735 930 3792 seducentes
958 3736 1121 3792 corda
1152 3736 1361 3792 fallacia
1390 3737 1568 3810 (Rom.
1605 3755 1726 3806 xvr,
1763 3742 1889 3810 l8),

304 3838 355 3883 et
402 3829 544 3884 sicut
572 3829 921 3899 Evangelium
953 3831 1048 3898 ait,
1082 3831 1356 3886 Christum
1404 3831 1456 3887 in
1496 3833 1673 3889 cubile
1711 3834 1892 3904 requi-

306 3932 484 3980 rentes
505 3963 523 3991 ,
557 3923 736 3993 palam
770 3924 1158 3994 manifesteque
1187 3925 1466 3982 declarant
1491 3927 1620 3998 quid
1652 3938 1706 3983 et
1737 3927 1895 3984 dictis

301 4026 668 4088 exsequantur
695 4025 751 4073 et
773 4016 951 4074 factis.
982 4017 1092 4074 Nec
1121 4032 1216 4074 eos
1242 4019 1394 4076 fulcit
1416 4029 1508 4076 aut
1533 4023 1727 4090 munit,
1750 4025 1894 4095 quia,

302 4119 356 4164 ut
381 4123 442 4166 se
468 4110 652 4166 valere
675 4109 1024 4178 contendant,
1053 4111 1326 4167 volumina
1344 4113 1526 4168 divina
1552 4125 1895 4184 percurrunt,

301 4213 415 4256 cum
470 4217 567 4271 per
613 4201 729 4257 haec
783 4201 883 4272 ipsi
933 4202 1110 4272 potius
1159 4202 1432 4272 improbos
1479 4219 1661 4260 mores
1691 4219 1817 4259 suos
1846 4211 1900 4260 et

299 4294 665 4361 proﬁteantur
697 4304 752 4350 et
779 4294 1058 4362 damnent,
1093 4295 1419 4362 nescientes,
1457 4306 1479 4334 ο
1514 4296 1624 4365 jatn
1651 4296 1716 4351 de
1743 4311 1898 4365 poena

299 4384 470 4444 divini
505 4387 937 4458 venirejudicii,
988 4387 1132 4459 quod
1185 4387 1468 4443 traduntur
1516 4389 1570 4442 in
1613 4389 1899 4458 reprobum

301 4495 547 4552 sensum,
572 4491 628 4537 ut
651 4481 854 4538 faciant
880 4497 1002 4553 qua:
1031 4497 1140 4538 non
1169 4483 1493 4538 conveniunt
1518 4481 1691 4553 (Rom.
1717 4498 1754 4552 ι,
1781 4481 1894 4553 28).

299 4574 656 4649 Quapropter
697 4577 1007 4647 bujusmodi
1031 4576 1364 4633 declinantes
1394 4587 1538 4644 actu,
1572 4587 1625 4634 et
1653 4578 1770 4634 solo
1799 4578 1899 4633 mi-

299 4679 554 4727 serantes
575 4686 682 4742 quo
712 4671 972 4727 debemus
1000 4670 1223 4738 affectu;
1254 4678 1308 4727 et
1336 4671 1477 4738 ideo,
1508 4681 1613 4727 etc.

371 4770 588 4836 Annue,
618 4782 944 4838 quaesumus,
989 4765 1215 4823 Domine
1260 4766 1400 4822 Deus
1441 4775 1652 4834 noster,
1705 4776 1764 4822 ut
1807 4781 1898 4836 per

371 4912 396 4943 ι
426 4901 606 4985 Codd.
638 4901 1189 4985 Gregorianiltabent
1235 4899 1373 4985 hanc
1418 4902 1716 4985 orationem
1762 4900 1902 4985 inter

298 4973 916 5045 quotidianasdfissale
964 4973 1316 5045 110m._inter
1367 4983 1687 5045 communes
1728 4983 1903 5027 contra

295 5042 652 5116 persecutores
685 5042 945 5099 Ecclesia.
996 5043 1056 5116 In
1083 5043 1194 5116 illis
1206 5057 1329 5116 _pro
1376 5043 1784 5116 adversantibus,
1819 5054 1902 5099 est

298 5113 732 5182 adversitatibus;
765 5117 815 5170 in
851 5114 1053 5171 Missali
1097 5113 1309 5169 additur
1347 5123 1392 5168 et
1416 5116 1692 5169 erroribus.
1726 5115 1782 5169 ln
1812 5130 1902 5171 co-

297 5188 416 5242 dice
455 5187 747 5242 Gelasiano
783 5188 1008 5243 habetur
1037 5186 1131 5241 lib.
1170 5201 1249 5254 ιιι,
1281 5201 1336 5240 ιι.
1369 5185 1460 5254 67,
1505 5195 1682 5240 contra
1695 5187 1900 5258 judices

298 5261 434 5330 male
457 5268 691 5330 agentes.

371 5329 398 5366 δ
433 5327 573 5384 Nota
601 5328 912 5411 manrginalis
946 5329 1000 5385 in
1030 5328 1218 5385 codice
1251 5346 1263 5381 :
1296 5327 1476 5401 Arguit
1505 5329 1783 5400 improbos,
1812 5328 1900 5384 sed

300 5411 347 5453 ct
381 5413 502 5455 orat
531 5416 626 5471 pro
654 5417 745 5454 eis.

377 5484 398 5510 ε
431 5473 544 5527 Sex
573 5486 733 5543 voces
763 5481 1046 5542 sequentes
1067 5514 1081 5540 ,
1119 5487 1246 5543 quae
1277 5474 1328 5528 in
1372 5473 1560 5529 codice
1585 5472 1904 5542 rejiciuntur

300 5554 426 5612 post
477 5542 702 5616 verbum
744 5545 1082 5616 conveniunt,
1133 5542 1219 5598 hic
1270 5544 1666 5616 perspicuitatis
1695 5543 1898 5616 gratia,

300 5624 568 5670 monente
595 5615 907 5669 Blanchinio
928 5655 942 5679 ,
974 5615 1290 5672 Μαι-διοιίυέ
1322 5618 1375 5672 in
1403 5631 1499 5671 sua
1532 5615 1769 5672 editione
1792 5615 1906 5670 col-

303 5686 542 5758 locavit;
571 5686 712 5758 quod
737 5701 836 5740 tios
858 5686 1001 5741 haud
1031 5687 1419 5743 immutandum
1443 5687 1792 5758 credidimus.

378 5757 405 5794 ιι
445 5759 546 5813 Est
589 5757 702 5813 fere
727 5759 918 5812 eadem
947 5758 998 5813 in
1029 5758 1268 5815 Romano
1300 5759 1502 5817 Missali
1547 5759 1633 5815 die
1666 5757 1731 5814 15
1761 5757 1904 5814 Junii

300 5828 570 5887 Natalitio
599 5829 699 5885 SS.
731 5829 838 5884 Viti
867 5837 922 5884 et
949 5829 1194 5885 Modesti.

382 5910 408 5939 α
433 5898 507 5958 In
531 5899 776 5972 margine
799 5900 1003 5957 codicis
1045 5910 1331 5959 annotatur
1359 5921 1372 5959 :
1407 5904 1676 5958 Oramlum
1726 5917 1817 5970 pro
1847 5900 1912 5954 iis

2068 3357 2132 3413 V.
2171 3356 2303 3412 Item
2340 3357 2462 3412 alia.
2488 3389 2557 3399 -—
2595 3370 2620 3408 ι
2652 3359 3005 3429 Omnipotens
3045 3361 3374 3432 sempiterno
3416 3363 3580 3432 Deus,

1995 3451 2090 3521 qui
2117 3451 2366 3522 superbis
2405 3453 2639 3520 resistis,
2669 3463 2720 3508 et
2747 3453 2973 3524 gratiam
3008 3465 3230 3524 praestas
3263 3457 3576 3527 humilibus,

1996 3543 2190 3613 tribue,
2223 3559 2550 3614 quaesumus,
2585 3555 2644 3600 ut
2673 3562 2780 3602 non
2816 3547 3237 3618 indignationem
3273 3558 3416 3605 tuam
3448 3565 3575 3620 pro-

1995 3653 2249 3696 vocemus
2278 3640 2428 3708 elati,
2462 3640 2555 3695 sed
2585 3641 2978 3712 propitiationis
3005 3651 3108 3698 tua:
3135 3642 3410 3713 capiamus
3435 3643 3583 3699 dona

1995 3733 2244 3802 subjecti.
2281 3733 2401 3797 Per,
2432 3743 2536 3787 etc.

2069 3823 2098 3863 δ
2129 3825 2458 3896 Majestatem
2509 3835 2650 3880 tuam
2697 3826 2968 3896 supplices
3013 3841 3302 3883 exoramus
3335 3826 3353 3864 ί
3383 3836 3440 3882 ιιι
3478 3840 3580 3885 nec

1999 3922 2188 3977 terreri
2213 3936 2309 3976 nos
2333 3920 2747 3976 lacerationibus
2769 3919 2990 3990 patiaris
3013 3921 3246 3990 injustis,
3270 3936 3366 3976 nec
3388 3922 3583 3991 captio‘

1997 4013 2074 4070 sis
2097 4013 2495 4070 adulationibus
2522 4011 2819 4083 implicari;
2855 4015 2947 4070 sed
2977 4014 3154 4084 potius
3181 4029 3362 4071 amare
3388 4029 3583 4071 conce-

1998 4105 2124 4171 das,
2157 4107 2246 4175 qui
2276 4109 2537 4162 veraciter
2566 4115 2800 4176 arguunt
2825 4122 2984 4177 quam
3015 4107 3106 4176 qui
3133 4107 3393 4163 fallaciter
3423 4107 3583 4162 blan.

1999 4197 2236 4253 diuntur.
2272 4198 2394 4263 Per,
2425 4209 2531 4253 etc.

2082 4293 2094 4338 ι
2136 4289 2420 4345 Oﬁ‘crimus
2451 4290 2577 4354 tibi,
2615 4288 2871 4352 Domine,
2915 4301 3109 4343 munus
3137 4289 3283 4358 quod
3313 4289 3448 4344 sicut
3480 4287 3582 4345 du-

2003 4385 2126 4454 plici
2144 4393 2416 4439 sumentes
2438 4383 2600 4438 corde
2621 4382 2964 4452 condemnat,
2987 4383 3059 4437 ita
3076 4383 3288 4440 sincera
3309 4383 3584 4453 capientes

2003 4489 2181 4536 mente
2205 4478 2481 4547 justiﬁcat.
2515 4478 2638 4543 Per,
2665 4487 2768 4534 etc.

2073 4571 2102 4611 ιι
2134 4573 2269 4629 Vere
2301 4572 2538 4643 dignum.
2585 4571 2685 4641 Qui
2716 4585 2815 4626 nos
2842 4570 2918 4626 sic
2949 4571 3151 4642 pietate
3188 4572 3388 4641 pariter
3416 4581 3579 4642 atque

1928 4651 1979 4712 Ῑ)
1999 4669 2206 4742 justitia
2237 4671 2316 4725 vis
2348 4684 2467 4724 esse
2500 4667 2768 4738 perfectos
2789 4709 2803 4734 ,
2834 4676 2892 4721 ut
2917 4675 2971 4722 et
2995 4666 3216 4723 cautela:
3248 4677 3447 4722 nostra:
3478 4679 3585 4722 non

2005 4763 2145 4820 desit
2171 4761 2422 4818 socianda
2448 4760 2772 4831 benignitas,
2799 4769 2853 4815 et
2877 4759 3164 4814 indiscreta
3189 4773 3294 4814 non
3323 4757 3589 4828 subripiat

2003 4899 2099 4970 qui,
2120 4894 2355 4970 malevoli
2383 4904 2519 4970 sunt.

2079 4967 2100 5006 τ
2126 4967 2259 5022 Cod.
2286 4968 2474 5022 inserit
2494 4967 2656 5035 ﬁeret,
2681 4963 2825 5035 quod
2847 4966 3064 5020 verbum
3093 4972 3176 5020 est
3195 4965 3407 5020 varians
3432 4964 3590 5022 lectio

2002 5041 2151 5098 verbi
2179 5046 2326 5104 esset,
2359 5049 2414 5094 et
2441 5038 2633 5093 melius
2661 5035 3073 5104 expungendum
3104 5037 3219 5088 fuit.

2082 5121 2105 5158 8
2134 5110 2280 5166 lianc
2309 5111 2604 5165 orationem
2637 5103 3295 5162 habent’Sacramentaria
3328 5103 3505 5160 Gelas.
3535 5115 3589 5160 et

2004 5183 2235 5253 Gregor.
2272 5181 2370 5236 sub
2413 5181 2596 5253 titulo:
2633 5177 3094 5253 _ln_conle_ntione._
3139 5177 3378 5253 magnam
3428 5174 3588 5246 hujus

1906 5274 1908 5276 ν
2002 5247 2206 5325 partiam
2231 5249 2861 5325 exliibet_Missale_Rom_.
2889 5250 2938 5303 in
2963 5247 3297 5304 orationibus
3346 5259 3590 5302 commu-

2004 5322 2163 5382 nibus
2190 5326 2257 5378 ad
2287 5322 2646 5392 postulandum
2680 5322 3036 5392 hutntlitatent.

2086 5395 2114 5434 ιι
2145 5389 2363 5450 Notatio
2393 5392 2703 5464 marginalis
2734 5392 2786 5446 in
2819 5407 2947 5460 ms.,
2979 5390 3169 5446 Contra
3211 5394 3486 5443 lacerantes
3515 5389 3590 5444 vel

2173 5485 2301 5520 ηιεδ.

2009 5466 2414 5609 αάῗιὲἕὲιῖῗέηιῑε
2444 5551 2616 5609 usque
2637 5533 2898 5609 adamare
2927 5533 3170 5609 leguntur
3199 5531 3248 5584 in
3280 5531 3436 5587 codd.
3462 5531 3593 5588 Gre-

2007 5602 2242 5684 gorianis
2272 5617 2325 5664 et
2352 5602 2575 5684 Gelasi'i,
2605 5607 2658 5684 in
2686 5604 2844 5657 Missa
2873 5613 3050 5684 contra
3077 5602 3421 5684 oblogttent‘es.

2085 5686 2098 5733 l
2136 5681 2272 5736 Nota
2301 5677 2608 5747 tnarginalis
2637 5676 2690 5730 in
2720 5689 2846 5747 ms.,
2878 5673 2983 5747 [fro
3012 5675 3204 5744 duplici
3231 5676 3403 5730 corde.

2081 5753 2108 5790 ιι
2138 5753 2256 5808 Alia
2281 5744 2592 5820 marginalis
2612 5744 2851 5802 notatio:
2880 5745 3146 5801 Orandnm
3171 5763 3264 5817 pro
3290 5761 3600 5818 persequen-

2015 5827 2167 5882 tibus.
