4018 6314
444 301 517 361 ὕῚ
1409 304 1637 369 OPERA
1673 309 1729 365 S.
1771 306 1972 368 LEONl
2014 310 2251 371 MAGNO
2291 313 2709 375 ATTRIBUTA.
3653 326 3725 385 68

447 415 684 474 facilitas
712 416 981 474 cbaritati.
1006 416 1259 491 Pracipis
1290 420 1431 477 enim
1465 431 1522 477 ut
1548 439 1645 494 pro
1666 426 1864 482 nostris
1894 442 2021 486 ore-
2054 435 2107 495 Α
2201 430 2480 500 Miserere,
2516 434 2766 501 Domine,
2800 436 3147 507 deprecantis
3186 439 3468 510 Ecclesiae,
3502 452 3526 481 ο
3552 452 3609 499 et
3650 444 3720 501 ad

448 522 570 563 mus
602 508 851 575 inimicis,
887 524 983 578 pro
1025 511 1475 571 calumniantibus
1506 516 1890 587 supplicemus,
1926 536 2024 579 nec

445 597 754 655 desinamus
788 600 1209 657 miscricordiam
1254 613 1394 659 tuam
1436 609 1883 677 persequentibus
1924 612 2023 668 im-

439 702 689 766 petrare;
741 709 846 751 non
880 695 1064 765 utique
1094 706 1153 751 ut
1186 697 1238 752 in
1268 698 1457 755 iisdem
1486 703 1738 773 nequitiis
1775 720 2025 774 perseve—

440 794 597 855 rent,
642 787 761 857 quia
804 786 906 844 lioc
948 788 1230 859 imprecari
1263 801 1344 848 est
1373 794 1551 864 potius
1579 812 1738 867 quam
1772 800 2021 858 salutaria

438 882 751 950 postulare;
802 882 895 936 sed
925 892 981 937 ut
1019 884 1086 938 ab
1128 884 1209 940 bis
1240 886 1609 957 iniquitatibus
1638 893 1909 962 expediti,
1955 894 2020 950 ad

442 971 686 1027 modesta
716 987 837 1028 sese
863 988 1097 1045 satiaque
1126 987 1461 1035 convertant.
1512 980 1644 1038 Cum
1693 984 1870 1052 enim,
1923 985 2018 1045 do-

439 1070 596 1117 cente
628 1072 709 1130 te,
745 1063 998 1131 Domine,
1032 1067 1229 1137 probos
1275 1085 1454 1126 mores
1496 1073 1654 1130 nobis
1695 1085 1882 1145 Optare
1921 1078 2018 1136 de-

439 1153 687 1223 beamus,
719 1165 844 1213 tunc
874 1159 1152 1229 proximos
1179 1172 1417 1232 nostros,
1449 1166 1605 1223 sicuti
1638 1171 2017 1242 nosmetipsos,

442 1259 574 1302 vere
600 1246 891 1318 diligimus,
914 1251 960 1308 si
989 1252 1067 1308 eis
1093 1268 1210 1325 quae
1238 1268 1337 1311 nos
1362 1254 1562 1315 habere
1591 1262 1837 1331 cupimus
1860 1279 2021 1335 expe-

440 1343 636 1393 tamus.
671 1337 793 1406 Per,
828 1350 935 1397 etc.

509 1428 779 1496 Recreati,
803 1433 1049 1498 Domine,
1070 1435 1211 1489 sacri
1232 1438 1472 1494 muneris
1492 1451 1674 1511 gustu,
1693 1459 2018 1517 quaesumus,

434 1537 541 1580 non
575 1522 697 1578 inde
728 1526 1067 1583 sumentibus
1096 1530 1250 1587 nobis
1281 1542 1521 1591 vertatur
1552 1537 1616 1590 ad
1645 1553 1860 1608 pmnam
1880 1582 1895 1608 ,
1927 1542 2019 1597 sed

436 1613 668 1668 ﬁdeliter
698 1614 989 1673 libantibus
1019 1620 1186 1691 prosit
1212 1622 1275 1678 ad
1302 1626 1537 1681 veniam.
1577 1628 1698 1696 Per,
1727 1643 1834 1689 etc.

506 1704 616 1777 56
652 1705 798 1775 Tua,
836 1710 1088 1781 Domine,
1137 1718 1468 1785 protectione
1497 1720 1799 1786 confidens.
1847 1725 2013 1785 bene-

2129 522 2453 581 inclinantes
2476 526 2569 580 tibi
2593 541 2687 583 sua
2710 528 2872 585 corda
2893 532 3212 603 pr0pitiatus
3235 532 3471 602 intende,
3500 544 3558 590 ut
3579 550 3720 606 quos

2127 615 2428 673 divinarum
2457 635 2629 673 rerum
2658 622 2794 677 sinis
2826 636 2948 679 esse
2981 625 3303 695 participes,
3345 642 3444 683 nec
3479 633 3720 698 peccatis

2126 710 2245 768 ﬁeri
2276 714 2555 781 permittas
2586 714 2869 785 obnoxios,
2896 733 2997 777 nec
3018 722 3251 793 opprimi
3278 723 3500 794 patiaris
3521 723 3719 783 adver-

2124 804 2222 862 sis.
2255 806 2380 874 Per,
2409 818 2515 867 etc.

2200 900 2308 955 νη.
2343 900 2475 956 Item
2502 904 2625 961 alia.
2649 933 2719 951 υ·-
2752 904 2771 943 ί
2802 907 3081 977 Miserere,
3108 909 3363 979 Domine,
3388 912 3573 983 populi
3603 914 3713 980 tui,

2124 1002 2179 1052 et
2228 997 2502 1054 continuis
2561 1000 2998 1059 tribulationibus
3054 1004 3390 1064 laborantem
3444 1009 3711 1080 propitius

2122 1086 2396 1157 respirare
2424 1090 2681 1148 concede.
2715 1093 2836 1163 Per,
2864 1108 2970 1152 etc.

2194 1181 2298 1253 57
2326 1191 2352 1229 κ
2376 1182 2489 1239 Vox
2514 1185 2796 1241 clamantis
2819 1188 3071 1245 Ecclesia:
3091 1191 3157 1246 ad
3177 1206 3357 1260 aures,
3377 1209 3707 1265 quesumus,

2123 1273 2367 1342 Domine,
2417 1288 2524 1333 tua:
2568 1279 2781 1348 pietatis
2820 1283 3112 1350 ascendat;
3166 1296 3227 1340 ut
3269 1297 3521 1360 percepta
3549 1295 3710 1347 venia

2123 1376 2493 1436 peccatorum,
2537 1380 2590 1426 te
2625 1370 2718 1427 liat
2746 1382 3007 1441 operante
3035 1375 3263 1443 devota,
3300 1386 3352 1433 te
3380 1389 3699 1452 protegente

2122 1473 2337 1517 secura.
2370 1462 2488 1528 Per,
2519 1474 2623 1520 etc.

2193 1551 2405 1609 Nemini
2435 1564 2559 1623 tuo,
2600 1558 2847 1629 Domino,
2881 1575 3126 1629 munera,
3158 1579 3490 1634 quaesumus,
3523 1568 3701 1627 dicata

2120 1646 2421 1713 sanetilica,
2470 1658 2528 1702 ut
2572 1660 2627 1704 et
2675 1664 3072 1710 sacramentum
3122 1656 3278 1713 nobis
3327 1666 3548 1716 aeternas
3580 1662 3704 1718 vitae

2119 1738 2397 1806 praebeant
2423 1747 2479 1796 et
2505 1741 2824 1810 profectum.
2858 1745 2986 1811 Per,
3014 1755 3121 1802 etc.

438 1795 728 1852 dictionem
759 1802 1068 1871 suppliciter
1098 1805 1436 1877 imploratam
1470 1811 1659 1869 devota
1692 1814 1787 1871 tibi
1818 1817 2012 1875 familia
2047 1818 2091 1879 Β
2119 1795 2135 1806 ”
2188 1828 2218 1869 ιι
2252 1831 2388 1888 Vere
2413 1795 3130 1909 dignum—."lnter—q'utelibet
3159 1842 3302 1897 enim
3333 1845 3518 1899 mundi
3551 1848 3701 1917 peri-

439 1900 829 1960 consequatur;
879 1901 937 1950 ut
981 1905 1070 1953 tuo
1114 1912 1303 1955 secura
1335 1904 1652 1975 munimine,
1686 1923 1783 1964 nec
1812 1920 2017 1982 tempo-

433 1983 633 2037 ralibus
662 1982 985 2042 destituatur
1009 1990 1244 2061 auxiliis,
1270 2002 1325 2048 et
1348 1993 1503 2051 bonis
1531 2005 1745 2069 aptetur
1773 2003 2009 2060 aeternis.

430 2069 555 2137 Per.
587 2084 692 2131 etc.

504 2164 589 2221 Vl.
620 2164 752 2221 Item
776 2170 901 2223 alia.
918 2201 991 2212 —
1011 2180 1037 2210 ι
1055 2170 1406 2246 Omnipotens
1434 2190 1487 2237 et
1515 2183 1823 2243 misericors
1848 2187 2006 2255 Deus,

429 2269 460 2310 a
482 2254 742 2313 bellorum
768 2276 886 2329 nos,
911 2278 1242 2334 quaesumus,
1269 2271 1480 2327 turbine
1501 2271 1585 2330 fac
1609 2276 1819 2351 quietos
1847 2296 1859 2333 :
1888 2282 2011 2350 quia

426 2345 568 2402 bona
609 2350 762 2406 nobis
805 2364 995 2410 cuncta
1036 2360 1347 2430 praestabis,
1390 2365 1439 2419 si
1480 2345 1922 2435 pacem'dederis
1957 2382 2011 2430 et

427 2442 621 2496 mentis
647 2453 701 2497 et
724 2450 993 2516 corporis.
1027 2447 1151 2516 Per,
1182 2462 1285 2511 etc.

500 2532 528 2573 ι)
551 2534 831 2594 Protector
852 2552 1053 2610 noster,
1084 2548 1286 2615 aspice,
1311 2548 1477 2617 Deus,
1500 2553 1634 2608 etab
1659 2554 1889 2612 hostium
1911 2574 2010 2615 nos

425 2627 653 2687 defende
684 2630 1007 2702 formidine;
1045 2648 1100 2692 ut
1128 2643 1268 2696 omni
1305 2646 1709 2713 perturbatione
1734 2651 2002 2722 submota,

425 2716 608 2774 liberis
637 2722 731 2777 tibi
760 2726 1027 2783 mentibus
1055 2731 1373 2790 serviamus.
1406 2735 1530 2806 Per,
1559 2748 1665 2795 etc.

495 2807 752 2881 Suscipe,
804 2814 1061 2885 Domine,
1110 2838 1328 2880 munera
1372 2826 1592 2886 familiae
1636 2840 1770 2899 tuae;
1813 2836 2006 2905 quibus

421 2908 478 2956 et
520 2904 748 2974 nostris,
793 2922 1134 2981 quaesumus,
1184 2915 1258 2972 sis
1307 2920 1547 2989 placatus
1591 2904 1899 2998 erroribus,
1952 2939 2005 2985 et

420 2993 905 3055 sanctiﬁcationem
953 3009 1057 3059 tua:
1103 3006 1258 3065 nobis
1302 3010 1691 3085 redemptionis
1736 3022 1998 3089 opereris.

418 3080 541 3153 Per,
572 3096 676 3143 etc.

2117 1924 2237 1979 cula
2263 1925 2377 1979 sola
2405 1936 2491 1982 est
2520 1942 2550 1981 a
2583 1938 2635 1983 te
2659 1943 2763 1985 non
2796 1932 3090 1988 recessisse
3114 1936 3465 2005 prosperitas,
3492 1953 3615 1993 cum
3647 1940 3699 1996 iu

2118 2024 2205 2072 tua
2228 2018 2589 2075 misericordia
2612 2022 2945 2079 conﬁdentes
2968 2026 3112 2081 nulla
3134 2027 3357 2084 adversa
3380 2032 3690 2100 percellant,

2114 2110 2209 2166 sed
2234 2114 2410 2182 potius
2436 2126 2727 2171 exerceant
2751 2117 2818 2171 ad
2844 2118 3096 2175 salutem.
3132 2120 3253 2187 Per,
3281 2131 3385 2178 etc.

2190 2204 2206 2243 ί
2245 2205 2493 2263 Vivificet
2523 2224 2651 2276 nos,
2692 2226 3036 2281 quaesumus,
3074 2215 3325 2282 Domine,
3361 2220 3697 2290 participatis

2115 2298 2189 2351 tui
2219 2306 2402 2353 sancta
2430 2302 2696 2372 mysterii,
2728 2312 2783 2357 et
2811 2305 3008 2373 pariter
3034 2306 3187 2363 nobis
3215 2310 3574 2378 expiationem
3604 2313 3694 2367 tri-

2111 2387 2242 2444 buat
2270 2398 2324 2443 et
2353 2395 2644 2447 munimen.
2677 2395 2797 2461 Per,
2828 2405 2935 2451 etc.

2181 2481 2482 2549 Auxiliare,
2529 2486 2780 2553 Domine,
2825 2490 2966 2556 plebi
2999 2499 3136 2559 tuae,
3171 2501 3227 2548 et
3261 2503 3375 2549 toto
3401 2496 3498 2552 tibi
3529 2496 3694 2555 corde

2064 2612 2077 2619 κ
2110 2573 2367 2644 subjectae
2395 2588 2586 2645 praesta
2616 2584 3046 2638 conversationis
3073 2583 3322 2642 eﬂ‘eotnm
3346 2605 3357 2639 :
3392 2588 3515 2658 quia
3537 2588 3693 2645 bonis

2110 2666 2359 2722 omnibus
2398 2668 2537 2725 hanc
2576 2671 2843 2740 replebis,
2887 2674 2933 2728 si
2975 2675 3073 2729 tibi
3118 2676 3333 2745 placere
3373 2680 3689 2749 perfeeer'u.

2108 2754 2481 2906 Ροξῖιῆἷοὶιεηι
2508 2854 2638 2909 alia.
2663 2881 2734 2896 --
2772 2854 2787 2905 ἱ
2819 2856 2905 2910 Ab
2931 2858 3183 2914 omnibus
3210 2874 3323 2927 nos,
3358 2875 3691 2934 quaesumus,

2107 2941 2355 3007 Domine,
2392 2946 2625 3013 peccatis
2653 2947 2972 3017 propitiatus
2998 2949 3235 3013 absolve,
3267 2961 3319 3007 et
3342 2966 3436 3007 eos
3463 2955 3559 3024 qui
3585 2970 3692 3012 nos

2106 3034 2421 3103 impugnare
2450 3039 2695 3093 nituntur
2720 3054 2984 3123 expugna.
3020 3043 3146 3110 Per,
3171 3052 3274 3099 etc.

2179 3126 2506 3198 Comprime,
2532 3130 2780 3197 Domine,
2801 3147 3129 3203 quaesumus,
3151 3134 3176 3174 ιι
3190 3150 3253 3194 es
3269 3135 3450 3207 iniqua
3469 3137 3690 3211 loquen-

493 3188 515 3216 ο
548 3177 687 3235 Vere
716 3181 960 3254 dignum.
1003 3188 1358 3260 Agnoscimus
1386 3200 1558 3268 enim,
1604 3202 1831 3260 Domine
1860 3206 1998 3264 Deus

2188 3177 2506 3198 _-_r_----_,
2532 3177 2780 3197 _--.....-,
2802 3177 3129 3203 Ἱππ-...νη
3190 3177 3253 3194 ν.
3271 3177 3450 3207 .....,...
3472 3177 3679 3211 ,νημαι

2123 3220 2260 3285 ium,
2290 3229 2346 3277 et
2382 3235 2477 3278 eos
2514 3223 2609 3293 qui
2646 3238 2747 3279 nos
2783 3227 3080 3283 moliuntur
3103 3229 3421 3288 insimulare
3443 3233 3679 3289 conlata.

418 3278 626 3336 noster,
672 3280 1044 3349 agnoscimus,
1092 3286 1232 3340 sicut
1276 3293 1588 3360 prophetica
1628 3296 1827 3354 dudum
1869 3318 1999 3358 voce

418 3369 647 3417 testatus
676 3379 765 3431 es,
809 3368 875 3423 ad
909 3376 1243 3439 peccantium
1275 3384 1465 3439 merita
1498 3389 1770 3455 pertinere
1800 3404 1857 3449 ut
1884 3409 1999 3453 ser-

415 3468 604 3509 vorum
634 3466 845 3515 tuorum
875 3462 1061 3522 labore
1079 3472 1301 3538 quaesita
1325 3473 1350 3512 ά
1374 3477 1474 3533 sub
1496 3493 1786 3550 conspectu
1813 3496 1997 3545 nostro

414 3548 663 3607 manibus
705 3552 1031 3623 diripiantur
1073 3561 1295 3635 alienis;
1347 3577 1401 3624 et
1445 3587 1564 3641 quae
1609 3548 1992 3637 desudantibus

414 3636 630 3698 famulis
669 3648 818 3702 nasci
853 3650 1063 3718 tribuis,
1113 3654 1180 3710 ab
1226 3636 1477 3719 hostibus
1505 3666 1723 3735 patiaris
1761 3671 1986 3731 absumi.

410 3732 655 3808 Totoque
682 3742 846 3799 corde
873 3748 1126 3811 prostrati
1155 3754 1428 3825 supplices
1454 3732 1744 3820 exoramus
1774 3775 1831 3823 ut
1856 3783 1991 3837 prae-

412 3825 690 3887 teritorum
719 3836 983 3893 concedas
1013 3843 1220 3898 veniam
1251 3846 1599 3921 delictorum,
1645 3866 1703 3913 et
1737 3860 1805 3916 ab
1841 3866 1986 3920 omni

409 3922 752 3979 mortalitatis
783 3925 1000 3986 incursu
1029 3935 1337 3995 continuata
1367 3943 1715 4004 miseratione
1742 3966 1841 4007 nos
1865 3969 1987 4024 pro-

408 4018 577 4105 tegas.
626 4015 761 4084 Quia
805 4027 927 4077 tunc
968 4023 1333 4086 defensionem
1368 4042 1509 4091 tuam
1550 4054 1659 4096 non
1690 4015 1985 4105 diffidimus

405 4098 729 4177 adfuturam,
763 4127 881 4167 cum
904 4129 934 4169 a
956 4117 1112 4175 nobis
1134 4122 1327 4191 quibus
1347 4126 1670 4190 offendimus
1697 4098 1980 4207 dignanter

402 4198 690 4267 expuleris.
728 4203 850 4271 Per,
879 4215 987 4266 etc.

469 4289 809 4353 Sacrosancti
849 4305 1093 4372 corporis
1139 4318 1195 4364 et
1234 4314 1511 4383 sanguinis
1550 4319 1759 4378 Domini
1806 4328 1975 4383 nostri

396 4376 523 4437 Jesu
565 4384 763 4442 Christi
809 4390 1103 4452 refectione
1142 4376 1397 4472 vegetati,
1445 4413 1714 4479 supplices
1746 4426 1796 4471 te
1823 4433 1977 4489 roga-

394 4488 535 4543 mus,
569 4476 729 4546 Deus,
769 4492 825 4535 ut
856 4482 959 4540 hoc
989 4490 1228 4545 remedio
1256 4476 1535 4565 singulari,
1556 4476 1619 4557 ﬁet
1646 4504 1713 4560 ab
1737 4476 1973 4564 omnium

395 4578 738 4636 peccatorum
769 4588 868 4629 nos
894 4582 1213 4649 contagione
1244 4587 1492 4653 purilices
1511 4631 1526 4653 ,
1558 4603 1610 4647 et
1639 4609 1669 4648 a
1702 4598 1972 4664 periculo-
2000 4577 2053 4640 Ῑ)

393 4668 511 4713 rum
542 4660 752 4717 munias
782 4662 1089 4725 incursione
1119 4684 1457 4732 cunctorum.
1492 4679 1615 4745 Per,
1643 4660 1749 4741 etc.

663 4799 1210 4893 τξιηὶζτξοαηοναιίοηξιιηι
1239 4818 1463 4893 tempore
1492 4815 1611 4873 belli
1633 4819 1825 4893 legitur
1854 4826 1968 4886 lucc

389 4869 565 4943 oratio
597 4869 654 4943 in
678 4869 833 4943 codd.
866 4871 1088 4943 Gregor.
1122 4869 1419 4938 Muratorii.

460 4931 490 4971 ι’
516 4934 612 5039 ξςι
642 4938 919 5039 in'Miss'ali
952 4931 1109 5039 Kent.
1141 4931 1288 5006 inter
1304 4931 1614 5016 communes
1642 4976 1821 5022 contra
1846 4987 1961 5039 per-

388 5015 644 5085 secutores
674 5019 719 5063 et
738 5011 881 5085 _male
909 5026 1134 5085 agentes.

465 5076 706 5181 mit?!
727 5076 1245 5181 .FLazejziarenatsm
1276 5096 1441 5153 εοάοκ
1474 5100 1635 5181 efﬁgi!
1704 5104 1812 5163 Ρνο
1840 5128 1961 5181 ρεσ-

389 5145 515 5253 tgtisl
536 5146 706 5253 [multis
727 5153 964 5223 infestari
986 5145 1351 5233 certissimum;
1383 5171 1516 5226 unde
1540 5145 1739 5231 eiziaiu‘s
1757 5145 1961 5253 ’διίιῖἕῇ-

389 5230 411 5253 Ρ
451 5232 496 5253 nl
518 5234 602 5253 nm
690 5240 742 5253 ΩΑ

384 5218 604 5272 cundum
635 5221 763 5278 Deo.

422 5284 830 5392 3ititintrstylus
861 5299 1367 5392 hujusprzefatinnis
1396 5309 1663 5392 Leoninus
1691 5320 1954 5392 videatur,

381 5355 896 5457 :linr‘eptiolﬂo'manze
927 5355 1078 5457 urbifs.
1183 5355 1957 5457 ⁷ιιεξτοιίιιιῖἶκίίίίιξόιιῖιιῖδίῗὲ

381 5423 775 5521 ΗΞ-Οίιθιζῆθειιο
805 5456 833 5495 a
860 5423 1959 5521 νρῖίιιηῖίέρετξοῖεί.ῒέεέ

380 5504 468 5620 :3:
500 5504 861 5627 zogus'qtiam
899 5530 1017 5586 qua:
1051 5504 1362 5576 ltitibcetttio

380 5581 470 5621 an.
500 5581 622 5626 410.

454 5639 700 5735 agor-lex,
724 5660 767 5703 et
792 5652 1168 5735 inclinantium.
1199 5658 1496 5735 Blancltinii
1519 5672 1948 5735 emendationem

375 5707 730 5813 ἰ
745 5737 1016 5813 receptam
1047 5732 1386 5805 retiuoimus,
1413 5707 1951 5813 €I§$§i§3m$

374 5778 554 5840 “dita
579 5801 683 5843 vox
706 5778 895 5847 rerum:

2064 5330 2215 5415 gitur
2244 5334 2515 5415 Dominica
2540 5338 2680 5415 ‘Xlll
2716 5330 3093 5415 Petite'costesr,

2066 5405 2338 5481 Dont‘inica
2367 5407 2506 5475 XIV,
2538 5411 2589 5465 in
2617 5412 2814 5470 Missali
2845 5415 3002 5474 Rom.
3030 5405 3308 5480 Dominicis
3327 5405 3449 5481 ﬁll.

2101 3310 2225 3378 Per,
2253 3320 2359 3368 etc.

2171 3403 2511 3474 Qumsumus,
2545 3406 2769 3465 Domine
2798 3409 2942 3467 Deus
2964 3401 3179 3476 noster.
3206 3421 3264 3470 ut
3301 3430 3399 3485 per
3430 3416 3541 3472 bac
3562 3429 3669 3473 cte-

2099 3492 2250 3552 lestis
2267 3496 2391 3554 vita
2407 3502 2755 3567 commercia.
2773 3503 3105 3562 declinantes
3122 3506 3346 3577 laqueos
3361 3508 3673 3578 talsitatnm,

2098 3588 2165 3644 ad
2194 3592 2479 3649 veritatem
2508 3602 2685 3664 tuam,
2724 3612 2981 3654 concessa
3019 3599 3178 3657 nobis
3212 3602 3475 3661 divinitus
3501 3604 3582 3660 via
3625 3613 3691 3679 et

2097 3683 2332 3753 tramite,
2364 3686 2679 3757 dirigamur.
2714 3691 2836 3759 Per,
2863 3701 2970 3748 etc.

2176 3772 2195 3813 ι
2222 3775 2361 3834 Vere
2382 3778 2621 3850 dignum.
2655 3782 2757 3851 Qui
2781 3783 3010 3841 famulos
3039 3796 3160 3843 tuos
3182 3787 3475 3849 informare
3495 3793 3681 3865 digna-

2091 3868 2190 3935 ris,
2223 3879 2282 3925 ut
2312 3886 2418 3928 non
2449 3882 2554 3930 tam
2586 3890 2686 3932 nos
2715 3879 2953 3949 exagitet
2982 3880 3158 3949 inepta
3189 3882 3449 3941 laceratio
3477 3900 3675 3957 super—

2090 3960 2308 4030 borum,
2336 3981 2498 4035 quam
2538 3970 2714 4039 potius
2750 3982 2966 4029 moveat
3007 3976 3285 4033 miseratio
3320 3979 3672 4038 laeerantum.

2088 4052 2376 4125 Quoniam,
2398 4059 2535 4116 sicut
2565 4074 2664 4118 nos
2690 4065 2945 4120 convenit
2974 4080 3289 4137 praeavere
3313 4086 3385 4127 ne
3408 4076 3675 4130 veraciter

2081 4144 2426 4218 impetamur,
2449 4151 2529 4207 sic
2554 4167 2741 4210 eorum
2769 4157 2858 4226 qui
2888 4172 2919 4212 a
2940 4160 3167 4217 veritate
3193 4171 3321 4218 sunt
3343 4163 3512 4233 devii,
3538 4166 3674 4224 ﬂere

2079 4237 2341 4296 debemus
2372 4243 2674 4312 interitum,
2702 4262 3009 4317 quat-sumus
3038 4262 3094 4306 at
3120 4254 3202 4308 vel
3239 4254 3347 4310 illis
3369 4259 3670 4314 correctio-

2080 4346 2204 4388 nem
2242 4335 2559 4405 suppliciter
2592 4341 2867 4398 exorando
2906 4344 3197 4402 subvenire
3234 4348 3536 4421 possimus,
3580 4350 3667 4408 vel

2078 4425 2234 4481 nobis
2262 4426 2488 4485 fructum
2518 4433 2735 4500 pietatis
2759 4436 3059 4506 acquirere.
3088 4439 3213 4506 Per,
3234 4450 3341 4498 etc.

2150 4517 2295 4585 Quos
2318 4520 2578 4590 refecisti,
2604 4524 2855 4595 Domine,
2888 4529 3097 4586 caelesti
3124 4534 3401 4603 mysterio,
3430 4537 3662 4607 propriis

2076 4607 2371 4683 alienisque
2401 4618 2663 4687 propitius
2692 4620 2915 4678 absolve
2949 4622 3189 4691 delictis;
3230 4633 3291 4681 ut
3317 4626 3501 4685 divino
3538 4646 3663 4688 mtt-

2075 4715 2207 4758 nere
2238 4706 2531 4773 purificatis
2560 4710 2829 4769 mentibus
2860 4713 3216 4783 perfruamur.
3248 4714 3372 4786 Per,
3397 4728 3500 4777 etc.

2149 4834 2167 4923 ζ
2201 4836 2295 4923 Est
2339 4840 2390 4923 in
2434 4840 2676 4923 Romano
2716 4847 2915 4904 Missaii
2956 4848 3053 4906 fer.
3087 4853 3123 4908 5
3160 4863 3285 4923 post
3320 4855 3658 4917 Dominicam

2070 4920 2315 4984 quartam
2342 4911 2796 4984 Quadragesimai.

2152 4988 2176 5025 ε
2202 4979 2522 5068 Haecnratio
2544 4979 2737 5057 légitur
2759 4988 2815 5046 in
2840 4988 3081 5049 Sacram.
3104 4993 3266 5068 Greg.
3293 4998 3431 5056 inter
3450 5002 3660 5059 oratio-

2067 5063 2163 5119 nes
2190 5052 2548 5119 quotidianas.

2138 5116 2498 5215 h‘Margiiialis
2532 5137 2657 5215 uota
2692 5128 2931 5215 codicis:
2962 5130 3031 5189 In
3065 5138 3307 5205 periculis
3331 5141 3409 5197 vel
3435 5158 3657 5215 prospe-

2065 5189 2218 5267 ritate
2244 5189 2439 5265 gratias
2466 5198 2761 5267 referendas
2791 5201 2921 5257 Deo.

2145 5263 2160 5300 ι
2193 5263 2533 5349 ln'hSac‘ram.
2559 5270 2987 5349 coddLGregor.
3024 5280 3163 5349 apud
3193 5282 3539 5339 Muratorium
3570 5286 3653 5341 le.—

3140 5353 3283 5434 apud
3326 5355 3643 5434 ᾕςῃατσιυηι

2140 5476 2155 5525 l
2191 5476 2277 5567 S-ic
2304 5479 2498 5567 incipit
2526 5483 2747 5567 collecta
2781 5502 2874 5553 pro
2905 5492 3123 5567 peccatis
3160 5476 3644 5567 iniussi-Gregor.

2064 5542 2357 5640 Maratorii,
2392 5542 2445 5640 et
2467 5542 2809 5640 progreditur
2838 5542 3117 5628 usquead
3134 5542 3650 5640 ιῖἐᾶῖῖῖοἶιξῖῦίιί

2063 5617 2290 5676 subinde
2316 5617 2503 5678 mutat.
2571 5617 2598 5624 ”
2922 5617 2935 5628 ’
2991 5617 2996 5618 ί
3075 5617 3100 5620 τί
3140 5617 3178 5621 Η
3213 5617 3318 5636 ἠ’
3353 5617 3455 5685 “ﬁ

2133 5686 2286 5768 ffro
2311 5708 2367 5747 os
2398 5693 2449 5768 in
2477 5696 2600 5753 cod.
2630 5713 2914 5768 perperam
2938 5701 3103 5760 Deus.

2135 5756 2152 5797 ι
2182 5758 2242 5817 In
2272 5766 2514 5837 margine
2538 5756 2667 5838 ms.)
2694 5756 2804 5827 P'ro
2830 5756 3173 5836 lacerantibus
3197 5782 3455 5838 arm
