4018 6314
266 408 337 471 69
1082 405 1281 469 LIBER
1319 406 1931 468 SACRAMENTORUM
1971 404 2325 465 ECCLESIE
2364 407 2693 465 ROMANIE.
3447 404 3517 473 70

337 537 365 566 ι
394 527 615 599 Porrige
644 528 961 598 ‘dexteram,
1009 546 1348 601 quaesumus,
1395 528 1652 595 Domine,
1693 525 1835 598 plebi
1863 523 1916 584 Δ
1939 536 2268 591 quaesumus,
2305 532 2360 579 ut
2385 525 2471 591 qui
2499 538 2530 579 a
2560 534 2647 581 tua
2692 525 2972 582 clementia
3002 524 3369 597 confovemur,
3396 542 3515 590 cre-

265 625 411 675 tuant
438 620 855 678 misericordiam
887 623 1198 692 postulanti,
1230 640 1324 695 per
1349 639 1511 694 quam
1543 631 1597 678 et
1625 635 1838 679 errores

264 712 496 771 declinet
527 712 810 779 humanos,
838 723 893 770 et
929 716 1116 773 solatia
1147 718 1269 775 vitat
1311 715 1555 775 mortalis
1589 713 1835 783 accipiat,

273 814 330 859 et
358 804 679 872 sempiterna
710 808 902 876 gaudia
932 808 1374 878 comprehendat.
1403 808 1527 874 Per,
1552 815 1659 864 etc.

334 895 558 970 ⁸811.
587 897 721 953 Item
746 898 874 953 alia.
890 928 959 941 -—
982 898 1174 956 Libera
1196 914 1315 968 nos,
1351 899 1597 968 Domine,
1630 911 1839 969 quaesu-

262 1000 419 1055 mus,
455 1001 487 1043 a
521 997 826 1047 nostrorum
854 989 1047 1047 debitis
1084 1001 1441 1060 peccatorum,
1465 999 1628 1061 atque
1656 1000 1711 1044 ιιι
1742 1004 1839 1045 nos

258 1092 292 1131 a
356 1080 510 1133 malis
572 1082 820 1137 omnibus
884 1083 1199 1152 propitiatus
1248 1084 1477 1153 eripias.
1534 1083 1840 1153 iniquitates

258 1179 500 1240 nostras,
514 1171 707 1241 quibus
719 1173 863 1244 iuste
883 1172 910 1212 δ
933 1175 1320 1241 retribuuntur,
1338 1175 1575 1231 absolve.
1594 1174 1715 1236 Per,
1733 1184 1840 1228 etc.

345 1274 367 1302 ε
394 1263 647 1335 Comere,
680 1281 1005 1335 quaesumus,
1036 1266 1285 1333 Domine,
1316 1266 1502 1325 hostes
1534 1266 1713 1336 populi
1744 1266 1842 1332 tui,

256 1362 315 1410 et
342 1353 536 1411 delicta
568 1366 775 1423 nostra,
800 1372 1028 1429 quorum
1058 1360 1255 1415 merito
1291 1358 1449 1419 nobis
1472 1358 1839 1424 dominantur,

258 1444 530 1511 emunda;
565 1456 645 1511 nt,
673 1462 794 1502 cum
822 1446 920 1501 tibi
958 1447 1208 1518 placitam
1247 1448 1532 1520 puritatem
1575 1449 1838 1507 mentibus

257 1537 468 1591 nostris
499 1536 785 1603 infuderis,
814 1538 1054 1610 Iargiaris
1084 1549 1138 1596 et
1166 1555 1368 1610 pacem.
1402 1540 1521 1609 Per,
1551 1551 1655 1597 etc.

339 1629 563 1699 Accipe,
586 1629 835 1696 Domine,
852 1646 1173 1700 qumsumus,
1194 1633 1511 1691 sacrificium
1533 1634 1802 1703 singulare
1819 1675 1832 1699 ,

261 1718 410 1789 quod
441 1720 706 1789 majestati
749 1730 850 1778 tuae
887 1736 1101 1792 semper
1130 1733 1183 1777 et
1213 1723 1452 1780 redditur
1489 1736 1543 1783 et
1580 1725 1830 1783 debetur.

256 1809 385 1879 Per,
418 1822 524 1866 etc.

1942 628 2158 673 scamus
2186 614 2346 673 etiam
2369 616 2640 686 religionis
2669 627 2974 688 augmento.
3011 617 3132 685 Per,
3161 629 3266 676 etc.

2013 709 2086 765 Da
2118 710 2293 778 nobis,
2331 725 2657 778 quaesumus,
2695 713 2936 780 Domine,
2972 723 3058 770 tua
3100 715 3258 789 digne
3287 725 3515 779 tractare

1941 801 2196 871 mysteria
2216 845 2229 869 ,
2267 810 2325 856 ut
2352 812 2407 857 et
2434 802 2861 861 miserationibus
2890 807 2994 861 tuis
3022 821 3252 878 congrua
3285 824 3510 877 respon-

1939 893 2163 951 deamus
2193 894 2449 964 obsequia
2468 933 2483 959 ,
2508 903 2563 955 et
2593 893 2888 953 ﬁducialius
2915 899 3174 968 speranda
3206 913 3506 969 poscamus.

1940 985 2064 1052 Per,
2096 997 2202 1041 etc.

2012 1072 2041 1113 ¹ι
2072 1077 2211 1133 Vere
2237 1076 2477 1148 dignum.
2514 1076 2774 1135 Pietatem
2809 1086 2950 1134 tuam
2976 1082 3110 1135 vctis
3137 1082 3380 1139 omnibus
3406 1096 3508 1138 ex-

1944 1176 2209 1239 petentes,
2243 1178 2299 1225 ut
2329 1169 2683 1225 humanarum
2714 1184 2892 1227 rerum
2936 1173 3279 1242 prosperitate
3318 1190 3503 1244 perce-

1943 1269 2053 1333 pta,
2085 1262 2310 1319 terrenis
2343 1273 2563 1320 eatenus
2590 1263 3045 1321 consolationibus
3067 1272 3413 1339 gratulemur,
3440 1285 3505 1327 ne

1938 1354 2132 1423 gaudia
2157 1368 2396 1425 qurerere
2427 1368 2655 1423 superna
2684 1368 2978 1421 cessemus,
3012 1358 3106 1413 sed
3134 1358 3386 1429 quidquid
3415 1361 3506 1417 la:-

1941 1442 2070 1497 titite
2108 1445 2385 1514 temporali
2416 1444 2761 1514 impenditur,
2784 1447 3071 1504 eruditioni
3100 1449 3344 1519 proﬁciat
3369 1466 3510 1507 sem-

1936 1534 2181 1605 piternzc.
2214 1536 2336 1603 Per,
2369 1546 2472 1593 etc.

2006 1626 2341 1695 Quaisumus,
2377 1628 2620 1695 Domine,
2650 1628 2787 1685 Deus
2818 1639 3021 1693 noster.
3050 1646 3186 1704 quos
3207 1647 3513 1690 sacramen»

1936 1716 2004 1771 tis
2020 1718 2195 1774 reﬁcis
2208 1761 2221 1785 ,
2241 1730 2475 1775 sustenta
2497 1722 2779 1791 przesidiis.
2797 1732 2995 1789 etquos
3008 1723 3282 1781 beneﬁciis
3300 1735 3510 1797 tempo-

1938 1812 2140 1869 ralibus
2164 1813 2408 1879 refoves,
2432 1828 2591 1884 pasce
2624 1814 2639 1852 ί
2671 1812 2909 1887 (divinis)
2939 1817 3224 1886 perpetuis.
3250 1815 3375 1883 Per,
3404 1830 3507 1875 etc.

331 1906 413 1961 Si;
461 1906 661 1962 ηοωῖηί
710 1916 821 1972 tuo.
874 1908 1117 1979 nomine,
1165 1910 1265 1967 ιιοε
1314 1912 1657 1981 sacriﬁcium.
1707 1928 1827 1970 cum
1860 1892 1905 1954 Β
2004 1902 2294 1959 Ecclesiam
2320 1912 2486 1973 tuam,
2516 1905 2760 1971 Domine,
2786 1907 2988 1976 perpeti
3017 1908 3355 1965 miseratione
3383 1924 3508 1980 pro-

247 1997 561 2065 exhibetur,
590 2008 890 2069 acceptum,
914 2011 968 2055 ut
989 2001 1254 2058 efﬁciatur
1271 2002 1468 2075 iugiter
1488 2005 1829 2077 exigendum.

248 2088 380 2159 Per,
412 2098 521 2145 etc.

386 2182 525 2239 Vere
550 2183 788 2254 dignum.
820 2185 919 2255 Qui
950 2201 1049 2243 nos
1077 2188 1385 2260 castigando
1414 2203 1574 2246 sanas
1609 2202 1663 2247 et
1691 2192 1832 2251 reto-

244 2276 428 2334 vendo
451 2276 716 2349 benignus
742 2278 940 2349 crudis,
980 2280 1106 2337 dum
1142 2282 1311 2341 mavis
1348 2283 1532 2341 salvos
1561 2299 1684 2345 esse
1713 2302 1832 2344 cor-

249 2378 459 2437 reptos,
492 2386 648 2437 quam
680 2373 856 2441 perire
882 2373 1179 2447 neglectos.
1214 2375 1337 2442 Per,
1367 2385 1472 2435 etc.

316 2461 610 2532 Supplices
640 2472 692 2519 te
721 2478 992 2537 rogamus,
1025 2466 1247 2524 Domine
1268 2466 1410 2523 Deus
1433 2478 1637 2537 noster,
1662 2480 1718 2528 ut
1742 2471 1831 2541 qui

248 2554 597 2627 percepimus
628 2555 864 2611 celestis
896 2571 1094 2613 mensae
1124 2558 1510 2627 substantiam,
1560 2561 1626 2621 ad
1670 2564 1829 2622 vitam

254 2655 277 2685 ο
300 2642 676 2718 p'ertingamus
701 2659 976 2707 mternam.
1009 2649 1130 2715 Per,
1157 2660 1261 2707 etc.

320 2736 422 2793 Tui
452 2746 603 2804 sunt,
627 2738 871 2805 Domine,
896 2740 1095 2810 populi,
1120 2742 1210 2812 qui
1239 2742 1596 2800 ministerium
1631 2754 1829 2803 nostra:

256 2832 396 2889 vocis
421 2839 749 2904 exspectant.
784 2834 1099 2903 Quaesumus
1122 2835 1459 2892 clementiam
1486 2847 1630 2895 tuam
1657 2848 1714 2895 ut
1741 2854 1828 2896 sa-

262 2922 446 2981 lutaria
475 2924 591 2995 ejus
617 2926 981 2997 poscentibus,
1009 2927 1265 2999 quidquid
1297 2928 1489 2987 ﬁducia
1526 2947 1630 2989 non
1666 2933 1829 2991 habet

274 3016 621 3088 deprecantis,
642 3019 811 3088 gratia
835 3026 1083 3090 tua,qu:e
1109 3019 1370 3079 bonorum
1395 3030 1700 3080 nostrorum
1723 3041 1826 3082 non

277 3106 479 3177 indiget,
509 3109 785 3179 largiatur.
820 3110 942 3175 Per,
973 3120 1080 3168 etc.

344 3198 411 3255 Χ.
438 3198 556 3257 Item
578 3201 703 3259 alia.
730 3230 800 3243 —
820 3202 1043 3269 Adesto,
1074 3202 1322 3269 Domine,
1344 3205 1673 3276 supplicibus
1703 3209 1828 3276 tuis,

1930 2008 2176 2066 sequere,
2215 2007 2271 2051 ut
2295 1997 2435 2053 inter
2458 1998 2638 2053 saeculi
2682 1998 2919 2054 tttrbines
2948 2000 3258 2068 constituta,
3292 2010 3343 2056 et
3372 2017 3508 2073 prte-

1932 2090 2069 2147 senti
2106 2089 2439 2159 iucunditate
2486 2092 2753 2161 respiret,
2801 2100 2858 2149 et
2901 2103 3115 2149 aeternae
3169 2094 3509 2152 beatitudinis

1934 2181 2195 2252 percipiat
2218 2182 2539 2239 claritatem.
2576 2182 2696 2249 Per,
2727 2194 2831 2241 etc.

2006 2272 2122 2331 XII.
2163 2272 2292 2330 Item
2330 2276 2456 2329 alia.
2478 2305 2543 2317 -
2567 2276 2796 2342 Adesto,
2827 2275 3081 2343 Domine,
3112 2277 3507 2351 supplicationi-

1933 2364 2035 2423 bus
2065 2365 2289 2433 nostris,
2326 2376 2380 2421 et
2406 2368 2709 2436 apostolicis
2737 2368 3209 2426 intercessidnibus
3234 2371 3510 2427 conliden-

1935 2468 2045 2525 tes,
2088 2474 2186 2515 nec
2217 2459 2372 2517 minis
2408 2458 2832 2529 adversantium,
2871 2477 2969 2519 nec
3000 2462 3107 2521 ullo
3136 2463 3509 2535 perturbemur

1934 2550 2172 2607 incursu.
2203 2550 2326 2618 Per,
2359 2562 2463 2609 etc.

2004 2642 2312 2713 Auxiliare,
2366 2643 2588 2700 Domine
2614 2686 2629 2712 ,
2676 2644 2999 2715 temporibus
3038 2646 3273 2716 nostris,
3324 2656 3379 2701 ut
3423 2657 3506 2701 tua

1930 2751 2033 2795 nos
2065 2737 2260 2807 ubique
2289 2739 2509 2797 dextera
2552 2748 2884 2811 protegente,
2914 2748 2969 2796 et
2994 2740 3266 2811 religionis
3290 2739 3509 2811 integri~

1932 2835 2045 2893 tas,
2072 2839 2124 2884 et
2162 2828 2386 2885 Romani
2418 2832 2646 2887 numinis
2672 2833 2931 2889 securitas
2959 2842 3202 2905 reparata
3230 2834 3505 2890 consistat.

1932 2921 2055 2989 Per,
2084 2932 2167 2979 etc

2005 3014 2285 3085 Supplices
2324 3030 2664 3085 qumsumus,
2702 3015 2959 3081 Domine,
3000 3026 3057 3071 ιιι
3084 3031 3275 3072 munus
3303 3016 3508 3087 trepida

1934 3110 2188 3164 servitute
2218 3113 2549 3179 propositum
2578 3151 2592 3175 ,
2633 3125 2739 3164 non
2781 3110 2849 3165 de
2885 3111 3082 3165 nostris
3124 3109 3328 3165 meritis
3367 3110 3511 3165 aesti-

1936 3206 2132 3267 metur,
2164 3199 2258 3255 sed
2284 3199 2426 3271 quod
2457 3215 2485 3253 a
2519 3209 2569 3256 te
2596 3200 2894 3255 institutum
2926 3207 3028 3266 est,
3056 3198 3392 3257 oﬁ‘erentium
3422 3208 3509 3257 tua

285 3298 333 3345 et
358 3302 613 3363 sperantes
640 3296 695 3351 in
727 3304 815 3351 tua
848 3268 1214 3353 misericordia
1240 3268 1700 3371 οωιθεῖἷρτοιεεε
1728 3268 1827 3357 ι,εῇ
1858 3268 1906 3333 C
1933 3268 2632 3364 sanctiﬁcetur'dignatione
2657 3301 2998 3365 praesentum.
3033 3295 3154 3361 Per,
3180 3302 3284 3351 etc.

277 3380 452 3454 Dignus
476 3386 689 3443 auxilio.
724 3386 847 3456 Per,
877 3396 981 3445 etc.

333 3476 575 3551 Respice,
608 3480 854 3548 Domine,
891 3496 1218 3554 quaasumus,
1259 3482 1471 3553 pietatis
1514 3492 1618 3542 tua:
1658 3486 1830 3543 subsi-

271 3566 405 3625 dium
452 3572 808 3642 postulantes.
858 3572 934 3628 Da
976 3574 1354 3644 indulgentiam
1397 3576 1532 3644 reis,
1579 3584 1637 3633 ut
1674 3578 1829 3637 nobis

265 3662 540 3718 subvenias
568 3663 885 3734 propitiatus
910 3662 1141 3721 afﬁictis.
1175 3665 1297 3733 Per,
1329 3677 1430 3722 etc.

332 3750 867 3815 'Sanctiﬁcationem
892 3767 1032 3813 tuam
1057 3758 1236 3827 nobis,
1261 3758 1507 3825 Domine,
1534 3759 1615 3816 his
1638 3771 1829 3832 myste-

260 3848 347 3905 riis
376 3848 620 3919 placatns
649 3864 895 3920 operare,
929 3865 1048 3923 qua:
1080 3865 1177 3907 nos
1218 3862 1269 3907 et
1313 3867 1341 3905 ει
1383 3852 1610 3908 terrenis
1640 3863 1829 3925 purget

261 3941 415 4006 vitiis,
447 3951 501 3997 et
526 3942 593 3997 ad
620 3942 860 3997 cmlestia
888 3941 1025 3997 dona
1054 3942 1331 4011 perducat.
1365 3943 1486 4010 Per,
1518 3952 1621 3998 etc.

324 4042 347 4080 ε
377 4033 514 4089 Vere
542 4032 781 4103 dignum.
811 4032 909 4101 Qui
934 4045 1142 4090 nostras
1165 4042 1369 4091 mentes
1391 4035 1657 4106 expiando
1679 4035 1827 4109 justi-

255 4121 407 4192 ﬁcas,
451 4134 505 4181 et
549 4124 966 4182 immortalitatis
1006 4124 1174 4182 efﬁcis
1204 4126 1545 4197 iustiﬁcando
1578 4143 1823 4199 capaces.

252 4213 369 4286 Per,
402 4227 513 4273 etc.

316 4307 667 4379 Repleamur,
700 4306 945 4375 Domine,
976 4309 1146 4380 gratia
1174 4309 1407 4363 muneris
1437 4307 1598 4375 sacri,
1628 4317 1683 4363 et
1705 4324 1824 4379 quae

250 4410 400 4468 gustu
434 4414 696 4470 corporeo
726 4399 866 4454 dulci
899 4400 1241 4455 veneratione
1278 4398 1662 4470 contingimus,
1703 4398 1822 4455 dul-

249 4491 391 4548 ciora
426 4493 696 4547 mentibus
726 4492 1037 4547 sentiamus.
1075 4492 1194 4558 Per,
1222 4500 1326 4547 etc.

314 4584 560 4641 Familize
600 4593 731 4650 tuae,
775 4584 1026 4651 Domine,
1072 4600 1255 4656 preces
1288 4583 1569 4641 miseratus
1597 4584 1704 4660 59
1729 4586 1815 4641 in-

2009 3385 2023 3437 ι
2070 3384 2203 3443 Vere
2233 3385 2472 3459 dignum.
2517 3386 2683 3457 Cujus
2715 3387 2868 3444 nobis
2906 3388 3067 3444 etiam
3109 3387 3222 3461 ipsa
3267 3387 3502 3445 medetur

1932 3482 2250 3547 austeritas,
2284 3481 2407 3537 dum
2439 3481 2693 3552 peccandi
2730 3491 2944 3539 coercet
2972 3482 3253 3551 allectum,
3283 3483 3409 3539 dum
3440 3481 3508 3539 ad

1930 3573 2334 3643 supplicandum
2368 3573 2461 3628 tibi
2497 3590 2647 3629 mens
2679 3574 2907 3629 humana
2938 3574 2994 3632 ﬁt
3032 3575 3350 3645 promptior,
3381 3576 3505 3631 dum

1928 3662 2133 3737 gratior
2159 3662 2296 3720 redit
2327 3673 2447 3734 post
2475 3667 2697 3721 adversa
2724 3664 3095 3737 tranquillitas,
3120 3673 3174 3721 et
3203 3664 3340 3722 inter
3368 3664 3503 3730 haec,

1930 3753 2150 3827 probata
2180 3754 2310 3810 ﬁdes
2340 3754 2577 3811 eruditur
2608 3756 2671 3813 ad
2701 3755 2999 3828 praemium.
3032 3756 3156 3820 Per,
3184 3764 3288 3813 etc.

2000 3847 2191 3905 Libera
2235 3864 2331 3905 nos
2368 3849 2433 3905 ab
2477 3851 2619 3905 onmi
2660 3850 2832 3915 malo,
2868 3851 3232 3922 propitiusque
3270 3850 3504 3908 concede

1927 3953 2015 4011 ut,
2046 3959 2166 4016 quae
2194 3944 2347 3999 nobis
2380 3945 2647 4015 poscimus
2678 3946 2928 4013 relaxari,
2951 3944 3050 4015 ipsi
3089 3958 3300 4016 quoque
3326 3944 3507 4016 prosis

1927 4036 2028 4093 mis
2056 4038 2409 4093 remittamus.
2440 4032 2561 4101 Per,
2592 4044 2695 4093 etc.

1997 4126 2332 4195 Qumsumus,
2361 4127 2583 4184 Domine
2609 4126 2745 4181 Deus
2767 4135 2969 4193 noster,
3002 4134 3059 4180 ut
3087 4126 3228 4196 quod
3258 4125 3408 4181 nobis
3435 4124 3500 4179 ad

1925 4218 2339 4274 immortalitatis
2380 4220 2567 4288 pignus
2610 4232 2728 4272 esse
2773 4217 3023 4282 voluisti,
3051 4217 3161 4286 ϐο
3208 4216 3271 4269 ad
3317 4215 3502 4269 salutis

1926 4318 2141 4366 aeternae
2169 4310 2369 4363 tribuas
2401 4308 2685 4378 provenire
2712 4306 3039 4376 suﬁragium.
3085 4306 3208 4369 Per,
3235 4314 3339 4361 etc.
3490 4360 3493 4365 ,

1998 4400 2023 4440 ιι
2052 4400 2373 4457 Inclinantes
2401 4414 2459 4455 se
2479 4442 2492 4467 ,
2527 4399 2787 4467 Domine,
2818 4397 3080 4468 majestati
3114 4408 3215 4453 tua:
3246 4396 3499 4468 propitia-

1927 4501 2011 4548 tus
2037 4491 2251 4547 intende
2271 4533 2284 4557 ,
2312 4502 2367 4547 ut
2398 4492 2486 4563 qui
2517 4491 2705 4547 divino
2735 4505 2959 4546 munere
2988 4498 3110 4545 sunt
3137 4489 3357 4554 refecti,
3387 4503 3498 4546 cas-

1926 4587 2141 4643 lestibus
2172 4600 2384 4656 semper
2413 4586 2725 4641 muniantur
2746 4582 2979 4640 auxiliis.
3016 4582 3140 4651 Per,
3164 4592 3268 4639 etc.

246 4676 402 4734 tende
430 4718 447 4743 ,
503 4684 557 4731 et
602 4683 713 4731 toto
762 4676 854 4732 tibi
903 4676 1064 4731 corde
1108 4676 1402 4746 subjeczam
1453 4657 1779 4748 proscqnere
1803 4721 1816 4743 ,
1851 4657 1901 4719 Ῐ)
1997 4678 2133 4733 XIII.
2170 4678 2300 4732 Item
2330 4678 2453 4732 alia.
2478 4676 2645 4732 —Da
2684 4677 2867 4743 nobis,
2908 4690 3244 4744 quaesumus,
3277 4674 3499 4731 Domine

247 4782 511 4835 sustenta,
535 4773 888 4839 circumtege;
918 4778 976 4824 ut
996 4785 1113 4840 qua:
1137 4779 1187 4825 te
1210 4770 1560 4841 gubernatore
1582 4769 1819 4839 conﬁdit,

246 4873 297 4916 et
326 4863 494 4918 nullis
526 4863 826 4934 implicetur
850 4861 1027 4931 malis,
1059 4871 1113 4918 et
1141 4861 1295 4918 bonis
1324 4862 1572 4918 omnibus
1602 4863 1819 4934 explea-

244 4962 349 5009 tur.
383 4955 512 5021 Per,
538 4961 643 5010 etc.

313 5044 404 5099 XI.
438 5042 573 5099 Item
601 5045 725 5099 alia.
762 5074 833 5086 —
870 5044 1218 5116 Omnipotens
1270 5046 1597 5114 sempiterne
1653 5044 1815 5113 Deus,

243 5139 393 5211 cujus
422 5138 527 5193 vice
549 5139 910 5196 misericordia
938 5150 1020 5195 est
1045 5156 1255 5209 semper
1278 5147 1330 5194 et
1354 5138 1569 5207 veritas,
1602 5147 1815 5209 prmsta,

312 5331 337 5357 λ
368 5324 561 5378 Exstat
595 5321 649 5376 in
682 5324 922 5381 Sacram.
950 5321 1110 5388 Greg.
1146 5320 1415 5377 Μαι-θωτΞί
1457 5324 1596 5381 inter
1631 5339 1816 5395 preces

312 5395 589 5448 otidianas
620 5400 752 5447 tom.
781 5393 846 5448 II.
880 5408 931 5448 ι).
960 5390 1087 5448 350'.

239 5395 589 5463 qumidianas
620 5400 752 5447 tom.
781 5393 846 5457 II,
880 5408 931 5461 p.
960 5393 1087 5448 350'.
1634 5393 1647 5395 ⁷

312 5462 338 5501 b
364 5468 455 5519 sic
480 5464 666 5527 codex,
697 5474 749 5519 et
776 5475 939 5529 recte,
968 5479 1087 5517 cum
1114 5462 1179 5515 ad
1207 5463 1341 5514 mala
1370 5464 1652 5521 referatur.

314 5546 338 5574 ε
367 5536 462 5591 Est
492 5534 545 5589 in
573 5534 856 5590 Gelasiano
886 5536 974 5589 lib.
1007 5550 1080 5598 III,
1115 5550 1168 5587 n.
1200 5533 1287 5589 58.

310 5604 336 5643 ἀ
364 5606 501 5661 Nuta
533 5606 836 5673 marginalis
866 5606 918 5659 in
949 5606 1165 5661 codice:
1198 5603 1320 5659 Post
1348 5607 1721 5675 inﬁrmitatem.

1928 4772 2068 4827 Deus
2100 4780 2301 4839 noster,
2336 4772 2385 4826 iu
2416 4782 2498 4826 tua
2530 4786 2743 4839 semper
2770 4770 3055 4825 devotione
3084 4769 3313 4840 gaudere
3334 4811 3348 4833 ,
3375 4769 3497 4839 quia

1930 4872 2182 4934 perpetua
2212 4874 2292 4919 est
2325 4873 2379 4920 et
2410 4862 2563 4935 plena
2594 4863 2851 4929 felicitas,
2882 4862 2928 4918 si
2967 4862 3227 4920 bonorum
3259 4860 3496 4919 omnium

1922 4958 2121 5029 jugiter
2148 4958 2439 5013 serviamus
2468 4956 2692 5013 auctori.
2718 4954 2837 5021 Per,
2872 4963 2973 5012 etc.

1996 5050 2333 5120 Quaesumus,
2364 5052 2699 5122 omnipotens
2725 5049 2888 5115 Deus,
2916 5064 2983 5104 ne
3010 5048 3077 5103 ad
3105 5043 3489 5103 dissimulatio-

1925 5159 2047 5200 nem
2076 5145 2149 5199 tui
2179 5143 2353 5201 cultus
2385 5158 2640 5216 proSpera
2664 5141 2819 5199 nobis
2845 5142 3039 5199 collata
3062 5138 3372 5203 succedant,
3396 5134 3492 5191 sed

1992 5331 2019 5372 s
2045 5322 2100 5378 In
2132 5320 2373 5389 margine
2399 5318 2637 5374 codicis:
2673 5317 2751 5389 De
2775 5320 2973 5389 iustitia

1990 5391 2019 5429 δ
2044 5395 2174 5446 Nota
2206 5384 2511 5459 marginalis
2539 5390 2589 5442 in
2616 5388 2738 5443 cod.
2768 5384 2787 5442 ι’
2809 5388 2944 5442 Dum
2972 5384 3277 5457 prosperitas
3303 5384 3496 5438 redun-

1918 5465 2029 5529 dat,
2062 5463 2282 5518 eruditio
2307 5477 2529 5528 δωρον-ιω
2552 5468 2832 5526 queratur.

1995 5533 2009 5571 ί
2048 5534 2243 5586 Divinis
2268 5543 2350 5587 est
2378 5531 2589 5583 varians
2620 5530 2796 5584 lectio.

1990 5608 2004 5654 ι
2044 5605 2099 5659 In
2143 5604 2381 5671 margine
2416 5600 2619 5657 codicis
2659 5618 2672 5652 :
2716 5599 2984 5662 Admouet,
3014 5597 3080 5650 ad
3107 5594 3495 5665 supplicandum

315 5686 340 5714 ο
368 5678 528 5743 Cod,
565 5678 931 5748 perlinuntur,
971 5677 1129 5731 male.
1179 5674 1473 5732 Blancbinii
1511 5678 1814 5734 emendatio
1917 5692 2012 5748 nos
2032 5693 2140 5730 esse
2162 5674 2513 5748 promptiores.

242 5747 713 5875 "ﬁdem...
744 5818 905 5888 στος.
944 5825 999 5873 et
1034 5817 1239 5875 Missale
1277 5819 1436 5875 Rom.
1462 5818 1597 5875 feria
1632 5818 1669 5874 δ
1696 5826 1821 5888 post

242 5887 585 5946 Domiaieam
607 5905 645 5944 tt
671 5887 1124 5952 Quadragesimar.
1606 5918 1611 5919 κ

1994 5744 2019 5783 ιι
2056 5737 2327 5799 Invenitur
2362 5743 2414 5797 in
2453 5743 2692 5798 Sacram.
2734 5738 2895 5809 Greg.
2934 5747 2991 5795 et
3022 5738 3073 5793 in
3114 5737 3311 5795 Missali
3338 5737 3502 5796 Rom.

1923 5816 2025 5874 I'er.
2052 5817 2087 5872 4
2112 5818 2383 5873 Cinerutn.
