4018 6314
533 337 598 397 τι
1522 326 1751 386 OPERA
1787 326 1846 383 S.
1887 323 2093 381 LEONI
2133 321 2369 381 MAGNO
2406 322 2826 382 ATTKIBUTA.
3734 333 3800 391 τί

535 450 605 507 ad
631 449 919 522 gratiarum
944 444 1231 513 actionem,
1256 440 1348 501 tibi
1380 444 1696 515 propensius
1726 440 2104 507 exhibendam,
2137 442 2188 500 Α
2214 451 2268 497 et
2298 450 2510 512 praesta,
2545 437 2573 477 ἀ
2598 450 2659 496 ut
2686 440 2933 498 eamdem
2967 439 3157 499 studiis
3198 442 3631 513 competentibus
3653 406 3796 503 exse-

534 544 713 614 potius
742 555 839 597 nos
860 555 1074 610 semper
1101 537 1419 594 accendant.
1448 536 1568 602 Per,
1593 545 1697 591 etc.

607 643 634 673 ι
663 632 879 689 Hostias
916 631 1044 699 tibi,
1090 632 1346 698 Domine,
1388 629 1681 686 deferimus
1731 627 2113 695 immolandas,

534 729 623 801 qui
665 727 944 799 temporali
990 727 1355 783 consolatione
1397 724 1703 796 signiﬁcas,
1748 730 1809 780 ut
1854 722 2115 794 promissa

534 837 640 877 non
673 820 1019 890 desperemus
1046 828 1265 875 aeterna.
1293 817 1417 886 Per,
1440 825 1543 873 etc.

602 912 632 952 ιι
665 914 805 970 Vere
837 912 1073 984 dignum.
1103 912 1365 979 Quoniam
1396 911 1536 967 sicut
1567 918 1658 965 tua
1697 907 1981 965 clementia
2009 920 2115 962 non

534 1005 703 1059 solum
729 1004 983 1060 beneﬁcia
1015 1012 1233 1074 prestat
1262 1002 1565 1072 immeritis,
1592 1002 1686 1059 sed
1713 1001 1956 1056 affectum
1985 1013 2120 1070 quo-

535 1111 638 1167 que
668 1095 856 1162 nobis,
901 1111 1005 1165 quo
1032 1096 1229 1167 gratias
1260 1093 1588 1162 referamus,
1623 1094 1848 1161 inSpirat
1868 1135 1883 1160 ,
1918 1092 1990 1146 ita
2018 1105 2118 1146 nos

535 1189 786 1244 convenit
816 1188 998 1244 Iaudes
1022 1196 1139 1243 tuas
1161 1228 1174 1253 ,
1203 1189 1326 1258 quia
1356 1202 1462 1242 non
1493 1200 1777 1257 possumus
1798 1194 2115 1254 competen-

537 1289 619 1335 ter
657 1280 900 1349 explere,
944 1280 1135 1336 saltem
1179 1280 1296 1335 sine
1335 1279 1633 1335 cessatione
1664 1278 2017 1348 depromere;
2061 1283 2119 1330 ut

536 1386 667 1440 quas
711 1387 998 1441 numquam
1049 1371 1373 1426 sufﬁcienter
1422 1371 1782 1436 exsolvimus,
1828 1381 2116 1438 numquam

530 1462 757 1519 reddere
786 1464 1116 1519 desinamus.
1145 1462 1265 1531 Per,
1300 1473 1403 1519 etc.

602 1556 1001 1611 Observationis
1024 1571 1214 1610 annua:
1235 1556 1547 1611 celebritate
1567 1556 1917 1626 gratulantes,
1945 1567 2003 1613 ut
2028 1572 2118 1613 eo-

530 1662 651 1703 rum
677 1662 904 1716 quorum
928 1648 1225 1704 actionibus
1252 1647 1597 1717 inhaeremus,
1642 1648 1817 1718 plenis
1843 1647 2120 1705 effectibus

533 1744 882 1814 gaudeamus.
917 1741 1039 1811 Per,
1065 1751 1168 1796 etc.

2219 548 2463 605 quamur.
2493 533 2616 601 Per,
2643 543 2746 589 etc.

2294 626 2464 692 Deus,
2489 641 2647 697 quem
2680 626 2937 696 injuSIitia
2968 634 3151 681 nostra
3195 627 3533 685 incessanter
3560 629 3795 698 offendit,

2219 718 2283 775 da
2325 720 2479 775 nobis
2518 730 2680 775 rectae
2718 719 3141 776 conversationis
3177 720 3424 778 effectum
3451 767 3465 791 ,
3508 739 3609 794 per
3651 740 3796 794 quem

2218 824 2609 880 consequamur
2629 820 2682 867 et
2702 811 2933 867 veniam.
2964 812 3089 879 Per,
3117 820 3221 868 etc.

2290 902 2498 959 Oblatio
2525 919 2619 959 nos
2639 949 2653 973 ,
2684 904 2908 960 Domine
2928 945 2942 969 ,
2974 919 3304 974 quaesumus,
3334 907 3599 962 sacranda
3627 909 3793 978 purifi-

2221 1004 2326 1059 cet,
2354 1010 2416 1051 ac
2447 995 2527 1051 sui
2558 996 2855 1053 ministerio
2876 996 3080 1066 pariter
3107 1006 3162 1053 et
3186 998 3603 1069 participatione
3621 998 3797 1072 dignos

2222 1086 2436 1143 efﬁciat.
2464 1087 2588 1153 Per,
2615 1096 2718 1142 etc.

2296 1190 2320 1219 ο
2353 1180 2491 1236 Vere
2513 1180 2749 1251 dignum.
2780 1180 2880 1248 Qui
2902 1194 3085 1236 curam
3109 1181 3279 1238 nostri
3297 1197 3362 1239 ea
3386 1182 3601 1241 ratione
3630 1185 3799 1241 mode-

2221 1273 2376 1341 raris,
2412 1282 2466 1327 ut
2510 1281 2797 1342 proventus
2826 1274 3063 1330 exterior
3090 1272 3158 1329 de
3186 1274 3523 1331 internarum
3554 1277 3799 1348 qualitate

2221 1362 2704 1435 procedat.’Nul|is
2744 1366 2939 1436 quippe
2981 1366 3278 1422 forinsecus
3324 1368 3560 1423 miseriis
3611 1369 3791 1441 afflige.

2224 1473 2363 1523 mur,
2391 1458 2435 1511 si
2463 1457 2589 1513 vitia
2618 1456 2891 1513 frenemus
2920 1458 3253 1527 animorum;
3292 1476 3389 1516 nec
3418 1461 3621 1517 visibili
3653 1462 3791 1518 dede-

2222 1550 2333 1604 cori
2383 1550 2718 1620 subjacebit,
2764 1550 2856 1622 qui
2903 1550 3060 1608 foedis
3104 1552 3487 1622 cupiditatibus
3530 1555 3791 1622 obviarit;

2223 1644 2364 1699 nulla
2407 1644 2717 1713 inquietudo
2762 1646 3071 1715 praevalebit
3102 1650 3467 1714 extrinsecus,
3502 1648 3547 1703 si
3596 1664 3794 1721 agamus

2223 1738 2385 1793 corde
2421 1740 2671 1805 sincero;
2703 1740 2864 1794 nullis
2903 1739 3196 1795 subdemur
3236 1741 3519 1812 hostibus,
3551 1745 3601 1799 si
3629 1760 3794 1815 pacem

605 1834 843 1890 Ecclesia
872 1821 989 1902 tua,
1023 1832 1247 1887 Domine
1270 1873 1284 1897 ,
1315 1832 1522 1888 caelesti
1559 1832 1727 1903 gratia
1765 1833 2035 1904 repleatur
2062 1843 2114 1889 et
2146 1829 2193 1891 B
2222 1839 2499 1887 teneamus
2527 1831 2818 1886 internam.
2846 1831 2920 1886 Ita
2952 1833 3087 1887 sicut
3114 1847 3143 1887 a
3174 1832 3386 1888 nemine
3423 1836 3601 1906 magis
3653 1852 3792 1909 quam

531 1938 766 1993 crescat;
801 1936 960 1996 atque
1007 1925 1074 1979 ab
1127 1925 1375 1980 omnibus
1414 1925 1557 1981 vitiis
1604 1924 1813 1995 expiata
1861 1928 2115 1997 percipiat

531 2022 873 2090 sempiterna:
912 2018 1297 2088 redemptionis
1336 2027 1719 2089 augmentum;
1774 2028 1832 2073 ut
1878 2019 2020 2087 quod
2061 2021 2113 2075 in

528 2111 786 2169 membris
816 2111 928 2166 suis
956 2111 1174 2181 copiosa
1206 2119 1504 2181 temporum
1542 2112 1919 2182 prorogatione
1950 2126 2114 2167 vene-

528 2218 698 2270 ratur,
724 2203 1041 2275 Spiritaliutn
1068 2204 1241 2273 capiat
1268 2204 1511 2274 largitate
1537 2203 1825 2260 donorum.
1854 2204 1978 2274 Per,
2004 2213 2108 2262 etc.

600 2295 741 2352 XIV.
770 2293 902 2351 Item
929 2295 1055 2353 alia.
1079 2326 1149 2336 —
1169 2296 1520 2366 Omnipotens
1561 2297 1887 2366 sempiterne
1930 2296 2072 2353 Deus
2091 2336 2107 2363 ,

529 2397 739 2443 mentes
766 2394 1009 2456 nostras,
1040 2402 1343 2458 quaesumus
1364 2428 1379 2455 ,
1412 2386 1478 2441 ad
1513 2402 1672 2458 opera
1714 2388 1809 2442 tibi
1849 2388 2110 2459 placitura

529 2489 804 2549 converte,
832 2490 892 2537 ut
920 2482 1190 2552 correptio
1217 2490 1307 2537 tua
1347 2496 1453 2537 non
1483 2481 1553 2537 sit
1580 2481 1969 2553 negligentibus
2002 2498 2111 2537 ma-

526 2572 612 2645 jor
642 2586 805 2628 causa
828 2588 1105 2644 poenarum
1125 2616 1141 2644 ,
1167 2572 1261 2630 sed
1292 2574 1385 2630 ﬁat
1413 2573 1647 2631 eruditio
1669 2583 1895 2644 paterna
1929 2588 2112 2630 corre-

527 2667 649 2721 ctis.
674 2666 797 2734 Per,
822 2675 926 2723 etc.

600 2757 743 2813 Deus
763 2800 777 2824 ,
805 2758 896 2829 qui
933 2773 1084 2814 sacra
1119 2758 1251 2829 legis
1284 2758 1466 2813 omnia
1503 2758 1793 2814 constituta
1813 2798 1827 2823 ,
1857 2758 1911 2813 in
1944 2766 2029 2812 tua
2056 2766 2112 2813 et

528 2850 763 2921 proximi
792 2850 1076 2907 dilectione
1123 2852 1378 2923 posuisti,
1417 2851 1484 2906 da
1521 2852 1676 2907 nobis
1702 2850 1889 2907 horum
1932 2852 2112 2922 propi-

531 2946 636 3001 tius
672 2946 1015 3003 efficientiam
1045 2947 1447 3015 mandatorum,
1474 2947 1597 3017 quia
1642 2947 1975 3017 impossibile
2004 2964 2110 3003 esse

527 3035 631 3093 sibi
657 3038 837 3093 nullus
862 3050 1100 3107 excusat,
1124 3039 1267 3110 quod
1296 3047 1444 3111 tanta
1468 3038 1729 3096 brevitate
1746 3039 2104 3109 concluditur,

524 3135 671 3198 tanta
702 3129 955 3198 aequitate
985 3130 1312 3201 pracipitur.
1345 3131 1466 3201 Per,
1501 3142 1605 3187 etc.

2219 1939 2249 1978 a
2280 1923 2434 1978 nobis
2476 1923 2741 1992 laedimur,
2773 1924 2853 1977 sic
2896 1924 3052 1978 noxia
3092 1934 3283 1979 cuncta
3326 1929 3718 1995 succumbent,
3756 1945 3790 1985 sa

2218 2016 2576 2085 nosmetipsos
2600 2024 2723 2070 ante
2758 2013 2777 2054 ί
2818 2016 3117 2072 vincamus.
3151 2017 3271 2081 Per,
3305 2025 3411 2072 etc.

2289 2107 2511 2163 Tribuat
2550 2108 2742 2170 nobis,
2798 2108 3061 2174 Domine,
3119 2125 3463 2180 quaesumus,
3523 2114 3791 2168 sanitatem

2216 2201 2411 2257 mentis
2433 2211 2485 2256 et
2515 2199 2760 2269 corporis
2782 2202 3101 2257 sacramenti
3128 2203 3198 2256 tui
3231 2202 3498 2258 medicina
3528 2204 3785 2271 caelestis;

2216 2303 2275 2351 ut
2324 2295 2483 2366 hujus
2527 2295 2841 2365 operatione
2879 2296 3109 2366 vegetati
3159 2305 3267 2350 tam
3310 2300 3599 2367 przcsentia
3644 2314 3786 2368 quam

2215 2399 2418 2445 eterna
2452 2388 2685 2445 subsidia
2719 2390 3012 2459 capiamus.
3047 2390 3170 2460 Per,
3196 2402 3300 2446 etc.

2285 2482 2672 2552 Consequatur,
2703 2481 2950 2545 Domine,
2977 2496 3302 2553 quzesnmtts,
3336 2493 3439 2538 tua:
3471 2483 3784 2539 benedictio-

2216 2574 2299 2629 nis
2327 2574 2581 2628 anxilium
2607 2616 2620 2639 ,
2659 2573 2799 2643 quod
2836 2573 3059 2643 supplex
3100 2576 3273 2644 poscit
3314 2576 3587 2642 Ecclesia;
3627 2576 3780 2647 perci~

2214 2666 2325 2736 piat
2351 2664 2766 2735 indulgentiam;
2800 2665 2925 2720 boni
2954 2667 3130 2735 operis
3160 2666 3491 2734 instruatur;
3524 2677 3779 2738 tempora-

2212 2758 2339 2813 lium
2377 2759 2756 2814 necessitatum
2798 2759 3162 2815 consolatione
3201 2762 3461 2831 respiret;
3500 2761 3564 2816 ad
3602 2760 3783 2832 gaudia

2213 2854 2537 2922 sempiterna
2578 2853 2885 2923 perveniat,
2921 2863 2975 2909 et
3011 2863 3251 2909 assumat
3283 2863 3500 2909 aeterna.
3537 2855 3656 2921 Per,
3686 2866 3782 2909 etc.

2282 2948 2388 3020 62
2418 2946 2556 3002 XVI.
2589 2946 2613 2999 Ι
2624 2956 2720 3001 tem
2743 2948 2866 3002 alia.
2895 2975 2959 2989 -σ
2995 2947 3201 3017 Adjuva
3227 2963 3341 3014 nos,
3374 2948 3514 3001 Deus
3542 2948 3785 3004 salutaris

2211 3051 2416 3107 noster,
2448 3049 2499 3094 et
2525 3038 2718 3109 quibus
2744 3038 3076 3109 supplicandi
3118 3039 3210 3093 tibi
3252 3047 3469 3108 praestas
3517 3036 3779 3103 affectum,

2213 3134 2390 3187 tribue
2416 3143 2518 3187 tuae
2548 3131 2943 3202 propitiationis
2975 3130 3243 3187 effectum.
3272 3127 3393 3195 Per,
3427 3140 3531 3185 etc.

595 3220 945 3292 Omnipotens
993 3224 1319 3294 sempiterne
1356 3223 1534 3291 Deus,
1568 3224 1659 3294 qui
1696 3224 1969 3281 offerenda
2018 3233 2108 3281 tuo
2136 3216 2183 3281 C
2254 3216 3123 3298 ‘Mysteriatua,Domine,debitis
3138 3222 3769 3293 servitutisexsequentes,

524 3313 733 3368 nomini
765 3314 981 3382 tribuis,
1011 3324 1067 3370 et
1091 3316 1269 3371 oblata
1299 3315 1572 3372 devotioni
1607 3328 1805 3373 nostrae
1835 3318 2109 3375 servitutis

527 3404 775 3472 ascribis,
807 3421 1113 3476 quaesumus
1143 3408 1485 3464 clementiam
1511 3418 1658 3464 tuam
1686 3420 1772 3477 ut,
1798 3409 1939 3480 quod
1973 3426 2103 3479 prte-

528 3504 639 3554 stas
675 3499 818 3554 unde
850 3500 923 3555 sit
962 3502 1247 3571 meritum,
1276 3502 1540 3573 proﬁcere
1582 3504 1738 3559 nobis
1774 3505 2014 3576 largiaris
2042 3507 2106 3562 ad

529 3591 831 3662 praemium.
854 3592 980 3661 Per,
1003 3603 1107 3651 etc.

600 3683 706 3756 61
732 3694 755 3723 ⁸
782 3682 918 3741 Vere
940 3685 1184 3758 dignum.
1216 3688 1321 3756 Qui
1346 3690 1753 3746 mutabilitatem
1779 3701 2013 3748 nostram
2043 3694 2111 3750 ad

530 3771 988 3833 incommutabilis
1016 3779 1089 3834 ita
1113 3779 1289 3851 justus
1319 3790 1373 3838 et
1398 3781 1660 3852 benignus
1689 3784 1897 3852 erudis,
1932 3794 1989 3841 ut
2013 3802 2112 3842 nec

531 3865 871 3937 fragilitatem
910 3868 1204 3942 destituas,
1249 3883 1305 3928 et
1346 3887 1597 3930 coerceas
1642 3874 1964 3942 insolentes;
2006 3892 2111 3948 quo

531 3958 733 4030 pariter
763 3960 991 4017 instituti
1034 3964 1117 4033 pia
1146 3967 1554 4022 conversatione
1597 3976 1649 4022 et
1690 3968 1997 4025 coelestibus
2027 3986 2112 4024 sa-

530 4052 841 4120 cramentis,
873 4053 954 4109 sic
981 4054 1135 4111 bonis
1163 4058 1606 4127 praetereuntibus
1637 4073 1779 4115 nunc
1804 4059 2021 4130 utimur,
2057 4071 2115 4116 ut

527 4139 636 4215 jam
666 4146 928 4215 possintus
956 4147 1219 4206 inhaerere
1240 4152 1533 4222 perpetuis.
1563 4153 1684 4221 Per,
1713 4164 1818 4209 etc.

598 4238 836 4310 Exaudi,
871 4241 1010 4298 Deus
1029 4284 1043 4309 ,
1070 4246 1367 4300 orationem
1396 4254 1668 4313 nostram;
1703 4256 1757 4303 et
1788 4260 1872 4303 tna
1902 4260 2109 4317 sancta,

527 4345 646 4401 qua:
679 4334 1042 4403 sumpsimus,
1085 4352 1191 4391 non
1228 4336 1291 4391 ad
1329 4336 1585 4407 judicium
1625 4339 1778 4394 nobis
1827 4342 2112 4410 provenire

528 4424 779 4491 patiaris,
818 4423 914 4479 sed
945 4425 1012 4479 ad
1038 4420 1332 4483 remedium
1375 4431 1771 4501 propitiationis
1810 4432 2106 4491 inunensze.

530 4511 653 4583 Per,
680 4524 783 4569 etc.

2213 3322 2481 3391 supplices
2502 3328 2553 3374 te
2574 3333 2825 3390 rogamus
2853 3327 2910 3373 ut
2940 3318 3081 3389 quod
3108 3318 3175 3373 ad
3207 3317 3467 3373 honorem
3502 3326 3592 3370 tua:
3615 3314 3765 3382 maje-

2212 3416 2367 3473 statis
2398 3414 2694 3481 oﬁ‘erimus,
2720 3414 2874 3469 nobis
2899 3412 3139 3483 proficiat
3164 3411 3230 3467 ad
3256 3411 3498 3468 salutem.
3520 3409 3628 3468 Per,
3657 3412 3751 3459 etc.

2288 3519 2311 3558 ε
2346 3510 2483 3565 Vere
2522 3509 2761 3579 dignum.
2795 3507 2957 3577 Cujus
2992 3516 3046 3563 et
3085 3504 3479 3577 propitiationis
3508 3497 3758 3557 exordium

2215 3600 2577 3673 principaliter
2620 3600 2744 3655 inde
2796 3599 3082 3665 sentimus,
3129 3614 3248 3654 cum
3294 3606 3505 3651 tuorum
3540 3590 3765 3650 sensibus

2213 3695 2499 3765 dignanter
2540 3692 2773 3749 infundis
2817 3692 2942 3748 totis
2998 3691 3092 3747 tibi
3145 3690 3415 3745 mentibus
3466 3686 3768 3756 supplicare,

2214 3802 2313 3843 nec
2334 3786 2580 3841 humanis
2609 3785 2820 3855 Opibus,
2852 3784 2945 3840 sed
2978 3794 3067 3838 tua
3089 3783 3283 3838 virtute
3304 3780 3603 3845 conﬁdere;
3631 3786 3681 3833 et
3700 3776 3774 3831 in-

2214 3879 2554 3937 deﬁcientem
2592 3877 2818 3948 gratiam
2849 3874 3281 3946 comprobamus,
3313 3889 3435 3929 cum
3481 3886 3577 3926 nos
3612 3868 3693 3925 vel
3730 3869 3778 3922 in

2216 3976 2314 4029 hac
2332 3973 2615 4029 devotione
2632 3970 2821 4028 tribuis
2839 3968 3266 4042 permanere,vel
3279 3967 3346 4024 de
3359 3967 3628 4038 perceptis
3640 3965 3765 4019 bene

2214 4064 2369 4129 ﬁciis,
2388 4081 2494 4119 non
2512 4064 2563 4119 in
2578 4064 2755 4131 nobis,
2772 4062 2865 4119 sed
2883 4063 2933 4117 in
2956 4069 3046 4117 tuo
3060 4061 3272 4117 nomine
3290 4060 3533 4130 gloriari.
3548 4058 3667 4125 Per,
3684 4064 3779 4113 etc.

2284 4159 2475 4216 Satiati
2501 4174 2725 4215 munere
2755 4157 3000 4224 salutari,
3029 4163 3195 4223 tuam,
3220 4155 3465 4222 Domine,
3492 4154 3785 4210 misericor-

2213 4255 2355 4311 diam
2386 4253 2759 4325 deprecamur,
2806 4250 2908 4306 hoc
2938 4249 3126 4305 eodem
3179 4258 3517 4304 sacramento
3553 4261 3660 4318 quo
3699 4257 3789 4300 nos

2214 4347 2578 4417 temporaliter
2602 4352 2836 4414 vegetas,
2865 4342 3067 4399 efficias
3089 4350 3361 4412 perpetuae
3402 4340 3529 4395 vita:
3582 4337 3786 4411 partici-

2214 4458 2329 4513 pes.
2361 4441 2480 4506 Per,
2512 4450 2617 4495 etc.

2287 4533 2583 4597 Auxiliare,
2618 4530 2863 4598 Domine,
2898 4528 3107 4583 famulis
3144 4530 3267 4598 tuis,
3299 4537 3353 4584 et
3384 4528 3438 4584 in
3482 4536 3572 4583 tua
3611 4528 3797 4598 pietate

603 4603 845 4660 Placidus
876 4606 1085 4677 aspice,
1117 4607 1376 4677 Domine,
1410 4612 1617 4681 plebem
1662 4622 1828 4684 tuam,
1863 4625 1917 4671 et
1950 4634 2105 4688 quam
2138 4601 2191 4661 Ῑ)
2218 4623 2507 4679 ﬁdentibus
2530 4623 2727 4693 jngiter
2759 4632 2875 4679 esto
2904 4622 3196 4692 propitius;
3231 4631 3287 4676 ut
3315 4630 3368 4677 et
3397 4623 3690 4691 praesentia
3717 4635 3797 4691 pe-

530 4698 657 4755 doni
686 4699 761 4753 tui
788 4699 922 4755 facis
951 4716 1070 4758 esse
1095 4713 1399 4760 consortem
1419 4750 1432 4775 ,
1464 4722 1492 4761 a
1526 4707 1680 4761 malis
1708 4710 1954 4767 omnibus
1991 4727 2111 4769 cor-

528 4794 677 4864 poris
706 4802 759 4849 et
783 4794 977 4850 mentis
1003 4797 1267 4862 emunda;
1296 4807 1354 4853 ut
1384 4799 1538 4854 noxia
1566 4798 1965 4870 perturbatione
1996 4820 2110 4861 ces-

527 4896 716 4955 sante,
759 4887 986 4944 liberum
1036 4889 1129 4945 tibi
1166 4904 1383 4961 semper
1430 4891 1721 4949 exhibeant
1774 4894 2107 4954 famulatum.

528 4979 651 5049 Per,
675 4991 781 5037 etc.

598 5074 716 5131 XV.
746 5072 880 5130 Item
906 5074 1030 5132 alia.
1052 5105 1125 5117 ——
1145 5077 1389 5135 Concede
1424 5080 1597 5149 nobis,
1628 5082 1871 5155 Domine,
1898 5103 2110 5159 quaesu-

526 5180 647 5226 mus
666 5207 680 5233 ,
708 5168 934 5238 gratiam
976 5177 1122 5226 tuam
1143 5211 1159 5239 ,
1192 5184 1288 5241 per
1312 5187 1470 5243 quam
1499 5174 1625 5231 boni
1663 5191 1784 5234 esse
1821 5182 2108 5251 possimus,

598 5315 624 5343 ιι
656 5306 805 5384 Hanc
826 5306 1024 5384 habent
1052 5309 1191 5384 id_em
1222 5309 1462 5384 Sacram.
1489 5313 1649 5384 Greg.
1677 5326 1732 5372 et
1764 5318 1978 5377 Missale
2005 5322 2107 5378 fer.

526 5374 561 5431 3
585 5387 705 5448 post
726 5378 1060 5436 Duminicam
1092 5381 1381 5437 Passionis.

526 5527 545 5573 ‘
594 5453 622 5493 ι»
649 5449 706 5505 In
733 5454 969 5522 margine
994 5452 1140 5519 cod.,
1173 5452 1520 5525 Inspiratione
1546 5456 1643 5512 Dei
1668 5461 1848 5530 gratia:
1875 5464 2107 5533 refermu-

552 5536 630 5573 ur.

552 5536 630 5577 ur.

602 5591 778 5666 ῗΝοιε
809 5595 1113 5666 marginalis
1136 5611 1150 5648 :
1174 5594 1383 5652 Coercet
1421 5599 1709 5656 insolentes.

560 5661 623 5789 ,ια
651 5661 971 5747 Quwsumui,
998 5679 1151 5723 antea
1173 5669 1529 5738 praemissum,
1556 5670 1643 5726 In'c
1663 5673 1929 5742 superflue
1952 5691 2106 5745 repe-

560 5751 576 5789 ι
600 5750 663 5788 ur
687 5752 741 5789 tn
770 5751 871 5789 ms.
992 5770 995 5773 ι

528 5750 663 5792 ιἰιιιι·
687 5752 741 5790 ιη
770 5751 871 5792 ms.
992 5770 995 5773 λ

601 5815 627 5843 ⁸
659 5807 714 5861 In
751 5809 993 5892 margine
1028 5812 1226 5871 codicis
1272 5830 1286 5872 :
1318 5812 1427 5870 Pro
1465 5814 1596 5871 vitiis
1642 5816 1822 5887 quibus
1863 5818 2079 5892 subjace

526 5876 898 5952 mactandas
926 5876 1088 5938 Deus.

2216 4716 2404 4783 ricula,
2440 4726 2489 4771 te
2520 4723 2853 4785 protegente,
2886 4714 3176 4782 declinent,
3210 4724 3265 4769 et
3294 4713 3471 4769 futura
3503 4715 3721 4786 gaudia,
3754 4722 3800 4766 te

2212 4810 2493 4880 largiente,
2519 4808 2837 4878 percipiant.
2864 4805 2987 4873 Per,
3022 4815 3126 4861 etc.

2286 4900 2449 4956 XVII.
2483 4898 2616 4954 Item
2645 4900 2769 4953 alia.
2818 4930 2884 4939 ——
2921 4896 2952 4937 ιι
3000 4898 3191 4966 Parce,
3231 4898 3479 4968 Domine,
3514 4914 3679 4968 parce
3716 4910 3805 4969 po.

2214 4994 2343 5066 pulo
2370 5002 2482 5063 tuo,
2508 5002 2564 5047 ut
2594 4992 2767 5061 dignis
2792 4990 3237 5061 ﬂagellationibus
3276 4990 3598 5061 castigatus,
3637 4991 3690 5047 in
3719 4998 3804 5044 tua

2215 5088 2562 5143 miseratione
2593 5085 2843 5155 respiret.
2877 5082 2997 5148 Per,
3030 5090 3133 5139 etc.

2289 5178 2515 5247 Exaudi,
2539 5176 2785 5245 Domine,
2809 5177 3024 5248 plebem
3050 5183 3216 5244 tuam,
3237 5182 3291 5230 et
3312 5172 3454 5245 quod
3477 5188 3589 5230 non
3614 5174 3808 5230 habent

2297 5319 2314 5357 ί
2347 5318 2422 5372 Ita
2448 5316 2638 5371 codex.
2672 5314 2825 5381 Apud
2858 5314 3201 5369 Muratorium
3226 5312 3483 5367 vincemus
3522 5328 3591 5369 ex
3626 5328 3805 5369 cmen-

2217 5390 2430 5446 dationc
2457 5403 2487 5442 a
2516 5386 2829 5441 Blanchinio
2856 5386 3106 5456 indicata,
3135 5398 3255 5454 qua:
3282 5393 3459 5439 tamen
3499 5383 3807 5441 necessaria

2218 5477 2323 5516 non
2357 5459 2584 5514 videtur.

2287 5542 2311 5578 ε
2342 5531 2474 5585 Nota
2504 5529 2729 5600 margin.
2764 5528 2817 5582 in
2846 5527 2967 5582 cod.
3004 5544 3016 5580 :
3051 5526 3174 5600 Non
3203 5525 3458 5595 conﬁdere
3484 5526 3545 5580 in
3577 5528 3769 5582 divitiis
3791 5566 3807 5593 ,

2216 5603 2312 5657 nisi
2334 5603 2385 5654 in
2412 5600 2504 5654 Dei
2528 5598 2693 5669 gratia
2725 5608 2937 5665 tantum,
2970 5598 3169 5652 suadet.

2287 5674 2316 5710 ιι
2345 5672 2590 5726 Occurrit
2625 5674 2741 5726 haec
2767 5672 2940 5725 oratio
2969 5671 3020 5724 in
3056 5670 3215 5724 codd.
3246 5670 3468 5737 Gregor.
3507 5678 3568 5724 et
3607 5670 3662 5724 in
3695 5669 3815 5724 Mis-

2211 5745 2310 5800 sali
2351 5743 2506 5798 Rom.
2541 5743 2670 5797 feria
2702 5744 2734 5797 5
2768 5752 2892 5795 ante
2922 5741 3252 5795 Duminicam
3292 5741 3308 5793 Ι
3340 5740 3809 5811 Quadragcsimaa.

2209 5815 2271 5871 In
2291 5815 2520 5871 laudatis
2547 5823 2725 5871 autem
2750 5813 2905 5869 codd.
2938 5813 3204 5883 repetitur
3232 5816 3370 5867 inter
3401 5813 3693 5870 orationes
3717 5825 3808 5884 pro

2196 5887 2459 5961 peccatis.
