4018 6314
201 403 281 463 7'5
693 345 701 374 ἰ
917 345 922 349 ⁷
1040 395 1241 457 LIBER
1279 392 1890 454 SACRAMENTORUM
1931 395 2285 454 ECCLESIE
2325 397 2647 457 ROMANIE.
3085 351 3088 356 ι
3415 404 3490 465 τι

202 526 406 582 merita
435 505 828 595 supplicantum
848 561 861 584 ,
893 524 982 574 tua
1020 531 1119 572 nos
1153 529 1365 586 semper
1391 517 1560 584 gratia
1593 528 1799 585 prave-
1825 519 1883 577 Α

203 617 372 672 niens
400 616 674 686 largiatur.
715 614 835 678 Per,
870 620 977 666 etc.

281 709 560 764 Altaribus
593 708 720 773 tuis,
755 705 995 769 Domine,
1032 715 1249 756 munera
1286 707 1482 754 nostra;
1521 700 1796 755 servitutis

202 800 514 866 inferimus,
557 813 674 868 quae
714 797 950 865 placatus
973 802 999 830 ι
1027 793 1277 861 accipias,
1309 801 1361 847 et
1401 800 1676 861 acceptum
1702 790 1797 846 tibi

202 903 479 955 nostrum,
531 903 858 960 quzesnmns,
913 885 1251 951 famulatum,
1307 893 1361 940 et
1406 893 1797 940 sacramentum

202 994 414 1038 nostra:
437 983 824 1052 redemptionis
843 979 1098 1036 efﬁciant.
1126 978 1249 1046 Per,
1281 988 1385 1033 etc.

279 1077 426 1130 Vere
454 1077 692 1144 dignum.
728 1078 771 1130 A
802 1084 887 1127 tua
909 1072 1050 1128 enim
1083 1070 1367 1141 numqltam
1397 1077 1481 1124 est
1509 1069 1665 1124 laude
1685 1083 1805 1124 οεδ-

204 1171 470 1233 smdum,
504 1185 622 1238 qua:
645 1176 699 1221 et
731 1168 870 1221 inter
893 1165 1165 1234 angustias
1192 1161 1555 1217 necessarium
1588 1169 1808 1228 praestat

200 1266 500 1330 auxilium,
532 1274 586 1320 et
617 1264 667 1318 in
698 1263 1053 1332 prosperitate
1097 1259 1392 1328 gratiarum
1429 1255 1525 1309 tibi
1568 1254 1810 1310 referens

201 1357 510 1421 actionem,
535 1368 736 1426 quanto
766 1371 864 1409 nos
907 1368 1171 1408 memores
1218 1351 1343 1404 facit
1381 1364 1501 1404 esse
1541 1348 1806 1414 beneﬁcii,

199 1458 367 1502 tanto
397 1450 552 1503 nobis
578 1461 664 1502 tua
699 1447 868 1515 magis
890 1446 1026 1498 dona
1051 1443 1321 1497 conciliat.
1346 1441 1465 1504 Per,
1489 1450 1594 1496 etc.

275 1539 310 1577 δ
343 1540 693 1605 Quaesumus,
729 1539 951 1592 Domine
981 1536 1121 1589 Deus
1152 1542 1354 1597 noster,
1389 1542 1443 1586 ut
1468 1546 1600 1600 quos
1625 1531 1805 1585 divina

209 1633 427 1688 tribuis
488 1634 892 1702 participatione
931 1631 1194 1700 gaudere,
1242 1629 1483 1682 humanis
1519 1641 1624 1681 non
1661 1626 1804 1680 sinas

208 1724 511 1791 subjacere
542 1722 812 1790 periculis.
844 1721 964 1785 Per,
997 1729 1101 1774 etc.

287 1814 647 1882 Omnipotens
674 1813 997 1882 sempiterne
1029 1811 1189 1876 Deus,
1227 1809 1407 1880 pepuli
1446 1809 1619 1864 ﬁdelis
1653 1809 1804 1864 insti-

1985 513 2004 552 ί
2039 515 2265 579 Exaudi,
2299 516 2535 586 Domine,
2560 531 2881 588 quasumns,
2907 521 3161 590 gemitum
3184 521 3363 595 populi
3383 525 3486 595 tui,
3539 566 3548 574 .

1901 621 2003 662 nec
2036 608 2157 676 plus
2186 609 2325 676 apud
2351 617 2402 662 te
2429 609 2598 665 valeat
2626 611 2850 670 olensio
2880 615 3299 688 delinquentium
3325 632 3489 690 quam

1903 699 2180 754 miseratio
2209 710 2318 765 tua,
2352 714 2563 769 semper
2587 703 2783 760 indulta
2806 705 3026 764 ﬂetibus
3052 710 3486 779 supplicantium.

1902 790 2026 857 Per,
2060 800 2164 847 etc.

1975 850 2308 939 Sacriﬁcium
2340 884 2473 950 tibi.
2522 850 2778 953 Domine,
2827 889 3204 947 celebrandum
3252 894 3491 963 placatus

1906 976 2156 1040 intende;
2188 977 2330 1046 quod
2360 985 2414 1031 et
2441 991 2541 1031 nos
2569 993 2597 1030 a
2630 978 2772 1032 vitiis
2799 989 2999 1036 nostra
3029 982 3137 1055 64
3167 986 3494 1042 conditionis

1909 1072 2183 1134 emundet,
2212 1081 2267 1125 et
2295 1084 2383 1126 tuo
2407 1071 2612 1126 nomini
2642 1072 2827 1127 reddat
2855 1086 3117 1144 acceptos.
3146 1078 3268 1147 Per,
3301 1091 3407 1137 etc.

1987 1172 2010 1208 ε
2037 1162 2173 1218 Vere
2193 1164 2426 1234 dignum.
2452 1164 2553 1232 Qui
2577 1164 2697 1220 ideo
2717 1165 2898 1220 differs
2927 1176 3043 1222 vota
3066 1173 3414 1238 poscentium,
3437 1182 3497 1231 ut

1915 1251 1969 1306 in
2002 1253 2113 1322 ipsa
2141 1269 2350 1324 quoque
2379 1255 2766 1324 deprecationis
2789 1258 3143 1316 diuturnitate
3180 1264 3492 1332 proﬁciant;

1914 1353 1970 1398 et
1992 1346 2194 1398 tardius
2218 1347 2480 1413 postulata
2503 1346 2826 1414 praestando,
2857 1348 3094 1404 ﬁdelium
3119 1360 3328 1406 tuorum
3351 1370 3496 1410 men-

1911 1435 2058 1490 tibus
2100 1445 2353 1504 praestare
2395 1440 2738 1505 cognosceris
2787 1438 3090 1495 devotionis
3137 1454 3498 1512 augmentum.

1911 1528 2034 1590 Per,
2067 1538 2173 1584 etc.

1983 1621 2315 1690 Majestatem
2344 1631 2488 1678 tuam
2510 1625 2825 1695 suppliciter
2854 1627 3243 1697 deprecamur,
3277 1641 3336 1686 ut
3361 1633 3502 1690 sicut

1910 1728 2012 1769 nos
2036 1717 2277 1784 corporis
2296 1727 2348 1770 et
2377 1719 2650 1787 sanguinis
2672 1723 2995 1776 sacrosancti
3023 1725 3194 1791 pascis
3219 1725 3496 1793 alimento,

1911 1807 1984 1861 ita
2015 1807 2209 1862 divinae
2237 1819 2436 1863 natum
2469 1811 2630 1865 facias
2656 1827 2775 1866 esse
2805 1824 3104 1868 consortes.
3141 1815 3261 1880 I‘er,
3293 1827 3396 1872 etc.

203 1911 368 1958 tutor
392 1913 444 1958 et
474 1913 673 1970 rector,
707 1903 757 1956 in
789 1902 981 1956 familia
1003 1913 1336 1957 sacramento
1362 1901 1432 1954 tui
1466 1901 1694 1955 nominis
1717 1915 1804 1955 ac-
1831 1895 1882 1956 Β
1982 1897 2322 1964 (Σωιοειίὺυς,
2352 1899 2594 1966 Domine,
2621 1916 2946 1969 quaesumus,
2974 1905 3235 1972 praesidiis
3254 1907 3495 1962 munian-

201 1995 437 2066 quisita,
478 1995 664 2066 gratize
702 2003 804 2049 tua:
845 1996 982 2048 dona
1027 1993 1268 2061 custodi;
1306 2003 1362 2048 ut
1414 1993 1548 2047 bona
1591 2009 1708 2062 qua:
1750 2002 1805 2049 te

201 2099 440 2144 auctore
471 2088 731 2157 percepit,
763 2087 868 2158 63
894 2097 943 2140 te
974 2094 1283 2155 protegente
1307 2093 1588 2140 serventur
1614 2085 1663 2156 (ο
1693 2085 1806 2138 Ali-

205 2191 301 2243 ter,
337 2189 395 2233 tc
428 2178 688 2246 largiente
709 2179 977 2246 copiosius
998 2175 1331 2246 augeantur).
1358 2177 1477 2238 Per.
1501 2187 1607 2231 etc.

275 2269 474 2324 XVIII.
510 2267 642 2322 Item
674 2270 796 2322 alia.
821 2267 1258 2336 -—Omnipotens
1287 2267 1610 2335 sempiterne
1635 2266 1798 2331 Deus.

205 2362 270 2416 da
303 2361 470 2414 nobis
507 2360 836 2414 voluntatem
871 2369 1012 2413 tuam
1065 2359 1206 2414 fideli
1246 2369 1420 2414 mente
1461 2359 1710 2425 retinere,
1752 2366 1809 2414 et

207 2453 291 2523 pia
321 2453 742 2509 conversatione
767 2453 1120 2522 depromere;
1150 2462 1207 2506 ut
1235 2453 1473 2508 Ecclesia
1503 2459 1589 2506 tua
1621 2467 1650 2506 a
1683 2467 1808 2520 pro-

209 2547 343 2601 fanis
369 2545 698 2599 vanitatibus
720 2545 953 2613 expiata,
981 2559 1083 2598 non
1106 2545 1245 2598 aliud
1271 2544 1584 2614 proﬁteatur
1607 2542 1800 2608 verbis,

214 2637 351 2692 aliud
383 2646 642 2692 exerceat
670 2636 899 2691 actione.
934 2637 1052 2702 Per,
1083 2648 1186 2692 etc.

285 2728 495 2784 Exaudi
529 2744 646 2793 nos,
680 2725 902 2781 Domine
927 2727 1062 2781 Deus
1093 2736 1294 2793 noster,
1326 2737 1378 2782 et
1403 2742 1430 2780 a
1454 2728 1803 2798 pravitatibus

223 2824 403 2878 mundi
429 2833 642 2878 tuorum
672 2823 916 2877 discerne
945 2821 1103 2877 corda
1133 2822 1386 2888 ﬁdelium,
1421 2831 1478 2876 ut
1508 2823 1596 2893 qui
1625 2823 1806 2878 Domi-

229 2931 340 2970 num
385 2931 482 2970 sua
522 2930 653 2970 voce
697 2915 1056 2985 pronuntiant,
1090 2915 1142 2968 in
1164 2914 1480 2969 diabolicam
1525 2931 1630 2970 non
1664 2917 1802 2971 reci-

238 3005 351 3062 dant
382 3007 716 3062 servitutem.
750 3005 868 3070 Per,
905 3016 1009 3059 etc.

305 3096 373 3151 Ut
411 3097 500 3152 tibi
527 3107 669 3167 grata
709 3099 836 3160 sint,
875 3096 1118 3160 Domine,
1152 3111 1368 3150 munera
1400 3096 1580 3164 populi
1612 3098 1706 3162 tui,
1741 3098 1808 3152 ab

255 3186 406 3250 omni,
436 3203 750 3254 quaesumus,
785 3201 882 3240 nos
903 3186 1147 3255 contagio
1170 3186 1532 3254 perversitatis
1554 3187 1806 3251 emunda,

1909 1999 2018 2057 tur,
2039 1990 2130 2060 qni
2155 1992 2205 2044 in
2234 2001 2319 2046 tua
2343 1994 2673 2062 protectione
2690 1994 3041 2062 conﬁdentes,
3065 1999 3116 2051 in
3143 2008 3192 2053 te
3211 2000 3329 2053 solo
3354 2000 3497 2056 Pra-

1909 2083 2027 2137 sule
2048 2083 2359 2151 gloriantes,
2384 2093 2475 2138 tuo
2496 2100 2707 2155 semper
2724 2087 3001 2144 foveantur
3016 2092 3234 2144 auxilio.
3255 2093 3373 2159 Per,
3389 2102 3494 2149 etc.

1981 2173 2100 2228 XX.
2132 2173 2260 2227 Item
2282 2178 2406 2230 alia.
2449 2202 2502 2216 --
2531 2177 2754 2247 Exaudi,
2781 2179 3026 2244 Domine,
3054 2195 3242 2250 preces
3266 2190 3494 2252 nostras,

1910 2275 1966 2321 et
1993 2268 2152 2322 celeri
2183 2283 2277 2322 nos
2309 2269 2682 2338 propitiatione
2711 2271 2940 2326 laetiﬁca.
2973 2272 3092 2338 Per,
3123 2283 3226 2327 etc.

1983 2356 2008 2394 δ
2042 2359 2284 2425 Intende,
2317 2361 2560 2425 Domine,
2592 2377 2918 2432 qumsumus,
2949 2365 3215 2432 supplices
3255 2374 3402 2431 tuos;
3442 2373 3496 2424 et

1912 2452 2110 2520 pariter
2141 2453 2293 2506 nobis
2332 2452 2716 2524 indulgentiam
2761 2456 2934 2511 tribue
2977 2455 3239 2526 benignus
3277 2467 3331 2512 et
3361 2472 3496 2527 gau-

1911 2543 2078 2598 dium.
2110 2545 2232 2610 Per,
2265 2553 2368 2600 etc.

1990 2637 2005 2674 ί
2041 2637 2276 2704 Hostias,
2311 2638 2554 2708 Domine,
2585 2641 2798 2711 suscipe
2828 2643 3067 2711 placatus
3097 2645 3332 2710 oblatas,
3367 2659 3497 2715 quas

1909 2731 2324 2796 sanctiﬁcando,
2358 2734 2548 2799 nobis,
2590 2750 2928 2804 quaesumus,
2973 2736 3173 2791 efﬁcias
3213 2738 3496 2794 salutares.

1910 2823 2034 2888 Per,
2065 2834 2166 2878 etc.
2994 2885 3002 2896 ,

1986 2916 1999 2964 i
2045 2914 2182 2969 Vere
2207 2915 2446 2984 dignum.
2477 2915 2577 2982 Qui
2607 2919 2919 2974 calestibus
2947 2919 3241 2988 disciplinis
3262 2936 3327 2974 ex
3351 2924 3500 2980 omni

1913 3013 2063 3072 parte
2089 3022 2184 3060 nos
2217 3008 2519 3073 instruens,
2550 3011 2777 3078 qualiter
2812 3026 2842 3064 a
2889 3011 3134 3066 ﬁdelibus
3184 3016 3286 3066 tuis
3339 3014 3500 3070 falsos

1913 3093 2106 3147 fratres
2162 3096 2588 3151 discerneremus
2646 3101 2672 3135 κ
2729 3100 3062 3165 ostendens,
3113 3101 3375 3169 Unigeniti
3426 3104 3502 3158 tui

1914 3199 2049 3238 voce
2082 3188 2426 3252 pronuntias:
2471 3187 2553 3238 Ex
2593 3187 2839 3250 fructibus
2875 3205 3048 3241 eorum
3077 3193 3384 3260 cognoscetis
3416 3208 3504 3246 eos

257 3291 347 3330 nec
373 3275 510 3330 falsis
534 3279 728 3346 gaudiis
758 3277 1024 3332 inhzrere
1056 3275 1292 3344 patiaris,
1328 3272 1354 3311 ά
1390 3290 1526 3345 quos
1565 3274 1633 3329 ad
1671 3275 1811 3330 veri-
1835 3258 1885 3318 (ἶ
1919 3273 2136 3345 (Matth.
2171 3292 2266 3339 vn,
2292 3275 2404 3346 20).
2435 3277 2508 3332 De
2537 3277 2618 3332 bis
2638 3290 2762 3332 sunt
2782 3280 2921 3334 enim
2946 3281 3113 3337 inflati
3135 3258 3295 3338 sensu
3321 3291 3503 3339 carnis

255 3364 364 3418 tatis
393 3373 487 3419 tua:
515 3369 723 3434 prtemia
755 3368 940 3422 venire
971 3367 1256 3435 promittis.
1293 3365 1416 3432 Per,
1446 3376 1549 3421 etc.

313 3455 440 3511 Vere
485 3457 720 3528 dignum.
771 3459 872 3524 Qui
920 3457 1216 3512 Ecclesiam
1277 3466 1418 3510 tuam
1465 3471 1494 3509 a
1548 3455 1806 3511 diabolica

244 3545 566 3603 simulatione
605 3549 685 3603 vis
725 3562 844 3604 esse
875 3557 1171 3618 purgatam,
1208 3557 1365 3617 atque
1395 3556 1506 3601 uta
1537 3547 1673 3602 fictis
1700 3549 1811 3601 sin-

242 3649 351 3692 cera
381 3639 677 3707 discernas,
708 3655 770 3696 es
800 3655 1021 3711 operum
1053 3641 1302 3710 qualitate
1352 3643 1549 3696 fructus
1589 3641 1811 3711 intelligi

243 3733 476 3802 przctpis
504 3735 871 3800 voluntatum;
905 3734 968 3788 ad
1003 3743 1056 3789 te
1085 3735 1354 3804 pertinere
1385 3751 1488 3788 non
1520 3745 1808 3803 reputans,

241 3837 362 3890 quos
384 3825 472 3879 vel
501 3825 840 3881 dissimulare
868 3841 985 3895 quae
1015 3835 1101 3880 tua
1133 3835 1275 3892 sunt,
1304 3826 1387 3882 vel
1429 3827 1510 3880 bis
1547 3827 1812 3880 contraria

240 3917 568 3985 perspexeris
593 3918 822 3987 operari.
854 3917 1006 3974 Unde
1037 3917 1398 3973 benedicimus
1429 3928 1480 3973 te
1499 3958 1514 3983 ,
1547 3917 1770 3973 Domine
1793 3957 1810 3985 ,

243 4015 384 4078 teque
409 4010 588 4064 debita
615 4011 872 4067 servitute
904 4011 1196 4066 laudamus.
1231 4011 1352 4076 Per,
1387 4020 1490 4066 etc.

301 4102 501 4157 Adesto
530 4101 701 4167 nobis,
732 4103 1067 4172 omnipotens
1107 4111 1160 4156 et
1202 4103 1509 4158 misericors
1550 4103 1719 4169 Deus,
1761 4109 1817 4156 et

240 4202 566 4248 sacramenta
592 4208 712 4263 quae
738 4193 1085 4262 sumpsimus,
1119 4209 1215 4248 nec
1247 4195 1444 4249 nostris
1482 4193 1814 4260 excessibus,

239 4296 328 4336 nec
354 4283 547 4338 alienis
579 4284 854 4352 permittas
880 4285 1067 4340 violari
1095 4287 1347 4354 peccatis.
1384 4287 1503 4352 Per,
1538 4295 1643 4340 etc.

307 4374 537 4445 Gregem
569 4385 740 4441 tuum,
773 4376 959 4430 Pastor
983 4377 1154 4442 bone,
1183 4377 1418 4447 placatus
1461 4377 1680 4432 intende
1706 4417 1721 4444 ,
1763 4384 1821 4432 et

239 4481 354 4524 oves
380 4483 515 4539 quas
538 4469 780 4536 pretioso
804 4469 1057 4538 sanguine
1078 4468 1387 4534 redemisti,
1425 4469 1686 4524 diabolica
1712 4484 1819 4525 non

238 4559 377 4614 sinas
418 4559 726 4614 incursione
753 4560 993 4616 lacerari.
1028 4559 1152 4626 Per,
1182 4568 1292 4616 etc.

1916 3382 2049 3434 suae,
2082 3377 2134 3422 et
2159 3382 2264 3422 non
2299 3378 2538 3424 tenentes
2567 3379 2743 3441 caput.
2774 3370 2849 3425 De
2885 3371 2965 3426 bis
3003 3381 3128 3428 sunt
3159 3374 3247 3444 qui
3291 3383 3502 3430 terrena

1915 3460 2204 3528 sapientes,
2231 3462 2301 3514 ita
2323 3461 2720 3530 deprecantium
2747 3473 2797 3518 te
2821 3466 2980 3520 verba
3007 3464 3024 3505 ι
3052 3468 3346 3535 fastidiunt,
3375 3475 3501 3539 quia

1915 3550 2177 3604 animales
2198 3559 2357 3622 atque
2381 3556 2647 3620 carnales,
2672 3572 2790 3626 quae
2813 3567 2938 3613 sunt
2959 3560 3178 3630 spiritus
3201 3561 3315 3626 Dei,
3337 3563 3498 3617 stulta

1915 3648 2094 3695 mente
2124 3656 2229 3695 non
2254 3644 2490 3710 capiunt.
2524 3645 2598 3700 De
2625 3646 2708 3701 his
2736 3657 2860 3702 sunt
2890 3651 3102 3718 reprobi
3135 3651 3276 3706 circa
3314 3653 3501 3720 ﬁdem,

1917 3730 2005 3798 qui
2038 3731 2342 3788 nescientes
2369 3749 2487 3803 qua:
2514 3736 2817 3806 loquantur,
2845 3756 3018 3810 neque
3046 3743 3112 3797 de
3141 3745 3334 3813 quibus
3357 3746 3502 3800 afﬁr-

1919 3831 2084 3884 ment,
2131 3837 2273 3892 stepe
2313 3825 2626 3881 subvertere
2669 3830 2842 3882 conati
2884 3840 3083 3886 suntet
3109 3843 3388 3888 conantur.
3424 3834 3502 3891 De

1919 3910 2000 3965 his
2030 3921 2155 3966 sunt
2191 3913 2399 3968 subdoli
2450 3917 2719 3984 operarii,
2769 3920 2856 3988 qui
2904 3923 3175 3977 introeunt
3220 3925 3504 3992 explorare

1920 4004 2172 4060 Ecclesiae
2207 4006 2531 4074 libertatem,
2561 4025 2718 4078 quam
2751 4011 2908 4067 habet
2933 4015 2982 4066 in
3014 4014 3226 4070 Christo
3247 4057 3262 4079 ,
3296 4025 3353 4068 ut
3379 4031 3504 4072 eam

1918 4110 2100 4152 secum
2145 4096 2199 4152 in
2244 4106 2452 4166 turpem
2495 4100 2736 4169 redigant
2773 4105 3105 4158 servitutem.
3153 4107 3226 4159 De
3269 4107 3349 4159 bis
3377 4116 3504 4161 sunt

1920 4188 2010 4258 qui
2035 4197 2316 4257 penetrant
2340 4190 2550 4252 domos,
2580 4201 2632 4243 et
2655 4191 2889 4257 captivas
2917 4194 3114 4246 ducunt
3141 4196 3500 4262 mulierculas,

1921 4287 2168 4332 oneratas
2201 4279 2462 4346 peccatis;
2495 4294 2600 4332 non
2631 4280 2856 4333 solumm
2889 4282 3167 4334 viduarum
3199 4283 3496 4348 facultates,

1920 4370 2016 4426 sed
2046 4370 2363 4424 devorantes
2390 4371 2552 4424 etiam
2581 4373 2910 4426 maritarum.
2941 4373 3028 4428 Isti
3055 4373 3163 4442 jam
3196 4390 3293 4431 nec
3329 4376 3503 4446 iustos

1923 4469 2177 4530 appetunt
2201 4475 2259 4516 se
2290 4459 2478 4529 videri,
2509 4476 2608 4517 nec
2623 4462 2815 4517 saltem
2839 4463 3038 4520 deforis
3071 4476 3217 4533 sunt,
3253 4468 3332 4522 vel
3356 4467 3504 4523 deal-

1923 4555 2056 4620 bati,
2099 4554 2182 4609 vel
2211 4554 2332 4620 loti,
2374 4554 2469 4609 sed
2508 4555 2710 4624 palam,
2751 4556 2951 4625 pudore
2973 4558 3196 4624 calcato,
3229 4559 3294 4614 de
3328 4561 3505 4629 pravis

301 4651 442 4706 XIX.
480 4650 612 4707 Item
639 4651 762 4706 alia.
793 4682 865 4692 ——
888 4662 910 4689 ο
939 4653 1184 4722 Suscipe,
1213 4665 1537 4722 qumsumus,
1570 4652 1812 4716 Domine,
1840 4619 1897 4682 D
1921 4647 2415 4703 conversationibus
2435 4648 2546 4702 suis
2567 4648 2730 4702 etiam
2752 4649 3068 4719 gloriantur,
3098 4660 3151 4705 et
3177 4653 3320 4707 domi
3345 4652 3502 4708 foris-

237 4756 423 4812 preces
463 4756 705 4812 nostras,
732 4754 787 4800 et
813 4746 1155 4801 clamantium
1186 4744 1252 4799 ad
1283 4754 1334 4800 te
1362 4746 1448 4816 pia
1481 4754 1601 4801 vota
1632 4746 1815 4818 pr0pi-

238 4834 334 4890 tius
365 4837 596 4892 intuere.
624 4837 744 4902 Per,
773 4845 878 4894 etc.

303 4961 326 4988 ι
353 4951 486 5006 Cod.
517 4953 786 5018 accipiens,
819 4961 872 5008 et
895 4951 1051 5018 infra,
1085 4951 1281 5020 eﬂlcial.

301 5021 327 5059 δ
364 5022 580 5077 Missale
608 5022 762 5076 Rom.
800 5024 932 5076 banc
960 5019 1256 5076 orationem
1294 5019 1510 5075 exhibet
1537 5021 1588 5075 in
1633 5021 1811 5077 Domi-

237 5093 345 5146 nica
378 5091 548 5145 XXIII
579 5103 699 5160 post
738 5092 1110 5155 Pentecosten,
1140 5101 1192 5146 et
1222 5092 1274 5145 itt
1303 5092 1670 5147 communibus
1697 5109 1813 5149 ora-

241 5161 685 5225 tionibus,contra
718 5175 1058 5232 persecutores
1091 5161 1349 5218 Ecclesia.

305 5243 324 5267 ε
354 5233 680 5286 Adverbium
711 5231 857 5287 aliter
887 5234 1050 5288 textui
1082 5233 1340 5288 insertum
1371 5231 1424 5286 in
1464 5233 1646 5289 codice
1669 5273 1684 5301 ,
1721 5248 1812 5289 va-

239 5300 460 5356 riantem
494 5304 684 5356 innuit.

302 5373 327 5406 ά
357 5373 454 5448 Sic
476 5373 668 5448 codex.
701 5373 1038 5448 Illuratorius,
1067 5372 1266 5448 quib!“-
1320 5442 1368 5448 __
1446 5443 1450 5448 .

307 5451 329 5477 ε
360 5444 547 5497 Afﬁnis
578 5453 655 5497 est
675 5444 858 5514 oratio
882 5443 1040 5498 codd.
1071 5445 1294 5512 Gregor.
1320 5442 1587 5498 Muratorii
1613 5443 1663 5499 in
1692 5458 1812 5514 pre-

240 5513 384 5583 cibus
410 5513 831 5583 matntinalibus,
861 5515 999 5583 apud
1030 5514 1339 5569 Menardum
1365 5529 1490 5568 vero
1518 5515 1655 5570 inter
1685 5513 1809 5569 Ora-

243 5582 409 5652 tiones
439 5582 798 5652 quotidianas.

311 5651 340 5734 ί,
362 5651 504 5707 Ilanc
528 5653 767 5708 referunt
792 5654 948 5709 iidem
974 5655 1128 5710 codd.
1158 5656 1209 5711 in
1236 5653 1564 5709 orationibus
1584 5672 1676 5724 pro
1698 5671 1812 5726 pee-

243 5735 385 5776 εαιη.

313 5802 338 5839 8
371 5793 500 5848 Neta
530 5793 832 5868 marginalis
861 5793 913 5848 in
937 5794 1098 5868 coda:
1131 5794 1254 5850 Ideo
1277 5795 1473 5851 tardius
1493 5796 1810 5868 impetratur,

244 5872 297 5920 ut
323 5872 593 5935 perseveret
621 5864 783 5916 oratio
805 5865 1124 5932 postulantis.

559 5959 827 6018 PuttOL.
877 5958 1007 6018 LV.

1922 4759 2023 4813 que
2053 4742 2360 4812 spurcitiam
2390 4740 2768 4797 contrahentes
2795 4786 2808 4809 ,
2859 4759 2966 4797 non
3014 4754 3116 4798 tam
3165 4745 3270 4816 65
3314 4746 3504 4802 referti

1923 4844 2047 4892 sunt
2073 4835 2284 4890 ossibus
2313 4842 2668 4899 mortuorum,
2698 4848 2856 4904 quam
2881 4835 3051 4905 magis
3081 4835 3181 4905 ipsi
3211 4846 3334 4892 sunt
3359 4853 3504 4894 mor-

1990 4949 2016 4987 ιι
2045 4948 2216 5005 Codd.
2256 4949 2478 5017 Gregor.
2519 4947 2789 5003 Muratorii
2833 4949 2969 5004 hanc
3012 4951 3306 5006 orationem
3351 4953 3505 5008 exhi-

1918 5024 2046 5079 bent
2075 5021 2126 5074 in
2163 5020 2412 5088 precibus
2451 5019 2854 5073 matutinalibus
2897 5034 2990 5074 seu
3033 5023 3501 5090 vespertinalibus.

1998 5091 2014 5129 ί
2038 5092 2132 5144 Est
2155 5091 2210 5145 in
2239 5091 2426 5144 iisdem
2457 5105 2584 5143 mss.
2610 5091 2661 5144 in
2687 5090 2842 5144 Missa
2857 5090 2922 5143 de
2949 5093 3270 5157 quotidianis
3291 5093 3501 5150 diebus.

1995 5165 2008 5212 l
2050 5161 2259 5216 Notatio
2291 5161 2630 5227 marginalis:
2661 5159 2738 5212 De
2767 5161 2912 5230 falsis
2933 5161 3196 5229 fratribus.
3223 5161 3344 5215 Haec
3367 5178 3503 5231 pra:-

1921 5233 2049 5288 fatio
2075 5232 2310 5286 Leonina
2341 5231 2579 5296 videtur,
2612 5233 2663 5284 in
2705 5245 2808 5298 qua
2846 5231 3196 5299 quorumdam
3245 5231 3503 5289 falsorum

1918 5305 2138 5358 fratrum
2167 5303 2402 5370 corrupti
2452 5315 2631 5356 mores
2671 5301 3063 5356 describuntur.
3107 5302 3333 5368 Quinam
3374 5318 3503 5359 vero

1922 5375 1972 5428 bi
2002 5373 2198 5427 fuerint
2223 5372 2466 5426 divinare
2492 5372 2756 5426 nolumus.
3424 5381 3427 5385 ·

1993 5445 2018 5481 k
2051 5443 2330 5497 Ostendens
2361 5442 2594 5495 abundat
2623 5456 2688 5497 ex
2716 5441 2942 5496 varianti
2973 5440 3222 5506 lectione,
3255 5457 3356 5498 ntst
3384 5459 3502 5498 nta-

1919 5516 2000 5570 vis
2024 5515 2200 5583 legere
2231 5513 2471 5583 ostendis,
2502 5522 2557 5568 et
2580 5513 2737 5576 infra,
2764 5512 3124 5581 pronuntians.
3153 5514 3228 5567 uti
3257 5514 3504 5570 Blancbi-

1918 5586 2038 5640 nius
2070 5582 2291 5638 monuit.
3491 5611 3494 5614 -

1995 5655 2012 5693 ι
2040 5655 2172 5709 Nota
2201 5669 2392 5722 marg.,
2428 5654 2500 5708 De
2528 5655 2802 5723 fastidiam
2820 5669 2838 5717 ;
2865 5662 2916 5708 et
2941 5662 3062 5722 post
3090 5656 3342 5711 nonnu'lla
3369 5699 3382 5724 ,
3426 5657 3503 5712 Ds

1922 5725 2164 5780 subdolis.

1991 5805 2031 5832 ιη
2063 5795 2178 5848 Alia
2224 5792 2531 5862 marginalis
2573 5791 2773 5849 notatio
2813 5811 2866 5850 tn
2906 5794 3131 5852 codice:
3174 5796 3504 5857 Devorateves

2989 5957 3029 6019 3

1807 5917 1822 5932 ,
1913 5866 2187 5920 viduarum
2211 5873 2256 5918 et
2286 5865 2601 5918 maritarum.
