4018 6314
492 370 566 435 τε
1474 351 1707 412 OPERA
1744 350 1803 408 s.
1845 348 2053 407 LEONI
2088 346 2328 407 uacuo
2366 345 2784 405 ATTRIBD'I‘A.
3715 334 3789 409 is

476 486 592 544 'tui.
622 464 1450 549 Quibusiewttgoliea‘sentcntia
1476 463 1866 522 convenienter
1899 461 2084 518 excla-

2216 460 2527 517 umentibus
2566 473 2783 530 semper
2824 448 3082 528 obsistis,
3128 460 3202 516 ita
3243 473 3352 523 non
3380 458 3585 517 deseris
3615 459 3676 519 in
3699 471 3789 521 tua

492 583 645 635 mat:
673 570 930 627 Silanum
958 564 1097 636 quod
1127 563 1260 617 inte
1281 566 1359 615 est
1390 557 1604 613 tenebris
1625 563 1775 621 sunt,
1794 554 1925 625 ipsa:
1948 564 2090 609 tene-

495 670 600 724 bne
623 671 829 735 quam
850 667 970 717 sunt
999 655 1215 729 (Matth.
1232 651 1451 723 "35)?
1479 649 1616 705 ciam
1638 662 1771 705 cum
1786 647 1843 702 in
1869 647 1953 703 bis
1971 662 2093 718 qua

495 759 748 813 videntur
770 752 997 809 obscura
1022 750 1153 816 sint,
1183 754 1237 801 et
1262 744 1413 799 maiae
1440 741 1596 796 famae
1627 741 1779 810 nigra
1807 738 2087 804 dedecore,

494 851 627 906 satis
653 845 933 902 evidenter
960 848 1183 913 apparet
1210 839 1326 892 haec
1366 847 1463 890 eos
1495 832 1552 887 in
1602 830 1813 887 occulto
1852 845 2047 902 gerere
2072 870 2090 898 ,

491 957 615 1013 quae
638 942 800 997 etiam
827 947 981 1007 turpe
1008 936 1077 990 sit
1107 934 1303 988 dicere.
1336 927 1429 983 Isti
1471 941 1581 982 non
1623 926 1803 982 solum
1838 924 1907 980 ad
1946 936 2090 979 tuam

496 1036 719 1106 gratiam
750 1030 1025 1087 venientes
1052 1024 1135 1082 sui
1165 1022 1406 1078 imditatc
1440 1020 1752 1084 deterrent,
1796 1016 1892 1072 sed
1929 1016 2090 1071 etiam

499 1125 827 1182 intrinsecus
861 1130 889 1159 ι
924 1117 1179 1176 fratribus
1218 1111 1559 1177 constitutis,
1588 1124 1685 1180 pro
1713 1108 1907 1180 quibus
1935 1106 2091 1162 Chri-

496 1226 615 1275 stus
646 1226 728 1272 est
754 1223 1013 1277 mortuus,
1045 1208 1424 1267 oﬁ‘endiculum
1459 1222 1569 1262 sua
1598 1201 1968 1276 perversitatis
1995 1218 2094 1272 op-

495 1318 716 1381 ponunt.
746 1306 905 1362 Tales
934 1316 1130 1358 cavere
1154 1316 1252 1357 nos
1273 1300 1451 1371 jobes,
1476 1313 1575 1368 per
1596 1295 1912 1367 Apostoium
1936 1303 2087 1349 tuum

495 1404 716 1458 dicens:
750 1401 1001 1468 Separate
1028 1412 1114 1451 vos
1146 1396 1208 1449 ab
1231 1394 1371 1449 omni
1400 1396 1559 1464 fratre
1587 1391 1880 1445 inordinate
1914 1389 2094 1442 ambu-

495 1494 634 1549 lante
663 1491 741 1565 (ll
768 1489 951 1544 Thess.
978 1502 1055 1554 Ili,
1087 1485 1165 1556 6).
1211 1486 1276 1539 Et
1310 1498 1374 1539 ea
1416 1498 1513 1538 nos
1557 1479 1799 1551 praecipis
1842 1479 2089 1548 operari,

494 1599 617 1655 quae
633 1583 876 1639 videntes
890 1580 1067 1636 cuncti
1084 1591 1212 1633 vere
1223 1576 1407 1631 fideles
1423 1575 1518 1641 tui,
1528 1582 1579 1628 te
1590 1573 1863 1628 cmlestem
1878 1570 2090 1627 Patrem

496 1676 804 1733 coiiaudent
824 1682 983 1743 atque
1007 1669 1377 1741 magniﬁcent;
1407 1683 1437 1721 a
1462 1681 1573 1738 quo
1601 1665 1936 1722 rationabilis
1959 1679 2090 1720 con-

501 1768 739 1825 scientia:
765 1767 1025 1836 bonaeque
1050 1764 1207 1819 fama:
1227 1763 1425 1817 donum
1448 1774 1609 1817 omne
1628 1760 1925 1832 perfectum
1951 1759 2091 1829 opti-

502 1870 759 1931 mumque
786 1856 1088 1914 descendit.
1121 1855 1245 1923 Per,
1275 1863 1383 1911 etc.

568 1953 596 1993 ιι
623 1952 776 2020 Quod
796 1965 889 2007 ore
909 1949 1258 2019 sumpsimus,
1284 1945 1533 2012 Domine,
1556 1958 1889 2016 quasumus,
1914 1953 2095 2000 mente

498 2046 790 2116 capiamus,
808 2051 861 2098 et
881 2042 949 2098 de
971 2054 1193 2097 munere
1213 2037 1495 2110 temporali
1514 2036 1608 2092 ﬁat
1623 2036 1777 2092 nobis
1796 2036 2093 2092 remedium

499 2139 909 2209 sempiternum.
940 2136 1063 2203 Per,
1091 2144 1200 2191 etc.

568 2228 821 2284 Famulos
846 2235 900 2282 et
926 2225 1175 2291 famulas,
1200 2222 1449 2293 Domine,
1482 2235 1822 2293 quaesumus,
1858 2223 2089 2290 intuere,

500 2322 692 2392 quibus
718 2318 776 2375 in
804 2327 856 2373 te
883 2332 1102 2388 sperare
1125 2316 1364 2382 donasti;
1394 2330 1459 2371 ac
1480 2315 1683 2385 pariter
1721 2316 1800 2371 eis
1822 2354 1837 2379 ,
1879 2324 1934 2370 et
1975 2330 2093 2384 qua

500 2412 601 2470 tibi
638 2412 884 2483 placeant
929 2408 1231 2479 postulare,
1275 2419 1330 2464 et
1369 2418 1394 2449 ο
1436 2405 1616 2478 potius
1659 2407 1924 2477 postulata
1958 2421 2093 2463 con-

502 2504 656 2560 cede.
689 2503 812 2570 Per,
844 2509 948 2557 etc.

572 2594 714 2649 XII.
748 2594 879 2647 Item
907 2592 1035 2646 alia.
1062 2617 1137 2634 -
1162 2591 1190 2631 ά
1218 2590 1470 2648 Concede
1498 2591 1677 2660 nobis,
1713 2592 1961 2659 Domine,
1998 2608 2093 2648 ve-

501 2685 643 2742 niam
670 2685 1007 2750 delictorum,
1031 2693 1089 2739 et
1110 2698 1205 2739 eos
1224 2684 1435 2753 quinos
1457 2684 1773 2754 impugnare
1797 2685 2097 2740 moliuntur

501 2793 774 2850 expugna;
809 2776 931 2848 quia
969 2776 1068 2832 sub
1114 2783 1205 2831 tuo
1252 2774 1549 2829 munimine
1597 2775 1900 2830 constitutis
1946 2776 2094 2832 nulla

502 2870 701 2927 diaboli
727 2869 943 2926 nocebit
965 2870 1234 2938 obreptio.
1270 2868 1393 2936 Per,
1426 2875 1535 2925 etc.

572 2963 849 3018 Protector
876 2963 929 3017 in
962 2968 1014 3017 te
1042 2960 1411 3029 sperantium,
1453 2960 1629 3027 Deus,
1676 2959 1870 3016 exaudi
1908 2974 2094 3031 preces

500 3064 730 3127 nostras,
758 3065 812 3112 et
831 3055 1090 3111 miserere
1116 3055 1315 3119 nostri;
1341 3063 1397 3109 ut
1416 3068 1642 3125 corpore
1661 3064 1716 3110 et
1741 3068 1918 3113 mente
1937 3072 2095 3129 vege-

500 3150 595 3216 tati
626 3151 735 3205 tuis
763 3163 981 3219 setnper
1008 3148 1367 3203 inhmreamus
1392 3147 1602 3203 oiticiis.
1636 3149 1759 3215 Per,
1793 3159 1897 3206 etc.

2197 553 2564 612 misericordia
2594 554 2905 623 gloriantes.
2938 554 3062 621 Per,
3090 563 3196 610 etc.

2266 648 2505 713 Munera,
2536 646 2782 712 Domine,
2810 661 3149 717 quaesumus,
3178 646 3469 703 cii'erentes
3488 690 3503 715 ,
3536 654 3599 703 ut
3635 657 3689 713 et
3721 650 3790 705 ab

2195 742 2444 798 omnibus
2464 741 2728 797 mundare
2750 740 3001 810 peccatis,
3027 750 3084 795 et
3103 755 3132 795 a
3154 740 3363 796 cunctis
3387 754 3484 797 nos
3509 750 3791 814 protegere

2195 836 2433 906 digneris
2462 833 2723 889 adversis.
2757 832 2884 902 Per,
2914 840 3020 888 etc.

2271 926 2291 966 ί
2328 927 2466 983 Vere
2502 926 2742 996 dignum.
2771 926 2903 993 Quia
2933 941 3054 983 cum
3081 940 3244 981 omne
3284 940 3421 995 opus
3451 924 3655 981 bonum
3682 942 3716 981 a
3741 937 3792 983 te

2196 1018 2436 1074 inchoari
2466 1026 2692 1082 constet,
2725 1019 2781 1071 et
2810 1016 2993 1087 perﬁci
3044 1017 3182 1072 banc
3222 1016 3391 1086 ipsam
3432 1032 3593 1087 quam
3636 1018 3789 1074 nobis

2196 1110 2386 1165 tribuis
2414 1109 2864 1178 perseverantiam
2891 1107 3247 1179 supplicandi,
3269 1108 3405 1163 certi
3423 1123 3611 1163 sumus
3629 1110 3792 1180 impe-

2196 1212 2339 1260 trare
2360 1219 2457 1259 nos
2489 1217 2671 1273 posse,
2699 1218 2820 1272 qua
2848 1203 3137 1271 poscimus.
3170 1201 3294 1267 Per,
3323 1211 3428 1256 etc.

2267 1305 2293 1344 ι
2322 1295 2525 1351 Tribue
2553 1294 2727 1360 nobis,
2763 1294 3017 1358 Domine,
3066 1293 3304 1349 caelestis
3348 1306 3554 1348 mensa:
3599 1293 3791 1349 virtute

2194 1388 2423 1454 satiatis,
2453 1396 2505 1442 et
2532 1385 2839 1443 desiderare
2860 1401 2981 1457 qua:
3006 1396 3150 1451 recta
3188 1394 3353 1453 sunt,
3396 1394 3451 1441 et
3489 1384 3789 1442 desiderata

2195 1479 2493 1548 percipere.
2526 1478 2645 1544 Per,
2675 1483 2782 1532 etc.

2265 1571 2345 1629 Tu
2375 1579 2512 1637 esto,
2542 1582 2870 1639 quaesumus,
2900 1568 3149 1637 Domine,
3176 1568 3359 1639 populi
3391 1567 3467 1623 tui
3510 1567 3787 1625 munimen

2203 1669 2262 1717 et
2289 1670 2505 1723 custos;
2538 1669 2595 1715 tu
2623 1661 2742 1715 vitae
2770 1659 3052 1730 praesentis
3079 1668 3410 1717 sustentatur
3428 1668 3483 1717 et
3504 1671 3713 1723 rector;
3738 1671 3788 1719 tu

2195 1754 2426 1813 collator
2454 1760 2695 1808 aeternae.
2726 1752 2852 1821 Per,
2882 1759 2988 1808 etc.

2125 1842 2176 1905 Β
2271 1842 2462 1901 XXIII.
2495 1842 2628 1899 Item
2656 1842 2782 1898 alia.
2815 1869 2884 1883 --
2914 1841 3121 1908 Tuere,
3171 1841 3394 1898 Domine
3421 1883 3437 1909 ,
3486 1857 3788 1914 quassumus

2198 1952 2291 1993 nos
2322 1936 2548 1991 famulos
2583 1944 2725 2001 tuos,
2756 1940 2815 1988 ut
2840 1948 2869 1989 a
2899 1933 3133 2003 peccatis
3163 1933 3412 1989 omnibus
3437 1932 3785 2004 abstinentes,

2196 2035 2443 2098 prompta
2474 2026 2566 2083 tibi
2598 2026 2871 2081 voluntate
2899 2023 3237 2081 iamuietnur.
3265 2025 3388 2092 Per,
3418 2036 3525 2081 etc.

2268 2118 2433 2174 Grata
2452 2118 2545 2172 tibi
2567 2116 2656 2186 sit,
2684 2130 3012 2188 quaesumus,
3042 2115 3287 2183 Domine,
3318 2125 3420 2172 tuae
3446 2116 3622 2187 plebis
3644 2117 3787 2173 obla-

2201 2212 2296 2281 tio,
2331 2227 2425 2281 per
2447 2226 2607 2282 quam
2640 2220 2696 2267 et
2720 2209 3199 2267 sanctiﬁcationem
3226 2208 3446 2279 referat,
3479 2218 3536 2266 et
3563 2226 3684 2282 quae
3704 2211 3787 2283 pie

2196 2314 2451 2377 precatur
2478 2304 2737 2363 obtineat.
2770 2303 2893 2368 Per,
2924 2311 3031 2359 etc.

2268 2394 2297 2434 ιι
2328 2395 2465 2452 Vere
2490 2396 2727 2467 dignum.
2757 2394 2892 2463 Quia
2917 2394 3255 2465 lragilitatem
3287 2402 3530 2449 nostram
3565 2395 3787 2451 misera-

2196 2496 2282 2545 tus
2306 2488 2612 2554 intendens,
2644 2496 2699 2544 et
2724 2495 2960 2543 mentem
2992 2485 3148 2541 nobis
3177 2484 3370 2541 tribuis
3418 2486 3786 2557 supplicandi,

2197 2591 2253 2639 et
2277 2590 2366 2637 tua
2398 2580 2732 2651 supplicibus
2761 2580 2899 2635 dona
2931 2579 3163 2649 largiris.
3197 2578 3320 2646 Per,
3354 2590 3460 2636 etc.

2272 2674 2290 2717 ι
2310 2673 2513 2731 Adesto
2530 2672 2705 2739 nobis,
2720 2671 2947 2727 Domine
2963 2672 3102 2726 Deus
3116 2681 3324 2741 noster,
3341 2681 3396 2726 et
3415 2686 3549 2742 quos
3567 2673 3671 2729 tuis
3687 2687 3787 2743 my-

2198 2767 2376 2823 steriis
2393 2765 2672 2831 reereasti,
2693 2764 2963 2835 perpetuis
2982 2761 3210 2819 defende
3233 2764 3520 2834 praesidiis.
3541 2764 3660 2833 Per,
3685 2776 3785 2821 etc.

2272 2859 2554 2916 Familiam
2582 2866 2746 2924 tuam,
2777 2856 3024 2922 Domine,
3053 2855 3315 2927 benignus
3345 2856 3583 2923 iilustra,
3610 2866 3667 2912 et
3695 2858 3788 2914 be«

2198 2952 2520 3009 nedictionis
2547 2959 2651 3005 tuae
2680 2951 2924 3021 largitate
2955 2950 3247 3016 conﬁrma;
3285 2958 3342 3005 ut
3369 2957 3420 3005 te
3447 2949 3501 3005 in
3539 2951 3789 3009 omnibus

2197 3044 2409 3111 ducem,
2450 3050 2503 3099 te
2529 3048 2798 3097 mereatur
2828 3040 3027 3096 habere
3054 3039 3351 3097 custodem.
3382 3040 3507 3109 Per,
3538 3050 3641 3097 etc.

2265 3134 2455 3192 XXIV.
2510 3132 2642 3190 Item
2685 3134 2810 3189 alia.
2861 3161 2932 3174 —-
2978 3132 3331 3203 Omnipotens
3372 3142 3429 3189 et
3482 3134 3785 3190 misericors

569 3240 852 3309 Supplices
880 3247 930 3292 te
957 3251 1230 3307 rogamus,
1264 3238 1424 3303 Deus,
1453 3246 1513 3292 ut
1540 3252 1764 3294 munera
1792 3255 1913 3311 qua:
1942 3240 2094 3298 dere.
2121 3222 2168 3290 Ο
2198 3227 2362 3293 Deus,
2386 3227 2452 3282 ad
2481 3224 2635 3295 cujus
2661 3222 3045 3281 beatitudinem
3069 3226 3479 3294 sempiternam,
3501 3239 3603 3280 non
3629 3224 3781 3294 fragi-

503 3344 694 3398 runus,
723 3338 778 3385 et
796 3330 1096 3386 devotionis
1117 3331 1339 3402 gratiam
1365 3333 1521 3389 nobis
1544 3334 1845 3402 conferant,
1873 3345 1929 3393 et
1952 3338 2094 3392 salu-

504 3433 634 3480 tem.
666 3422 789 3491 Per,
822 3429 928 3479 etc.

578 3524 601 3551 ε
634 3513 769 3570 Vere
797 3513 1035 3585 dignum.
1065 3514 1199 3583 Quia
1228 3515 1487 3572 Ecclesiae
1515 3524 1621 3573 tum
1645 3518 1785 3573 ﬁlios
1810 3520 1949 3575 sicut
1969 3536 2095 3576 eru-

505 3606 622 3663 dire
663 3621 774 3663 non
812 3620 991 3663 cessas
1013 3646 1031 3674 ,
1076 3607 1149 3663 ita
1179 3622 1285 3663 non
1318 3609 1524 3665 desinis
1550 3610 1828 3681 adjuvare,
1857 3622 1915 3667 ut
1946 3620 2095 3669 recte

500 3698 744 3754 facienda
772 3708 1126 3770 cognoscant,
1157 3709 1213 3757 et
1244 3702 1654 3772 possibilitatem
1693 3705 1905 3775 capiant
1940 3720 2091 3763 exse-

503 3791 720 3861 quendi.
754 3791 876 3860 Per,
907 3800 1014 3848 etc.

571 3884 853 3941 Sumentes
888 3885 1028 3941 dena
1068 3885 1308 3942 ctelestia
1336 3926 1351 3953 ,
1380 3887 1580 3957 gratias
1621 3888 1717 3944 tibi
1765 3890 2047 3948 referimus
2074 3932 2092 3961 ,

500 3987 685 4034 sancte
710 3977 891 4045 Pater,
919 3978 1282 4047 omnipotens,
1311 3987 1514 4036 aeterne
1549 3981 1708 4036 Deus.
1741 3981 1861 4057 Per,
1898 3994 2003 4040 etc.

570 4070 817 4141 Protege,
851 4070 1113 4138 Domine,
1157 4070 1341 4126 ﬁdeles
1384 4080 1502 4127 tuos
1529 4115 1543 4141 ,
1587 4083 1643 4130 et
1682 4089 1815 4145 quos
1860 4076 2093 4147 spiritali

496 4162 619 4219 cibo
644 4163 913 4218 viviﬁcare
932 4162 1178 4232 dignatus
1202 4177 1283 4230 es,
1306 4174 1563 4235 perpetua
1593 4167 1893 4225 salvatione
1922 4172 2091 4227 comi-

499 4263 635 4310 tare.
668 4254 793 4319 Per,
824 4264 930 4310 etc.

567 4348 679 4417 66
702 4346 865 4401 XXII.
898 4344 1029 4398 Item
1054 4346 1178 4400 alia.
1207 4376 1275 4389 -
1300 4348 1447 4417 Auge
1473 4342 1628 4403 ﬁdem
1655 4358 1817 4418 tuam,
1845 4352 2087 4421 Domine,

499 4453 827 4509 quaesumus,
860 4438 1144 4492 miseratus
1171 4439 1222 4492 in
1251 4440 1432 4504 nobis;
1458 4442 1577 4509 quia
1604 4442 1816 4510 pietatis
1842 4452 1944 4498 tuae
1966 4444 2091 4499 sub—

2198 3317 2345 3373 litate
2375 3316 2573 3382 carnis,
2607 3314 2703 3371 sed
2723 3314 3000 3371 alacritate
3022 3314 3217 3370 mentis
3237 3315 3556 3381 ascenditur,
3575 3313 3652 3368 i‘ae
3668 3313 3773 3382 67

2197 3423 2297 3464 nos
2362 3407 2499 3462 atria
2552 3420 2797 3475 superna:
2851 3405 3083 3463 civitatis
3124 3414 3179 3463 et
3214 3414 3269 3465 te
3307 3406 3584 3477 inspirante
3630 3418 3768 3459 sem~

2196 3516 2293 3572 per
2312 3500 2538 3566 ambire,
2553 3508 2608 3556 et
2619 3509 2707 3554 tua
2724 3500 2812 3555 ind
2822 3500 3051 3569 uigentia
3069 3500 3295 3557 ﬁdenter
3308 3499 3653 3565 intrare.Per,
3666 3506 3772 3555 etc.

2277 3594 2441 3658 Deus,
2470 3592 2559 3662 qui
2585 3606 2707 3647 cum
2729 3592 3041 3648 muneribus
3070 3592 3232 3648 nullis
3254 3592 3518 3664 indigeas,
3549 3592 3661 3662 ipse
3682 3605 3782 3647 uo-

2209 3684 2293 3742 bis
2324 3698 2545 3741 munera
2576 3693 2767 3740 cuncta
2798 3683 3030 3753 largiris,
3062 3683 3251 3755 accipe
3288 3684 3552 3755 propitius
3578 3698 3696 3755 qua
3717 3681 3787 3740 de

2197 3778 2303 3834 tuis
2331 3776 2490 3833 donis
2515 3776 2610 3832 tibi
2638 3789 2738 3832 nos
2763 3774 2963 3831 offerre
2979 3775 3226 3843 voluisti;
3262 3791 3368 3833 non
3391 3778 3564 3833 solum
3592 3786 3787 3833 nostra

2194 3879 2451 3941 reputans
2477 3869 2753 3925 devotioni
2774 3882 2898 3938 qua:
2928 3877 3015 3923 tua
3043 3878 3192 3935 sunt,
3237 3870 3335 3925 sed
3363 3870 3525 3926 etiam
3552 3886 3651 3941 per
3678 3870 3791 3928 hac

2198 3976 2298 4019 nos
2329 3962 2397 4018 ad
2429 3962 2672 4019 ctelestia
2704 3974 2868 4031 regna
2898 3960 3217 4030 perducens.
3242 3962 3363 4030 Per,
3396 3973 3505 4019 etc.

2800 4060 3012 4072 __~—
3053 4062 3100 4071 —

2805 4090 3086 4131 PSFE

2246 4166 2478 4224 ‘Gratias
2505 4168 2624 4236 tibi,
2657 4169 2903 4237 Domine,
2937 4170 3231 4241 laudesque
3269 4171 3665 4241 persolvimus,
3702 4174 3793 4245 qui

2197 4277 2296 4319 nos
2323 4262 2568 4332 corporis
2593 4270 2647 4318 et
2701 4263 2977 4333 sanguinis
3026 4263 3359 4320 dilectissimi
3408 4263 3530 4319 Filii
3585 4268 3665 4321 tui
3695 4268 3795 4324 Dod

2193 4355 2328 4412 mini
2376 4356 2543 4411 nostri
2576 4357 2954 4413 communione
2998 4358 3304 4429 vegetasti;
3361 4358 3795 4418 miscricordiam

2195 4454 2340 4504 tua‘m
2381 4448 2692 4518 suppliciter
2720 4458 3032 4519 exorantes,
3068 4449 3082 4501 i
3118 4459 3178 4505 ut
3208 4450 3308 4506 hoc
3339 4457 3512 4517 tuum,
3542 4451 3797 4519 Domine,

497 4531 633 4587 sidia
662 4545 766 4585 non
796 4529 1041 4600 negabis,
1070 4529 1262 4598 quibus
1308 4532 1358 4584 in
1400 4540 1451 4586 te
1492 4532 1747 4588 credendi
1794 4537 2088 4594 contuleris
2113 4599 2163 4613 _
2195 4547 2587 4596 sacramentum
2618 4556 2722 4595 non
2752 4542 2823 4596 sit
2854 4541 3011 4597 nobis
3065 4550 3247 4597 reatus
3275 4542 3342 4598 ad
3393 4556 3656 4613 poenam,
3705 4545 3797 4603 scd

497 4622 825 4679 ﬁrmitatem.
858 4620 980 4690 Per,
1013 4630 1119 4677 etc.

570 4717 645 4771 Da
674 4716 846 4785 nobis,
878 4716 1101 4771 Domine
1126 4759 1140 4783 ,
1176 4727 1481 4784 quaesumus
1505 4755 1519 4779 ,
1566 4714 1621 4769 in
1665 4722 1716 4771 te
1760 4724 1867 4772 tota
1911 4730 2089 4778 mente

496 4806 795 4873 conﬁdere;
827 4806 1082 4878 quoniam
1111 4805 1252 4861 sicut
1276 4804 1523 4874 superbis
1546 4804 1600 4860 in
1620 4819 1714 4861 sua
1736 4807 1931 4867 virtute
1951 4827 2089 4883 pm»-

563 4996 591 5025 ι
621 4986 735 5040 Alia
763 4992 883 5057 nota
910 4984 1137 5054 margin.
1164 4983 1215 5037 in
1255 4980 1374 5036 cod.
1405 4998 1418 5035 :
1457 4981 1791 5040 Subvmores
1835 4988 2073 5057 fratrum.

495 5056 783 5111 Cavendum
811 5055 872 5108 ab
902 5057 993 5108 eis.

560 5128 586 5166 δ
620 5129 674 5183 In
704 5127 944 5196 Sacram.
973 5124 1258 5196 Gelasiano
1284 5123 1477 5196 legitur
1509 5124 1607 5179 fer.
1640 5126 1670 5179 7
1692 5136 1811 5196 post
1840 5130 2076 5189 Domini-

493 5211 604 5275 eam
641 5199 849 5275 tertiam
868 5194 1335 5275 Quadragesimae;
1365 5194 1418 5275 in
1451 5195 1605 5275 codd.
1639 5194 1815 5275 autem
1841 5200 2074 5275 Gregor.

493 5267 765 5391 guratorii
790 5278 853 5320 ac
881 5264 936 5320 in
966 5264 1160 5320 Misseii
1190 5264 1348 5320 Rom.
1382 5266 1476 5320 ier.
1512 5268 1544 5320 5
1582 5276 1701 5337 post
1743 5264 2076 5332 Detuinicattt

532 5352 783 5391 assmnts.

532 5352 783 5392 285101118-

564 5419 587 5479 ξ
616 5407 779 5462 Forte
806 5407 1087 5477 legendum
1120 5407 1390 5479 prapitius.

561 5475 590 5516 ά
618 5480 759 5533 Inter
799 5475 985 5548 preces
1021 5475 1357 5533 matutinaies
1395 5480 1531 5534 hanc
1576 5481 1865 5549 praeferunt
1905 5486 2067 5542 codd.

496 5546 716 5625 [ἔπι-θεον.
744 5546 1015 5625 Muratorii
1044 5564 1209 5619 usque
1238 5549 1303 5625 ad
1334 5552 1550 5606 verbum
1576 5546 1833 5625 expugna.

565 5628 591 5690 ξ
618 5621 671 5690 In
704 5634 898 5690 marg.,
932 5620 1084 5675 Recte
1108 5621 1379 5688 agendum.

567 5687 588 5727 ί
617 5687 843 5768 Notatur
869 5691 921 5746 in
952 5687 1190 5763 margine
1213 5694 1409 5747 codicis
1435 5712 1445 5746 :
1478 5693 1542 5747 In
1569 5695 1800 5765 aperibus
1834 5696 1925 5750 Dei
1947 5715 2069 5768 gra-

496 5760 593 5816 tias
617 5761 891 5831 agendum.

565 5841 590 5880 α
623 5833 715 5889 Est
742 5834 794 5889 in
825 5831 1022 5889 Missali
1046 5832 1199 5887 Rom.
1234 5833 1505 5890 Dominica
1539 5834 1575 5886 V
1611 5844 1727 5911 post
1756 5836 1982 5904 Pascha,
2012 5850 2065 5896 ct

2113 4599 2169 4662 θ
2195 4630 2293 4687 ﬁat
2320 4631 2638 4687 intercessio
2671 4634 2925 4688 salutaris
2956 4633 3023 4689 ad
3050 4634 3285 4690 veniam.

2267 4721 2437 4779 XXV.
2462 4721 2595 4777 Item
2623 4722 2752 4779 alia.
2776 4753 2845 4765 —
2868 4725 3116 4797 Protege,
3166 4738 3497 4797 quaesumus,
3543 4730 3801 4801 Domine,

2198 4818 2226 4857 ιι
2252 4817 2480 4873 Romani
2507 4818 2741 4875 nominis
2774 4820 2969 4891 ubique
2990 4828 3253 4890 rectores,
3289 4830 3349 4877 ut
3368 4822 3451 4878 bis
3475 4832 3571 4881 tua
3599 4828 3801 4885 virtute

2184 4996 2238 5051 in
2270 4994 2446 5119 vigilia
2480 4994 2843 5051 Ascensionis.

2254 5065 2281 5103 ιι
2361 5073 2446 5119 nta
2479 5080 2646 5119 mare.
2677 5082 2692 5119 :
2736 5065 2843 5119 Hui

2254 5065 2281 5103 ιι
2314 5065 2446 5119 Nota
2479 5080 2646 5134 marg.
2677 5082 2692 5123 :
2736 5065 3034 5123 Humiiibus
3066 5066 3244 5122 adesse
3286 5068 3449 5123 Deum
3493 5071 3551 5126 in
3595 5077 3801 5131 cunctis

2186 5138 2433 5210 aperiens
2449 5153 2644 5210 eorum.

2263 5208 2278 5244 ί
2309 5207 2525 5277 Legitur
2557 5207 2829 5263 Dominica
2859 5209 3129 5266 Passionis
3155 5218 3267 5266 tum
3296 5211 3350 5266 in
3372 5208 3631 5270 Sacram.
3661 5218 3802 5276 Gre-

2184 5292 2325 5349 gor.,
2359 5288 2467 5332 tum
2498 5280 2549 5331 in
2574 5279 2770 5333 Missali
2800 5279 2957 5336 Rom.

2262 5349 2277 5397 i
2310 5349 2594 5417 Sequentia
2629 5352 2829 5405 inserta
2850 5360 2975 5423 sunt
3003 5352 3233 5408 orationi
3270 5361 3391 5423 post
3436 5359 3800 5418 communio-

2182 5434 2305 5496 nem
2336 5433 2676 5496 communem
2704 5436 2801 5496 pro
2829 5422 2965 5496 vivis
2988 5431 3043 5481 et
3067 5424 3355 5494 defunctis,
3378 5439 3503 5496 quae
3534 5428 3681 5487 item
3712 5434 3799 5491 le-

2179 5491 2323 5562 gitur
2348 5490 2401 5544 in
2426 5490 2599 5545 Missis
2629 5490 3087 5562 Qu’adragesimac.
3340 5490 3350 5494 ’
3395 5490 3411 5496 ’
3804 5526 3805 5529 η

2251 5560 2278 5598 κ
2314 5562 2390 5614 Ex
2418 5562 2516 5635 hoc
2545 5569 2601 5635 et
2624 5560 2888 5635 similibus
2914 5566 3066 5635 locis,
3112 5567 3165 5621 in
3194 5566 3390 5634 quibus
3422 5565 3679 5630 Romani
3712 5593 3801 5632 re.

2179 5640 2363 5696 ctores,
2397 5632 2481 5710 vel
2505 5633 2764 5710 principes
2797 5634 2988 5702 plurali
3017 5632 3242 5710 numero
3270 5638 3647 5710 appellantur,
3684 5663 3797 5704 non

2176 5718 2335 5757 nemo
2363 5704 2575 5772 collegit
2606 5702 2708 5780 hoc
2733 5706 3221 5780 Sacramentarium
3236 5702 3590 5780 coinpactum
3613 5702 3794 5776 fuisse

2176 5782 2513 5853 eotempore
2541 5789 2646 5853 quo
2675 5774 3167 5853 duo_i_ttiperamres
3192 5774 3517 5853 regnabant,
3554 5785 3707 5843 alter
3740 5774 3795 5847 in

2176 5844 2411 5907 Oriente,
2437 5844 2572 5897 alter
2598 5844 2649 5898 in
2682 5844 2992 5904 Occidente.
3029 5849 3135 5906 Sed
3163 5844 3320 5921 qua'm
3351 5850 3465 5906 haec
3498 5844 3672 5915 ratio
3719 5844 3798 5919 ait
