4018 6314
209 299 290 360 7⁸1
1028 304 1230 360 LIBER
1269 303 1790 363 SACRAMENTORI

1918 303 2273 364 ECCLESIE
2311 304 2640 366 ΒΟΜΑΝΕ.

3403 309 3482 380 τι

213 418 690 492 vincentibus,pax
714 419 892 490 populi
917 419 988 473 tui
1011 419 1653 488 secura‘proveniat.Per,
1685 429 1791 476 etc.
1821 424 1876 486 Δ
1973 420 2226 490 Respice,
2257 433 2587 491 quaesumus,
2612 418 2861 488 Doine,
2909 431 3099 491 preces
3149 427 3386 486 nostras,
3408 432 3467 482 et

290 520 316 549 ι
349 512 628 567 Prmtende
651 512 821 577 nobis,
848 512 1090 579 Domine,
1147 511 1568 567 misericordiam
1621 520 1786 580 tuam,

211 611 274 657 ut
304 618 422 674 qure
450 605 588 660 votis
617 604 948 673 expetimus,
1001 604 1408 659 conversatione
1456 604 1548 660 tibi
1594 604 1790 674 placita

207 708 624 764 consequamur.
659 696 781 762 Per,
812 706 917 751 etc.

293 787 321 826 δ
353 788 576 856 Exaudi,
607 789 857 855 Domine,
890 801 1078 858 preces
1105 795 1338 856 nostras,
1377 795 1436 843 ut
1458 787 1787 858 redemptio-

207 879 304 934 nis
331 891 530 936 uostrre
558 891 896 937 sacrosancta
921 881 1241 935 commercia
1266 891 1319 936 et
1343 881 1465 935 vita:
1488 879 1642 936 nobis
1663 895 1791 935 eon-

201 970 388 1027 ferant
414 973 696 1043 praesentis
713 972 992 1041 auxilium,
1018 980 1069 1029 et
1093 971 1284 1042 gaudia
1319 971 1642 1042 sempiterna
1662 984 1791 1026 con-

199 1063 419 1120 cilient.
453 1064 573 1133 Per,
606 1075 712 1122 etc.

275 1250 751 1307 Sacramentorum
783 1261 995 1307 tuorum
1019 1249 1398 1307 benedictione
1428 1245 1628 1312 satiati,
1653 1258 1798 1315 qure-

195 1351 419 1408 sumus,
456 1341 705 1410 Domine,
735 1350 793 1397 ut
827 1356 922 1411 per
951 1343 1065 1397 haec
1113 1354 1327 1411 semper
1377 1337 1729 1394 emundemur
1766 1346 1797 1389 a

191 1431 352 1487 vitiis
373 1441 429 1487 et
459 1433 715 1502 periculis
739 1443 762 1470 ο
794 1446 1100 1488 caveamus.

276 1525 510 1591 Adesto,
561 1538 888 1595 quaesumus,
922 1525 1165 1591 Domine,
1205 1522 1346 1593 plebi
1395 1531 1536 1586 tuae;
1584 1528 1641 1574 ut
1672 1532 1790 1588 qua:

192 1613 226 1654 ἀ
259 1617 501 1686 sumpsit
524 1617 773 1682 fideliter,
799 1627 851 1671 et
877 1624 1056 1670 mente
1075 1615 1231 1670 simul
1252 1623 1305 1670 et
1327 1627 1570 1683 corpore,
1594 1622 1646 1667 te
1667 1624 1790 1682 pro-

201 1715 455 1776 tegente,
489 1707 770 1762 custodiat.
808 1707 927 1770 Per,
953 1714 1056 1761 etc.

1894 512 1979 566 his
2010 512 2320 568 muneribus
2347 516 2680 583 praesentiam
2709 525 2811 569 tua
2833 515 3134 584 majestatis
3169 516 3467 585 intersere;

1893 613 1954 659 ut
1978 604 2122 674 quod
2156 614 2342 660 nostro
2370 605 2588 661 servitio
2638 607 2861 677 geritur,
2912 617 2966 664 te
2997 607 3173 678 potius
3202 621 3466 679 operante

1893 697 2175 752 formetur.
2206 697 2328 763 Per,
2367 706 2470 752 etc.

1961 785 1993 826 ιι
2022 788 2160 844 Vere
2186 787 2428 858 dignum.
2452 786 2617 857 Cujus
2663 791 3087 859 propitiatione
3121 791 3176 848 in
3205 791 3310 848 hac
3355 792 3468 861 pri-

1895 896 2038 934 mum
2064 890 2214 948 parte
2239 881 2524 946 sentimus,
2553 893 2675 934 cum
2705 895 2765 934 ea
2815 897 2932 950 quae
2969 884 3065 939 tibi
3095 894 3223 940 sunt
3274 885 3466 954 placita

1893 980 1948 1028 et
1973 971 2126 1027 nobis
2152 971 2403 1025 salutaria
2431 969 2796 1026 desideramus
2841 984 3106 1040 appetere.
3144 975 3278 1030 Dum
3321 977 3466 1031 enim

1894 1065 2008 1118 sine
2037 1073 2087 1117 te
2118 1063 2248 1118 nihil
2281 1064 2409 1118 recti
2437 1063 2705 1134 cavelle
2733 1064 3016 1133 possimus,
3047 1076 3136 1121 aut
3159 1083 3339 1138 agere,
3375 1079 3466 1123 aut

1901 1155 2192 1222 perﬁcere;
2241 1157 2606 1211 indubitanter
2625 1167 2706 1212 est
2733 1158 2940 1226 gratiae,
2969 1158 3225 1229 quidquid
3271 1176 3466 1218 conve-

1899 1245 2107 1300 nienter
2133 1261 2436 1316 Operamur.
2462 1247 2582 1313 Per,
2617 1256 2721 1302 etc.

1975 1336 1990 1374 ί
2023 1337 2272 1394 Caelestis
2303 1339 2440 1394 dona
2472 1339 2824 1410 capientibus,
2855 1356 3181 1410 quasumus,
3225 1341 3464 1411 Domine,

1892 1428 2089 1498 nonad
2122 1428 2383 1497 judicium
2424 1429 2710 1499 provenire
2750 1431 2989 1501 patiaris,
3035 1433 3180 1503 quod
3223 1433 3474 1504 ﬁdCllbUS

1893 1521 1997 1574 tuis
2026 1521 2090 1574 ad
2115 1520 2412 1576 remedium
2440 1523 2736 1590 providisti.
2762 1524 2883 1592 Per,
2908 1535 3013 1580 etc.

1963 1613 2181 1683 Adesto,
2205 1614 2454 1679 Domine,
2481 1616 2694 1686 p0pulis
2716 1617 2806 1688 qui
2851 1631 3005 1675 sacra
3033 1618 3255 1676 donaria
3297 1624 3470 1680 conti-

1887 1713 2103 1774 gerunt,
2137 1713 2194 1760 ut
2219 1705 2382 1761 nullis
2421 1706 2674 1776 periculis
2702 1707 3024 1780 afﬂigantur,
3066 1712 3160 1784 qui
3201 1721 3252 1770 te
3287 1724 3466 1786 prote-

270 1799 391 1869 ω
420 1797 609 1852 XXVI.
642 1796 775 1852 Item
801 1799 1010 1853 alia.-—
1038 1797 1264 1864 Exaudi,
1315 1797 1564 1865 Domine,
1598 1810 1787 1867 preces
1813 1805 1862 1869 Β
1888 1809 2041 1858 ctare
2072 1801 2366 1856 confidunt.
2392 1799 2514 1868 Per,
2536 1808 2642 1857 etc.

192 1899 447 1957 nostras,
478 1898 532 1945 et
569 1899 628 1945 ut
655 1891 760 1946 tuis
793 1905 889 1946 nos
934 1893 1248 1948 muneribus
1271 1892 1468 1963 jugiter
1497 1906 1788 1962 prosequa-

193 1983 296 2051 ris,
336 1982 609 2052 majestati
636 1991 740 2037 tute
766 1983 848 2039 fac
878 1997 1091 2053 semper
1113 1983 1356 2040 devotos.
1379 1983 1502 2050 Per,
1538 1992 1644 2038 etc.

265 2074 631 2144 Omnipotens
659 2075 984 2144 sempiterne
1028 2075 1191 2142 Deus,
1224 2075 1312 2144 qui
1346 2089 1444 2129 nos
1482 2073 1637 2128 donis
1683 2073 1788 2130 tuis

196 2165 479 2233 praevenis
510 2163 791 2232 dignanter
819 2164 1134 2231 immeritos,
1167 2164 1233 2219 da
1265 2174 1321 2219 ut
1347 2165 1444 2220 tibi
1474 2165 1670 2234 gratias
1698 2181 1787 2222 re-

197 2257 466 2321 ferentes,
489 2255 793 2312 efliciamur
817 2265 869 2313 et
892 2257 1091 2313 meriti.
1117 2257 1239 2324 Per,
1267 2266 1370 2313 etc.

279 2358 302 2386 ο
333 2347 631 2405 Oﬂ'erimus
660 2350 776 2418 tibi,
808 2349 1052 2414 Domine,
1072 2364 1292 2405 munera
1332 2365 1451 2420 quae
1493 2350 1706 2416 dedisti,
1733 2361 1792 2408 ut

206 2449 259 2499 et
281 2443 582 2499 creationis
611 2451 717 2498 tute
745 2442 885 2498 circa
914 2442 1289 2499 mortalitatem
1328 2453 1568 2499 nostram
1599 2445 1790 2500 testiﬁ-

212 2547 399 2593 centur
429 2539 712 2604 auxilium,
739 2545 792 2594 ct
829 2539 1122 2594 remedium
1170 2538 1324 2595 nobis
1376 2538 1790 2597 immortalitatis

216 2639 521 2700 operentur.
551 2630 673 2698 Per,
707 2639 813 2686 etc.

288 2725 306 2764 ί
344 2726 489 2782 Vere
511 2726 751 2797 dignum.
783 2725 938 2795 Quia,
957 2740 1078 2781 cum
1107 2735 1285 2782 nostra
1303 2725 1458 2782 laude
1485 2742 1589 2782 non
1607 2741 1786 2797 egeas,

225 2827 357 2888 grata
381 2818 476 2872 tibi
501 2827 681 2873 tamen
710 2826 792 2873 est
819 2827 1028 2874 tuorum
1051 2818 1266 2875 devotio
1297 2819 1615 2875 famulorum
1643 2838 1656 2885 ;
1690 2835 1788 2877 nec

233 2916 280 2962 te
303 2917 491 2980 augent
541 2918 724 2965 nostra
754 2912 1039 2979 praeconia,
1083 2913 1176 2968 sed
1216 2912 1368 2967 nobis
1401 2914 1686 2983 proficiunt
1721 2915 1787 2969 ad

240 3000 466 3055 salutem.
495 3000 758 3069 Quoniam
775 3001 913 3056 sicut
933 3001 1135 3058 fontem
1163 3004 1284 3058 vitae
1304 3005 1600 3073 praeterire,
1630 3020 1789 3060 causa

251 3092 488 3146 moriendi
522 3101 619 3160 est,
646 3093 726 3149 sic
756 3093 943 3148 eodem
970 3094 1167 3164 jugiter
1197 3094 1523 3160 redundare,
1567 3095 1788 3150 effectus

254 3184 458 3237 estsine
479 3184 578 3240 ﬁne
600 3184 837 3240 vivendi.
862 3185 985 3249 Per,
1015 3193 1122 3241 etc.

313 3269 561 3342 Libantes,
593 3277 837 3343 Domine,
865 3275 1004 3331 dona
1037 3275 1299 3340 ctelestia,
1336 3274 1639 3345 praesidium
1687 3289 1788 3330 no-

244 3359 315 3422 bis
346 3370 512 3425 inesse
560 3370 881 3441 gaudemus,
924 3376 980 3424 et
1017 3369 1155 3424 inter
1190 3369 1288 3424 ista
1326 3383 1448 3439 qua:
1490 3376 1788 3438 transeunt,

240 3467 442 3515 Icarum
460 3475 579 3531 qua:
607 3469 733 3515 sunt
761 3474 1011 3516 mansura
1038 3458 1376 3515 confidimus.
1395 3458 1517 3520 Per,
1541 3465 1645 3513 etc.

295 3551 531 3622 Protege,
578 3554 836 3622 Domine,
873 3555 1101 3609 famulos
1134 3562 1287 3618 tuos;
1334 3551 1589 3606 subsidiis
1633 3565 1793 3621 pasce

233 3647 490 3716 corporeis
515 3663 530 3714 ;
557 3655 614 3704 et
635 3646 968 3717 spiritalibus
989 3645 1262 3701 enutriens
1296 3643 1583 3714 alimentis,
1613 3657 1644 3700 a
1669 3659 1794 3702 cun-

231 3736 319 3792 ctis
347 3737 592 3793 hostibus
611 3737 778 3793 redde
801 3751 1038 3793 securos.
1070 3735 1194 3806 Per,
1217 3741 1322 3789 etc.

291 3828 496 3884 XXVII.
529 3827 662 3883 Item
690 3829 815 3884 alia.
838 3857 908 3869 —
944 3827 1210 3882 Converte
1250 3837 1367 3892 nos,
1409 3823 1653 3890 Domine,
1689 3829 1792 3878 tua:

230 3920 609 3990 prepitiationis
628 3919 829 3974 auxilio
855 3934 870 3984 ;
904 3926 960 3972 ut
981 3917 1257 3987 castigatio
1277 3913 1645 3986 peccatoribus
1666 3927 1793 3968 con-

229 4013 494 4070 venienter
523 4011 761 4067 adhibita
809 4011 901 4065 fiat
927 4009 1189 4065 correctio
1217 4009 1485 4063 salutaris.
1533 4007 1655 4074 Per,
1686 4015 1788 4064 etc.

227 4144 521 4212 imbecillis,
550 4159 617 4200 ex
642 4157 707 4199 eo
733 4151 879 4212 patet
911 4143 1050 4212 quod
1079 4142 1278 4198 eisdem
1306 4143 1548 4196 formulae
1597 4143 1784 4211 legun-

227 4226 301 4269 tur
320 4221 484 4271 etiam
511 4217 564 4270 in
595 4215 866 4270 nonnullis
894 4216 1222 4270 orationibus
1250 4214 1656 4269 Sacramentarii
1684 4216 1788 4268 Ce-

227 4286 394 4343 Iasiani
424 4287 568 4341 libro
591 4301 666 4341 ιιι.
701 4287 905 4339 Etenim
940 4301 1085 4339 num.
1117 4284 1183 4338 59
1213 4294 1350 4338 orat.
1379 4285 1430 4346 5,
1454 4284 1675 4336 Romani
1695 4285 1792 4336 im-

228 4361 342 4430 perii
370 4358 658 4430 propitiare
697 4356 1008 4430 principibus
1033 4372 1137 4430 ;‘_n.
1193 4353 1224 4408 6
1256 4367 1390 4430 orat.
1425 4353 1476 4416 2,
1523 4351 1790 4430 Propitius

228 4419 433 4482 Romani
464 4419 812 4480 nominisresto
841 4419 1172 4494 principibus,
1226 4432 1278 4477 et
1306 4427 1354 4476 in
1405 4419 1649 4494 secreta:
1685 4419 1791 4494 Ra-

224 4502 348 4552 mani
374 4499 590 4567 imperii
622 4493 1091 4567 defende’rectores,
1140 4507 1194 4549 et
1223 4511 1274 4549 n.
1309 4494 1380 4567 bi
1415 4502 1552 4567 orat.
1597 4493 1649 4560 i,
1686 4493 1792 4548 Ro-

1964 1891 2201 1947 XXVlll.
2239 1891 2372 1947 Item
2415 1893 2540 1948 alia.
2572 1894 3107 1967 —Magnificentiam
3154 1908 3321 1973 tuam,
3361 1905 3464 1961 Do.

1889 1983 2056 2052 mine,
2087 1984 2458 2054 pradicamus,
2479 1987 2792 2060 suppliciter
2814 1991 3158 2062 implorantes
3180 2003 3238 2050 ut
3257 1997 3345 2067 qui
3368 2013 3465 2055 nos

1889 2074 2290 2132 imminentibus
2337 2077 2589 2146 periculis
2631 2081 2845 2151 eruisti,
2897 2095 2930 2136 a
2977 2087 3212 2154 peccatis
3250 2103 3466 2162 quoque

1890 2163 2150 2237 benignus
2178 2167 2470 2224 absolvas:
2520 2179 2576 2225 ut
2606 2169 2865 2227 beneficia
2913 2174 3068 2232 nobis
3106 2177 3309 2248 majora
3336 2194 3466 2238 con-

1891 2257 2070 2323 cedas,
2100 2267 2154 2313 et
2179 2259 2284 2313 tuis
2306 2274 2402 2316 nos
2425 2260 2593 2316 facias
2615 2276 2800 2331 parere
2830 2266 3115 2324 mandatis.
3141 2268 3263 2342 Per,
3286 2281 3394 2330 etc.

1962 2349 2181 2406 Munera
2231 2353 2435 2407 nomini
2490 2362 2618 2420 tuo,
2688 2355 2955 2425 Domine,
3007 2374 3129 2416 cum
3172 2365 3464 2433 gratiarum

1891 2443 2101 2497 actione
2155 2442 2483 2511 deferimus,
2532 2447 2621 2516 qui
2672 2462 2771 2504 nos
2806 2448 2820 2500 ι
2860 2449 2926 2505 ab
2972 2450 3182 2508 infestis
3222 2453 3465 2516 hostibus

1891 2533 2146 2591 liberatos
2166 2539 2417 2607 paschale
2437 2552 2830 2598 sacramentum
2853 2558 3041 2600 secura
3069 2545 3092 2618 (
3104 2547 3188 2602 Al.
3224 2550 3465 2622 placida)

1891 2626 2081 2683 tribuis
2108 2638 2284 2685 mente
2309 2633 2602 2701 suscipere.
2629 2632 2752 2701 Per,
2793 2643 2898 2690 etc.

1960 2718 2150 2775 ltVere
2193 2721 2443 2791 dignum,
2486 2723 2815 2792 Majestatem
2857 2734 3003 2782 tuam
3048 2731 3173 2786 totis
3217 2736 3465 2802 sensibus

1889 2812 2258 2882 deprecantes,
2285 2815 2443 2870 utsic
2467 2816 2591 2869 vitia
2613 2825 2794 2870 nostra
2823 2817 3080 2888 depellas,
3103 2824 3242 2879 sicut
3267 2841 3464 2900 corpo-

1887 2919 2006 2962 rum
2041 2904 2236 2961 ferales
2280 2908 2574 2978 exstinguis
2623 2909 2908 2976 inimicos;
2963 2928 3062 2968 nec
3103 2903 3465 2987 captivitatem

1841 3000 1849 3008 '
1889 3013 2046 3068 quam
2087 2999 2419 3054 extrinsecus
2454 2999 2790 3067 subntovisti,
2817 3004 3083 3060 sustinere
3107 3023 3206 3062 nos
3251 3011 3466 3077 patiaris

1891 3089 2177 3143 internam.
2193 3089 2300 3143 Sed
2323 3097 2382 3144 ut
2409 3089 2570 3143 noxia
2592 3105 2819 3159 quaeque
2839 3093 3114 3160 discutias,
3137 3106 3190 3150 et
3211 3113 3467 3168 prospera

1816 3185 1860 3247 α
1887 3179 2083 3249 jugiter
2111 3179 2377 3250 largiaris,
2404 3194 2620 3248 semper
2649 3195 2748 3236 nos
2769 3192 2823 3238 et
2843 3198 2962 3252 qua:
2983 3200 3144 3254 prava
3165 3198 3293 3244 sunt
3311 3190 3467 3246 decli-

1892 3286 2021 3328 nare
2055 3271 2320 3342 perficias,
2349 3280 2404 3328 et
2424 3286 2604 3328 amare
2629 3288 2746 3343 quae
2763 3274 2904 3344 justa
2927 3286 3072 3333 sunt.
3103 3279 3226 3349 Per,
3254 3289 3356 3337 etc.

1961 3365 2174 3422 Laudes
2200 3373 2337 3434 tuas,
2392 3367 2634 3436 Domine,
2667 3384 2775 3424 non
2817 3379 3078 3440 tacemus,
3124 3378 3250 3446 quia
3294 3392 3393 3434 nos
3437 3397 3467 3438 a

1892 3459 2049 3514 malis
2068 3473 2187 3529 qute
2207 3459 2548 3514 merebamur
2571 3462 2880 3530 expediens.
2931 3465 3070 3523 bona
3111 3476 3198 3526 tua
3245 3482 3468 3540 praestas

1892 3551 2164 3607 celebrare
2185 3551 2449 3607 laetantes.
2477 3552 2596 3619 Per,
2625 3563 2732 3609 etc.

1969 3642 2064 3708 Da,
2091 3657 2418 3712 quasumus,
2439 3642 2682 3712 Domine,
2709 3645 2954 3702 fidelibus
2976 3648 3078 3704 tuis
3095 3665 3148 3705 tn
3164 3664 3313 3707 sacra
3335 3667 3471 3712 sema

1896 3748 1992 3804 per
2020 3734 2226 3788 actione
2250 3735 2558 3803 persistere,
2595 3745 2653 3790 ut
2701 3738 2790 3807 qui
2839 3749 2925 3794 tua
2962 3742 3311 3800 miseratione
3348 3756 3471 3806 sunt

1896 3825 2039 3896 digni
2069 3826 2198 3880 ﬁant
2225 3827 2437 3895 pietatis
2463 3825 2640 3884 officio
2669 3829 2956 3900 digniores.
2981 3833 3086 3890 Per
3104 3876 3119 3904 ,
3143 3846 3248 3893 etc.

1967 3916 2158 3973 XXIX.
2189 3915 2318 3972 Item
2359 3919 2576 3973 alia.—
2609 3917 2627 3956 ι
2665 3920 3017 3993 Omnipotens
3054 3936 3109 3981 et
3159 3928 3472 3986 misericors

1896 4010 2058 4075 Deus,
2087 4008 2155 4064 de
2189 4009 2338 4079 cujus
2368 4025 2592 4067 munere
2622 4012 2771 4067 venit
2817 4023 2873 4069 ut
2905 4015 2998 4070 tibi
3027 4031 3057 4070 a
3089 4015 3335 4074 fidelibus
3364 4022 3472 4078 tuis

1893 4145 2230 4216 diligendum,
2274 4145 2328 4197 id
2355 4154 2455 4209 est,
2482 4145 2739 4199 Christum
2781 4148 3176 4216 Redemptorem
3215 4164 3467 4210 nostrum.

1893 4215 2016 4269 Haec
2048 4216 2285 4282 praelatio
2305 4216 2451 4269 estin
2471 4217 2625 4269 codd.
2653 4216 2814 4284 Creg.
2836 4217 3168 4274 hebdomada
3194 4237 3325 4276 xvut
3353 4236 3473 4290 post

1893 4284 2271 4339 Peutccostcu.

1940 4302 2271 4338 eutccoswu.

1967 4363 1991 4400 ς
2020 4351 2178 4432 Cod.,
2210 4363 2256 4407 et
2295 4368 2468 4432 eorum
2497 4368 2612 4432 qua:
2640 4369 2909 4432 mansure.
2942 4356 3209 4432 Locusiin
3244 4363 3473 4432 vulgatis

1895 4424 2206 4479 emendatus
2227 4441 2249 4507 ‘;
2275 4423 2367 4477 sed
2391 4439 2494 4477 non
2512 4423 2683 4491 plane
2709 4426 2986 4485 satisfacit.
3013 4429 3175 4501 Magis
3208 4423 3468 4507 placeret,

1898 4511 1955 4549 ea
1973 4511 2095 4566 qua:
2123 4503 2236 4548 sunt
2267 4510 2526 4548 mansura.

224 4571 349 4648 mani
390 4563 599 4648 imperii
625 4563 1144 4648 ιιίιριιοι-ειειοιὶιηιιιἸ
1168 4575 1271 4648 et_c.
1306 4564 1397 4648 liae
1428 4563 1638 4645 quidem
1660 4579 1792 4648 Δοιιι-
1820 4570 1876 4632 D
1972 4563 2093 4648 "In
2114 4566 2350 4648 margine
2379 4567 2577 4648 codicis
2610 4585 2621 4620 :
2664 4566 3209 4648 Indubitnutergratia
3256 4576 3463 4646 (Forte,

227 4640 382 4696 tiones
430 4635 708 4694 lucubrari
741 4647 1024 4705 potuerunt
1069 4637 1165 4689 sub
1197 4635 1400 4689 duobus
1450 4635 1788 4702 imperatori-

227 4708 333 4773 bus;
363 4720 413 4764 at
440 4713 498 4764 in
525 4708 1005 4764 Sacramentarium
1025 4705 1209 4759 referri
1231 4707 1463 4774 potuisse
1484 4706 1642 4759 etiam
1670 4717 1790 4774 post

225 4783 486 4834 sublatum
519 4781 760 4832 ultimum
793 4777 1094 4832 Occidentis
1128 4778 1524 4844 imperatorem,
1567 4775 1791 4842 demou-

227 4846 1091 4912 stratSacramentariumGelasii,
1117 4861 1223 4915 quo
1257 4847 1506 4917 pontifice
1531 4861 1668 4900 unus
1690 4847 1791 4899 im-

227 4934 427 4988 perator
457 4922 515 4974 in
545 4919 762 4974 Oriente
783 4917 1173 4988 dominabatur.

290 5001 314 5028 ι
347 4991 775 5046 lnterorationes
805 4987 1140 5059 quotidianas
1157 4993 1426 5055 postrema
1451 4993 1532 5040 est
1559 4987 1610 5040 in
1630 4986 1787 5041 codd.

227 5059 443 5131 Gregor.
480 5059 776 5131 Muratorii.

292 5125 679 5186 bSacr-ament.
703 5125 861 5198 Greg.
891 5126 1128 5182 Menardi
1157 5133 1217 5198 et
1235 5125 1445 5182 Missale
1473 5127 1626 5182 Rom.
1662 5127 1800 5181 hanc

227 5205 522 5257 orationem
552 5195 840 5269 praeferunt
864 5198 964 5254 fer.
998 5198 1031 5252 5
1052 5206 1171 5268 post
1191 5195 1414 5252 Pascha.

295 5282 314 5309 ε
346 5273 511 5338 C0d.,
544 5286 832 5334 caueamur,
860 5269 1014 5323 male.

292 5339 320 5420 d_
347 5336 509 5420 Cod_._,
531 5357 814 5420 sumpsere,
843 5340 982 5408 quod
1006 5336 1228 5420 retineri
1254 5346 1458 5420 posset,
1503 5352 1624 5393 cum
1651 5336 1797 5420 plebs

230 5414 617 5467 multitudinem
645 5407 949 5481 significans
971 5407 1226 5479 pluralem
1250 5407 1531 5464 numerum
1557 5407 1799 5478 recipere

231 5486 408 5550 possit.
439 5484 506 5538 At
554 5481 690 5537 infra
733 5482 1068 5536 cohaerenter
1115 5481 1392 5549 legendum
1425 5487 1570 5535 esset
1619 5489 1792 5534 custo-

231 5555 387 5608 diant.
417 5555 539 5610 Mox
565 5569 660 5620 pro
681 5552 854 5615 simul,
880 5551 1046 5606 codex
1069 5551 1230 5605 habet
1251 5551 1364 5605 sibi.

299 5635 319 5659 ο
347 5623 518 5679 Codd.
543 5623 766 5693 Cregor.
795 5620 1064 5693 Muratorii
1088 5623 1224 5676 hanc
1255 5622 1548 5693 orationem
1571 5621 1796 5677 interse-

234 5708 344 5747 ruut
371 5691 854 5763 postremae-Missae
885 5692 1088 5747 dierum
1124 5691 1568 5763 quotidianarum.

305 5764 318 5801 -‘
355 5761 489 5820 Nota
521 5764 824 5835 Inargiualis
847 5765 898 5817 in
923 5778 1023 5818 ms.
1057 5781 1067 5814 :
1114 5761 1329 5817 Fontem
1358 5765 1468 5817 vita’
1499 5771 1600 5817 toto
1648 5764 1796 5817 corde

1897 4635 2099 4715 gratiis)
2147 4635 2246 4690 Dei
2290 4635 2634 4705 reputantium
2675 4640 2922 4709 quidquid
2962 4635 3160 4715 agimus
3209 4635 3328 4715 ﬁdei
3377 4635 3472 4702 mi:

1895 4710 2062 4761 nistri.

1974 4778 1995 4850 i7
2026 4778 2080 4832 In
2112 4777 2348 4850 Sacram.
2375 4777 2554 4850 Celas.
2589 4778 2714 4850 etin
2739 4779 2962 4850 Gregor.
2991 4785 3127 4850 apud
3156 4785 3472 4844 Menardum

1898 4849 2091 4925 legitur
2120 4848 2216 4902 fer.
2242 4845 2419 4925 Spost
2452 4848 2778 4925 Dominicam
2807 4845 2872 4905 IV
2900 4845 3334 4925 Quadragesimce
3360 4878 3372 4924 ;
3416 4862 3470 4914 in

1897 4917 2054 4972 codd.
2104 4932 2231 4971 vero
2278 4917 2436 4987 Greg.
2494 4919 2634 4988 apud
2665 4917 3028 4993 Muratorium,
3083 4917 3144 4982 εἴ
3170 4929 3220 4982 in
3271 4917 3473 4984 hlissali

1900 4989 2077 5043 Rom“
2106 4988 2236 5041 feria
2269 4987 2321 5043 5.

1947 5005 2077 5044 0111..
2106 5003 2236 5041 terra
2269 5003 2321 5043 5.

1981 5059 1993 5108 i
2036 5057 2090 5114 Si
2122 5059 2294 5134 fluuni
2341 5058 2427 5112 hic
2474 5059 2856 5134 indicarentur,
2908 5063 2984 5118 uti
3017 5075 3167 5134 putat
3222 5068 3470 5123 Acamius

1901 5140 2036 5199 part.
2069 5146 2125 5200 ll,
2161 5128 2189 5200 ξ
2217 5129 2389 5200 9,pax
2419 5144 2539 5184 cum
2563 5131 2645 5185 his
2671 5145 2699 5185 a
2731 5133 2908 5190 Leone
2930 5128 3057 5191 init'a
3083 5138 3303 5192 dicenda
3334 5147 3477 5194 esset

1901 5197 2023 5272 ante
2050 5197 2614 5272 PaschaICurautcm
2637 5201 2736 5256 hac
2761 5204 2812 5256 in
2859 5219 2916 5260 re
2958 5203 3282 5272 dubitemus,
3316 5209 3474 5262 intel-

1903 5267 2036 5346 liges
2057 5285 2121 5346 ex
2144 5272 2385 5346 annotzj
2411 5270 2549 5346 (Col.
2583 5272 2709 5346 28!,
2738 5290 2791 5346 ιι.
2826 5273 2873 5344 η)
2917 5275 2968 5330 in
3000 5276 3212 5332 dissert.
3251 5267 3280 5332 ι’
3308 5277 3479 5346 Ques-

1902 5337 2124 5412 nélli_ad
2155 5355 2238 5393 an.
2270 5337 2394 5412 {151.
2420 5337 2545 5412 Mox
2582 5341 2781 5412 placida
2810 5337 2892 5398 est
2923 5348 3133 5401 varians
3157 5337 3335 5402 lectio".

1977 5410 2000 5448 ¹ί
2035 5410 2091 5465 In
2118 5409 2355 5480 margine
2388 5409 2692 5467 :Orandum
2723 5424 2775 5468 ut
2800 5413 2919 5468 vitia
2959 5432 2990 5469 a
3028 5418 3167 5472 nobis
3211 5416 3351 5472 Deus
3389 5417 3478 5472 dc-

1903 5482 2078 5554 pellat.
2131 5481 2261 5535 Dein
2307 5495 2403 5552 pro
2472 5496 2746 5553 corporum
2800 5485 2852 5539 in
2916 5487 3038 5540 cod.
3101 5502 3326 5544 erronee
3396 5497 3480 5545 est

1897 5568 2133 5621 quorum.

1981 5622 1998 5661 ι
2031 5622 2206 5699 E_st__in
2230 5621 2631 5699 G_elasia_r_io_.lib.
2668 5639 2746 5699 m_,
2781 5640 2834 5678 n.
2868 5624 2921 5680 8.
2945 5625 3070 5699 Mss.
3113 5627 3333 5699 Gregor.
3360 5629 3480 5686 Μυ.

1901 5693 2107 5756 ratorii,
2127 5692 2406 5745 Dominica
2422 5691 2544 5764 )flll
2573 5703 2693 5762 post
2715 5695 2965 5764 Pentec.;
3001 5697 3050 5752 in
3075 5691 3272 5758 Missain
3301 5710 3478 5758 autem

1907 5764 2088 5827 Rom,
2120 5764 2396 5816 Dominica
2420 5763 2532 5816 XII.
