4018 6314
558 250 641 327 νο
1540 262 1773 324 ornas
1810 265 1866 325 s.
1911 265 2115 326 LEONI
2149 267 2391 329 uacuo
2428 256 2845 334 srrmeura.‘
3789 284 3865 347 8°

562 378 727 452 digne
752 376 1169 437 «laudabiliter
1192 376 1482 448 serviatur,
1505 379 1682 439 tribue
1708 388 1769 436 ut
1807 381 1875 437 ad
1913 383 2149 455 promis-
2177 386 2235 448 Α
2255 399 2287 441 a
2315 386 2658 444 tenebrarum
2680 388 2946 460 distingue
2968 386 3219 459 caligine,
3251 398 3310 447 ut
3336 404 3551 466 semper
3576 410 3701 466 quae
3721 412 3858 458 san-

563 473 749 531 siones
786 480 907 529 tuas
928 474 1045 530 sine
1060 472 1363 531 oﬁ'ensione
1386 489 1690 530 curramus.
1713 473 1836 541 Per,
1861 481 1971 531 etc.

2258 486 2345 535 cta
2386 488 2513 536 sunt
2558 480 2912 551 meditantes,
2954 481 3011 538 in
3057 489 3148 539 tua
3189 483 3391 556 jugiter
3432 486 3555 546 luce
3580 488 3856 550 vivamus.

632 564 880 636 Suscipe,
908 566 1237 637 quaesumus,
1265 566 1509 633 Domine,
1558 581 1778 622 munera
1807 582 1929 638 quae
1956 566 2024 624 de
2043 567 2153 625 tuis
2254 572 2381 643 Per,
2408 582 2517 631 etc.

558 658 836 716 offerimus
855 660 1048 716 collata
1068 659 1363 727 beneﬁciis,
1388 670 1441 716 et
1460 660 1569 732 7o
1588 659 1732 732 quod
1758 673 1958 717 nasute
1978 660 2150 718 devo-

558 746 690 808 tioni
721 752 976 810 concedis
1003 752 1144 810 efﬁci
1174 752 1511 829 temporalis,
1546 763 1650 810 tuae
1678 754 1837 813 nobis
1865 755 1958 813 ﬁat
2004 770 2148 828 prte-

556 846 728 902 mium
756 846 1141 920 redemptionis
1162 856 1399 904 aternaa.
1425 845 1553 914 Per,
1575 855 1682 905 etc.

627 1052 797 1111 XXX.
826 1052 957 1110 Item
986 1054 1112 1109 alia.
1144 1084 1215 1095 —
1236 1063 1264 1093 ἰ
1284 1054 1362 1112 Ne
1391 1057 1683 1129 despicias,
1728 1057 1972 1127 Domine,
1998 1074 2147 1132 quae-

549 1161 760 1215 sumus,
788 1146 843 1202 in
872 1145 1159 1202 al’llictione
1182 1147 1502 1216 clamantes,
1533 1150 1631 1206 sed
1662 1150 2029 1208 laborantibus
2058 1165 2144 1209 ce-

547 1238 647 1297 leri
671 1253 927 1297 succurre
954 1239 1195 1310 placatus
1214 1241 1437 1297 auxilio.
1460 1242 1585 1312 Per,
1618 1253 1723 1301 etc.

620 1331 849 1403 Respice
888 1347 1012 1401 nos,
1049 1332 1392 1403 omnipotens
1433 1344 1488 1392 et
1530 1336 1838 1393 misericors
1875 1337 2037 1407 Deus,
2085 1345 2143 1396 et

548 1424 616 1483 Ib
668 1424 921 1482 omnibus
992 1423 1431 1483 tribulationibus
1502 1428 1825 1500 propitiatus
1892 1429 2135 1488 absolve.

541 1513 672 1586 Per,
703 1525 813 1573 etc.

616 1605 790 1677 Mitte,
818 1606 1063 1676 Domine,
1088 1622 1418 1679 quaesumus,
1451 1609 1713 1680 Spiritum
1739 1623 2005 1682 sanctum,
2042 1613 2132 1685 qui

542 1710 602 1759 et
631 1701 745 1758 haec
766 1716 989 1759 munera
1015 1703 1301 1773 praesentia
1328 1714 1509 1760 nostra
1543 1714 1692 1761 tuum
1732 1707 1889 1763 nobis
1931 1706 2132 1764 efﬁciat

2326 668 2541 735 Annue,
2571 667 2818 738 Domine,
2850 670 3103 741 precibus
3146 673 3369 741 nostris,
3396 682 3451 730 et
3479 674 3584 731 tuis
3610 676 3860 735 servitiis

2253 757 2599 825 inhaerentes,
2630 762 2875 834 pervigili
2910 764 3244 835 protectione
3263 766 3495 823 custodi.
3520 767 3645 836 Per,
3670 779 3782 825 etc.

2325 851 2553 911 Domine
2577 854 2722 911 Deus
2750 867 2956 927 noster,
2988 857 3181 914 diurno
3203 858 3386 916 labore
3407 859 3657 931 fatigatos
3683 877 3850 934 sopo-

2252 946 2329 1003 ris
2358 948 2538 1018 quiete
2567 963 2667 1005 nos
2691 950 2903 1018 refove;
2941 960 2993 1006 ut
3024 952 3189 1023 adjuti
3238 954 3545 1009 necessario
3586 955 3821 1027 fragilita

2194 1038 2195 1041 “
2249 1038 2320 1095 tis
2347 1040 2578 1109 auxilio,
2625 1050 2681 1099 et
2728 1057 2958 1116 corpore
2996 1044 3091 1100 tibi
3136 1045 3303 1101 simus
3332 1056 3387 1103 et
3415 1056 3595 1103 mente
3634 1047 3844 1109 devoti.

2246 1128 2372 1198 Per,
2397 1141 2503 1189 etc.

2317 1225 2651 1298 Pmpitiare,
2699 1229 2958 1299 Domine,
3004 1232 3368 1304 quaerentibus
3412 1232 3843 1292 misericordiam

2243 1322 2425 1385 tuam,
2467 1328 2524 1375 et
2563 1328 2764 1377 statum
2806 1321 3034 1379 Romani
3081 1325 3314 1381 nominis
3364 1325 3562 1395 ubique
3608 1326 3844 1387 defende

2241 1407 2271 1449 ιι
2304 1412 2423 1483 (ΑΙ.
2460 1422 2514 1469 et
2553 1414 2779 1471 Romani
2821 1418 3058 1474 nominis
3096 1419 3290 1491 ubique
3321 1429 3539 1491 protege
3568 1421 3843 1491 principa-

2240 1506 2411 1575 tum),
2442 1513 2499 1563 ut
2518 1521 2623 1577 pax
2648 1507 2902 1581 salusque
2929 1519 3189 1581 perpetua
3221 1519 3431 1567 tuorum
3463 1511 3633 1582 possit
3655 1512 3841 1584 vigere

2238 1599 2578 1671 populorum.
2613 1601 2738 1668 Per,
2769 1611 2877 1659 etc.

2754 1692 2784 1767 Ι
2788 1703 2885 1750 tem
2914 1697 2983 1750 ad
3011 1713 3299 1769 vesperum.

539 1800 961 1862 sacramentum,
989 1802 1045 1849 et
1070 1793 1137 1849 ad
1159 1793 1263 1850 hoc
1299 1795 1704 1867 percipiendum
1735 1805 1921 1855 nostra
1963 1798 2130 1855 corda
2163 1791 2214 1853 B
2318 1783 2336 1823 ί
2370 1784 2722 1855 Quaesumus:
2757 1788 2980 1845 υοωῖηθ
3012 1790 3154 1848 Deus
3185 1802 3388 1862 "0818f.
3421 1795 3527 1853 diei
3558 1801 3837 1861 molestias

537 1884 810 1958 puriﬁcet.
842 1884 967 1956 Per,
997 1893 1104 1942 etc.

611 1975 640 2016 δ
674 1976 813 2033 Vere
840 1976 1079 2049 dignum.
1101 1976 1237 2046 Quia
1265 1985 1318 2035 te
1342 1981 1460 2036 sine
1489 1981 1794 2038 cessatione
1833 1981 2131 2053 praedican-

536 2068 704 2138 tibus,
731 2085 833 2127 nec
854 2070 1080 2128 adversa
1106 2071 1421 2142 praevalent,
1439 2087 1540 2130 nec
1568 2089 1827 2146 prospera
1852 2076 2130 2147 negabun-

536 2171 648 2221 tur.
677 2163 801 2233 Per,
823 2175 931 2223 etc.

612 2266 637 2296 ο
665 2255 751 2313 Sit
772 2257 947 2327 nobis,
976 2257 1223 2327 Domine,
1250 2261 1523 2330 reparatio
1560 2262 1756 2318 mentis
1780 2270 1835 2319 et
1883 2264 2129 2334 corporis

535 2345 758 2404 cteleste
778 2348 1125 2420 mysterium,
1154 2359 1210 2406 et
1237 2352 1392 2421 cujus
1440 2354 1789 2425 exsequimur
1829 2355 2125 2424 actionem,

533 2441 832 2497 sentiamus
856 2439 1128 2497 ell‘ectum.
1153 2442 1279 2511 Per,
1299 2452 1407 2500 etc.

605 2531 765 2589 Plebs
794 2541 903 2599 tua,
930 2533 1174 2601 Domine,
1204 2550 1534 2606 quazsumus,
1575 2535 1965 2595 benedictionis
1989 2540 2128 2597 'san-

532 2633 637 2680 ctte
657 2640 853 2681 munus
879 2625 1126 2697 accipiat,
1170 2642 1266 2698 per
1292 2627 1435 2698 quod
1465 2637 1521 2684 et
1562 2629 1723 2685 noxia
1766 2644 1996 2703 quasque
2022 2632 2122 2689 de-

530 2715 719 2786 clinet,
751 2726 805 2772 et
826 2725 1007 2787 optata
1038 2721 1292 2789 reperiat.
1317 2718 1442 2785 Per,
1473 2731 1579 2775 etc.

602 2807 797 2865 XXXI.
846 2807 983 2865 Item
1037 2812 1262 2865 atia.—
1309 2810 1336 2849 ἀ
1382 2812 1739 2884 Omnipotens
1790 2818 2122 2887 sempiterno

529 2899 699 2968 Deus,
745 2902 839 2972 qui
869 2916 968 2957 nos
1011 2910 1067 2958 et
1114 2903 1424 2973 castigando
1465 2920 1647 2974 sanas,
1691 2916 1747 2962 et
1794 2909 2121 2979 ignoscendo

529 3004 843 3062 conservas,
867 3002 1058 3064 praesta
1087 2996 1419 3066 supplicibus
1452 2997 1558 3054 tuis
1581 3007 1640 3053 ut
1669 3011 1723 3054 et
1747 3002 2115 3072 tranquillita-

526 3084 598 3142 tis
625 3091 821 3156 optatte
849 3085 1216 3143 consolatione
1247 3087 1513 3159 laetemur,
1556 3100 1613 3146 ct
1659 3090 1728 3146 ad
1765 3094 2116 3151 correctionis

526 3175 776 3235 effectum
799 3179 943 3235 dono
971 3188 1078 3236 tute
1106 3182 1250 3251 pacis
1278 3191 1511 3238 utamur.
1546 3184 1670 3254 Per,
1697 3194 1804 3241 etc.

598 3269 798 3326 Preces
828 3278 1064 3337 nostras,
1095 3272 1343 3340 Domine,
1371 3277 1688 3347 propitiatus
1717 3279 1961 3348 admitte,
2007 3291 2060 3337 et
2086 3299 2119 3340 a

526 3359 759 3418 terrenis
811 3361 966 3418 efﬁce
994 3364 1257 3433 contagiis
1302 3366 1569 3435 expiatos,
1624 3384 1759 3439 quos
1803 3372 2119 3429 coelestibus

525 3450 720 3507 tribuis
749 3453 961 3509 servire
983 3454 1273 3526 mysteriis.
1302 3454 1429 3524 Per,
1464 3466 1574 3513 etc.

600 3551 626 3581 θ
659 3541 799 3600 Vere
827 3544 1069 3616 dignum.
1104 3545 1208 3602 Per
1256 3562 1416 3618 quem
1468 3563 1567 3605 nos
1613 3554 1811 3607 eruisa
1858 3557 2115 3625 peccatis,

523 3648 556 3691 a
582 3635 836 3707 periculis
865 3636 1038 3704 emis,
1072 3645 1128 3695 et
1153 3637 1221 3693 ad
1243 3639 1436 3710 gaudia
1482 3641 1809 3699 sempiterna
1840 3646 2112 3716 perducis.

521 3725 653 3799 Per,
675 3739 783 3786 etc.

591 3819 934 3891 Quaesumus,
974 3821 1390 3882 Domine‘Deus
1420 3832 1626 3895 noster,
1672 3838 1734 3884 ut
1763 3846 1965 3887 mensae
2005 3841 2114 3891 tute

518 3922 705 3969 sancta
755 3914 1009 3983 libantes,
1060 3932 1168 3973 non
1227 3920 1296 3974 ad
1334 3919 1597 3989 judicium
1665 3924 1846 3991 nobis,
1900 3927 1997 3982 sed
2040 3928 2112 3986 ad

516 4005 830 4076 praesidium
886 4008 1271 4080 sempiternum
1319 4011 1565 4069 coelestia
1605 4013 1748 4071 dona
1802 4032 2108 4079 sumamus.

513 4096 644 4167 Per,
669 4108 777 4155 etc.

582 4190 831 4264 Respice,
862 4193 1109 4264 Domine,
1140 4197 1406 4269 propitius
1431 4200 1689 4271 populum
1720 4210 1888 4276 tuum,
1936 4214 2100 4278 atque

508 4281 578 4339 ad
610 4291 754 4339 tuam
785 4287 1210 4344 misericordiam
1242 4289 1570 4359 pertinentes
1602 4296 1708 4367 71
1751 4305 1807 4353 et
1837 4306 2108 4370 tempora-

2236 1877 2411 1934 noctis
2440 1878 2620 1950 quiete
2639 1889 2901 1950 sustenta,
2927 1890 2986 1938 ut
3013 1886 3315 1940 necessaria
3340 1894 3642 1959 temporum
3675 1894 3835 1952 vicis-

2233 1969 2472 2027 situdine
2537 1972 2892 2043 succedente,
2964 1984 3148 2033 nostra
3197 1977 3470 2037 reﬁciatur
3526 1985 3833 2045 infirmitas.

2232 2059 2360 2130 Per,
2391 2071 2497 2119 etc.

2305 2154 2513 2211 Exaudi
2564 2170 2693 2223 nos,
2741 2159 3084 2231 omnipotens
3110 2163 3438 2232 sempiterne
3471 2162 3646 2239 Deus,
3678 2181 3735 2228 et
3764 2189 3834 2232 ne

2232 2243 2349 2301 sine
2380 2247 2622 2302 terminis
2652 2262 2877 2319 operum
2901 2249 3161 2322 fragilitas
3195 2254 3427 2312 humana
3453 2257 3690 2329 deﬁciat,
3716 2264 3833 2335 ipsa

2232 2339 2574 2396 mutabilium
2600 2357 2782 2397 rerum
2813 2344 3073 2402 varietate
3097 2360 3198 2403 nos
3227 2348 3430 2407 refove.
3462 2352 3583 2421 Per,
3614 2363 3721 2413 etc.

2303 2432 2525 2502 Adesto,
2559 2434 2803 2504 Domine,
2833 2438 3083 2509 precibus
3114 2442 3337 2510 nostris,
3376 2453 3430 2500 et
3454 2444 3541 2502 die
3561 2457 3831 2521 noctuque

2229 2535 2483 2597 protege,
2540 2536 2601 2584 ut
2647 2530 2976 2599 quibuslibet
3020 2533 3468 2593 alternationibus
3518 2549 3828 2614 temporum

2231 2627 2320 2675 tua
2344 2621 3112 2689 setnperincommutabilitate
3138 2628 3466 2691 iﬁrmemur.
3494 2634 3619 2703 Per,
3649 2645 3756 2694 etc.

2300 2712 2521 2770 XXXII.
2554 2714 2689 2770 Item
2716 2717 2841 2770 alia.
2870 2747 2943 2758 —
2968 2717 3197 2790 Respice
3232 2724 3524 2796 propitius,
3566 2727 3827 2804 Domine,

2225 2822 2554 2879 quaesumus,
2579 2806 2927 2866 afﬂictionem
2966 2813 3146 2883 populi
3177 2816 3282 2884 tui,
3319 2826 3371 2872 et
3398 2832 3469 2873 ne
3498 2818 3567 2875 ad
3596 2822 3830 2891 perden-

2224 2899 2351 2955 dum
2385 2910 2602 2972 peccata
2652 2910 2835 2957 nostra
2871 2904 3227 2973 praevaleant,
3274 2904 3301 2943 ¹ί
3344 2908 3439 2962 sed
3489 2910 3557 2965 ad
3606 2913 3829 2970 salvan-

2222 2993 2350 3050 dum
2394 3008 2493 3051 nos
2524 3004 2612 3050 tua
2648 2994 2830 3065 potius
2869 2996 3234 3055 misericordia
3256 2999 3474 3072 cOpiosa
3499 3007 3823 3074 previncat.

2223 3086 2349 3152 Per,
2380 3096 2485 3143 etc.

2142 3180 2190 3243 c
2293 3180 2564 3252 Propitius
2612 3181 2826 3239 intuere
2876 3197 3128 3255 munera,
3171 3182 3431 3253 Domine,
3478 3202 3818 3261 qutesumus,

2222 3288 2344 3342 quae
2375 3274 2479 3328 tuis
2506 3273 2769 3331 altaribus
2799 3275 3151 3347 exhibemus,
3181 3288 3240 3334 ut
3278 3280 3422 3349 quod
3451 3290 3625 3337 nostra
3650 3282 3815 3354 fragi-

2222 3365 2370 3421 litate
2393 3365 2658 3439 defertur,
2691 3376 2780 3424 tua
2811 3369 3012 3425 virtute
3038 3379 3306 3429 sacretur.
3337 3371 3452 3440 Per,
3477 3382 3577 3428 etc.

2938 3501 3092 3543 PFC

2297 3573 2315 3616 ι
2349 3576 2709 3647 Sumpsimus,
2737 3577 2990 3649 Domine,
3013 3580 3153 3636 sacri
3183 3580 3324 3636 dona
3347 3579 3612 3653 mysterii,
3636 3579 3816 3637 humi-

2219 3663 2345 3723 liter
2366 3667 2719 3737 deprecantes
2752 3676 2810 3723 ut
2832 3684 2952 3739 quae
2985 3669 3037 3724 in
3067 3670 3141 3724 tui
3168 3671 3685 3727 commemoratione
3715 3685 3819 3728 nos

2219 3758 2396 3817 facere
2422 3761 2762 3832 praecepisti,
2806 3761 2859 3816 in
2901 3764 3007 3836 72
3040 3772 3241 3821 nostra:
3279 3764 3567 3836 proﬁciant
3596 3765 3820 3823 inﬁrmi-

2218 3852 2341 3908 tatis
2370 3854 2653 3908 auxilium.
2688 3854 2812 3921 Per,
2841 3864 2949 3911 etc.

2242 4010 2243 4013 η
2290 3944 2457 4016 Rege,
2485 3945 2731 4014 Domine,
2761 3960 3090 4018 quaesumus,
3118 3956 3328 4004 tuorum
3347 3948 3516 4005 corda
3537 3948 3815 4021 ﬁdelium;

2218 4043 2272 4091 et
2302 4046 2360 4090 ut
2403 4037 2541 4092 bona
2584 4044 2670 4093 tua
2699 4048 2751 4094 te
2778 4039 3038 4108 largiente
3067 4040 3393 4111 percipiant,
3425 4041 3669 4110 ipsorum
3700 4042 3816 4111 pri-

2212 4128 2375 4183 mitus
2427 4128 2597 4185 bonas
2635 4144 2757 4186 esse
2802 4130 3038 4188 concede
3069 4130 3195 4192 (At.
3242 4130 3433 4203 effice)
3481 4132 3815 4191 voluntates.

2211 4216 2335 4285 Per,
2369 4226 2474 4274 etc.

2280 4309 2523 4366 XXXIII.
2563 4308 2695 4366 Item
2737 4312 2864 4366 alia.
2912 4342 2984 4353 —-
3020 4321 3061 4350 ω
3091 4314 3442 4384 Omnipotens
3471 4324 3813 4386 sempiterno

511 4373 652 4479 libus
666 4374 791 4479 ‘(filz
826 4374 845 4414 ί
872 4379 1248 4479 praesentibus)
1278 4392 1520 4440 sustenta
1540 4384 1837 4456 beneﬁciis,
1870 4399 1926 4447 et
1953 4400 2104 4450 aster.
2206 4400 2368 4468 Deus,
2394 4401 2461 4457 da
2486 4400 2638 4457 nobis
2664 4401 2812 4472 ﬁdei,
2859 4402 2977 4474 spei
3004 4413 3059 4461 et
3100 4373 3379 4461 clrariiatis
3412 4373 3760 4477 augmentum
3784 4446 3808 4479 ,

510 4462 597 4518 uis
624 4464 733 4537 (At.
762 4465 1000 4537 futuris).
1036 4469 1157 4536 Per,
1198 4482 1305 4527 etc.

748 4564 1019 4623 Orationes
1048 4572 1344 4641 matutina,
1373 4575 1450 4629 vel
1474 4575 1543 4629 ad
1571 4592 1855 4650 vesperum.

2207 4503 2265 4551 et
2290 4503 2352 4550 ut
2374 4509 2675 4551 mereamur
2695 4496 2913 4567 assequi
2940 4498 3081 4568 quod
3107 4499 3397 4570 promittis,
3430 4499 3513 4555 fac
3533 4515 3631 4557 nos
3654 4514 3813 4557 ama-

2122 4595 2179 4657 D
2204 4602 2264 4645 re
2292 4587 2435 4659 quod
2466 4589 2736 4661 praecipis.
2765 4589 2891 4659 Per,
2924 4590 3060 4648 ctc.’

582 4666 608 4705 κ
631 4657 794 4728 Deus,
811 4661 903 4730 qui
923 4661 1064 4718 diem
1089 4663 1354 4722 discernis
1372 4676 1428 4723 et
1449 4679 1685 4737 noctem,
1713 4682 1864 4732 actus
1887 4686 2101 4737 nostros
2158 4721 2176 4733 .

2273 4684 2451 4754 Deus,
2504 4685 2596 4756 qui
2645 4684 3032 4761 plenitudinem
3086 4689 3456 4745 mandatorum
3502 4689 3555 4745 in
3604 4698 3697 4746 tua
3744 4696 3814 4751 et

580 4775 766 4861 {Fere
792 4777 980 4834 eadem
1004 4780 1273 4861 invenitur
1300 4782 1353 4861 in
1376 4785 1792 4861 coddsGregor.
1837 4793 1890 4848 in
1938 4785 2159 4854 serie-ﬁ
2195 4804 2421 4861 ctioncs.

503 4848 808 4927 orationum
831 4865 923 4919 pro
946 4854 1184 4919 peccatis,
1216 4861 1271 4908 et
1300 4857 1351 4909 in
1383 4856 1582 4912 Missali
1616 4848 1771 4915 Ιὶόιη.
1791 4848 2092 4927 interverti-

505 4921 680 4996 tiones
706 4933 1133 4996 communespro
1158 4940 1477 4996 quacumque
1498 4928 1844 4989 tribulatione.

615 4988 1093 5080 glﬁotasmarg‘tnalis
1119 4988 1181 5048 in'
1194 4996 1316 5051 cod.
1336 5014 1349 5049 :
1379 4988 1603 5055 Adversa
1630 5005 1825 5074 repelli,
1836 4988 2088 5080 prospera

500 5069 804 5116 ministrari.

575 5141 598 5170 ο
629 5131 687 5187 In
711 5130 1106 5216 biissgliRoys
1124 5132 1328 5216 legitur
1347 5136 1625 5216 ng‘inica
1656 5143 1768 5216 Vlll
1793 5157 1913 5216 post
1937 5148 2081 5207 Pen-

500 5208 633 5294 ἷξε..
656 5217 724 5294 ac
740 5201 993 5294 iurgii
1015 5201 1277 5294 V'a‘lrentini
1297 5207 1373 5294 ,μ
1397 5208 1557 5294 Εθυν.
1574 5214 1628 5268 ln
1649 5201 2079 5294 Sacrémsdreé.

498 5271 1016 5357 aturatgriinDomin.
1150 5285 1270 5344 post
1294 5277 1510 5337 Pentec.
1535 5300 1549 5351 ;
1596 5288 1738 5357 apud
1762 5271 2078 5351 ’ués‘aidtiiii

498 5356 627 5396 vero
654 5342 742 5398 die
768 5343 826 5399 S.
858 5343 1145 5399 Valentini.

569 5409 597 5450 ἀ
633 5413 818 5497 Exstat
836 5416 900 5497 in
935 5414 1056 5497 co_d.
1087 5414 1532 5497 Ge!asi_i__lib.p_m,
1583 5445 1639 5483 ιι.
1697 5431 1789 5497 57,
1842 5434 1895 5490 in
1938 5451 2068 5491 mss.

498 5482 720 5577 Ere-‘33:.
737 5483 1060 5577 gilii)?!“
1086 5501 1148 5542 ac
1167 5487 1223 5543 in
1254 5491 1453 5549 Missali
1484 5482 1755 5571 Romano,
1773 5482 2074 5577 ἀἶνέῇξῇ

496 5550 706 5605 tendam
734 5550 1097 5623 tempestatem.

569 5623 969 5715 irin-margine
1008 5628 1154 5698 cod.,
1208 5632 1253 5687 A
1305 5640 1524 5704 peccatis
1560 5643 1663 5697 sive
1700 5646 1942 5715 periculis
1981 5663 2073 5704 nos

495 5689 727 5748 Christus
756 5689 987 5753 redémit.

570 5761 589 5801 ί
629 5762 992 5841 Ρηεδεηιὶὁαε,
1039 5780 1091 5829 et
1128 5773 1250 5833 dein
1296 5778 1484 5849 futuris
1526 5793 1649 5841 sunt
1698 5789 1965 5846 variantes
1996 5789 2070 5847 le-

2191 5160 2576 5232 mss._,Gregor.

2270 4885 2295 4923 8
2326 4877 2516 4932 Exstat
2545 4875 2598 4931 in
2621 4876 2801 4933 Gelas.
2829 4873 2921 4930 lib.
2945 4888 3032 4942 Ill,
3064 4892 3119 4931 n.
3152 4875 3244 4932 84.

2265 4943 2294 4983 ιι
2325 4947 2484 5004 Uncis
2523 4948 2725 5004 inclusa
2768 4963 2835 5003 ex
2875 4945 3101 5001 varianti
3150 4948 3379 5004 lectione
3424 4962 3454 5003 a
3498 4948 3804 5009 collectore

2196 5019 2371 5073 textui
2392 5019 2611 5074 inserta.

2673 5091 2896 5149 nultima
2926 5088 3226 5148 orationum
3256 5090 3699 5163 vespertinalium
3730 5092 3797 5152 in

2658 5165 2875 5219 uratorii
2887 5205 2902 5219 .

2265 5231 2280 5307 ξ
2315 5230 2760 5307 god.,ﬁrmetur,
2795 5250 3099 5307 perperam.

2260 5300 2287 5339 ¹ι
2320 5302 2427 5357 Sed
2453 5305 2707 5359 abundat.

2274 5088 2290 5127 ί
2328 5089 2454 5145 Haec
2492 5100 2575 5146 est

2148 5395 2157 5403 -
2263 5372 2282 5412 ι
2317 5373 2409 5428 Est
2446 5374 2499 5429 in
2548 5376 2745 5432 Missali
2788 5376 2943 5432 Rom.
2973 5376 3114 5433 inter
3150 5390 3464 5433 communes
3502 5374 3800 5435 orationes

2186 5460 2279 5513 pro
2304 5460 2619 5518 quacumque
2648 5449 2968 5503 necessitate.

2255 5523 2295 5553 ω
2323 5515 2469 5571 Hanc
2501 5515 2721 5574 exhibet
2740 5519 2905 5575 codex
2939 5517 3116 5576 Gelas.
3148 5519 3240 5575 lib.
3269 5534 3325 5573 Ill
3345 5559 3359 5583 ,
3388 5533 3443 5573 ιι.
3468 5518 3524 5573 9.
3558 5518 3614 5573 1η
3636 5517 3797 5575 Gre-

2182 5599 2300 5659 gor.
2353 5587 2661 5659 Muratorii,
2713 5588 2987 5646 Dorninica
3030 5589 3149 5646 XIV
3177 5599 3296 5659 post
3341 5589 3593 5651 Pentec.;
3633 5591 3795 5659 apud

2180 5655 2489 5782 g‘lfﬁardum
2515 5700 2530 5727 ,
2580 5655 2796 5717 Demin.
2840 5660 2972 5729 XV;
3020 5662 3074 5718 in
3114 5655 3312 5719 Missali
3342 5660 3525 5726 Rom.,
3557 5655 3794 5719 Domin.
