4018 6314
249 461 310 520 8i

1062 481 1265 539 LIBER
1304 485 1922 553 SACRAMENTORUM
1962 499 2314 564 ECCLESIE
2353 508 2679 574 ΒΟΜΑΝᾹΞ.

3434 575 3504 596 υ.

247 575 469 643 proximi
500 576 784 640 dilectione
826 589 1083 660 posuisti,
1119 596 1254 653 hanc
1284 602 1436 658 nobis
1467 607 1690 674 gratiam
1718 607 1820 664 lar-
1848 614 1901 674 Α
1928 628 2064 682 quos
2088 634 2193 674 non
2220 622 2426 681 deseris
2449 628 2500 682 in
2532 633 2874 694 tribulatione
2896 642 3198 717 subjectos,
3235 654 3504 724 copiosius

247 664 356 724 Rire
379 668 655 724 pronitius.
689 684 743 724 ut
771 678 890 724 nnia
916 680 966 724 in
994 685 1175 724 mnllin
1204 690 1522 724 ηπηηιιςη.....
1579 707 1661 724 ..η
1693 698 1787 724 ,ιη
2230 715 2240 724 .

241 664 356 734 gire
377 668 655 741 propitius,
689 684 743 730 ut
771 678 890 746 quia
915 680 968 736 in
993 685 1175 742 multis
1204 690 1543 764 oli‘endimus,
1579 707 1663 753 tua
1690 698 1820 756 cha-

239 755 370 812 ritas
396 760 627 820 abundet
655 766 709 822 in
751 770 935 842 nobis,
965 789 1062 846 per
1091 794 1248 850 quam
1293 799 1510 854 peccata
1555 793 1819 852 mundan-

238 855 342 903 tur.
374 849 497 922 Per,
531 864 635 914 etc.

305 940 530 1001 Domine
576 961 780 1019 sancte,
811 953 970 1014 Pater
999 965 1358 1037 omnipotens,
1392 983 1594 1033 aeterne
1634 978 1774 1036 Deus
1795 1025 1810 1052 ,

231 1027 536 1093 oblationes
575 1041 790 1100 familia:
824 1058 927 1105 tua:
958 1027 1277 1125 propitiatus
1320 1063 1571 1134 intende,
1613 1080 1671 1125 ut
1701 1027 1814 1130 han;
1914 1027 2041 1146 ἴδεν,
2072 1091 2154 1138 etc

231 1121 332 1146 ,τη
391 1123 588 1146 ,ημμ
639 1133 652 1146 .
757 1136 770 1146 .
930 1141 942 1146 -

227 1121 333 1189 piae
386 1123 684 1188 devotionis
721 1121 975 1210 obsequia
1013 1121 1074 1201 et
1105 1160 1347 1210 rectores
1383 1158 1719 1216 sanctiﬁcent
1761 1171 1817 1218 et

223 1218 510 1286 regendos.
545 1224 664 1293 Per,
700 1235 806 1286 etc.

1924 705 2108 765 foveas
2136 715 2472 784 majestatem
2498 730 2637 779 tuam
2676 728 2872 799 jugiter
2902 705 3208 798 exorantes.
3239 705 3363 815 Pe‘r,
3391 761 3502 808 etc.

1990 800 2230 874 Praesta,
2279 825 2617 884 quaesumus,
2676 818 2926 892 Domine,
2975 839 3033 885 ut
3083 832 3183 889 hac
3233 800 3502 900 oblatione

1918 895 2192 965 mundati,
2263 916 2540 960 sumamus
2602 915 2658 963 et
2725 911 3040 983 deprecandi
3102 895 3501 996 ﬁduciam,e;

1914 991 2174 1060 gratiam,
2221 1009 2340 1065 qua:
2375 998 2520 1068 justa
2570 1002 2692 1073 (Al.
2732 1005 2904 1080 bona)
2945 1026 3103 1087 sunt,
3152 991 3494 1094 impetrandi.

2542 1183 2610 1241 In
2643 1192 2871 1262 jejunio.

1991 1262 2128 1320 Vere
2171 1267 2409 1339 dignum.
2443 1273 2719 1348 Tantaque
2768 1289 3087 1356 propensius
3131 1307 3322 1365 agere,
3350 1303 3492 1371 quod

2008 1306 2128 1320 ..ην
2171 1306 2409 1339 manu...
2452 1306 2719 1348 ηιηυψιυ
2768 1306 3087 1356 propensius
3131 1307 3322 1365 agere,
3350 1306 3492 1371 quod

295 1306 458 1376 Deus,
488 1315 575 1384 qui
611 1325 637 1355 *ι
669 1319 855 1378 fideles
887 1332 1012 1384 tuos
1040 1330 1108 1386 ad
1137 1349 1320 1390 veram
1343 1337 1423 1394 vis
1453 1338 1809 1403 innocentiam
1912 1367 2010 1420 pro
2042 1367 2227 1414 nostro
2257 1365 2474 1421 modulo
2515 1369 2738 1426 nitimur
2779 1381 3021 1448 operari,
3053 1397 3252 1452 quanto
3275 1391 3497 1461 jejuniis

295 1405 526 1461 rvenire.
562 1408 645 1461 fac
675 1428 774 1461 nos
802 1431 898 1461 nm-
929 1418 1312 1461 immunem
1343 1440 1481 1461 ...ω
1515 1433 1654 1461 της..-
1687 1453 1776 1461 _-_
1918 1453 1958 1461 --
2113 1450 2144 1461 --
2227 1452 2256 1461 --
2399 1454 2410 1461 -

217 1405 526 1473 pervenire,
562 1408 645 1464 fac
675 1428 774 1469 nos
802 1431 898 1484 per
929 1418 1314 1495 indulgentiam
1343 1440 1482 1488 tuam
1512 1433 1655 1492 illius
1683 1453 1806 1508 par-

215 1491 412 1564 ticipes
453 1503 752 1561 sanctitatis
774 1549 788 1575 ,
822 1525 942 1579 quas
973 1531 1072 1572 nec
1096 1519 1200 1575 sibi
1231 1524 1408 1592 noxia,
1433 1541 1530 1584 nec
1557 1530 1802 1601 cuiquam

213 1585 529 1647 inveniatur
557 1595 799 1654 adversa.
833 1601 955 1672 Per,
986 1617 1091 1664 etc.

295 1679 521 1740 Domine
556 1698 753 1758 sancte,
791 1694 950 1750 Pater
976 1703 1349 1777 omnipotens,
1394 1718 1594 1771 aeterne
1620 1716 1794 1789 Deus,

1122 1767 1139 1773 _
1333 1767 1348 1777 .
1620 1767 1652 1772 —
1672 1767 1761 1775 --
1777 1767 1794 1789 ν

213 1767 284 1824 da
311 1773 482 1830 servis
525 1778 626 1834 tuis
658 1780 796 1837 hunc
822 1783 1096 1848 charitatis
1123 1794 1402 1870 allectum,
1446 1813 1502 1858 ut
1529 1805 1667 1863 bona
1697 1825 1794 1880 pro

203 1861 368 1917 malis
394 1865 620 1925 reddere
654 1880 742 1928 tuo
770 1875 1057 1938 incitentur
1086 1891 1366 1961 exemplo,
1395 1897 1534 1953 etde
1559 1899 1791 1962 inimicis

1909 1453 1962 1498 et
2012 1450 2340 1509 orationibus
2387 1454 2411 1493 δ
2458 1473 2736 1528 speramus
2768 1474 3023 1540 consequi
3067 1450 3164 1531 nos
3195 1450 3351 1548 posse
3375 1499 3494 1553 qua

1903 1537 2207 1606 poscimus;
2256 1551 2550 1613 praesertim
2598 1553 2722 1610 dum
2774 1537 3137 1627 prmstitoruns
3187 1537 3495 1632 testiﬁcatio

1902 1636 2052 1694 spem
2085 1630 2282 1687 tribuat
2312 1640 2683 1705 petendorum.
2717 1645 2836 1717 Per,
2866 1661 2972 1708 etc.

1972 1716 2198 1778 Domine
2227 1724 2367 1781 Deus
2391 1741 2597 1800 noster,
2623 1740 2712 1804 qui
2744 1716 3000 1798 salutaria
3027 1754 3083 1802 et
3112 1751 3376 1818 prtevides
3393 1769 3490 1813 σοι

1895 1809 1981 1864 ius
2012 1822 2066 1867 et
2098 1814 2305 1887 tribuis,
2338 1830 2414 1883 tu.
2443 1839 2768 1895 quaesumus,
2797 1843 2851 1888 et
2874 1838 3140 1895 mentibus
3160 1848 3359 1902 nostris
3380 1847 3486 1905 lar-

1893 1904 2007 1972 gire
2046 1921 2259 1978 semper
2290 1923 2312 1950 °
2344 1915 2593 1974 aﬂ‘ectum
2642 1932 2784 1980 tuam
2831 1929 3250 1994 misericordiam
3292 1952 3482 2011 postu-

200 1951 317 2008 suis
364 1960 701 2020 correctione
743 1969 913 2040 magis
959 1976 1208 2049 cupiant,
1243 1998 1404 2054 quam
1435 1989 1637 2049 ultione
1663 2009 1793 2066 gau-

200 2041 353 2092 dere-
391 2047 492 2092 Ρρι-
545 2061 630 2092 ρης

1893 1951 2007 1972 ο---
2046 1951 2250 1978 ..ν-..γυ
2344 1951 2593 1974 αιιιιιυιιι
2643 1951 2784 1980 tuulu
2831 1951 3250 1994 nusertcoratam
3292 1952 3479 2011 βοιω-

1898 1994 2078 2066 landi,
2113 2011 2165 2056 et
2204 2019 2323 2074 qua:
2367 2008 2522 2065 nobis
2545 2023 2671 2069 sunt
2718 2017 2901 2088 utilia,
2953 2023 3192 2092 placatus
3237 2029 3479 2090 intende.

200 2041 353 2100 dere.
389 2047 513 2116 Per,
545 2061 650 2110 etc.

267 2136 606 2243 Propitiare,
652 2147 916 2224 Domine,
961 2163 1260 2232 supplicum
1313 2172 1482 2244 votis,
1525 2186 1580 2231 et
1610 2181 1793 2250 populi

197 2226 271 2280 tui
299 2229 667 2292 oblationibus
696 2226 1376 2329 precibusque-susceptis,
1410 2226 1649 2326 omnium
1684 2226 1789 2330 'uo-

194 2326 364 2376 strum
393 2323 461 2380 ad
494 2335 544 2383 te
565 2331 728 2389 corda
757 2349 1036 2399 converte.
1066 2345 1194 2418 Per,
1221 2323 1325 2408 etc.

906 2435 1101 2457 --ο-ο

908 2473 1086 2517 PFB

259 2502 534 2578 Incipiunt
563 2532 736 2586 preces
766 2524 968 2582 diurna:
995 2549 1108 2586 cum
1138 2538 1366 2594 sensibus
1393 2549 1707 2607 necessariis.

261 2595 506 2704 XXXIX.
539 2636 611 2648 —-
650 2611 999 2684 Omnipotens
1026 2627 1351 2698 sempiterne
1380 2595 1776 2704 Deusvri'lo-ma-

201 2684 274 2740 nis
315 2691 587 2751 auxiliare
632 2700 997 2779 principibus,
1034 2722 1090 2768 ut
1134 2724 1218 2773 tua
1250 2721 1446 2780 virtute
1474 2729 1773 2802 roboratis,

205 2778 363 2802 ,ιη-ηε-
396 2781 599 2802 ι-...οιοΔ
878 2797 889 2802 -
928 2799 953 2802 ,γ

1425 2778 1438 2780 _
1475 2778 1488 2780 _
1509 2778 1773 2802 --η-η-.

205 2778 365 2834 omnis
396 2781 666 2846 hostilitas
699 2807 799 2851 nec
841 2797 1042 2859 viribus
1083 2810 1252 2876 possit
1296 2819 1626 2890 praevalere,
1671 2841 1774 2883 nec

207 2863 367 2890 ι----λ-
431 2875 468 2890 πὶ
627 2888 633 2890 Α

207 2863 390 2927 lraude.
429 2875 552 2943 Per,
586 2888 690 2936 etc.

267 2960 293 2999 ιι
317 2963 543 3038 Nostris,
575 2988 898 3050 qumsumus,
943 2987 1196 3063 Domine,
1229 3002 1517 3069 prapitiare
1562 3016 1769 3080 tempo-

1181 3052 1195 3063 ,
1229 3052 1246 3066 ,
1268 3052 1517 3069 __,--__--
1565 3052 1766 3080 --.υνν-

216 3052 362 3123 ribus,
391 3069 446 3116 ut
473 3073 563 3121 tuo
591 3084 814 3131 munere
840 3076 1137 3150 dirigantur
1159 3097 1213 3145 et
1235 3090 1473 3151 Romana
1504 3104 1766 3159 securitas

224 3152 270 3196 et
294 3145 486 3208 devotio
519 3157 836 3222 Christiana.
869 3145 992 3240 Per,
1025 3185 1130 3232 etc.

287 3233 558 3348 supplices,
582 3249 828 3324 Domine,
872 3233 1245 3338 deprecamur,
1279 3285 1336 3331 ut
1367 3293 1463 3348 per
1484 3282 1600 3342 haec
1625 3288 1764 3345 dona

219 3330 445 3388 sacrificii
483 3341 757 3412 singularis
775 3391 791 3418 ,
838 3363 894 3409 et

213 3421 348 3479 nobis
371 3433 712 3495 sanctiﬁcatio
735 3447 1057 3514 praebeatur.
1090 3421 1213 3528 Per,
1247 3471 1352 3520 etc.

272 3525 294 3554 θ
318 3517 444 3580 Vere
471 3525 712 3599 dignum.
743 3536 843 3604 Qui
875 3517 1232 3608 ineﬂahilibus
1257 3517 1429 3614 modis
1456 3560 1638 3622 hostes
1664 3527 1758 3624 no;

202 3615 324 3663 stros
351 3616 507 3674 etiam
540 3625 592 3678 in
636 3636 777 3684 tuam
814 3639 1014 3703 pateris
1054 3651 1431 3709 contumeliam
1474 3661 1751 3737 prosilire,

203 3710 247 3737 m
271 3707 378 3737 ηυξ.
413 3727 506 3737 η--
543 3716 598 3737 .s-
653 3736 692 3737 ,,
853 3730 948 3737 __-

1388 3707 1429 3709 'r‘
1474 3707 1751 3737 I"""""’

203 3710 248 3754 ut
271 3707 380 3773 quia
411 3727 507 3769 nos
537 3716 605 3774 de
641 3736 825 3780 eorum
852 3730 956 3802 73
993 3738 1194 3795 saevitia
1234 3746 1492 3806 vindicari
1523 3769 1618 3823 pro
1657 3775 1756 3814 no-

203 3796 302 3823 ΙΙιῖιι
341 3803 494 3823 --ιξιγ
529 3822 540 3823 κ

197 3796 304 3851 stris
339 3803 548 3862 actibus
596 3826 701 3868 non
751 3831 1039 3893 meremur,
1083 3828 1211 3886 dum
1248 3835 1314 3890 ad
1360 3796 1615 3901 ultionlem
1649 3857 1753 3908 tua:

197 3885 331 3908 “tu
396 3904 406 3908 _
510 3899 524 3908 _
570 3901 582 3908 ,
657 3903 669 3908 ,

1027 3885 1037 3893 ,
1206 3885 1209 3886 ν
1250 3885 1314 3890 ---
1363 3885 1615 3901 -υ--νιιυιιι
1649 3885 1748 3908 ιυω

193 3885 481 3958 rediguntur
509 3899 740 3972 injuriae,
774 3911 927 3968 nobis
954 3914 1082 3973 licet
1112 3920 1368 3992 improbis
1409 3938 1748 4009 consulatur;

193 3980 232 4009 In
275 3985 466 4009 nn—hA—
516 3992 577 4009 -J
791 4008 795 4009 ν

231 4439 474 4504 Fidelem
502 4455 786 4527 populum,
819 4477 1124 4533 quaesumus
1145 4511 1159 4534 ,
1195 4472 1452 4548 Domine,
1488 4485 1743 4551 potentiae

171 4539 262 4589 tua:
288 4543 498 4599 muniat
522 4546 716 4604 invicta
747 4551 1005 4628 defensio,
1034 4572 1382 4638 sanctumque
1405 4571 1502 4628 sibi
1530 4576 1737 4633 caelesti

165 4620 554 4694 dispensatione
594 4641 887 4712 percipiat;
918 4620 1089 4720 ut'pio
1121 4653 1215 4709 tibi
1252 4620 1466 4730 scmper
1512 4665 1736 4726 devotus

160 4715 356 4790 aﬂ'cctu,
389 4733 450 4780 et
477 4728 542 4782 ab
565 4729 773 4789 infestis
801 4715 1064 4796 liberetur
1086 4744 1349 4820 inimicis,
1373 4715 1430 4810 ζει
1457 4755 1511 4812 in
1541 4766 1626 4815 tua
1651 4760 1738 4831 ju-

156 4808 280 4878 giter
297 4820 474 4884 gratia
505 4836 835 4891 perseveret.
860 4830 984 4899 Per,
1017 4844 1123 4893 etc.

213 4905 427 4968 XXXV.
463 4913 597 4973 Item
619 4921 742 4976 alia.
774 4953 846 4964 ——
875 4925 1219 4999 Supplicandi
1251 4936 1366 5004 tibi,
1395 4955 1722 5017 quaesumus,

954 4991 966 4998 _
989 4991 1004 4999 _
1296 4991 1366 5004 να.
1401 4991 1722 5017 -ι--ν---υ---ισο

151 4991 392 5075 Domine,
428 5007 499 5063 da
526 5012 682 5070 nobis
727 5016 842 5073 sine
893 5025 1195 5084 cessatione
1235 5036 1622 5108 constantiam,
1669 5050 1730 5098 ut

692 5306 1038 5396 tnoruntllix
1065 5320 1326 5396 contextu
1357 5330 1536 5396 autem
1566 5333 1715 5396 patet

397 5350 408 5357 _
441 5350 453 5364 ,
697 5350 920 5362 "wn..."
956 5350 1032 5362 ..ι-
1065 5350 1326 5371 mnu-uasa
1357 5350 1536 5378 autc"!
1566 5350 1713 5396 patet

142 5350 410 5423 legendum
460 5365 638 5435 ﬁdeles
689 5382 836 5445 tuos,
888 5377 970 5432 vel
1020 5382 1322 5442 addendum
1372 5395 1567 5464 corda,
1621 5409 1713 5455 aut

137 5437 328 5486 mentes.

136 5496 220 5620 rd‘j
252 5501 532 5566 Invenitur
559 5510 614 5569 in
636 5514 792 5574 codd.
819 5517 1096 5579 Muratorii
1123 5524 1263 5583 inter
1285 5535 1555 5594 orationes
1584 5554 1712 5611 quo«

155 5581 166 5619 l
205 5585 348 5620 lanas

155 5581 369 5631 tatanas.

762 5657 878 5749 τρε
895 5672 1206 5749 contumelia
1252 5673 1445 5744 hostili,
1486 5695 1602 5749 qua
1639 5684 1708 5738 ad
1748 5715 1756 5724 ~

131 5718 480 5789 C'n‘feftionem
511 5718 741 5788 ﬁdelium
768 5718 984 5789 constat.

187 5779 212 5816 ά
237 5784 402 5858 god,
439 5779 718 5858 capiemur.

189 5859 212 5930 ξ
236 5853 399 5930 ξυμ
434 5853 686 5930 effectum.

187 5919 207 5987 ε
235 5919 485 5992 Notatio"
498 5934 554 5992 in
599 5919 769 6013 marg.
806 5949 926 6006 cod.
946 5991 959 6014 ,
1008 5951 1176 6014 Omns
1201 5956 1466 6016 adversum
1493 5962 1562 6018 ad
1590 5979 1710 6020 cor-

1900 2082 2024 2152 Per,
2057 2100 2160 2148 etc.

1971 2180 2233 2240 Exaudiat
2261 2203 2354 2243 vos
2393 2191 2650 2253 Dominus
2692 2199 2836 2258 Deus
2880 2213 3095 2276 noster,
3141 2218 3196 2266 et
3237 2226 3336 2284 pro
3378 2229 3478 2274 sua

1894 2287 2160 2345 quemque
2188 2282 2509 2340 necessitate
2549 2289 2868 2349 clamantem
2918 2296 3179 2370 benignus
3219 2282 3475 2378 aspiciat;

1890 2364 2082 2421 solatia
2112 2372 2372 2440 propitius
2399 2377 2760 2448 administret,
2787 2402 2907 2456 quae
2932 2364 3162 2449 humana
3189 2364 3359 2467 poscit
3382 2364 3472 2456 in:

1887 2454 2144 2525 ﬁrmitas;
2182 2476 2397 2531 peccata
2428 2485 2546 2540 qua:
2575 2454 2926 2534 adversaniir
2956 2454 3205 2555 avertat;
3231 2492 3466 2559 pariter-

1885 2564 1990 2620 que
2009 2557 2323 2623 corporibus
2347 2565 2536 2621 vestris
2563 2576 2617 2623 et
2653 2573 2921 2628 mentibus
2951 2590 3165 2649 semper
3189 2557 3468 2652 profutura

1882 2648 2162 2706 concedat.
2195 2650 2316 2721 Per,
2340 2665 2444 2711 etc.

1951 2739 2190 2800 XXXVI.
2221 2745 2353 2803 Item
2382 2753 2507 2808 alia.
2539 2783 2609 2797 —-
2641 2756 2862 2817 Domine
2893 2762 3034 2821 Deus
3078 2779 3283 2839 noster,
3317 2787 3466 2844 qua-

1875 2845 2082 2902 sumus,
2111 2843 2347 2898 concede
2388 2848 2646 2916 prapitins
2689 2862 2746 2908 ut
2785 2855 3028 2914 Ecclesia
3073 2869 3160 2917 tua
3183 2843 3380 2935 iugiter
3407 2877 3466 2925 et

1873 2925 2134 2996 religione
2171 2945 2378 2989 crescat
2402 2947 2455 2992 et
2483 2955 2632 3006 pace.
2665 2942 2788 3012 Per,
2822 2955 2928 3003 etc.

1941 3017 2051 3088 74
2075 3019 2336 3080 Conciliet
2358 3028 2512 3082 nobis
2539 3031 2960 3093 misericordiam
2997 3048 3168 3106 tuam,
3211 3043 3458 3116 Domine,

1870 3120 2066 3163 munus
2091 3111 2329 3168 oblatum
2356 3157 2372 3181 ,
2408 3127 2712 3190 nostraeque
2747 3125 2908 3181 simul
2935 3132 3253 3198 protectioni
3293 3138 3459 3205 proli-

1869 3197 1974 3251 ciat
1997 3209 2050 3253 et
2077 3203 2257 3258 saluti.
2283 3204 2404 3270 Per,
2428 3217 2534 3264 etc.

1944 3287 1965 3326 τ
2005 3291 2138 3348 Vere
2167 3295 2404 3366 dignum.
2437 3300 2535 3369 Qui
2577 3319 2684 3360 non
2724 3307 2899 3364 solum
2929 3315 3268 3381 peccantibus
3296 3318 3454 3380 nobis

2444 3353 2534 3369 ν-
2577 3353 2684 3360 __---
2724 3353 2899 3364 --......
2994 3353 3268 3374 πωπω...
3296 3353 3454 3380 ..νυ-ι

935 3357 1154 3418 abolitio
1182 3381 1556 3447 peccatorum,
1591 3390 1642 3436 et
1672 3394 1759 3441 ma
1790 3353 1836 3418 ο
1867 3382 2078 3438 veniam
2125 3353 2346 3456 tribuis,
2391 3391 2486 3447 sed
2519 3393 2764 3454 hostibus
2805 3353 3002 3459 nostris
3031 3415 3278 3475 potenter
3305 3411 3454 3470 obsi-

1753 3527 1764 3538 ,
1862 3473 1992 3542 stis;
2025 3486 2079 3531 et
2119 3494 2252 3548 quos
2281 3487 2517 3554 perpeti,
2551 3488 2705 3546 malis
2740 3473 3448 3574 operibusppromeremur,

1859 3570 2139 3638 magniﬁca
2170 3572 2370 3642 pietate
2396 3578 2658 3649 depellis;
2688 3594 2746 3640 ut
2776 3599 2875 3642 nos
2900 3590 2965 3645 ad
2994 3599 3099 3648 tua:
3127 3570 3449 3655 reverentia:

1857 3661 2056 3717 cultum
2088 3675 2140 3719 et
2168 3675 2374 3725 terrore
2402 3686 2560 3743 cogas
2585 3686 2638 3731 et
2663 3691 2848 3736 amore
2872 3683 3152 3751 perducas.
3187 3686 3312 3755 Per,
3332 3696 3443 3748 etc.

1929 3762 1955 3799 ε
1982 3753 2188 3822 Tantis,
2213 3756 2460 3830 Domine,
2501 3767 2693 3836 repleti
2730 3773 3069 3844 muneribus,
3100 3785 3160 3833 ut
3187 3753 3443 3839 salutaria

1855 3860 2067 3918 semper
2097 3851 2234 3907 dona
2255 3856 2558 3925 capiamus,
2590 3870 2815 3930 prmsta,
2841 3881 3177 3939 quaesumus,
3209 3883 3323 3932 uta
3349 3884 3438 3932 tua

1853 3952 2142 4006 numquam
2170 3944 2325 4001 laude
2355 3961 2651 4006 cessemus.
2681 3954 2801 4021 Per,
2833 3968 2940 4015 etc.

1926 4030 2174 4106 Porrige,
2207 4054 2542 4110 quaesumus,
2575 4045 2889 4118 dexteram,
2933 4052 3190 4124 Domine,
3237 4060 3438 4130 populo

1851 4119 2193 4194 deprecanti;
2225 4139 2277 4184 et
2304 4132 2389 4186 cui
2414 4134 2598 4190 tribuis
2633 4141 2963 4207 supplicandi
3003 4119 3266 4217 benignus
3308 4119 3436 4208 aﬂe.

1853 4219 1964 4266 tum
1988 4254 2003 4279 ,
2045 4219 2222 4284 praebe
2251 4221 2490 4288 placatus
2522 4228 2806 4296 auxilium;
2841 4240 2900 4286 ut
2929 4243 2980 4288 te
3007 4235 3230 4293 ductore
3257 4242 3430 4299 conii-

1849 4303 2014 4374 dens,
2052 4317 2105 4363 et
2131 4310 2269 4364 mala
2293 4323 2481 4370 cuncta
2524 4316 2789 4386 declinet,
2836 4330 2892 4377 et
2930 4329 3110 4382 omnia
3138 4343 3260 4400 quae
3288 4330 3424 4391 bona

1847 4404 1975 4449 sunt
1994 4399 2379 4467 apprehendat.
2404 4404 2525 4475 Per,
2548 4417 2656 4464 etc.

1921 4489 2182 4550 XXXVII.
2236 4496 2372 4552 Item
2414 4503 2536 4558 alia.
2587 4533 2658 4548 --
2702 4507 3052 4582 Omnipotens
3098 4521 3430 4592 sempiterna

1845 4578 2020 4649 Deus,
2071 4586 2324 4646 Ecclesia:
2352 4601 2456 4649 tum
2493 4599 2728 4656 concede
2757 4578 3021 4675 propitius
3046 4620 3101 4666 ut
3134 4578 3432 4673 mortiferis

1844 4671 1970 4743 (ΑΙ.
1989 4673 2018 4713 h
2041 4679 2349 4752 sacrilegis)
2383 4671 2826 4751 oblectationibus
2857 4671 3171 4772 amputatis,
3204 4671 3420 4764 merui;

1845 4767 1966 4822 tatis
1995 4776 2097 4822 tuas
2128 4771 2302 4839 potius
2348 4773 2701 4837 delectatione
2729 4767 2964 4843 lactetur.
2989 4788 3112 4858 Per,
3143 4767 3254 4850 etc.

1911 4858 2185 4917 Auxiliare
2230 4865 2413 4933 nobis,
2462 4871 2770 4931 misericors
2810 4878 2981 4948 Deus,
3017 4892 3071 4938 et
3108 4894 3166 4940 ut
3191 4899 3422 4946 cunctos

1837 4951 2026 5009 hostes
2054 4968 2359 5026 expugnare
2389 4963 2684 5031 possimus,
2717 4981 2944 5044 prasta,
2983 4989 3318 5052 quaesumus,
3358 4989 3420 5041 ιιι

1834 5054 2055 5103 nostros
2083 5047 2361 5108 vincamus
2393 5068 2625 5115 errores.
2654 5059 2778 5131 Per,
2806 5074 2912 5123 etc.

1820 5334 2092 5392 rectionem
2120 5342 2356 5411 pertinet.

1894 5414 1919 5444 κ
1953 5407 2039 5444 Fel
2066 5411 2116 5444 in
2141 5427 2246 5444 νηρι-
2305 5414 2511 5444 ρ-Αι-Α-
2553 5420 2822 5444 ιι,-,.,.ᾼηη
2884 5436 2920 5444 ί,
2949 5427 2961 5440 .
3023 5428 3137 5444 ...η
3183 5430 3217 5444 .-

1893 5414 1919 5452 8
1953 5407 2043 5490 Est
2065 5407 2272 5493 in'mss.
2305 5414 2529 5493 Gregor.
2553 5420 2844 5490 Muratorii,
2872 5436 2924 5484 et
2945 5427 2999 5484 in
3021 5428 3218 5487 Missali
3244 5430 3405 5493 Rom.

1820 5474 2097 5534 Dotninica
2122 5483 2289 5549 prima
2319 5474 2442 5554 ι)θεῖ
2471 5474 2844 5553 Pentecosten:
2873 5474 2924 5484 ν’

1889 5543 1919 5582 λ
1953 5548 2228 5590 .Qnrrs'lmn'e
2259 5558 2470 5590 unplan
2513 5561 2667 5590 ΙΑηοειι
2712 5567 2874 5590 ..ι-2...-
2921 5583 3082 5590 ....-_--
3112 5573 3276 5590 .--μς
3315 5574 3340 5590 α

1889 5543 1919 5582 ιι
1953 5543 2228 5634 Sacrilegis
2259 5543 2472 5613 varians
2513 5543 2876 5633 lectiovprima
2921 5583 3083 5624 manu
3112 5573 3276 5629 textui
3314 5574 3405 5634 ina

1817 5626 1991 5698 serta;
2028 5624 2424 5704 secund_a_ver_o_
2451 5624 2760 5703 sacrilegiis,
2791 5651 2909 5704 qua:
2957 5649 3037 5694 est
3084 5643 3295 5701 varians
3324 5647 3402 5703 lea

1817 5688 1925 5742 ctio
1971 5691 2290 5749 substantivi
2342 5688 2775 5775 oblectationibus.
2800 5688 2943 5761 illuvie
2967 5688 3147 5766 "Missa
3190 5688 3402 5775 vitlem}

1817 5772 1939 5851 esse
1968 5770 2156 5851 contra
2182 5770 2518 5851 spectacula,
2548 5783 2601 5851 u_t
2636 5775 2856 5851 innuunt
2891 5778 2977 5833 illa
3013 5770 3340 5851 praefationis
3379 5803 3395 5843 :

1814 5826 1952 5882 Dum
1959 5831 2165 5918 (scilicet
2194 5826 2419 5918 tiguntttr
2446 5826 2683 5918 crimine,
2695 5826 3072 5910 commisti.
3093 5853 3397 5918 Concilium

1813 5913 1930 5968 qua:
1959 5900 2016 5958 S.
2047 5900 2156 5960 Leo
2185 5900 2400 5964 disserit
2424 5925 2586 5969 serm.
2620 5900 2709 5986 83,
2743 5900 2860 5992 Cap.
2883 5900 2943 5981 il".-
