4018 6314
498 292 575 352 83
1483 298 1710 357 OPERA
1747 297 1804 355 S.
1845 298 2047 356 LEONI
2085 298 2322 358 MAGNO
2358 301 2768 362 ATTHIBUTA.

3700 304 3784 369 84

575 402 823 474 Repelle,
870 402 1127 476 Domine,
1169 421 1507 479 quaesumus,
1542 426 1571 465 a
1599 410 1751 466 nobis
1796 411 2086 482 sacrilegas
2112 416 2163 475 Α
2189 422 2507 475 sacramenti
2539 422 2835 478 subsidium
2862 421 3056 477 mentis
3081 430 3135 478 et
3162 421 3424 492 corporis,
3456 430 3515 478 ut
3541 424 3593 479 in
3623 432 3785 485 utre-

501 496 808 552 voluntates
829 537 845 563 ,
885 506 940 553 et
968 498 1144 556 tribue
1172 508 1231 556 ut
1259 500 1436 556 divina
1468 499 1486 571 (
1504 500 1584 554 Αι.
1616 499 1802 574 beata)
1831 504 2083 575 mysteria

500 588 665 645 castis
680 589 1108 658 iucunditatibus
1132 592 1488 649 celebremus.
1521 592 1645 659 Per,
1674 603 1780 649 etc.

574 686 603 717 ι
627 678 764 735 Vere
789 679 1029 751 dignum.
1060 682 1384 753 Suppliciter
1420 690 1727 752 exerentes,
1756 693 1816 741 ut
1838 687 2012 742 omnis
2051 702 2082 743 a

501 781 692 827 nostro
718 771 961 829 discedat
988 774 1153 831 corde
1171 771 1481 846 profanitas,
1512 782 1567 831 et
1586 776 1728 846 quod
1752 776 2082 846 professione

498 863 839 934 respuimus,
883 866 1095 923 actione
1126 868 1397 923 vitemus:
1432 868 1553 938 quia
1601 869 1761 926 nimis
1804 878 1887 927 est
1929 886 2083 927 exse-

498 954 795 1023 crandum,
822 965 883 1012 ut
909 970 1029 1012 cum
1065 971 1214 1011 vanae
1252 959 1651 1026 superstitionis
1696 962 1841 1031 ipsos
1870 977 2081 1033 quoque

499 1045 796 1101 removeris
832 1055 1154 1115 sectatores,
1186 1062 1215 1102 a
1246 1048 1495 1106 fidelibus
1537 1051 1641 1108 tuis
1682 1052 1944 1109 diabolica
1985 1054 2082 1126 fig-

496 1146 681 1201 menta
735 1145 1025 1192 tractentur
1069 1155 1082 1191 :
1124 1136 1154 1179 δ
1184 1140 1306 1210 quia
1354 1140 1455 1196 hoc
1502 1142 1620 1213 ipso
1666 1144 1817 1214 pravi
1858 1146 2079 1215 spiritus

496 1238 769 1285 sectatores
807 1245 917 1286 non
952 1231 1173 1289 dubium
1196 1242 1309 1302 est,
1337 1236 1479 1306 quod
1522 1228 1677 1294 factis
1707 1239 1998 1309 probantur
2026 1250 2081 1298 et

494 1318 675 1401 dictis,
697 1321 873 1377 labem
894 1324 1134 1381 moribus
1157 1327 1417 1398 irrogare,
1434 1328 1560 1385 dum
1585 1331 1789 1387 scilicet
1809 1333 1892 1389 vel
1915 1348 2079 1404 agun-

494 1417 587 1489 tur.
626 1412 875 1481 erimina,
904 1415 990 1471 vel
1015 1426 1303 1473 canuntur.
1336 1418 1755 1493 Promptiusque
1781 1423 2073 1495 debemus,

490 1506 647 1563 omni
668 1508 775 1564 ritu
804 1510 1078 1580 pestiferae
1104 1515 1384 1570 vetustatis
1423 1516 1622 1573 abolito
1639 1558 1657 1585 ,
1698 1518 1935 1576 cmlestis
1955 1520 2079 1576 vitae

492 1598 735 1655 novitate
771 1601 1009 1671 gaudere
1042 1621 1056 1658 :
1086 1605 1209 1674 quia
1238 1612 1365 1662 tunc
1388 1607 1691 1678 propitiatio
1717 1622 1948 1681 superna
1971 1624 2077 1668 non

493 1686 700 1757 deerit,
727 1692 805 1758 si,
836 1696 1043 1752 cunctis
1068 1696 1552 1756 abominationibus
1572 1700 1831 1759 abdicatis
1848 1745 1862 1772 ,
1893 1704 1959 1760 ad
1987 1719 2079 1760 ve-

2138 584 2166 605 ,
2189 526 2293 580 que
2330 513 2520 568 salvati
2562 515 2629 571 de
2665 515 2902 572 cmlestis
2947 515 3170 574 remedii
3202 517 3532 589 plenitudine
3567 518 3775 590 glorie-

2184 618 2323 659 mur.
2354 603 2475 671 Per,
2507 614 2615 662 etc.

2258 696 2507 770 Eﬂ’unde,
2537 714 2865 771 qumsumus,
2897 700 3144 768 Domine,
3176 701 3434 772 Spiritum
3462 704 3650 774 gratize
3682 719 3775 761 su-

2184 803 2279 859 per
2304 788 2556 846 familiam
2582 800 2747 859 tuant,
2772 802 2825 849 et
2855 794 2923 847 ab
2947 808 3007 849 ea
3036 794 3291 865 quidquid
3317 794 3598 851 diabolica:
3628 794 3777 852 frau-

2184 881 2270 938 dis
2299 882 2507 952 irrepit,
2541 885 2799 956 quidquid
2826 893 3051 942 terrenm
3082 886 3215 943 labis
3244 886 3490 952 incurrit,
3522 887 3771 957 expelle;

2182 983 2245 1031 ut
2272 975 2492 1032 interius
2510 1046 2515 1051 ι
2533 976 2874 1047 exteriusque
2902 977 3158 1034 mundata
3186 986 3241 1035 et
3267 993 3455 1049 puram
3484 978 3578 1035 tibi
3607 979 3776 1034 devo-

2184 1069 2383 1125 tionem
2433 1084 2646 1139 semper
2690 1062 2975 1137 exhibeat,
3041 1079 3095 1126 et
3146 1068 3355 1126 facilius
3412 1070 3580 1140 possit
3621 1084 3777 1127 asse-

2184 1161 2271 1231 qui
2334 1159 2476 1229 quod
2525 1160 2914 1217 rationabiliter
2972 1169 3027 1217 et
3077 1160 3461 1218 convenienter
3504 1160 3771 1233 exposcit.

2181 1253 2304 1320 Per,
2336 1262 2443 1308 etc.

2252 1344 2496 1426 XXXIX.
2530 1346 2661 1403 Item
2688 1349 2813 1402 alia.
2838 1378 2907 1390 —
2926 1350 3134 1415 Annue,
3158 1356 3488 1420 quaesumus,
3524 1350 3773 1421 omnipo-

2184 1448 2305 1497 tens
2332 1438 2488 1507 Deus,
2536 1450 2593 1494 ut
2618 1450 3076 1497 sacramentorum
3103 1448 3313 1497 tuorum
3342 1449 3492 1514 gesta
3521 1442 3774 1498 recolen-

2183 1534 2285 1598 tes,
2312 1538 2367 1586 et
2399 1531 2675 1601 temporali
2709 1532 2998 1589 securitate
3027 1532 3346 1603 relevemur,
3376 1542 3431 1591 et
3458 1534 3775 1591 erudiamur

2183 1622 2443 1693 legalibus
2472 1623 2749 1677 institutis.
2782 1621 2908 1691 Per,
2941 1634 3045 1679 etc.

2252 1704 2360 1788 76
2388 1720 2413 1763 ε
2442 1716 2513 1770 Da
2545 1716 2720 1785 nobis,
2752 1715 2974 1771 Domine
3008 1715 3151 1773 Deus
3182 1726 3386 1785 noster,
3417 1725 3478 1773 ut
3504 1726 3560 1774 et
3584 1717 3771 1777 mundi

494 1795 577 1887 rm
601 1783 901 1842 Divinitatis
936 1788 1188 1845 salutaria
1237 1792 1487 1847 mandata
1534 1803 1841 1865 currentes,
1894 1798 2078 1856 laudes
2107 1797 2157 1859 B
2182 1783 2369 1864 cursus
2403 1807 2619 1878 pacifica
2664 1783 2818 1864 nobis
2850 1817 2941 1863 tuo
2971 1808 3162 1864 ordine
3190 1783 3470 1887 dirigatur,
3496 1818 3551 1865 et
3588 1810 3771 1867 εαξη.

492 1874 613 1948 eius
635 1888 823 1934 saneta
845 1895 978 1937 voce
1002 1892 1301 1942 cantemus.
1331 1886 1453 1957 Per,
1486 1897 1590 1944 etc.

562 1967 825 2027 Laetiﬁcat
842 1987 960 2044 nos,
984 1989 1308 2045 quaesumus,
1342 1979 1591 2050 Domine,
1618 1982 1949 2042 Sacramenti
1987 2002 2078 2045 ve-

492 2064 731 2120 neranda
755 2066 1102 2138 solemnitas,
1147 2073 1453 2145 pariterque
1501 2088 1710 2135 mentes
1757 2092 1967 2138 nostras
2021 2091 2077 2141 et

492 2168 729 2224 mpera
766 2166 825 2212 et
858 2160 1087 2229 spiritali
1130 2166 1547 2226 sanctificatione
1573 2170 1677 2243 75
1709 2172 1991 2245 fecundat,
2023 2185 2077 2234 et

491 2251 661 2309 castis
684 2256 892 2324 gaudiis
920 2270 1135 2329 semper
1163 2274 1430 2320 exerceat.
1458 2265 1585 2333 Per,
1610 2276 1714 2325 etc.

565 2344 814 2417 Paridos,
866 2349 1128 2420 Domine,
1169 2370 1508 2436 quaesumus,
1546 2361 1798 2417 familiam
1832 2373 1996 2431 tuam,
2023 2373 2078 2423 et

490 2434 564 2529 ab
611 2439 862 2496 omnibus
903 2443 1165 2516 contagiis
1212 2434 1489 2518 pravitatis
1537 2455 1787 2509 emunda.
1837 2466 1859 2494 ο
1913 2454 2078 2529 [Tuis

497 2525 655 2585 donis
699 2534 999 2602 exsultent,
1046 2543 1098 2593 te
1145 2552 1359 2609 semper
1384 2544 1581 2614 ubique
1611 2525 1978 2619 collaudentzl
2020 2550 2080 2604 ut

496 2621 778 2692 redempta
816 2641 943 2681 vasa
987 2644 1081 2683 sua
1131 2631 1340 2687 Domini
1394 2636 1643 2705 passione
1695 2652 1799 2692 non
1862 2639 2078 2708 spiritus

494 2711 761 2770 immundi
800 2730 987 2773 rursus
1030 2718 1303 2790 ieﬂciant,
1350 2725 1445 2781 sed
1491 2726 1715 2783 salvatio
1755 2730 2076 2799 sempiterna

495 2807 787 2875 possideat.
821 2809 944 2876 Per,
971 2820 1073 2868 ete.

568 2894 855 2955 XXXVIII.
887 2900 1019 2957 Item
1051 2905 1177 2959 alia.
1202 2902 1318 2947 -ιί
1355 2907 1707 2983 Omnipotens
1755 2914 2082 2983 sempiterne

498 2985 644 3051 Deus
667 3030 683 3057 ,
728 2990 797 3045 ab
824 2990 1058 3049 hostium
1086 3010 1187 3052 nos
1228 2997 1455 3054 defende
1500 2999 1817 3069 formidine,
1848 3015 1904 3058 ut
1935 3004 2083 3059 omni

497 3078 903 3226 perturbatione
929 3085 1213 3155 submota,
1246 3088 1427 3146 liberis
1458 3090 1552 3147 tibi
1583 3093 1852 3152 mentibus
1877 3096 2082 3151 servia-

497 3182 641 3226 mus.
714 3186 793 3226 er.
822 3182 931 3226 etc.

497 3182 641 3226 mus.
669 3182 793 3241 Per,
822 3182 931 3229 etc.

570 3258 794 3327 Praesta,
815 3276 1141 3336 quaerimus,
1172 3268 1398 3327 Domine
1420 3272 1561 3328 Deus
1588 3283 1792 3343 noster,
1820 3285 1877 3331 ut
1906 3285 1961 3332 et
1995 3278 2077 3333 in-

498 3359 582 3407 ter
606 3356 874 3423 quaslibet
898 3361 1169 3430 angustias
1198 3363 1478 3420 constituti
1521 3383 1629 3423 non
1659 3369 1961 3426 desinamus
1990 3379 2080 3427 tuo

498 3447 713 3511 nemini.
753 3452 1057 3521 supplicare
1078 3496 1095 3523 ,
1145 3466 1200 3513 et
1245 3473 1365 3513 cum
1398 3462 1704 3532 propitiatio
1734 3464 1889 3520 nobis
1917 3467 2084 3522 cmle~

498 3537 600 3592 stis
645 3538 992 3616 impenditur,
1039 3558 1069 3601 a
1119 3556 1206 3605 tua
1254 3566 1543 3623 numquam
1589 3554 1744 3612 laude
1782 3570 2079 3616 cessemus.

498 3626 626 3698 Per,
651 3640 755 3688 etc.

568 3723 811 3818 Dlecatio
846 3738 938 3787 tua
978 3733 1157 3802 nobis,
1199 3736 1448 3806 Domine,
1472 3740 1542 3796 sit
1567 3744 1886 3816 propinqua,
1918 3762 2077 3818 quam

498 3815 605 3871 etsi
642 3821 841 3876 nostris
883 3825 1138 3893 operibus
1184 3844 1292 3886 non
1338 3846 1642 3903 meremur,
1695 3815 2080 3898 interveniente

497 3906 763 3965 sacrificio
782 3913 1061 3985 singulari,
1078 3925 1168 3975 tua
1190 3922 1551 3996 percipiamus
1575 3927 1919 3987 miseratione
1943 3948 2081 4003 prm-

499 4001 666 4056 venti.
688 4002 812 4074 Per,
831 4014 937 4063 etc.
1176 4012 1185 4022 '

574 4093 763 4153 *νοτε
781 4097 1024 4170 dignum.
1056 4102 1141 4159 Tu
1162 4107 1304 4162 enim
1332 4122 1431 4166 nos
1462 4124 1560 4181 per
1586 4114 1912 4185 evangelicae
1939 4117 2080 4172 rela-

494 4184 662 4242 tionis
685 4191 1015 4264 exemplum,
1043 4198 1186 4267 quod
1208 4201 1412 4258 meritis
1441 4218 1545 4259 non
1574 4184 1831 4276 valemus,
1859 4208 2077 4277 januam

494 4277 885 4369 misericordias
910 4292 1017 4341 tute
1059 4290 1321 4358 pulsando
1350 4293 1569 4364 diutius,
1601 4297 1889 4368 impetrare
1920 4314 2077 4369 posse

491 4367 758 4439 docuisti;
799 4384 960 4446 atque
1008 4380 1128 4435 ideo
1171 4386 1440 4453 supplices
1489 4395 1541 4443 te
1589 4367 1872 4460 rogamus,
1921 4367 1979 4447 ut
2023 4401 2083 4449 et

492 4466 946 4529 perseverantiam
987 4470 1146 4525 nobis
1175 4474 1378 4529 tribuas
1419 4478 1784 4547 deprecandi,
1834 4492 1887 4537 et
1930 4483 2075 4552 pium

495 4552 699 4621 pendas
729 4563 833 4610 tuae
861 4559 1253 4630 propitiationis
1283 4566 1542 4622 auditum.
1574 4569 1697 4635 Per,
1728 4582 1833 4627 etc.

571 4644 592 4682 ί
616 4645 942 4718 Sentiamus,
983 4652 1230 4723 Domine,
1259 4671 1585 4729 quaesumus,
1620 4664 1693 4718 tui
1732 4668 2073 4738 perceptione

565 4780 679 4870 tln
708 4786 945 4870 margine
974 4789 1176 4848 codicis
1220 4808 1232 4847 :
1285 4791 1582 4864 Orandum,
1611 4814 1675 4853 ne
1703 4800 1987 4870 profanilas
2015 4808 2069 4862 in

404 4932 407 4933 ν
494 4851 935 4933 ηοζγὶε-ειξιῗονίιῆιιτἶ

562 4922 754 5011 acad,
785 4922 1042 5011 men-{lose
1258 4933 1353 4986 hoc
1381 4935 1500 5011 ipso
1531 4941 1672 5006 pravi
1695 4942 1935 5011 spiritus,
1965 4963 2068 5001 non

492 4995 704 5049 dubium
747 5005 841 5051 est.
869 4995 1189 5073 ΔΒιίιηοωιίῇῇ
1237 4995 1662 5064 emendandum
1706 4995 1733 5064 ai
1780 4995 2069 5073 nur'a'td'r'i'd

493 5075 761 5192 zerlz’epltam
783 5068 1122 5139 retinuimus,
1152 5071 1276 5129 licet
1297 5076 1396 5129 alia
1424 5075 1563 5135 forte
1585 5082 1775 5137 melior
1800 5068 2067 5145 correctio

523 5154 551 5190 u
594 5152 635 5191 si
668 5176 683 5191 .

490 5149 683 5192 subsit.

491 5276 506 5284 _
567 5218 588 5246 ε
615 5206 779 5284 υρείξ
816 5208 1020 5264 inclusa
1064 5227 1340 5284 perperam
1379 5217 1429 5272 in
1473 5226 1678 5277 textum
1710 5224 1961 5283 videntur
1990 5230 2071 5284 in-

490 5276 617 5400 lita.
648 5277 813 5333 Paulo
839 5288 962 5350 post
998 5276 1174 5338 codex
1212 5286 1468 5345 mendose
1489 5331 1505 5358 ,
1551 5276 2067 5363 inﬁcias—,ﬂs'e-dwiala‘

567 5365 637 5402 10.
984 5378 988 5382 ”

822 5420 997 5509 oratio
1010 5419 1215 5509 legitur
1242 5425 1298 5483 in
1324 5430 1445 5509 cod.
1470 5432 1648 5489 Gelas.
1672 5436 1766 5491 lib.
1798 5454 1877 5508 nr,
1903 5441 2068 5509 n.6f,

491 5496 546 5541 et
576 5489 627 5542 in
660 5488 861 5545 Ilissali
893 5490 1048 5566 Rom.
1077 5488 1218 5551 inter
1248 5488 2070 5566 orationescomm—unesm'o'n'trt;

491 5567 830 5637 persecutores
857 5571 903 5615 et
929 5564 1063 5637 male
1084 5576 1304 5637 agentes.

490 5629 1094 5768 im;el;ir::3rmarginalis
1117 5629 1189 5694 'in
1220 5654 1347 5713 ms.,
1391 5643 1599 5702 Diutius
1643 5650 1977 5719 pulsandum,
2008 5662 2067 5708 ut

568 5769 584 5809 ί
614 5770 826 5846 Legitur
856 5780 906 5837 in
935 5778 1091 5839 codd.
1119 5780 1279 5855 Greg.
1312 5783 1616 5859 Muratorii,
1663 5788 1937 5849 Dominica
1969 5790 2065 5850 XII

2181 1899 2259 1955 sia
2290 1906 2375 1953 tua
2409 1899 2696 1969 tranquilla
2725 1899 3007 1957 devotione
3037 1900 3271 1956 laetetur.
3296 1900 3419 1968 Per,
3445 1909 3549 1957 etc.

2252 1987 2283 2027 ³³
2303 1990 2531 2060 Protege
2571 2006 2693 2057 nos,
2727 1989 2983 2055 Domine,
3014 2004 3341 2061 quaesumus,
3369 1992 3474 2071 tuis
3500 1991 3773 2062 mysteriis

2180 2081 2501 2147 servientes,
2531 2090 2587 2135 ut
2616 2080 2812 2137 divinis
2843 2080 3007 2138 rebus
3034 2090 3089 2138 et
3116 2096 3343 2153 corpore
3367 2076 3689 2139 famulemur
3715 2090 3772 2139 et

2180 2178 2382 2229 mente.
2416 2168 2538 2239 Per,
2572 2177 2678 2228 etc.

2258 2263 2441 2321 iVere
2485 2265 2723 2336 dignum.
2776 2266 2877 2335 Qui
2924 2265 3203 2336 profutura
3252 2268 3357 2323 tuis
3410 2277 3465 2324 et
3512 2267 3761 2325 facienda

2181 2359 2457 2430 provides,
2490 2368 2544 2415 et
2572 2358 2711 2415 facta
2751 2358 3051 2429 dispensas,
3100 2361 3356 2431 mirisque
3386 2361 3558 2417 modis
3584 2362 3770 2417 Eccle-

2181 2451 2276 2505 siae
2306 2461 2410 2505 tum
2438 2450 2796 2521 gubernacula
2841 2450 3169 2519 moderatis,
3213 2461 3275 2521 ut
3319 2461 3637 2509 exerceatur
3675 2452 3769 2508 sd-

2182 2542 2381 2608 versis,
2406 2548 2463 2598 et
2494 2542 2763 2613 prosperis
2793 2542 3140 2599 sublevetur:
3167 2516 3345 2600 nnel
3374 2545 3773 2617 impugnatione

2183 2636 2537 2703 succumbat,
2581 2636 2670 2692 vel
2720 2638 3005 2692 securitate
3054 2646 3371 2708 torpescat,
3418 2638 3513 2694 sed
3556 2639 3776 2696 subdito

2183 2728 2279 2782 tibi
2305 2742 2517 2795 semper
2546 2726 2761 2794 affectu,
2780 2743 2877 2785 nec
2893 2730 2945 2782 in
2970 2724 3315 2807 tribulatione
3335 2730 3635 2800 supplicare
3650 2730 3775 2786 deti.

2184 2818 2309 2887 ciat,
2326 2834 2425 2873 nec
2449 2818 2586 2874 inter
2607 2819 2794 2888 gaudia
2814 2821 3010 2889 gratias
3036 2820 3237 2877 referre
3259 2820 3500 2877 desistat.
3520 2820 3646 2887 Per,
3663 2833 3773 2882 etc.

2260 2912 2276 2964 i
2308 2912 2515 2984 chleti
2542 2927 2748 2979 sumus,
2793 2914 3050 2980 Domine,
3084 2914 3389 2971 muneribus
3419 2915 3560 2981 tuis;
3598 2916 3776 2972 tribue

2185 3018 2490 3074 qumsumus
2511 3049 2524 3071 ,
2558 3013 2613 3058 ut
2645 3014 2697 3060 et
2723 3018 2908 3060 eorum
2933 3006 3280 3062 emundemur
3308 3002 3521 3073 ell‘ectu,
3555 3017 3610 3062 et
3648 3024 3775 3077 mu-

2188 3096 2398 3151 niamur
2426 3095 2644 3151 auxilio.
2684 3093 2810 3163 Per,
2843 3106 2948 3153 etc.

2106 3177 2154 3240 C
2256 3188 2540 3255 Adveniat,
2570 3204 2894 3260 quaesumus,
2924 3189 3147 3247 Domine
3171 3231 3185 3257 ,
3231 3190 3599 3247 misericordia
3649 3206 3770 3262 spe-

2185 3289 2300 3338 rata
2348 3280 2713 3352 supplicibus,
2762 3289 2816 3337 et
2877 3281 3064 3337 iisdem
3114 3282 3349 3339 caelestis
3400 3283 3762 3339 munificentia

2186 3375 2474 3441 tribuatur,
2515 3390 2616 3445 qua
2641 3382 2695 3431 et
2725 3383 2868 3431 recte
2900 3375 3167 3445 poscenda
3206 3383 3547 3447 cognoscant,
3578 3382 3630 3427 et
3660 3386 3755 3443 po-

2183 3466 2379 3522 stulata
2408 3467 2725 3537 percipiant.
2761 3467 2881 3535 Per,
2914 3476 3022 3524 etc.

2253 3556 2369 3614 XL.
2402 3556 2534 3613 Item
2562 3558 2688 3613 alia.
2710 3587 2782 3600 --
2803 3558 3003 3615 Praesta
3052 3558 3207 3613 nobis
3232 3602 3245 3627 ,
3282 3556 3526 3622 Domine,
3556 3569 3768 3624 quaesu-

2183 3664 2306 3706 mus
2330 3692 2346 3718 ,
2395 3650 2650 3705 auxilium
2696 3651 2883 3721 gratia:
2932 3660 3035 3706 tuae
3059 3690 3076 3719 ,
3120 3658 3178 3703 ut
3205 3649 3322 3706 sine
3347 3664 3450 3722 qua
3479 3647 3611 3703 nihil
3642 3647 3769 3703 boni

2183 3756 2489 3815 possumus,
2520 3744 2709 3800 eadem
2741 3744 3017 3814 largiente,
3065 3742 3223 3813 digne
3272 3758 3391 3814 quae
3425 3751 3512 3798 tua
3540 3751 3688 3809 sunt,
3715 3749 3771 3799 et

2184 3837 2417 3908 cogitare
2446 3836 2721 3892 valeamus
2753 3844 2806 3891 et
2838 3833 3033 3891 facere.
3068 3833 3191 3902 Per,
3222 3842 3327 3891 etc.

2254 3922 2503 3983 Concede
2534 3927 2708 3993 nobis,
2746 3926 2971 3982 Domine
3002 3926 3143 3981 Deus
3174 3935 3379 3990 noster,
3427 3932 3487 3979 ut
3532 3923 3772 3980 celebra-

2184 4010 2293 4074 turi
2340 4028 2646 4074 sanctorum
2678 4017 2961 4085 solemnia,
3005 4032 3111 4072 non
3154 4016 3325 4072 solum
3370 4015 3771 4077 observantiam

2181 4111 2516 4182 corporalem
2543 4152 2559 4178 ,
2608 4110 2702 4166 sed
2723 4150 2737 4173 ,
2764 4108 2907 4180 quod
2935 4120 3017 4165 est
3057 4110 3255 4179 potius,
3288 4106 3587 4165 habeamus
3613 4122 3771 4163 men-

2182 4203 2314 4258 tium
2345 4188 2652 4272 puritatem.
2688 4201 2810 4263 Per,
2848 4210 2953 4256 etc.

2253 4294 2281 4333 ¹ι
2309 4295 2445 4350 Vere
2479 4294 2720 4362 dignum.
2750 4291 2862 4348 Tua
2901 4292 3055 4347 nobis
3085 4291 3226 4347 enim
3270 4304 3491 4359 munera
3519 4288 3771 4347 conferre

2183 4403 2343 4460 posse
2389 4388 2708 4444 conﬁdimus
2759 4388 3138 4443 abundantiam
3185 4388 3484 4445 devotionis
3512 4396 3563 4442 et
3593 4388 3768 4457 pacis,

2182 4490 2242 4536 ut
2274 4489 2329 4537 et
2352 4481 2699 4536 securitatem
2730 4480 2927 4535 tribuat
2958 4489 3104 4535 recte
3133 4488 3315 4536 curata
3342 4478 3551 4549 religio,
3581 4489 3636 4534 et
3672 4494 3770 4534 sa-

2096 4560 2153 4622 Ῑ)
2178 4580 2283 4634 cris
2310 4578 2736 4634 solemnitatibus
2767 4577 3056 4633 famuletur
3085 4592 3342 4635 concessa
3366 4577 3624 4633 securitas
3650 4572 3771 4646 (Αι.

2180 4666 2573 4740 ιηηᾳιιίιῐὶιεε)
2610 4668 2737 4737 Per,
2764 4676 2866 4724 etc.

2179 4814 2299 4875 post
2312 4804 2562 4871 Pentec.;
2588 4803 3083 4875 apudgMenardum,
3110 4803 3326 4860 Domin.
3360 4802 3506 4871 Illi;
3551 4804 3603 4858 in
3630 4804 3767 4860 Mis-

2179 4874 2278 4931 Sali
2309 4875 2567 4942 Romano,
2591 4874 2803 4929 Domin.
2832 4874 2925 4929 Xl.

2252 4954 2278 4993 ε
2307 4944 2402 5000 Est
2444 4946 2497 5001 in
2552 4960 2679 4999 mss.
2710 4944 2872 5015 Greg.
2904 4944 3181 4999 Muratorii
3205 4986 3220 5009 ,
3257 4945 3533 5000 Dominica
3560 4944 3603 4999 Υ
3636 4955 3771 5012 post

2180 5016 2431 5081 Pentec.;
2480 5016 2620 5085 apud
2663 5015 3002 5083 Menardum,
3052 5017 3260 5071 Domin.
3312 5016 3407 5081 Vl;
3451 5016 3504 5070 in
3553 5015 3769 5073 Missali

2178 5086 2362 5149 Rom.,
2392 5087 2604 5141 Domin.
2638 5086 2726 5141 IV.

2251 5154 2279 5194 ιι
2310 5156 2608 5211 Exhibetur
2632 5156 2682 5210 in
2717 5155 2911 5211 Missali
2940 5156 3095 5213 Rom.
3128 5157 3268 5212 inter
3295 5170 3609 5211 communes
3636 5172 3768 5213 con-

2178 5238 2255 5282 tra
2278 5236 2617 5298 persecutores
2641 5225 2907 5282 Ecclesia.

2253 5296 2269 5334 ί
2303 5298 2358 5351 in
2382 5299 2620 5365 margine
2648 5297 2879 5351 codicis:
2909 5295 3141 5353 Ecclesia
3166 5296 3261 5353 Dei
3289 5305 3547 5353 exercetur
3568 5296 3763 5351 adver-

2173 5369 2263 5429 sis,
2292 5376 2346 5420 ut
2375 5370 2631 5435 prosperis
2659 5369 2960 5422 sublevetur.

2250 5439 2264 5487 i
2304 5438 2485 5510 codd.
2508 5439 2733 5510 Gregor.
2760 5438 3029 5510 Muratorii
3062 5436 3200 5493 hanc
3230 5436 3527 5510 orationem
3557 5435 3770 5510 praefe-

2172 5518 2301 5563 runt
2338 5508 2737 5563 Dominica'Vll
2772 5519 2892 5577 post
2926 5508 3105 5574 Pent.;
3145 5508 3315 5565 codex
3357 5508 3617 5579 Menardi,
3654 5508 3770 5565 Dec

2174 5579 2306 5634 min.
2338 5579 2479 5642 Vlll;
2522 5580 2734 5636 Missale
2761 5580 2943 5647 Rom.,
2974 5579 3187 5635 Domin.
3216 5580 3304 5635 Vl.

2246 5647 2272 5687 ιι
2304 5649 2516 5722 Notatio
2559 5652 2612 5705 in
2650 5666 2821 5722 marg.
2856 5650 3094 5710 codicis:
3130 5649 3452 5708 Poscendam
3481 5648 3770 5709 abundau-

2176 5720 2300 5776 tiam
2330 5719 2630 5778 devotionis.
