4018 6314
210 317 285 393 ss
1037 312 1240 370 LIBER
1275 308 1796 373 sacusstsurom

1929 304 2279 371 ECCLESIIE
2318 312 2628 374 ΒΟΜΔΝᾹΞ
3410 320 3477 379 86

281 432 479 495 Tribue
522 430 717 505 nobis,
772 429 995 501 Domine
1019 470 1034 496 ,
1084 445 1422 502 quzesumus,
1454 438 1513 484 ut
1543 426 1787 500 mysterii
1814 425 1872 489 Α
1964 426 2145 482 XLIII.
2180 426 2309 482 Item
2334 428 2757 498 alim—Adesto,
2793 428 3043 494 Domine,
3075 430 3215 500 plebi
3249 439 3373 495 tuae,
3420 442 3478 489 et

213 524 458 593 salutaris
478 534 532 581 et
561 522 832 599 intellectu
862 521 1200 593 proﬁciamus
1244 532 1298 578 et
1322 522 1487 579 cultu.
1520 520 1643 589 Per,
1676 529 1781 576 etc.

279 616 532 689 Famulos
560 625 614 672 et
643 616 865 672 famulas
894 625 1041 683 tuas,
1072 616 1297 672 Domine
1318 657 1333 681 ,
1370 615 1580 673 ccelesti
1606 614 1790 670 visita-

210 710 356 773 ti_one
393 708 690 774 circumda;
730 708 998 765 mentibus
1040 722 1227 764 eorum
1266 716 1425 777 atque
1469 707 1788 777 corporibus

207 814 387 857 rorem
434 810 535 858 tua:
582 800 969 859 benedictionis
1015 800 1266 866 infunde;
1326 810 1383 856 ut
1431 802 1598 856 sacris
1647 801 1789 857 sole-

206 894 519 951 mnitatibus
574 896 954 954 convenienter
1003 897 1167 967 aptati
1233 903 1289 953 et
1347 895 1788 951 sanctiﬁcationis

203 988 430 1059 gratiam
472 986 747 1056 referant,
795 996 849 1047 et
886 1004 1007 1061 quae
1043 988 1127 1060 pie
1155 996 1445 1060 precantur
1489 988 1785 1045 obtineant.

203 1077 326 1139 Per,
356 1088 459 1133 etc.

275 1171 378 1241 77
413 1168 550 1239 XLI.
595 1168 730 1227 Item
776 1172 903 1227 alia.
946 1200 1017 1215 —
1059 1170 1414 1249 Omnipotens
1463 1172 1795 1241 sempiterna

198 1263 344 1340 Deus
368 1300 383 1325 ,
437 1269 549 1318 tota
591 1277 692 1318 nos
720 1262 787 1320 ad
818 1273 871 1320 te
898 1272 1079 1321 mente
1107 1270 1365 1319 converte
1387 1302 1403 1327 ,
1459 1270 1517 1316 ut
1548 1263 1637 1333 qui
1671 1258 1794 1317 talia

196 1350 338 1406 dona
385 1360 613 1422 praestas
661 1354 986 1421 immeritis,
1032 1355 1277 1425 praebeas
1324 1353 1528 1425 majora
1567 1342 1791 1411 devotis.

195 1441 323 1511 Per,
352 1453 459 1499 etc.

275 1534 493 1590 llostias
541 1535 677 1601 tibi,
727 1534 952 1596 Domine
977 1580 993 1606 ,
1044 1537 1217 1595 laudis
1246 1537 1548 1604 oﬁ‘erimus,
1577 1536 1666 1609 qui
1693 1552 1793 1595 nos

195 1634 256 1679 et
277 1626 636 1707 praesentibus
647 1628 805 1684 simul
821 1630 974 1685 bonis
996 1631 1233 1686 cumulas
1246 1639 1299 1685 et
1318 1628 1525 1685 futuris.
1544 1628 1664 1696 Per,
1682 1640 1787 1688 etc.

278 1728 306 1756 ⁸
329 1719 470 1777 Vere
498 1721 733 1792 dignum.
767 1721 869 1790 Qui
910 1738 1027 1776 cum
1075 1721 1358 1777 desidiosis
1400 1731 1455 1778 et
1483 1722 1631 1777 duris
1658 1738 1790 1792 ope-

194 1809 361 1865 rariis
405 1810 665 1867 immensa
716 1813 963 1882 praesidia
1012 1810 1273 1885 largioris,
1320 1823 1516 1885 quanta
1548 1823 1660 1869 toto
1691 1814 1785 1869 tibi
1817 1796 1868 1858 Β

193 1902 363 1958 corde
406 1900 662 1972 subjectis
705 1902 954 1960 conferre
1002 1904 1177 1974 possis
1203 1946 1217 1973 ,
1267 1904 1530 1973 ostendis,
1561 1914 1617 1960 et
1661 1905 1791 1962 dum

195 1993 317 2049 haec
351 1994 564 2067 largiris
595 1992 861 2066 indignis,
910 1994 1099 2065 dignos
1131 1993 1279 2064 ﬁeri,
1333 1996 1525 2069 quibus
1564 1996 1788 2053 meliora

192 2084 524 2155 tribuantur,
555 2086 810 2144 hortaris.
840 2086 961 2156 Per,
995 2100 1099 2145 etc.

263 2181 484 2237 Gratias
523 2179 617 2237 tibi
649 2180 953 2247 referimus,
986 2180 1234 2250 Domine,
1266 2184 1355 2254 qui
1386 2199 1484 2241 nos
1515 2200 1545 2241 a
1576 2192 1789 2259 tempo-

195 2272 399 2332 ralibus
426 2264 558 2330 facis
588 2274 857 2345 respirare
896 2277 1186 2346 pressaris,
1218 2285 1277 2332 ut
1302 2277 1365 2333 ad
1414 2276 1605 2350 gaudia
1645 2293 1789 2335 sem-

197 2368 404 2440 piterna
434 2381 774 2437 promoveas.
803 2367 926 2437 Per,
965 2378 1071 2424 etc.

262 2455 494 2527 Perﬁce,
539 2457 789 2527 Domine,
838 2458 1233 2517 miserie0rdias
1274 2468 1392 2516 tuas
1424 2461 1624 2534 populo
1663 2478 1791 2533 sup-

201 2549 437 2620 plicanti,
472 2566 635 2622 quem
666 2560 877 2607 tuorum
908 2550 1155 2623 largitate
1185 2552 1472 2623 donorum,
1505 2562 1559 2610 et
1588 2555 1791 2611 instan-

204 2640 297 2697 tius
324 2643 557 2713 gratiam
587 2642 861 2713 postulare
898 2643 1190 2714 majorem,
1232 2655 1287 2702 et
1324 2645 1628 2704 ﬁducialius
1666 2663 1791 2721 spe-

209 2749 316 2791 rare
342 2734 625 2793 concedis.
660 2735 783 2801 Per,
810 2744 916 2792 etc.

272 2828 427 2887 XLII.
455 2830 593 2885 Item
609 2826 737 2885 alia.
760 2824 831 2872 -ἓ-
850 2829 1079 2903 Respice
1102 2872 1120 2899 ,
1152 2831 1379 2891 Domine
1403 2874 1419 2901 ,
1456 2849 1787 2906 quaesumus,

218 2919 540 2991 dﬁictionem
565 2922 748 2994 populi
778 2923 879 2993 tui,
920 2931 974 2979 et
1002 2924 1070 2981 ab
1096 2924 1347 2981 omnibus
1380 2926 1789 2983 necessitatibus

225 3004 715 3101 liberatum,secura
744 3015 919 3072 tribue
939 3015 1033 3072 tibi
1066 3026 1248 3073 mente
1275 3020 1498 3074 servire.
1531 3018 1652 3086 Per,
1681 3029 1789 3077 etc.

288 3103 507 3163 Laetiﬁca
537 3123 658 3178 nos,
694 3108 944 3177 Domine,
974 3124 1303 3180 quaesumus,
1334 3111 1792 3168 consolationibus

240 3196 335 3253 tuis
355 3238 371 3267 ,
406 3208 459 3256 et
481 3210 539 3256 ut
561 3177 717 3258 nobis
746 3200 886 3258 dona
916 3177 1157 3260 caelestis
1188 3177 1374 3276 gratiae
1404 3204 1669 3276 largiaris,
1702 3220 1795 3261 ve-
1819 3177 1867 3240 α

238 3288 367 3349 niam
392 3293 691 3367 propitiatus
711 3296 985 3369 impende.
1016 3296 1140 3368 Per,
1173 3306 1278 3356 etc.

297 3385 629 3447 Devotionem
652 3432 669 3461 ,
716 3404 1049 3461 quaesumus,
1081 3389 1329 3461 Domine,
1362 3399 1561 3448 nostra:
1596 3392 1795 3449 mentis

227 3477 456 3552 informa,
486 3491 545 3540 ut
569 3499 691 3542 cum
723 3484 1087 3543 oblationibus
1129 3486 1427 3544 hostiarum
1473 3502 1665 3560 purum
1697 3488 1795 3551 tibi

222 3584 388 3645 pectus
412 3576 689 3636 exhibeat.
723 3578 846 3648 Per,
880 3590 989 3637 etc.

282 3665 469 3727 »νει-ο
517 3667 758 3742 dignum.
810 3671 913 3741 Qui
960 3671 1262 3730 Ecclesiam
1310 3682 1457 3732 tuam
1506 3679 1564 3731 et
1609 3672 1797 3730 fovere

217 3760 500 3831 ueneﬁciis,
524 3772 579 3821 et
604 3780 710 3821 nou
732 3750 935 3822 desinis
955 3780 1209 3824 exercere
1231 3766 1542 3837 promissis;
1581 3773 1643 3822 ut
1667 3766 1799 3823 dum

214 3854 473 3921 postulata
499 3856 780 3923 concedis,
826 3845 1184 3912 conﬁdentius
1214 3856 1381 3914 facias
1410 3856 1675 3929 speranda
1704 3855 1799 3913 de-

214 3947 370 4016 posci,
399 3948 811 4022 gratiarumque
838 3950 1000 4006 etiam
1029 3951 1293 4021 actiones,
1336 3950 1499 4007 etiam
1526 3951 1571 4007 si
1596 3950 1799 4025 jugiter

211 4039 498 4101 oderantur
520 4087 535 4113 ,
584 4046 704 4103 sine
731 4047 1033 4105 cessatione
1060 4046 1387 4116 debeamus;
1427 4062 1547 4105 cum
1578 4057 1631 4104 et
1660 4061 1800 4117 prm-

209 4134 455 4194 stitorurn
492 4138 767 4208 praeconia
807 4152 917 4196 non
950 4146 1232 4208 tacentur,
1279 4149 1334 4197 et
1372 4139 1442 4197 de
1478 4138 1799 4211 praestandis

209 4229 514 4284 necessarie
538 4228 893 4299 supplicatur.
928 4229 1052 4297 Per,
1081 4239 1187 4287 etc.

274 4318 570 4379 Viviﬁcent
611 4335 735 4386 nos,
785 4321 1035 4391 Domine,
1078 4324 1153 4379 tui
1200 4334 1421 4383 munera
1454 4326 1798 4391 sacramenti,

206 4419 259 4467 ut
282 4412 478 4471 divina
520 4413 933 4486 participatione
972 4428 1189 4488 semper
1249 4432 1554 4476 mereamur
1594 4418 1800 4490 augeri.

203 4500 321 4575 Per,
352 4515 483 4564 etc.-

272 4598 534 4657 Famulos
577 4606 633 4656 et
675 4597 904 4657 famulas
944 4608 1101 4670 tuas,
1149 4617 1457 4674 quaesumus
1481 4644 1496 4670 ,
1550 4604 1801 4673 Domine,

207 4690 469 4761 prapiIius
520 4693 757 4762 intuere,
807 4700 867 4748 ut
914 4706 977 4749 ea
1027 4708 1243 4765 semper
1276 4696 1512 4767 cupiant,
1543 4697 1652 4769 78
1680 4713 1799 4768 quae

204 4782 295 4837 tibi
337 4785 583 4855 placita,
622 4794 677 4842 et
720 4800 785 4843 ea
825 4798 1062 4860 θεωρεῖ,
1107 4802 1230 4859 quae
1259 4798 1383 4846 sunt
1412 4792 1491 4848 eis
1531 4792 1797 4860 salubria,

200 4885 633 4950 consequantur.
656 4878 780 4949 Per,
802 4888 909 4937 etc.

270 5082 296 5112 '
334 5075 461 5155 Alia
510 5083 641 5155 uota
682 5077 994 5155 marginalis
1035 5093 1046 5130 :
1086 5076 1348 5155 Praesidio
1384 5080 1575 5155 divino,
1607 5097 1809 5155 semper

199 5145 376 5217 adesse
402 5147 561 5202 duris
589 5156 638 5201 et
662 5145 939 5203 desidiosis
966 5149 1237 5217 operariis,
1268 5150 1324 5203 id
1354 5160 1428 5205 est
1460 5152 1623 5208 nobis.

270 5215 296 5255 δ
316 5215 469 5303 Item
502 5219 557 5272 in
589 5220 829 5303 margine
864 5238 881 5303 ξ
910 5215 1200 5273 Ecclesium
1222 5215 1369 5303 suam
1395 5222 1648 5303 Dominus
1670 5241 1806 5281 sem—

199 5304 289 5356 per
310 5289 476 5358 fana,
508 5297 559 5343 et
586 5304 689 5343 non
717 5291 903 5344 desinit
932 5305 1161 5345 exercere
1188 5294 1473 5359 promissis.

206 5438 215 5440 Α
273 5370 295 5398 ε
325 5360 452 5414 Alia
488 5358 804 5430 marginalis
835 5363 1039 5440 notatio
1074 5377 1087 5440 ξ
1116 5360 1348 5418 Ecclesia
1370 5362 1490 5440 Dei,
1521 5382 1638 5421 cum
1661 5377 1810 5440 puta-

196 5438 291 5503 tur_
309 5446 595 5503 oppresso,
626 5442 744 5485 tunc
773 5433 945 5503 potius
970 5432 1193 5487 uallata
1222 5432 1479 5503 praeualet.

266 5498 293 5538 ἀ
318 5498 490 5567 cca,
530 5498 831 5557 declinarat.
872 5498 1232 5559 Blanchinius
1258 5507 1653 5564 emendandum
1685 5526 1808 5569 ere-

199 5571 620 5649 didit_declinst.
649 5572 928 5649 correctio
948 5575 1229 5649 Muratorii
1258 5580 1426 5649 magis
1452 5580 1671 5647 placuit.

272 5652 298 5681 ⁸
331 5645 393 5725 l_n
417 5658 601 5725 marg.
633 5644 836 5725 codicis
876 5662 906 5725 :_
926 5645 1333 5725 _Suspenduutur
1348 5644 1502 5707 ’ποθὴ
1532 5669 1802 5725 prospera,

198 5721 256 5768 ut
277 5716 523 5769 velocius
553 5714 775 5771 caelestia
801 5714 1102 5772 ambiamus.

272 5784 293 5828 ί
325 5784 475 5847 Cod.
510 5787 749 5846 secunda
776 5802 962 5882 manu,
1002 5790 1143 5863 pacis
1165 5794 1402 5881 uterne;
1441 5793 1613 5866 prima
1647 5810 1801 5869 vero,

1892 520 1945 575 in
1977 529 2063 575 tua
2099 520 2463 576 misericordia
2492 522 2783 578 conﬁdenti
2814 537 2969 593 opem
3002 528 3105 577 tum
3136 524 3475 594 prepitiatio-

1890 615 1977 671 nis
2005 614 2274 685 impende.
2303 613 2427 682 Per,
2460 627 2562 670 etc.

1962 706 2045 763 Ad
2088 721 2246 761 aures
2290 706 2671 763 misericordia
2710 718 2851 774 tum,
2894 708 3140 775 Domine,
3176 710 3477 781 supplicum

1891 809 2015 854 vota
2045 798 2390 869 perveniant,
2423 808 2476 854 et
2506 805 2564 853 ut
2592 801 2854 868 possimus
2897 802 3187 871 impetrare
3235 818 3352 872 quae
3383 818 3477 873 po-

1891 893 2129 965 scimus,
2186 892 2268 949 fac
2335 909 2432 949 nos
2503 908 2716 963 semper
2762 893 2854 948 tibi
2918 894 3107 965 placita
3182 896 3474 967 postulare.

1891 986 2018 1052 Per,
2050 995 2158 1043 etc.

1965 1078 2190 1136 Puriﬁca
2238 1094 2374 1150 nos,
2420 1078 2685 1147 Domine,
2733 1077 2922 1134 iisdem
2962 1080 3154 1150 quibus
3199 1082 3475 1137 servitium

1896 1168 2252 1239 dependimus
2286 1172 2665 1239 sacramentis,
2704 1178 2763 1225 ut
2803 1169 3006 1224 oblatio
3047 1171 3138 1225 tibi
3168 1180 3350 1228 nostra
3380 1187 3468 1229 sa-

1896 1244 2160 1319 criﬁcium
2192 1264 2392 1333 pariter
2419 1263 2673 1321 reddatur
2699 1271 2754 1318 et
2783 1262 2945 1318 actio.
2978 1259 3101 1329 Per,
3130 1270 3233 1317 etc.

1971 1363 1993 1393 ο
2019 1353 2158 1410 Vere
2176 1354 2417 1426 dignum.
2442 1356 2574 1422 Quia
2604 1363 2657 1407 tn
2690 1369 2905 1425 semper
2928 1354 2980 1407 in
3006 1359 3185 1407 nostra
3209 1355 3484 1424 perﬁciens

1893 1444 2204 1502 inﬁrmitate
2234 1446 2517 1514 virtutem,
2566 1446 2861 1502 Ecclesiam
2895 1453 3037 1498 tuam
3076 1444 3215 1501 inter
3261 1444 3485 1501 adversa

1892 1550 2140 1592 crescere
2171 1536 2438 1603 tribuisti;
2482 1547 2540 1595 ut
2570 1553 2692 1594 cum
2738 1548 3017 1610 putaretur
3046 1554 3329 1613 oppressa,
3363 1549 3487 1594 tunc

1893 1631 2069 1701 potius
2100 1631 2331 1687 exaltata
2365 1632 2711 1702 praevaleret;
2754 1633 2880 1688 dum
2911 1633 3071 1689 simul
3119 1640 3173 1688 et
3198 1633 3487 1701 esperien-

1891 1708 2019 1778 tiam
2051 1721 2177 1778 ﬁdei
2204 1720 2231 1761 ά
2256 1723 2493 1779 declarat
2522 1722 2763 1787 afﬁictio.
2792 1731 2846 1780 et
2877 1741 2971 1795 per
3002 1734 3054 1781 te
3082 1733 3332 1797 superata
3361 1724 3485 1777 vitae

1894 1816 2177 1887 praesentis
2203 1814 2367 1872 efﬁcit
2395 1815 2707 1886 gloriosam.
2740 1815 2868 1883 Per,
2901 1824 3007 1872 etc.

1962 1904 2211 1962 Caelestis
2258 1907 2380 1963 vitae
2424 1920 2651 1963 munere
2686 1907 2958 1977 vegetati,
3012 1922 3348 1979 quzesumus,
3381 1905 3483 1959 Do-

1892 1999 2061 2065 mine,
2090 2007 2151 2055 ut
2179 1999 2323 2069 quod
2353 2006 2436 2055 est
2465 2000 2620 2056 nobis
2650 2001 2703 2056 in
2737 2000 2987 2069 praesenti
3015 2001 3123 2055 vita
3148 1999 3484 2071 mysterium,

1894 2093 1987 2149 ﬁat
2011 2092 2331 2149 aeternitatis
2359 2092 2645 2151 auxilium.
2677 2091 2801 2158 Per,
2832 2102 2936 2149 etc.

1965 2185 2171 2239 Praesta
2202 2184 2417 2240 famulis
2449 2186 2577 2253 tuis,
2610 2180 2860 2251 Domine,
2898 2184 3280 2241 abundantiam
3310 2192 3486 2252 prote—

1894 2278 2092 2334 ctionis
2121 2287 2176 2333 et
2212 2278 2420 2347 gratiae.
2452 2278 2525 2332 Da
2559 2277 2785 2332 salutem
2816 2278 3014 2333 mentis
3041 2285 3094 2332 et
3120 2276 3381 2344 corporis.
3412 2276 3486 2333 Da

1899 2370 2173 2424 continuae
2215 2369 2590 2440 prosperitatis
2620 2377 2926 2441 augmenta,
2955 2374 3008 2425 et
3038 2369 3131 2424 tibi
3162 2383 3376 2438 semper
3406 2368 3487 2423 fac

1894 2478 2016 2520 esse
2043 2462 2292 2519 devotos.
2328 2463 2451 2530 Per,
2478 2470 2582 2519 etc.

1965 2555 2150 2612 XLIV.
2183 2554 2319 2609 Item
2348 2558 2559 2611 alia.—
2582 2556 2937 2626 Omnipotens
2965 2556 3293 2625 setnpiterne
3322 2552 3484 2620 Deus,

1895 2650 2123 2706 Romani
2150 2650 2379 2705 nominis
2404 2646 2633 2705 defende
2662 2658 2931 2716 rectores,
2967 2656 3027 2702 ut
3058 2646 3111 2702 in
3146 2654 3233 2701 tua
3271 2644 3487 2699 dextera

1894 2741 2229 2799 conﬁdentes
2252 2742 2380 2796 ﬁant
2404 2742 2614 2797 cunctis
2647 2741 2890 2797 hostibus
2927 2739 3196 2796 fortiores.
3231 2738 3353 2803 Per,
3383 2746 3487 2792 etc.

1966 2835 2065 2901 Da,
2108 2848 2443 2905 quaesumus,
2491 2833 2718 2889 Domine
2762 2833 2905 2886 Dens
2934 2840 3138 2895 noster,
3174 2830 3360 2900 gratiae
3388 2839 3491 2885 tutu

1892 2926 2075 2993 donis,
2100 2937 2155 2983 et
2180 2925 2467 2996 justiﬁcari
2492 2940 2592 2980 nos
2622 2938 2858 2993 semper,
2882 2932 2935 2979 et
2957 2921 3173 2987 instrui,
3198 2936 3331 2990 quos
3356 2935 3491 2988 quo-

1896 3018 2156 3075 tidianum
2186 3018 2278 3073 tibi
2302 3017 2624 3071 sacriﬁcium
2651 3016 2897 3085 prmcipis
2922 3014 3201 3069 exhibere.
3238 3011 3359 3076 Per,
3385 3020 3489 3063 etc.

1972 3119 1996 3145 ⁶
2018 3108 2152 3163 Vere
2164 3108 2404 3177 dignum.
2422 3107 2523 3172 Qui
2546 3105 2668 3161 ideo
2684 3105 3024 3174 praesentium
3040 3117 3217 3157 rerum
3239 3114 3491 3169 prospera

1902 3200 2222 3271 plerumque
2266 3196 2581 3268 suSpendis,
2630 3210 2696 3251 ne
2727 3195 2811 3249 his
2838 3192 3063 3257 retenti,
3115 3191 3353 3247 ccelestia
3386 3206 3493 3247 non

1902 3306 2234 3366 quaeramus,
2268 3300 2321 3347 et
2342 3298 2472 3345 tunc
2497 3288 2684 3345 eadem
2714 3286 2885 3358 magis
2916 3286 3175 3357 benignus
3205 3282 3492 3355 impendis,

1902 3398 2025 3440 cum
2069 3381 2183 3438 lucc
2221 3381 2273 3437 in
2315 3381 2387 3437 tui
2419 3379 2653 3437 nominis
2678 3379 2886 3435 cultum
2916 3376 3289 3433 transierimus
3318 3389 3499 3445 prom.

1901 3482 2127 3552 ptiores.
2153 3477 2277 3542 Per,
2305 3486 2414 3534 etc.

1974 3572 2239 3645 Majestati
2282 3580 2421 3639 tute,
2452 3569 2706 3639 Domine,
2748 3566 2961 3623 debitas
2988 3564 3171 3623 laudes
3199 3563 3496 3630 oll’erimus,

1902 3669 1993 3742 qui
2019 3683 2117 3724 nos
2145 3676 2201 3723 et
2227 3664 2611 3738 temporalibus
2640 3660 2896 3721 subsidiis
2921 3662 3154 3727 releves,
3180 3667 3233 3716 et
3267 3652 3286 3697 ί
3321 3657 3501 3729 pascis

1904 3761 2141 3819 aeternis.
2169 3758 2291 3827 Per,
2325 3767 2429 3814 etc.

1980 3864 2006 3903 ε
2038 3853 2189 3921 Esto,
2232 3866 2568 3922 quaesumus,
2602 3846 2859 3912 Domine,
2901 3846 3167 3918 propitius
3198 3842 3339 3913 plebi
3369 3849 3499 3909 tuas,

1905 3952 1968 4003 ut
2004 3945 2070 4001 de
2096 3943 2183 4000 die
2220 3944 2272 3999 in
2302 3942 2444 3999 diem
2476 3954 2599 4011 quae
2630 3939 2723 3995 tibi
2762 3952 2867 3993 non
2900 3938 3114 4009 placent
3150 3943 3495 4006 respuentes,

1907 4050 2119 4098 tuorum
2162 4039 2337 4109 potius
2393 4033 2703 4105 repleantur
2755 4030 2863 4102 79
2913 4026 3292 4085 dilectionibus
3340 4040 3499 4081 man-

1906 4134 2178 4201 datorum,
2210 4140 2263 4185 et
2294 4128 2534 4183 mortalis
2564 4125 2687 4179 vita:
2716 4120 3182 4179 consolationibus
3209 4118 3495 4190 gubernati

1908 4226 2199 4299 proﬁciant
2228 4222 2294 4277 ad
2321 4216 2741 4275 immortalitatis
2769 4212 3042 4268 effectum.
3072 4211 3196 4275 Per,
3230 4221 3334 4264 etc.

1983 4316 2142 4372 XLV.
2193 4313 2328 4368 Item
2373 4312 2502 4366 alia.
2544 4338 2615 4350 —-
2642 4302 2902 4371 Custodi,
2945 4301 3204 4369 Domine,
3246 4300 3501 4371 populum

1911 4422 2086 4480 tuum,
2118 4418 2171 4467 et
2206 4416 2266 4463 ut
2295 4405 2469 4462 eidem
2502 4409 2815 4474 perpetuam
2848 4395 3279 4455 miscricordiam
3308 4394 3501 4465 largia-

1912 4508 2010 4574 ris,
2036 4513 2126 4561 tuo
2149 4514 2361 4573 semper
2384 4495 2587 4555 nomini
2616 4495 2700 4551 fac
2730 4492 3002 4549 devotum.
3034 4489 3170 4559 Per,
3202 4499 3307 4547 etc.

1981 4598 2274 4668 Auxiliare,
2310 4593 2562 4661 Domine,
2594 4587 2927 4661 supplicibus
2958 4586 3086 4652 tuis,
3121 4594 3178 4641 ut
3208 4601 3363 4655 opem
3401 4592 3505 4641 ture

1910 4693 2097 4768 gratite
2147 4694 2566 4760 consequantur,
2617 4680 2792 4755 quiin
2826 4686 2924 4738 tua
2976 4680 3174 4751 pietate
3208 4679 3505 4739 conﬁdunt.

1916 4791 2037 4846 Per.
2060 4795 2167 4843 etc.

1988 4828 2154 4951 Deus,
2186 4878 2277 4951 qui
2308 4876 2686 4951 mysteriorum
2714 4881 2931 4930 tuorum
2957 4870 3242 4943 dignanter
3267 4868 3510 4940 Operaris

1922 5065 2066 5152 pacis
2095 5078 2300 5134 wternis
2328 5090 2490 5152 {quae
2519 5074 2918 5152 correctionem
2939 5072 3263 5152 indicarunt.

1996 5160 2021 5200 ε
2051 5151 2177 5206 Haec
2227 5141 2401 5203 oratio
2440 5161 2613 5217 usque
2651 5145 2717 5217 ad
2762 5146 3246 5217 mandatorum_est
3284 5141 3508 5217 in__mss.

1923 5222 2086 5293 Greg.
2129 5218 2448 5293 Muratgrii,
2478 5211 2541 5293 ae
2583 5217 2637 5272 in
2677 5215 2922 5293 lipmano
2957 5211 3363 5293 Misnali__f‘er._.5
3393 5220 3511 5293 post

1926 5281 2261 5365 Doriinicam
2299 5281 2605 5365 Passionis,
2638 5286 2737 5365 ubi
2778 5298 2957 5365 tamen
3002 5300 3113 5365 prd
3153 5281 3511 5365 dilectionibus

1924 5366 2154 5421 habetur
2180 5359 2617 5417 delectationibus.
2638 5356 2775 5413 Hinc
2800 5358 2961 5413 etiam
2979 5353 3324 5411 cotiﬁrmatur
3350 5353 3512 5407 lectio

1924 5435 2097 5493 nostri
2124 5432 2327 5506 codicis
2354 5438 2644 5506 respueutes
2672 5439 2726 5484 et
2754 5429 3068 5495 repleantur,
3099 5434 3512 5506 etconsequen-

1929 5519 2013 5564 ter
2054 5502 2669 5580 gubernati‘proﬁciont‘,
2716 5508 2881 5580 utine
2932 5511 3092 5580 opus
3121 5502 3191 5549 sit
3242 5502 3513 5563 corrigere

1923 5567 2171 5653 respuens
2186 5567 2524 5653 ,__repleot_ur,
2556 5572 2847 5653 guberttatq‘
2860 5567 3124 5653 proﬁciat,
3149 5580 3513 5653 quain-corrc:

1920 5636 2164 5708 ctionem
2191 5636 2518 5702 Muiatorius
2546 5636 2769 5710 recepit.
2803 5636 2955 5710 Plebs
2984 5637 3127 5710 etaim
3159 5636 3514 5710 multitudinis

1921 5704 2129 5779 nomen
2176 5732 2299 5774 cum
2354 5712 2633 5786 adjectivis
2674 5704 2739 5768 'ac
2795 5707 2976 5767 verbis
3021 5708 3245 5782 pluralis
3307 5704 3515 5768 numeri

1913 5793 2072 5866 jungi
2102 5796 2297 5865 potest.

3031 5896 3123 5912 nh‘:

1768 5928 1965 5965 tu,
2038 5936 2129 5952 ιι-ςο
