4018 6314
500 328 572 399 a‘i
1495 326 1721 383 OPERA
1760 324 1817 381 s.
1860 320 2059 379 LEONI
2099 310 2336 375 MAGNO
2376 308 2791 373 ATTRIBUTA.
3720 303 3817 380 ut

501 450 757 510 effectus,
788 450 1016 514 praesta,
1047 448 1383 511 quaesumus,
1420 449 1474 493 ut
1503 440 1672 494 sacris
1703 447 1825 509 apta
1856 436 2097 493 muneri-
2122 441 2176 500 Α
2200 431 2499 501 susciperet
2535 430 2865 501 passionem.
2908 424 2985 482 Ita
3016 434 3181 499 regna
3204 427 3446 485 cmlestia
3472 438 3656 488 mente
3676 433 3789 504 jam

501 543 605 600 bus
636 542 765 595 fiant
785 548 967 593 nostra
992 534 1229 591 servitia.
1263 534 1388 599 Per,
1413 542 1517 589 etc.

576 646 603 675 ιι
633 634 773 690 Vere
802 628 1162 702 dignum.Qui
1184 613 1472 684 humanum
1499 638 1666 696 genus
1685 625 1825 695 justa
1855 623 2094 679 sincera-

501 747 607 803 que
635 728 886 787 decernis
911 728 1170 784 societate
1196 730 1475 786 constare;
1502 730 1557 776 et
1585 719 1705 783 ideo
1727 726 1917 775 cuncta
1945 716 2092 773 refu-

502 825 669 880 tando
690 822 919 879 docuisti
945 835 1065 891 quae
1084 815 1413 889 praepediant
1432 813 1692 883 aequitati,
1720 811 1842 882 quia
1863 825 1958 881 per
1978 808 2094 865 haec

504 918 751 972 turbatur
781 913 1068 984 tranquilla
1093 907 1409 973 concordia;
1448 904 1871 975 injustitiamque
1900 900 2094 972 praeci-

502 1011 588 1079 pis
610 1023 729 1064 esse
748 1005 1037 1069 vitandam,
1058 1010 1113 1056 ut
1132 998 1458 1055 unanimitas
1473 996 1733 1052 inoffensa
1758 1000 2093 1065 permaneat,

503 1102 771 1171 nobisque
812 1110 893 1155 est
934 1107 1258 1165 magnopere
1299 1090 1697 1155 festinandum,
1733 1097 1791 1143 ut
1831 1101 1952 1158 qua:
1999 1084 2094 1140 tibi

503 1210 612 1251 non
646 1195 856 1265 placent
893 1198 1182 1247 renuentes
1203 1230 1218 1254 ,
1250 1201 1313 1243 ea
1342 1186 1518 1258 potius
1546 1193 1862 1254 appetamus
1901 1181 2094 1252 quibus

503 1288 772 1361 possimus
792 1285 993 1341 habere
1021 1284 1312 1354 placatum.
1340 1282 1464 1347 Per,
1494 1286 1601 1335 etc.

575 1376 824 1433 Subsidio
841 1384 1040 1431 nostra:
1056 1373 1245 1428 salutis
1261 1380 1503 1441 accepto,
1528 1370 1817 1441 supplices,
1842 1368 2092 1437 Domine,

502 1482 557 1526 te
588 1484 862 1542 rogamus,
892 1478 951 1523 ut
990 1480 1126 1538 quos
1155 1464 1291 1520 tanti
1321 1464 1562 1535 mysterii
1601 1462 1789 1519 tribuis
1818 1475 1939 1519 esse
1966 1476 2098 1517 con-

500 1569 700 1628 sortes,
728 1560 946 1616 eosdem
978 1558 1169 1629 dignos
1201 1554 1425 1612 efficias.
1457 1554 1582 1620 Per,
1613 1564 1716 1609 etc.

577 1654 813 1722 Adesto,
855 1652 1083 1707 Domine
1109 1691 1125 1717 ,
1165 1647 1429 1721 propitius
1463 1647 1605 1718 plebi
1634 1654 1771 1715 tuae,
1811 1656 1865 1703 et
1893 1655 1950 1703 ut
1976 1661 2098 1702 eam

504 1756 768 1819 perpetua
790 1746 1029 1801 bonitate
1062 1759 1173 1799 non
1202 1742 1452 1811 deseras,
1484 1743 1586 1812 piis
1615 1741 1869 1812 operibus
1895 1741 2099 1798 indesi-

2200 535 2493 597 penetrans
2513 565 2528 590 ,
2561 532 2620 579 ut
2647 523 2822 579 adhuc
2842 520 3169 579 constitutus
3201 523 3255 579 in
3286 524 3466 593 terris,
3495 532 3732 581 stantem
3758 541 3790 583 ι

2198 622 2410 679 dextris
2443 619 2656 677 virtutis
2688 629 2792 675 tua:
2815 618 3013 689 ipsum,
3044 633 3141 688 pro
3167 633 3274 689 quo
3297 618 3664 690 lapidabatur,
3704 620 3790 676 iu-

2199 714 2475 779 teuderet;
2511 722 2566 768 et
2589 713 2730 768 caalo
2761 710 2869 765 vim
2899 710 3122 779 faciens,
3155 725 3315 782 quam
3344 712 3563 768 nomine
3591 711 3789 783 praefe-

2197 808 2373 877 rebat,
2407 804 2616 861 meritis
2647 804 2964 875 prmriperet
2986 803 3099 874 jam
3136 817 3411 860 coronam.
3448 803 3572 875 Per,
3610 814 3720 861 etc.

2270 900 2561 965 Lanamur,
2590 898 2839 966 Domine,
2871 906 3085 953 tuorum
3111 896 3425 954 celebritate
3452 910 3786 957 sanctorum.

2198 994 2400 1050 Prmsta
2423 1033 2440 1061 ,
2486 1006 2792 1063 quaesumus
2816 1034 2831 1058 ,
2868 999 2928 1047 ut
2955 1007 3090 1063 quos
3128 1007 3457 1049 veneramur
3486 994 3751 1066 obsequio
3775 1035 3790 1062 ,

2199 1087 2391 1144 adesse
2422 1086 2578 1142 nobis
2605 1086 2905 1142 sentiamus
2931 1086 3150 1142 auxilio.
3176 1086 3300 1153 Per,
3326 1096 3432 1143 etc.

2272 1180 2371 1244 Da,
2400 1193 2732 1249 quaesumus,
2763 1178 3009 1245 Domine,
3040 1178 3288 1235 fidelibus
3313 1180 3418 1235 tuis
3446 1178 3594 1235 hunc
3620 1179 3796 1236 chari-

2198 1274 2327 1330 tatis
2366 1273 2646 1343 affectum,
2689 1284 3079 1330 utsanctorum
3111 1281 3322 1329 tuorum
3347 1274 3664 1331 celebritate
3688 1274 3793 1330 fer-

2198 1378 2388 1425 ventes
2406 1411 2422 1437 ,
2450 1369 2609 1424 nullis
2637 1369 2985 1440 implicentur
3011 1370 3286 1425 erroribus
3306 1413 3322 1439 ,
3356 1369 3521 1425 nullis
3550 1368 3791 1425 adversi-

2201 1461 2402 1517 tatibus
2417 1460 2723 1532 affligantur
2737 1477 2753 1527 ;
2765 1462 2854 1515 sed
2871 1460 3194 1517 salutaribus
3207 1461 3493 1531 proficiant
3513 1462 3790 1532 institutis,

2202 1552 2561 1623 vitalibusque
2582 1552 2851 1622 praesidiis
2876 1552 3221 1622 adjuveutur.
3246 1551 3373 1619 Per,
3398 1561 3510 1609 etc.

2273 1644 2337 1701 Il.
2381 1644 2512 1701 Item
2538 1646 2667 1701 alia.
2708 1676 2780 1687 —
2812 1653 2836 1683 ε
2866 1644 3219 1714 Omnipotens
3256 1646 3587 1715 sempiterne
3614 1644 3790 1716 Deus,

2203 1740 2295 1811 qui
2322 1749 2631 1796 sanctorum
2656 1739 2850 1796 virtute
2867 1739 3145 1810 multiplici
3169 1738 3426 1795 Ecclesia:
3448 1750 3555 1796 tua:
3583 1756 3793 1799 sacrum

506 1846 701 1895 neuter
740 1852 959 1894 exerce:
999 1836 1121 1907 quia
1148 1834 1329 1891 omnia
1369 1834 1509 1889 dona
1549 1833 1861 1903 praestabis,
1904 1833 2099 1907 quibus
2127 1829 2176 1892 B
2207 1848 2405 1902 corpus
2426 1846 2717 1899 exornans,
2746 1833 3009 1904 primitias
3040 1843 3335 1905 martyrum
3362 1834 3581 1905 gloriosi
3618 1836 3792 1892 levitze

461 1914 467 1925 ’
508 1930 847 1987 concesseris
874 1927 1152 2001 religionis
1178 1936 1546 1999 augmentum.
1579 1925 1706 1995 Per,
1729 1935 1837 1984 etc.

1228 2020 1372 2076 XIX.

991 2111 1221 2169 MENSE
1259 2111 1607 2169 AUGUSTO.

1005 2203 1034 2244 ιι
1062 2220 1117 2261 tv
1151 2218 1319 2260 nonas
1348 2220 1592 2261 AUGUSTI.

510 2297 707 2355 Natale
728 2297 893 2353 sancti
914 2297 1165 2368 Stephani
1191 2298 1245 2353 in
1266 2298 1548 2353 cmmeterio
1580 2296 1778 2352 Callisti
1804 2298 1884 2352 via
1906 2298 2094 2369 Appia.

580 2392 623 2446 1.
646 2420 718 2432 -
740 2400 763 2429 ο
793 2390 1143 2459 Omnipotens
1172 2389 1503 2459 sempiterne
1526 2388 1689 2454 Deus,
1712 2390 1799 2459 qui
1832 2389 2097 2459 primitias

511 2492 811 2554 martyrum
829 2481 885 2538 in
912 2483 1081 2538 sancti
1112 2481 1290 2539 levita:
1312 2480 1573 2552 Stephani
1605 2482 1866 2552 sanguine
1885 2482 2099 2539 dedica-

505 2576 599 2642 sti,
633 2576 811 2632 tribue
831 2616 846 2643 ,
868 2589 1177 2646 quaesumus
1196 2617 1212 2644 ,
1246 2585 1304 2630 ut
1328 2589 1424 2646 pro
1453 2575 1608 2631 nobis
1631 2574 1957 2631 intercessor
1978 2574 2099 2631 exi-

504 2677 637 2741 stat,
667 2671 757 2742 qui
787 2684 887 2741 pro
925 2670 1039 2726 suis
1074 2670 1236 2726 etiam
1276 2667 1712 2739 persecutoribus
1754 2668 2095 2739 supplicavit.

504 2761 633 2830 Per,
662 2771 767 2818 etc.

581 2852 869 2909 Offerimus
888 2852 1094 2909 hostias
1116 2851 1321 2908 nomini
1341 2858 1452 2918 tuo,
1480 2850 1729 2916 Domine,
1757 2858 2012 2921 quantum
2032 2851 2100 2907 de

509 2953 698 3001 nostro
728 2946 921 3001 merito
943 2946 971 2982 ιι
993 2944 1213 3016 trepidi,
1235 2953 1441 2999 tantum
1465 2943 1533 2999 de
1557 2953 1868 3000 sanctorum
1886 2953 2098 3000 tuorum

507 3039 775 3110 suffragiis
794 3038 1147 3096 confidentes.
1174 3038 1396 3105 Praesta,
1423 3052 1752 3109 quaesumus,
1780 3047 1838 3094 ut
1864 3038 2019 3096 nobis
2045 3047 2101 3095 et

505 3135 721 3191 veniam
743 3132 1025 3190 conferant
1046 3140 1101 3188 et
1123 3132 1371 3188 salutem.
1403 3131 1526 3197 Per,
1558 3140 1663 3188 etc.

2202 1924 2463 1996 Stephani
2494 1925 2754 1995 sanguine
2785 1925 3076 1991 dedicasti,
3108 1924 3176 1979 da
3207 1924 3361 1980 nobis
3400 1924 3543 1980 diem
3593 1926 3795 1982 Natalis

2208 2020 2325 2091 ejus
2353 2020 2560 2077 honore
2586 2022 2860 2092 praecipuo
2889 2021 3187 2085 celebrare,
3210 2022 3335 2092 quia
3365 2037 3473 2078 non
3503 2023 3794 2080 difﬁdimus

2205 2128 2331 2171 eum
2360 2114 2611 2171 ﬁdelibus
2634 2114 2739 2169 tuis
2758 2113 3064 2184 specialiter
3092 2112 3397 2184 suffragari,
3429 2115 3523 2185 qui
3554 2115 3794 2172 Domini-

2202 2220 2282 2262 cae
2308 2205 2587 2261 charitatis
2615 2204 2886 2272 imitator,
2919 2205 3081 2262 etiam
3101 2218 3199 2277 pro
3229 2206 3668 2275 persecutoribus
3708 2222 3796 2265 ex-

2203 2298 2395 2353 oravit.
2432 2297 2551 2363 Per,
2584 2307 2689 2353 etc.

2274 2389 2473 2445 Praesta
2500 2388 2676 2453 nobis,
2701 2403 3034 2459 quaesumus,
3069 2387 3296 2446 Domine
3318 2388 3462 2445 Deus
3486 2400 3693 2455 noster,
3718 2399 3791 2461 ut,

2204 2485 2344 2540 sicut
2367 2486 2420 2540 iu
2450 2493 2541 2540 tuo
2570 2494 2864 2555 conspectu
2896 2499 3042 2539 mors
3067 2492 3151 2540 est
3186 2485 3423 2554 pretiosa
3464 2494 3791 2553 sanctorum,

2204 2578 2278 2632 ita
2308 2577 2425 2647 ejus
2464 2578 2654 2632 merita
2695 2577 3065 2633 venerantium
3113 2588 3335 2646 accepta
3364 2576 3457 2632 tibi
3496 2574 3516 2613 ί
3547 2576 3797 2633 reddatur

2204 2668 2426 2724 oblatio.
2463 2668 2584 2736 Per,
2620 2677 2727 2724 etc.

2277 2761 2420 2817 Vere
2464 2761 2708 2832 dignum.
2748 2761 3012 2830 Quoniam
3060 2775 3166 2817 non
3211 2762 3385 2829 solum
3423 2760 3574 2817 nobis
3606 2762 3711 2834 ει
3742 2768 3795 2816 ιιι

2206 2868 2304 2925 per
2329 2853 2511 2909 Jesum
2550 2852 2819 2908 Christum
2868 2852 3153 2908 Dominum
3195 2853 3500 2923 ad0ptionis
3544 2862 3649 2908 tum
3678 2853 3796 2909 filiis

2205 2944 2502 3012 contulisti,
2534 2953 2591 3000 ut
2622 2944 2712 3000 ille
2743 2943 2911 3000 tristis
2939 2946 3158 3001 aculeus
3185 2945 3454 3000 saevientis
3494 2945 3716 3011 inferni,
3745 2953 3798 3002 et

2205 3039 2297 3112 qui
2326 3039 2443 3111 ejus
2471 3049 2757 3109 acceperat
2786 3023 3106 3110 potestatem
3125 3082 3140 3107 ,
3171 3037 3414 3094 diabolus
3456 3037 3795 3106 calcaretur,

2208 3148 2464 3202 morsque
2491 3132 2778 3204 pmnaliter
2800 3139 3074 3187 contracta
3100 3139 3334 3201 peccato,
3366 3129 3492 3185 dum
3518 3144 3621 3201 pro
3644 3130 3796 3200 justi-

582 3224 725 3279 Vere
753 3223 992 3292 dignum.
1022 3222 1148 3277 Tum
1176 3223 1399 3289 etenim,
1434 3221 1689 3291 Domine,
1722 3222 1962 3278 victoria:
1988 3224 2100 3295 80
2124 3220 2171 3285 C
2205 3225 2275 3281 tia
2299 3226 2561 3284 toleratur
2580 3266 2596 3293 ,
2625 3224 2880 3281 transiret
2925 3224 2991 3279 ad
3022 3222 3337 3294 praemium;
3369 3231 3677 3294 tantumque
3704 3237 3792 3278 su-

508 3313 855 3370 celebrantur
876 3354 891 3381 ,
924 3324 1135 3367 tuorum
1179 3314 1498 3383 praedicatur
1531 3314 1768 3385 potentia
1800 3315 2098 3385 triumpho-

507 3422 652 3471 rum,
685 3404 895 3476 quoties
921 3413 1228 3461 sanctorum
1252 3414 1546 3477 martyrum
1576 3405 1833 3462 solemnia
1851 3408 2097 3464 recolun-

509 3507 630 3561 tur;
658 3496 781 3566 quia
821 3506 875 3551 tu
903 3496 956 3550 in
978 3497 1057 3551 eis
1085 3506 1139 3552 et
1162 3496 1527 3553 fortitudinem
1550 3497 1871 3567 dimicandi,
1901 3508 1955 3555 et
1981 3501 2099 3571 pal-

507 3604 652 3645 mam
684 3588 860 3644 fecisti
889 3588 1082 3646 florere
1104 3588 1350 3659 justitize.
1378 3590 1523 3646 Inter
1557 3606 1694 3662 quos
1718 3592 1907 3649 beatus
1937 3593 2098 3649 levita

507 3680 817 3752 Stephanus
845 3682 1113 3753 gloriosus
1134 3681 1355 3738 effulsit.
1380 3683 1548 3751 Quem
1572 3694 1758 3741 sancto
1784 3686 1989 3756 Spiritu
2012 3702 2099 3742 re-

506 3772 783 3829 dundante
813 3788 919 3828 non
956 3772 1129 3828 solum
1158 3788 1380 3844 operum
1413 3776 1642 3845 qualitas
1672 3776 1973 3843 indicabat,
2001 3777 2097 3833 sed

505 3875 715 3923 tantum
738 3866 898 3923 etiam
926 3867 1164 3925 caelestis
1192 3868 1569 3939 magnificabat
1596 3870 1781 3942 gloriae
1809 3870 2095 3944 claritudo,

504 3970 567 4016 ut
592 3977 709 4017 eam
743 3963 1178 4032 persequentium
1227 3978 1449 4020 cernere
1488 3978 1594 4019 non
1638 3973 1820 4033 posset
1849 3964 2094 4021 intuitus.

506 4053 609 4119 Qui
630 4054 707 4109 sic
727 4052 780 4108 in
809 4053 1164 4110 ministrando
1184 4064 1437 4110 strenuus
1462 4065 1516 4110 et
1539 4053 1715 4110 fidelis
1741 4056 2011 4126 apparuit,
2036 4065 2096 4114 ut

505 4147 684 4203 eidem
717 4146 1129 4218 apostolicarum
1153 4147 1584 4203 committeretur
1616 4149 1938 4220 praerogatio
1968 4164 2095 4205 san-

502 4249 590 4296 cta
630 4256 958 4297 mensarum.
988 4240 1063 4296 Ita
1092 4244 1338 4297 castitate
1368 4242 1569 4311 pariter
1600 4248 1654 4296 et
1689 4242 1932 4312 largitate
1956 4257 2097 4314 pra:-

502 4335 711 4403 cipuus,
743 4344 801 4390 ut
823 4332 1103 4389 viduarum
1130 4349 1315 4389 curam
1343 4334 1649 4391 misericors
1672 4344 1725 4390 et
1752 4335 1979 4405 pudicus
1996 4351 2096 4391 ex-
2125 4398 2132 4405 ,

506 4427 701 4495 pleret.
736 4427 971 4481 Eatenus
999 4426 1196 4481 divinis
1223 4427 1516 4482 instructus
1541 4428 1800 4499 eloquiis,
1832 4436 1891 4484 ut
1920 4429 2096 4499 palam

504 4516 733 4571 concilia
762 4516 1004 4570 vinceret
1032 4515 1373 4582 Judazorum;
1402 4517 1455 4571 in
1474 4525 1681 4572 tantum
1706 4518 1828 4573 Filii
1861 4518 1937 4574 tui
1964 4534 2095 4575 cou-

2203 3318 2623 3392 perabundantis
2653 3318 2841 3388 gratia:
2878 3326 2982 3373 tua:
3012 3318 3230 3387 largitas
3258 3318 3556 3383 emineret,
3605 3326 3651 3371 ut
3675 3328 3781 3368 non

2204 3413 2380 3468 solum
2421 3411 2524 3467 hoc
2554 3411 2605 3465 in
2630 3409 2747 3481 ipso
2773 3420 2973 3466 nostra:
2994 3408 3388 3478 redemptionis
3414 3416 3643 3471 auctore,
3680 3400 3776 3460 sed

2204 3504 2367 3561 etiam
2399 3503 2451 3558 in
2481 3518 2604 3558 eum
2632 3501 2965 3557 credentium
2990 3500 3334 3556 confessione
3373 3496 3654 3571 perciperet
3680 3491 3784 3547 hu-

2204 3612 2363 3653 mana
2385 3596 2712 3661 substantia;
2736 3593 3001 3664 hujusque
3024 3592 3262 3648 muneris
3284 3590 3627 3660 victoriaeque
3640 3584 3792 3657 prin-

2204 3688 2441 3758 cipium,
2487 3696 2705 3743 sanctus
2756 3685 3059 3756 Stephanus
3101 3684 3227 3739 novi
3272 3680 3607 3738 Testamenti
3638 3678 3797 3735 levita

2204 3781 2410 3852 primus
2441 3790 2497 3837 et
2524 3788 2728 3851 martyr
2767 3777 3008 3834 initiaret
3052 3785 3175 3846 post
3217 3774 3428 3831 Domini
3469 3772 3795 3844 passionem.

2203 3874 2337 3937 Per,
2367 3881 2472 3929 etc.

2274 3965 2365 4021 IlI.
2398 3964 2531 4019 Item
2552 3964 2677 4018 alia.
2709 3991 2783 4005 --
2808 3962 3083 4033 Propitius
3112 3960 3306 4024 tribue,
3331 3958 3582 4027 Domine,
3616 3966 3676 4013 ut
3700 3955 3804 4012 hac

2201 4057 2475 4115 oblatione
2501 4057 2822 4111 mundemur
2842 4100 2857 4124 ,
2892 4069 2989 4125 pro
3016 4068 3119 4125 qua
3150 4051 3322 4108 sancti
3355 4051 3465 4117 tui,
3502 4052 3646 4106 inter
3676 4066 3806 4118 sup-

2206 4149 2366 4220 plicia
2395 4158 2419 4196 8
2448 4146 2755 4203 dimicando
2776 4146 2889 4216 (Al.
2919 4143 3248 4216 confitendo)
3280 4144 3670 4213 sempiternam
3696 4142 3808 4214 glo-

2204 4241 2342 4296 riam
2370 4248 2494 4294 sunt
2522 4238 2728 4309 adepti.
2762 4238 2886 4303 Per,
2912 4247 3019 4292 etc.

2278 4332 2419 4387 Vere
2470 4332 2710 4402 dignum.
2757 4329 2835 4385 Tu
2884 4329 3026 4384 enim
3075 4325 3232 4382 nobis
3274 4326 3411 4381 hanc
3453 4324 3809 4381 festivitatem

2204 4425 2351 4484 beati
2384 4425 2499 4496 (At.
2532 4424 2562 4463 ιι
2587 4423 2798 4495 sancti)
2838 4423 3099 4494 Stephani
3140 4423 3391 4493 passione
3432 4423 3814 4480 venerabilem

2206 4520 2564 4586 consecrasti,
2596 4519 2683 4574 cui
2709 4527 2911 4572 tantum
2935 4517 3119 4588 gratia;
3149 4515 3381 4585 Spiritus
3406 4526 3636 4571 saueius
3672 4515 3815 4571 infu-

503 4606 743 4664 fessione
774 4606 1165 4675 inflammatus,
1211 4615 1270 4662 ut
1317 4616 1441 4677 post
1476 4607 1596 4678 ejus
1638 4622 1856 4665 crucem
1894 4611 2099 4681 primus
2124 4599 2181 4661 D
2204 4610 2315 4680 dit,
2348 4619 2406 4667 ut
2451 4610 2647 4667 levitici
2691 4609 2895 4681 primus
2936 4608 3098 4665 officii
3128 4606 3342 4679 pietatis
3370 4605 3669 4677 operarius
3699 4607 3817 4665 dis-

578 4776 617 4841 "U
636 4766 871 4841 Notatio_
892 4764 1200 4841 marginalis
1224 4783 1236 4819 :
1280 4765 1578 4837 Refutanda
1602 4775 1782 4823 cuncta
1806 4783 1921 4839 qua:
1954 4785 2091 4841 pra:-

501 4839 711 4908 pediant
738 4838 987 4908 azquitati.

574 4908 599 4946 ι’
632 4908 741 4980 δὶα
778 4906 967 4980 codex.
1016 4907 1339 4964 Muratorius
1388 4924 1509 4965 cum
1556 4909 1781 4967 vidisset
1822 4911 2093 4980 subiectas

502 4980 692 5032 Missas
724 4978 797 5052 S.
817 4977 1099 5052 Stephani,
1119 4984 1563 5051 protomartyris,
1588 4983 1739 5052 cujus
1761 4977 2001 5039 Iuventio
2033 4999 2092 5037 ιιι

500 5064 672 5103 nonas
718 5050 926 5120 agitur,
964 5049 1132 5104 edidit
1174 5065 1229 5105 ιιι
1260 5049 1443 5110 nonas.
1482 5053 1550 5107 At
1582 5049 1793 5119 titulus,-
1837 5070 1890 5109 tv
1927 5071 2090 5108 nonas

501 5121 720 5188 Augusti
759 5119 948 5174 Natale
985 5120 1047 5175 S.
1079 5121 1330 5190 Stephani
1356 5124 1410 5176 in
1448 5127 1730 5179 eameterio
1768 5125 1969 5180 Callisti
2006 5126 2091 5180 via

502 5193 691 5259 Appia,
721 5193 1011 5246 concinens
1041 5206 1161 5247 cum
1197 5193 1439 5250 lndiculo
1469 5196 1825 5259 Bucheriano,
1858 5198 2089 5252 refertur

501 5264 659 5337 adS.
695 5260 1027 5337 Stephanum
1070 5279 1259 5337 papam
1286 5276 1340 5337 et
1369 5278 1658 5337 martyrem
1692 5269 1742 5322 in
1774 5270 2090 5324 cmmeterio

500 5330 711 5410 Callisti
731 5330 1189 5410 sepultum,_cuju§
1215 5336 1431 5410 quidem
1464 5330 1676 5394 Missam
1709 5342 1806 5394 hac
1834 5340 1921 5395 die
1943 5354 2089 5410 prte-

500 5402 605 5480 fert
633 5402 1133 5480 Sacramentariun'r
1149 5402 1557 5480 Ggrégorianum.
1594 5412 1880 5480 Perperam
1910 5402 2086 5466 autem

499 5475 756 5551 collector
779 5474 903 5531 huic
928 5476 1082 5531 titulo
1101 5474 1433 5551 S.Ste'pbani
1458 5474 1867 5551 protomartyris
1896 5481 2087 5537 Missas

498 5546 771 5627 subjecit,
800 5558 1103 5627 q_uas__post
1138 5546 1287 5604 diem
1322 5550 1522 5627 Natalis
1565 5546 1785 5627 Domini
1817 5552 2086 5627 adhibitas

496 5618 612 5684 ipSa
637 5620 877 5692 przfatio
907 5618 1079 5692 Missae
1107 5636 1180 5675 vn
1206 5624 1460 5689 ostendit,
1481 5631 1539 5677 ut
1564 5624 1618 5677 in
1649 5622 1963 5692 praefatione
1984 5621 2086 5678 Sa-

494 5691 853 5767 crameptario
889 5690 1167 5767 praemissa
1212 5694 1630 5767 observavimus
1649 5690 1713 5767 ‘n.
1746 5695 1799 5750 8.
1840 5694 1995 5767 Plura
2029 5694 2084 5767 in

493 5755 655 5838 his_S.
671 5755 927 5838 Stephani
950 5760 1148 5838 Missis,
1174 5766 1477 5838 praesertim
1499 5765 1859 5838 praefationes,
1884 5765 2083 5824 Leonis

494 5830 691 5905 atylum
720 5840 771 5888 et
798 5830 1042 5903 spiritum
1064 5833 1321 5892 exhibent

2278 4779 2302 4809 ο
2332 4767 2762 4825 Sacramentaria
2801 4766 2980 4823 Gelas.
3014 4772 3069 4820 et
3097 4764 3257 4833 Greg.
3308 4763 3448 4816 hanc
3490 4762 3815 4819 orationem

2200 4840 2495 4924 praeferunt
2519 4838 2705 4924 dienﬂtj
2733 4837 3072 4921 Decembris;
3098 4835 3398 4893 Romanum
3426 4848 3561 4888 vero
3584 4833 3820 4891 Missale

2200 4908 2257 4968 in
2288 4921 2473 4967 octava
2502 4911 2591 4967 die
2610 4911 2645 4963 2
2674 4908 2936 4965 Januarii.

2272 4980 2486 5067 (ἥρωι,
2518 4982 2883 5054 trepidantum.
2909 4977 3356 5036 Emendatiouem
3384 4974 3706 5035 Blauchiuii
3730 4992 3820 5037 re-

2200 5070 2461 5111 centmus.
3330 5084 3335 5089 -

2268 5071 2651 5247 ogratio
2673 5122 2870 5193 legitur
2900 5123 2954 5178 in
2983 5122 3185 5178 Missali
3214 5084 3444 5177 Gothico
3464 5118 3632 5175 card.
3668 5120 3824 5179 Tho-

2268 5212 2375 5247 lSll.
2405 5213 2460 5247 n.
2494 5231 2509 5247 ι
2533 5234 2547 5247 .

2197 5212 2375 5261 masu,
2405 5213 2460 5251 n.
2494 5212 2547 5250 ἰ).

2274 5267 2293 5307 ί
2329 5269 2461 5323 Cod.
2496 5280 2779 5337 perperam
2820 5267 2924 5321 hoc
2951 5266 3072 5321 loco
3104 5263 3268 5337 habet
3297 5263 3498 5337 reddat.
3524 5262 3823 5337 Correxi-

2196 5354 2317 5395 mus
2349 5355 2413 5395 ex
2448 5332 2635 5396 eadem
2684 5338 2932 5393 oratione
2980 5334 3206 5405 repetita
3253 5334 3478 5389 inferius
3522 5332 3710 5391 Missa
3745 5350 3822 5389 iv.

2194 5411 2518 5466 Muratorius
2552 5425 2621 5465 ex
2651 5410 2866 5480 ingenio
2908 5406 3217 5464 emendavit
3260 5415 3523 5478 acceptam
3570 5406 3675 5461 tibi
3702 5409 3828 5463 red-

2195 5482 2323 5536 dant
2351 5482 2679 5536 oblationem.

2269 5562 2294 5600 8
2317 5553 2377 5608 In
2401 5553 2557 5608 Missa
2574 5551 2755 5618 .v,-ubi
2775 5551 2963 5607 eadem
2988 5551 3101 5605 haec
3122 5549 3294 5605 oratio
3324 5563 3443 5603 cum
3468 5548 3820 5617 praefatione

2190 5627 2474 5691 repetitur,
2506 5639 2604 5692 pro
2626 5624 2921 5677 dimicando
2949 5621 3142 5692 legitur
3163 5622 3488 5692 dimicantes,
3510 5633 3627 5676 nec
3656 5626 3824 5679 varia

2189 5690 2353 5751 lcetio
2381 5690 2680 5763 confitentes
2707 5710 2802 5763 pro
2829 5690 3121 5763 conﬁtendo
3145 5691 3463 5763 adjicitur.”
3575 5760 3586 5763 _
3828 5696 3835 5709 '

2261 5766 2289 5802 ιι
2320 5759 2506 5821 sancti
2532 5759 2746 5822 varians
2767 5759 2935 5819 lectio
2954 5762 3127 5818 codici
3160 5763 3382 5834 inserta.
3414 5759 3537 5815 Mox
3572 5760 3637 5818 in
3673 5780 3831 5834 pra:-

2187 5837 2391 5898 fatione
2420 5836 2593 5899 Missa:
2611 5852 2669 5908 v,
2692 5836 2931 5911 passione
2958 5833 3197 5904 sacrasti,
3224 5833 3305 5892 cui
3327 5841 3523 5893 tantam
3550 5833 3834 5907 gratiam,

2034 5974 2081 6001 ’ν
2158 5980 2197 6012 ι
