4018 6314
249 415 317 474 89
1058 403 1257 460 LIBER
1295 398 1839 460 SACRAMENTORL

1965 394 2308 454 ECCLESIE
2345 394 2675 452 ἎΟΜΑΝᾸΞ.
3432 397 3506 456 9o

246 536 558 606 pensatione
594 542 915 594 mensarum,
947 527 1221 582 viduarum
1250 523 1613 595 gubernaculo
1660 520 1817 576 casti-
1847 521 1894 580 Α
1996 519 2105 574 Vll.
2149 517 2280 572 Item
2317 519 2438 572 alia.
2478 548 2547 558 —
2591 516 2606 553 ί
2641 515 2784 570 Deus
2811 555 2824 579 ,
2864 515 3080 584 quinos
3113 511 3378 585 Unigeniti
3423 514 3501 572 tui

247 628 374 684 tatis
401 626 699 696 exemplum
723 666 737 691 ,
768 623 946 678 clarus
975 621 1167 675 virtute
1197 616 1502 686 signorum,
1549 611 1698 668 verbi
1748 610 1828 665 tui
1928 612 2226 670 clementer
2248 611 2610 665 incarnatione
2632 607 2926 677 redemisti,
2949 607 3014 662 da
3034 607 3187 663 nobis
3206 605 3500 676 patrocinia

245 723 482 792 potentia
510 731 535 759 η
564 719 840 791 perﬁdiam
871 715 1154 772 destruens
1183 710 1490 768 Iudaeorum
1508 751 1521 776 ,
1549 705 1829 776 lapidanti-

1930 717 2142 763 tuorum
2181 703 2490 759 continuata
2516 713 2813 758 sanctorum
2834 744 2850 770 ,
2881 703 3074 774 quibus
3112 716 3307 773 capere
3326 700 3506 757 valea-

246 815 353 871 bus
383 815 591 868 veniam
623 813 837 868 fervore
882 807 1157 865 charitatis
1199 804 1526 874 implorans,
1567 798 1825 855 caelorum
1930 815 2050 856 mus
2074 795 2325 852 salutaris
2354 794 2596 866 mysterii
2617 795 2929 864 portionem.
2954 795 3080 864 Per,
3112 805 3218 851 etc.

241 907 353 964 sibi
381 914 594 976 patente
635 910 843 959 secreto
864 942 878 965 ,
910 916 937 954 a
965 897 1174 954 dextris
1204 894 1414 949 virtutis
1443 893 1717 946 immensa:
1740 887 1829 942 Fi-

243 998 377 1056 lium
429 999 659 1054 hominis
703 1004 947 1051 cerneret
995 990 1378 1054 constitutum,
1429 984 1455 1024 δ
1501 994 1830 1054 regnumque

245 1091 460 1146 Domini
491 1088 804 1153 Salvatoris,
844 1084 1076 1141 nondum
1107 1087 1476 1137 consummato
1506 1072 1829 1138 certamine,

243 1183 426 1253 palam
457 1182 603 1236 solus
632 1180 935 1250 aspiceret,
972 1175 1114 1245 quod
1150 1172 1350 1228 sanctis
1381 1168 1628 1225 omnibus
1657 1172 1836 1219 osten-

240 1288 364 1328 sum
388 1282 469 1328 est
501 1281 621 1342 post
657 1285 901 1341 agonem.
933 1267 1055 1333 Per,
1091 1275 1196 1320 etc.

319 1365 409 1420 IV.
459 1364 591 1418 Item
633 1364 756 1416 alia.
788 1391 858 1403 -—-
886 1371 906 1398 ε
935 1358 1288 1426 Omnipotens
1320 1351 1642 1421 sempiterno
1665 1348 1833 1411 Deus,

235 1460 340 1530 qui
373 1457 639 1528 primitias
661 1464 956 1524 martyrum
982 1449 1203 1521 gloriosi
1235 1449 1412 1502 levita:
1434 1443 1685 1514 Stephani
1714 1455 1836 1495 san-

243 1552 415 1620 guine
446 1547 708 1604 dedicasti
731 1587 745 1611 ,
782 1545 849 1600 da
877 1543 1030 1598 nobis
1065 1542 1203 1595 diem
1245 1538 1445 1593 Natalis
1473 1535 1585 1604 ejus
1632 1533 1835 1587 honore

248 1645 530 1716 prmcipuo
557 1642 848 1704 celebrare,
870 1638 990 1708 quia
1015 1651 1118 1690 non
1137 1632 1422 1687 difﬁdimus
1442 1645 1560 1684 eum
1586 1625 1834 1681 fidelibus

245 1736 365 1792 luis
381 1734 681 1803 specialiter
694 1728 986 1798 suffragari,
1005 1727 1092 1794 qui
1107 1723 1396 1778 Dominictn
1418 1720 1692 1776 charitatis
1715 1717 1834 1772 imi-

246 1835 417 1884 tator.
439 1828 596 1880 etiam
620 1838 713 1893 pro
737 1817 1166 1891 persecutoribus
1183 1813 1520 1886 supplicavit.
1539 1812 1662 1877 Per,
1688 1820 1794 1867 etc.

320 1915 592 1970 Donorum
611 1913 871 1975 omnium,
890 1910 1053 1973 Deus,
1085 1915 1270 1961 auctor
1292 1913 1449 1975 atque
1475 1903 1717 1972 largitor,
1737 1900 1829 1970 qui
1861 1897 1907 1957 Β

234 2013 554 2062 sanctorum
573 2004 774 2059 virtute
794 1997 1337 2071 multiplici'Ecclesiae
1360 2006 1464 2051 tua:
1479 2010 1687 2051 sacrum
1705 2009 1830 2049 cor-

235 2105 344 2170 pus
367 2112 622 2162 exornas,
647 2095 711 2150 da
740 2111 860 2150 eum
897 2093 948 2147 in
973 2092 1210 2161 ipsorum
1237 2087 1448 2144 defendi
1476 2102 1634 2157 prece
1658 2101 1833 2142 mem-

239 2185 466 2245 brorum
488 2230 503 2254 ,
533 2188 602 2243 de
630 2200 855 2257 quorum
887 2182 1201 2239 excellentia
1233 2179 1512 2249 gloriatur.
1543 2177 1678 2243 Per,
1726 2185 1832 2231 etc.

311 2280 336 2319 ἀ
367 2281 571 2337 Praesta
610 2278 763 2334 nobis
783 2317 800 2343 ,
830 2287 1160 2346 quaesumus,
1191 2271 1416 2326 Domine
1444 2270 1586 2325 Deus
1617 2273 1833 2332 noster,

242 2382 304 2431 ut
329 2374 478 2428 sicut
501 2372 555 2426 in
582 2377 874 2439 conspectu
902 2377 994 2422 tuo
1013 2406 1026 2430 ,
1057 2375 1166 2421 etc.

313 2465 431 2535 82
466 2461 606 2516 Vere
629 2460 869 2529 dignum.
913 2457 1176 2524 Quoniam
1215 2463 1270 2508 tn
1315 2453 1468 2508 nobis
1512 2467 1618 2506 non
1664 2450 1837 2505 solum

245 2568 340 2628 per
363 2557 550 2610 Jesum
577 2551 849 2607 Christum
873 2549 1156 2604 Dominum
1179 2545 1451 2602 contulisti
1475 2553 1532 2598 ut
1557 2543 1645 2598 ille
1671 2541 1838 2598 tristis

249 2647 475 2704 aculeus
515 2643 786 2699 evidentis
830 2639 1056 2704 inferni,
1087 2647 1143 2694 et
1172 2636 1261 2708 qui
1291 2638 1406 2704 ejus
1443 2642 1722 2703 acceperat
1744 2647 1840 2701 po-

253 2746 538 2801 testatem,
570 2734 812 2788 diabolus
856 2731 1181 2793 calcaretur;
1222 2727 1315 2783 sed
1345 2735 1400 2781 ut
1435 2728 1536 2780 hoc
1577 2725 1740 2780 etiam
1783 2722 1836 2778 in

259 2831 498 2890 eumdem
525 2828 712 2883 Filium
737 2837 882 2882 tuum
903 2825 1234 2880 credentium
1255 2821 1613 2885 confessione,
1642 2827 1747 2873 etc.
1772 2827 1795 2854 ο

327 2928 394 2981 V.
422 2925 557 2980 Item
583 2924 708 2977 alia.
734 2950 805 2963 —
841 2918 859 2957 ί
895 2919 1161 2989 Propitius
1189 2916 1384 2982 tribue,
1415 2913 1660 2980 Domine,
1692 2926 1837 2982 quas-

271 3031 458 3083 sumus,
490 3025 550 3071 ut
571 3015 670 3070 hac
699 3012 994 3075 oblatione,
1021 3017 1129 3065 etc.

335 3111 466 3165 Vere
482 3109 722 3178 dignum.
736 3105 814 3159 Tn
827 3103 966 3158 enim
980 3102 1133 3156 nobis
1147 3101 1282 3154 hanc
1300 3097 1663 3159 festivitatem,
1682 3103 1787 3148 etc.
1811 3100 1836 3139 ι

351 3202 433 3256 Vl.
457 3201 576 3255 Item
595 3201 720 3255 alia.
737 3194 1227 3252 —-Oﬁ‘erendorum
1251 3191 1343 3245 tibi
1359 3185 1838 3251 munerum,Deus,

291 3304 460 3350 auctor
483 3303 532 3348 et
557 3293 726 3361 dator,
758 3299 973 3358 praesta,
1004 3295 1062 3341 ut
1091 3285 1118 3320 ιι
1139 3283 1448 3351 sacriﬁcium
1475 3277 1616 3348 quod
1641 3275 1842 3331 sanctis
1866 3263 1914 3326 C
1949 3244 2022 3290 ua

285 3386 580 3455 martyribus
604 3385 658 3440 in
682 3381 1054 3453 persecutione
1079 3375 1304 3432 contulit
1332 3373 1657 3436 claritatem,
1688 3365 1842 3424 nobis

279 3476 356 3532 ﬁat
381 3477 433 3533 in
453 3475 742 3533 devotione
772 3471 1096 3544 praesidium.
1131 3470 1252 3534 Per,
1280 3476 1386 3521 etc.

338 3572 473 3630 Vere
503 3571 740 3642 dignum.
785 3567 844 3623 ln
873 3567 959 3622 die
989 3563 1340 3620 solemnitatis
1391 3559 1694 3623 hodiernae,
1738 3571 1841 3628 qua

272 3676 476 3722 sanctus
523 3664 828 3735 Stephanus
853 3659 1153 3730 pritnitivus
1184 3668 1287 3711 tute
1326 3655 1448 3709 ﬁdei
1489 3651 1840 3716 candidatus,

272 3760 333 3814 ob
356 3761 458 3816 hoc
486 3757 777 3814 infidelium
811 3753 1186 3825 persecutione
1220 3748 1480 3818 lapidatus
1506 3756 1608 3810 est,
1641 3751 1846 3798 utcon-

271 3853 516 3909 fessionis
547 3865 715 3906 sacras
740 3848 876 3917 lapis
898 3846 1051 3900 vivus
1081 3843 1366 3907 existeret;
1398 3848 1451 3894 et
1479 3837 1619 3909 quod
1648 3836 1844 3906 insigni

272 3944 550 4000 decoratus
571 3941 832 3998 vocabulo
853 3936 1191 4009 praferebat,
1215 3933 1460 4004 impleret
1480 3945 1679 3986 corona
1705 3944 1847 3986 mar-

272 4039 409 4108 tyrii.
443 4037 548 4092 Per
564 4077 580 4102 ,
611 4042 716 4088 etc.

283 4161 288 4166 -
333 4128 695 4198 Omnipotens
725 4123 1047 4193 sempiterne
1076 4121 1218 4175 Deus
1241 4159 1254 4182 ,
1291 4117 1379 4188 qui
1408 4117 1458 4171 in
1483 4125 1691 4170 terrena
1716 4113 1846 4168 sub-

268 4223 462 4276 stantia
489 4221 812 4274 constitutos
845 4213 1020 4270 divina
1055 4221 1282 4267 tractare
1317 4209 1589 4272 concedis,
1623 4213 1846 4276 praesta,

271 4311 684 4383 deprecantibus
736 4307 936 4364 sanctis
967 4306 1103 4370 tuis,
1134 4313 1192 4358 ut
1227 4301 1414 4357 eadem
1460 4310 1850 4368 consequamur

269 4403 678 4460 conversatione
703 4399 929 4456 coalesti.
960 4397 1082 4462 Per,
1108 4405 1212 4450 etc.

333 4496 644 4562 Conserva,
686 4505 1017 4562 quaesumus,
1062 4486 1318 4552 Domine,
1371 4483 1596 4536 ﬁliorum
1639 4488 1851 4535 tuorum

270 4589 358 4644 tibi
377 4587 654 4644 subditam
681 4585 1016 4647 servitutem,
1042 4589 1099 4634 ut
1123 4575 1598 4633 intervenientibus
1627 4571 1847 4639 sanctis,

2006 918 2021 964 i
2059 913 2282 976 Praesta,
2312 922 2642 981 qumsumus,
2675 911 3006 980 omnipotens
3031 910 3203 977 Deus,
3235 917 3292 964 ut
3321 909 3510 965 beatus

1935 1006 2239 1075 Stephanus
2265 1003 2424 1058 levita
2447 1000 2782 1070 magniﬁcus,
2807 1000 2940 1056 sicut
2964 1010 3084 1057 ante
3110 1003 3244 1056 alios
3275 1000 3511 1055 imitator

1935 1097 2228 1154 Dominicaa
2256 1096 2523 1167 passionis
2549 1101 2602 1150 et
2633 1094 2844 1164 pietatis
2864 1095 3072 1162 enituit,
3106 1097 3175 1150 ita
3204 1095 3270 1151 sit
3300 1093 3508 1165 fragili-

1941 1191 2065 1246 tatis
2087 1199 2280 1245 nostra:
2302 1197 2582 1259 promptus
2609 1187 2840 1255 adjutor.
2865 1185 2990 1250 Per,
3020 1195 3119 1241 etc.

2011 1284 2155 1339 Inter
2197 1291 2396 1339 nostra
2437 1279 2817 1348 redemptionis
2861 1277 3102 1333 miranda
3141 1278 3426 1346 beneﬁcia,
3458 1287 3512 1335 et

1939 1387 2244 1434 sanctorum
2289 1384 2580 1445 martyrum
2630 1373 2862 1443 gloriosa
2913 1372 3208 1436 solemnia,
3247 1372 3352 1442 33
3390 1386 3510 1426 cum

1937 1469 2270 1531 muneribus,
2305 1467 2549 1532 Domine,
2582 1472 2688 1519 tuae
2720 1463 2889 1518 laudis
2915 1465 3269 1530 occurrimus,
3297 1474 3517 1532 agentes

1937 1560 2136 1630 gratias
2165 1567 2220 1614 et
2247 1555 2315 1612 de
2346 1555 2572 1612 remedii
2601 1555 2844 1626 largitate
2872 1563 2927 1610 et
2965 1554 3031 1610 de
3061 1554 3371 1625 provisione
3411 1552 3520 1608 suf-

1937 1648 2112 1719 fragii.
2141 1649 2244 1704 Per
2259 1691 2272 1712 ,
2305 1658 2408 1704 etc.

2011 1738 2039 1778 ιι
2076 1740 2212 1796 Vere
2255 1740 2494 1809 dignum.
2543 1739 2690 1794 Beati
2743 1738 3004 1808 Stephani
3047 1738 3222 1792 levita
3267 1735 3424 1790 simul
3467 1743 3522 1793 et

1939 1831 2192 1903 martyris
2231 1831 2476 1886 Natalitia
2519 1831 2857 1897 recolentes,
2889 1830 2978 1900 qui
3019 1829 3174 1894 ﬁdei,
3212 1827 3305 1898 qui
3349 1841 3519 1882 sacra:

1937 1925 2164 1990 militiae,
2198 1924 2286 1993 qui
2319 1922 2736 1992 dispensationis
2768 1931 2823 1976 et
2853 1921 3114 1975 castitatis
3148 1920 3396 1989 egregiae,
3427 1917 3516 1988 qui

1937 2015 2337 2087 praedicationis
2365 2013 2622 2068 mirabilis
2643 2058 2656 2081 ,
2691 2012 2780 2082 qui
2810 2011 3122 2066 constantia:
3141 2051 3156 2070 .
3185 2009 3273 2079 qui
3304 2007 3520 2063 confes-

1935 2110 2103 2165 sion-is
2130 2125 2192 2163 ac
2223 2108 2494 2179 patientiae
2521 2107 2675 2162 nobis
2706 2105 2954 2175 exempla
2987 2104 3290 2159 veneranda
3321 2117 3519 2172 propo-

1935 2201 2074 2264 suit;
2104 2209 2158 2253 et
2187 2199 2307 2252 ideo
2332 2197 2664 2251 nativitatem
2704 2196 2822 2251 Filii
2848 2197 2920 2250 tui
2947 2195 3138 2250 merito
3169 2209 3278 2264 pra:
3313 2192 3523 2248 creteris

1937 2291 2204 2363 passionis
2240 2306 2352 2346 sua:
2391 2290 2678 2346 festivitate
2721 2289 3098 2360 subsequitur,
3144 2287 3296 2358 cujus
3336 2286 3522 2357 gloria

1937 2386 2280 2455 sempiterna:
2303 2385 2505 2453 primus
2531 2391 2733 2454 martyr
2756 2384 3007 2438 occurrit.
3040 2380 3168 2451 Per,
3193 2389 3298 2436 etc.

2012 2503 2144 2558 Vlll.
2193 2501 2323 2556 Item
2364 2499 2818 2555 alim—Hostias
2842 2542 2857 2566 ,
2911 2498 3174 2562 Domine,
3213 2495 3523 2566 suppliciter

1940 2597 2298 2661 immolamus,
2326 2595 2376 2650 in
2401 2593 2602 2649 sanctis
2629 2591 2782 2647 nobis
2810 2590 3002 2646 collata
3025 2588 3349 2660 martyribus
3369 2587 3520 2642 salu-

1941 2689 2071 2743 taris
2103 2687 2179 2742 tui
2209 2685 2443 2741 subsidia
2474 2683 2847 2754 praedicantes.
2878 2681 3000 2748 Per,
3026 2691 3130 2736 etc.

2013 2780 2150 2835 Vere
2187 2779 2430 2848 dignum.
2466 2776 2546 2830 Tu
2587 2791 2645 2830 es
2682 2775 2880 2845 quippe
2918 2772 3178 2828 mirabilis
3226 2770 3281 2825 in
3324 2768 3523 2825 sanctis

1941 2871 2067 2936 tuis,
2101 2881 2158 2926 et
2185 2869 2304 2924 ideo
2333 2869 2458 2922 licet
2490 2868 2540 2921 in
2572 2867 2794 2936 singulis
2822 2880 2940 2933 qua:
2983 2863 3050 2918 ad
3092 2864 3297 2918 cultum
3327 2860 3525 2916 Divini-

1941 2963 2065 3018 tatis
2091 2961 2355 3030 aSpicinnt
2381 2967 2696 3027 competens
2722 2957 3010 3012 debeamus
3036 2955 3293 3021 ofﬁcium,
3317 2953 3368 3006 in
3390 2967 3527 3007 cuu-

1944 3053 2048 3107 ctis
2078 3061 2254 3105 tamen
2287 3059 2339 3104 te
2370 3050 2487 3102 sine
2514 3047 2676 3100 dubio
2706 3045 3082 3114 praedicamus,
3115 3058 3272 3110 quem
3312 3042 3365 3096 in
3399 3042 3526 3097 bea-

1947 3154 2123 3200 torum
2153 3142 2437 3210 triumphis
2466 3148 2764 3208 martyrum
2789 3135 3054 3190 mirabilia
3079 3141 3272 3189 cuncta
3293 3145 3526 3202 promtus

2027 3242 2104 3290 ut.
2139 3233 2262 3298 Per,
2291 3241 2397 3286 etc.

2023 3324 2042 3365 ι
2075 3324 2286 3382 Gratias
2309 3324 2536 3395 agimus,
2569 3320 2833 3384 Domine,
2867 3315 3230 3388 multiplicatis
3257 3315 3401 3372 circa
3430 3328 3530 3372 nos

1947 3418 2382 3478 miserationibus
2431 3416 2558 3485 tuis,
2600 3414 2690 3485 qui
2733 3421 2786 3468 et
2826 3411 2947 3468 Filii
2990 3411 3066 3466 tni
3114 3410 3393 3466 nativitate
3428 3421 3531 3465 nos

1945 3512 2123 3569 salvas
2145 3554 2160 3580 ,
2189 3520 2242 3566 et
2271 3516 2566 3580 martyrum
2602 3506 2881 3564 beatorum
2919 3502 3296 3574 deprecatione
3320 3511 3532 3558 susten-

1946 3613 2047 3660 tas.
2079 3603 2204 3668 Per,
2228 3610 2330 3656 etc.

2021 3699 2182 3763 Deus,
2207 3697 2419 3767 generis
2441 3694 2714 3750 institutor
2739 3699 2792 3748 et
2825 3699 3101 3762 reparator
3125 3686 3369 3754 humani,
3398 3699 3532 3754 prae-

1947 3798 2052 3855 sta,
2083 3803 2409 3859 quaesumus,
2443 3795 2500 3841 ut
2529 3785 2681 3855 plebs
2711 3791 2799 3838 tua
2828 3790 2883 3837 et
2902 3779 3253 3837 sacramentis
3275 3779 3534 3832 instructa

1947 3880 2302 3946 salutaribus,
2335 3887 2390 3934 et
2435 3877 2564 3931 fulta
2611 3874 2909 3946 praesidiis,
2941 3873 3020 3928 sic
3059 3870 3349 3943 praesentia
3392 3867 3534 3924 dona

1948 3975 2239 4047 percipiat,
2273 3979 2331 4026 ut
2359 3984 2553 4040 capere
2583 3975 2853 4024 mereatur
2879 3976 3100 4020 teterna.
3132 3963 3258 4030 Per,
3281 3969 3390 4018 etc.

2019 4088 2115 4145 ιχ.
2139 4087 2272 4142 Item
2295 4087 2420 4140 alia.
2443 4115 2512 4127 —
2530 4084 2625 4150 Da,
2653 4093 2980 4152 quaesumus,
3005 4077 3349 4146 omnipotens
3370 4073 3534 4138 Deus,

1949 4193 2008 4239 ut
2044 4185 2182 4238 sicut
2211 4196 2306 4250 per
2344 4187 2534 4234 cuncta
2569 4174 2755 4230 mundi
2797 4173 2968 4241 spatia
2998 4179 3292 4239 martyrum
3320 4177 3536 4220 tuorum

1951 4273 2082 4328 facis
2117 4270 2366 4326 victorias
2414 4263 2733 4338 propagari,
2777 4261 2877 4326 sic,
2930 4270 2983 4314 te
3026 4257 3314 4312 auxiliante
3357 4253 3535 4320 nobis,

1953 4379 2140 4420 eorum
2169 4360 2463 4417 sentiamus
2489 4356 2689 4424 ubique
2719 4350 3083 4422 praesentiam.
3116 4348 3240 4414 Per,
3264 4354 3368 4401 etc.

2025 4475 2064 4504 ω
2091 4465 2248 4520 Grata
2271 4459 2380 4517 sint
2401 4459 2519 4524 tibi,
2547 4456 2792 4522 Domine,
2812 4466 3056 4519 munera,
3087 4460 3412 4522 qumsumus,
3441 4445 3537 4501 de.

1954 4559 2184 4615 v0tionis
2213 4553 2506 4618 hodiernae,
2537 4562 2697 4620 quam
2727 4546 2871 4604 beati
2899 4543 3156 4614 Stephani
3184 4538 3434 4612 martyris
3459 4537 3537 4594 tui

270 4689 352 4735 tua
401 4678 779 4746 redemptione
813 4676 920 4731 sint
961 4672 1138 4744 digni,
1178 4679 1264 4727 tua
1310 4681 1521 4738 semper
1542 4665 1712 4738 gratia
1743 4638 1851 4721 sint
1876 4639 1932 4702 Ῑ)
1957 4648 2396 4712 commemoratio
2422 4645 2656 4718 gloriosa
2687 4640 2972 4746 depromit.
3007 4638 3131 4703 Per,
3162 4644 3268 4693 etc.

269 4771 482 4842 repleti.
513 4769 618 4824 Per
632 4808 648 4836 ,
685 4776 790 4824 etc.

340 4958 365 4986 ι
395 4948 459 5002 In
488 4943 800 5015 praefatione
839 4939 1020 5015 Missae
1042 4954 1106 5004 v,
1135 4937 1411 5015 Iudaicam
1441 4932 1702 5015 destructis
1731 4943 1854 4981 con-

273 5020 427 5072 stanti
462 5002 581 5070 voca
607 5014 894 5084 perﬁdiam,
915 5002 1262 5080 lapidantibus
1290 5005 1480 5060 veniunt
1509 5002 1693 5056 Christi
1711 5015 1854 5053 verus

275 5099 498 5143 sectator
519 5085 827 5153 implorans.

345 5159 372 5197 ι’
400 5142 604 5214 Οοόθί
630 5155 745 5218 hic,
776 5168 1007 5223 regnum.
1044 5150 1098 5205 ln
1130 5147 1339 5223 praefat.
1371 5155 1547 5200 autem
1591 5142 1760 5223 Missae
1785 5155 1816 5194 v
1838 5180 1852 5205 ,

278 5213 643 5299 praemiumque
674 5213 854 5290 suum:
873 5225 1113 5288 nondum,
1131 5213 1197 5274 ‘et
1215 5219 1380 5299 paulo
1403 5224 1539 5297 post,
1555 5213 1854 5293 ostenditur.

352 5282 374 5339 έ
408 5300 535 5355 Ηωε
557 5282 726 5350 oratio
755 5282 1062 5351 constructa
1094 5282 1283 5361 partim
1315 5305 1384 5361 ex
1403 5282 1588 5356 'pritna
1618 5282 1858 5338 oratione

277 5371 452 5426 Missae
484 5386 520 5435 ι,
553 5370 746 5437 partim
777 5381 840 5419 ex
868 5360 1106 5437 oratione
1139 5364 1307 5437 prima
1337 5360 1607 5437 Missmhtt.

348 5441 376 5479 ά
411 5428 618 5496 Rursus
647 5440 731 5493 hic
753 5436 1033 5490 adducitur
1060 5428 1291 5486 secunda
1314 5429 1481 5486 oratio
1513 5428 1684 5481 Missa:
1717 5441 1773 5481 ιι.

352 5523 378 5551 ο
407 5511 663 5578 Sequitur
688 5507 929 5578 praefatio
960 5505 1221 5578 Missae".

355 5582 376 5622 ί
405 5571 542 5637 Vide
565 5571 725 5648 supra
756 5578 1062 5648 orationem
1081 5575 1305 5644 primam
1336 5571 1508 5648 Misste
1530 5584 1586 5648 tu

355 5664 380 5702 Β
410 5638 724 5708 Resumitur
753 5647 994 5720 praefatio
1021 5638 1192 5702 Missae
1215 5660 1300 5712 ιιι,
1336 5643 1422 5697 ubi
1464 5641 1620 5709 hujus
1647 5638 1860 5692 varian-

284 5732 368 5782 tes
395 5725 665 5779 dedimus.

357 5776 868 5860 {Vox—Vsacriﬁcium
896 5788 1076 5846 addita
1101 5797 1183 5846 est
1211 5803 1277 5845 ex
1297 5784 1457 5844 simili
1481 5781 1720 5839 oratione
1743 5776 1863 5834 Mis-

286 5881 410 5934 βωι
439 5866 488 5926 in
507 5863 685 5924 Natali
715 5862 773 5923 S.
804 5861 977 5935 Xysti.

2030 4747 2170 4803 Vere
2197 4744 2440 4813 dignum.
2469 4739 2578 4794 Hac
2599 4734 2890 4793 festivitate
2908 4731 3174 4797 lactantes,
3200 4741 3305 4800 qua
3325 4735 3354 4764 ιι
3385 4725 3538 4782 dica-

2036 4922 2054 4961 ί
2099 4922 2194 4976 Est
2237 4920 2293 4975 in
2331 4914 2774 4974 Sacramentariis
2817 4907 3162 4981 Gregorianis
3198 4905 3287 4963 die
3329 4903 3400 4962 26
3432 4902 3540 4960 De-

1958 4992 2215 5051 ccmbris.

2034 5066 2048 5114 t
2087 5063 2302 5132 Legitur
2322 5061 2376 5115 in
2402 5061 2640 5132 sacram.
2664 5052 2999 5132 _Gelasi_i_lib.
3023 5067 3061 5117 ι,
3095 5066 3150 5104 n.
3176 5048 3226 5103 6.

2033 5113 2502 5202 iulia—[iratius
2530 5139 2625 5202 est
2663 5113 2715 5202 in
2762 5113 3185 5202 coddz‘GﬂéBOF-
3229 5113 3542 5202 Ρέξηέξίξέι

1964 5182 2226 5268 Μεηᾷἷδῖ,
2262 5182 2494 5258 iléE'Haii
2527 5182 2747 5255 inicalcc
2772 5211 2874 5252 ms.
2905 5182 3246 5250 Ottoboniani
3270 5183 3408 5256 apud
3427 5182 3541 5238 Mu-

1960 5278 2216 5334 ratorinm
2249 5290 2366 5343 pag.
2395 5271 2522 5334 992,
2553 5281 2682 5325 tom.
2717 5269 2778 5322 ll.

2039 5325 2390 5401 lii-Exhibetiir
2422 5325 2471 5396 in
2501 5325 2740 5397 Sacram.
2775 5337 2953 5393 Gclas.
2987 5332 3081 5388 lib.
3118 5346 3170 5396 ι,
3202 5344 3257 5383 n.
3295 5326 3359 5395 6,
3399 5335 3453 5382 et
3487 5325 3541 5382 iu

1963 5420 2120 5477 codd.
2148 5418 2368 5486 Gregor.
2399 5413 2619 5486 Pamelii
2648 5427 2708 5465 ac
2736 5406 2992 5486 Menardi.

2035 5468 2310 5544 E‘Eét’ii’i’
2342 5487 2528 5539 iisdem
2576 5475 3020 5538 Sacramentariis
3073 5471 3251 5528 Gelas.
3297 5485 3352 5525 n.
3403 5468 3457 5539 6,
3489 5474 3544 5529 et

1967 5563 2191 5629 Gregor.
2223 5557 2360 5626 apud
2386 5554 2706 5629 Parneliutn.

2039 5610 2321 5686 εἶῚῖιῶέᾶτί
2347 5626 2556 5680 videtur
2590 5622 2868 5691 perantiqu
2878 5633 2918 5691 a_
2939 5613 3154 5691 basilica
3192 5613 3248 5668 S.
3266 5684 3278 5691 _
3292 5610 3545 5691 Stephani

1971 5705 2024 5756 in
2053 5684 2233 5756 mionte
2261 5698 2450 5758 (Suelio,
2478 5684 2636 5763 quain
2682 5684 3030 5763 aLSimplicio
3074 5699 3208 5763 papa
3247 5684 3545 5763 dedicatam

1971 5753 2296 5828 restituam.
2318 5753 2463 5821 liber
2494 5753 2674 5820 iradit.
2710 5753 2892 5822 Codex
2930 5757 3218 5828 mendose,
3248 5771 3350 5829 quo
3377 5753 3550 5811 dicata

1973 5843 2167 5900 nomini
2193 5852 2279 5897 tuo
2311 5836 2538 5892 basilica.
