  <div class='ocr_page' id='page_1' title='image "/cluster/home/n/w/nwhite01/storage/ocr_20150623/55/hvd.32044015471592/051.png"; bbox 0 0 4018 6314; ppageno 0'>
   <div class='ocr_carea' id='block_1_1' title="bbox 466 249 3754 327">
    <p class='ocr_par' dir='ltr' id='par_1_1' title="bbox 466 249 3754 327">
     <span class='ocr_line' id='line_1_1' title="bbox 466 249 3754 327; baseline 0.003 -24"><span class='ocrx_word' id='word_1_1' title='bbox 466 256 536 318; x_wconf 77' lang='grc' dir='ltr'><strong>ω</strong></span> <span class='ocrx_word' id='word_1_2' title='bbox 1457 250 1688 308; x_wconf 82' lang='lat' dir='ltr'><strong>OPERA</strong></span> <span class='ocrx_word' id='word_1_3' title='bbox 1725 251 1782 308; x_wconf 91' lang='lat' dir='ltr'><strong>S.</strong></span> <span class='ocrx_word' id='word_1_4' title='bbox 1824 249 2023 308; x_wconf 84' lang='lat' dir='ltr'><strong>LEONI</strong></span> <span class='ocrx_word' id='word_1_5' title='bbox 2062 251 2302 311; x_wconf 82' lang='lat' dir='ltr'><strong>MAGNO</strong></span> <span class='ocrx_word' id='word_1_6' title='bbox 2340 250 2752 311; x_wconf 81' lang='lat' dir='ltr'><strong>ATTRIBUTA.</strong></span> <span class='ocrx_word' id='word_1_7' title='bbox 3679 255 3754 327; x_wconf 66' lang='grc'><strong>91</strong></span> 
     </span>
    </p>
   </div>
   <div class='ocr_carea' id='block_1_2' title="bbox 465 371 3304 445">
    <p class='ocr_par' dir='ltr' id='par_1_2' title="bbox 465 371 3304 445">
     <span class='ocr_line' id='line_1_2' title="bbox 465 371 3304 445; baseline -0.001 -11"><span class='ocrx_word' id='word_1_8' title='bbox 465 382 579 435; x_wconf 70' lang='grc' dir='ltr'><strong>ωτι</strong></span> <span class='ocrx_word' id='word_1_9' title='bbox 613 375 815 432; x_wconf 83' lang='lat' dir='ltr'><strong>nomini</strong></span> <span class='ocrx_word' id='word_1_10' title='bbox 857 384 948 432; x_wconf 90' lang='lat' dir='ltr'><strong>tuo</strong></span> <span class='ocrx_word' id='word_1_11' title='bbox 986 372 1263 432; x_wconf 84' lang='lat' dir='ltr'><strong>basilicam</strong></span> <span class='ocrx_word' id='word_1_12' title='bbox 1294 371 1483 430; x_wconf 90' lang='lat' dir='ltr'><strong>beatus</strong></span> <span class='ocrx_word' id='word_1_13' title='bbox 1510 372 1816 443; x_wconf 76' lang='lat' dir='ltr'><strong>Stephanus</strong></span> <span class='ocrx_word' id='word_1_14' title='bbox 1850 380 2058 445; x_wconf 79' lang='lat' dir='ltr'><strong>martyr</strong></span> <span class='ocrx_word' id='word_1_15' title='bbox 2086 372 2142 435; x_wconf 82' lang='grc' dir='ltr'><strong>Δ</strong></span> <span class='ocrx_word' id='word_1_16' title='bbox 2167 371 2469 443; x_wconf 77' lang='lat' dir='ltr'><strong>redemptio</strong></span> <span class='ocrx_word' id='word_1_17' title='bbox 2495 380 2715 442; x_wconf 67' lang='lat' dir='ltr'><strong>praestat</strong></span> <span class='ocrx_word' id='word_1_18' title='bbox 2741 371 3022 430; x_wconf 89' lang='lat' dir='ltr'><strong>innocuos.</strong></span> <span class='ocrx_word' id='word_1_19' title='bbox 3048 373 3175 442; x_wconf 89' lang='lat' dir='ltr'><strong>Per,</strong></span> <span class='ocrx_word' id='word_1_20' title='bbox 3197 381 3304 431; x_wconf 90' lang='lat' dir='ltr'><strong>etc.</strong></span> 
     </span>
    </p>
   </div>
   <div class='ocr_carea' id='block_1_3' title="bbox 464 464 2052 541">
    <p class='ocr_par' dir='ltr' id='par_1_3' title="bbox 464 464 2052 541">
     <span class='ocr_line' id='line_1_3' title="bbox 464 464 2052 541; baseline -0.004 -13"><span class='ocrx_word' id='word_1_21' title='bbox 464 484 567 529; x_wconf 78' lang='lat' dir='ltr'><strong>suo</strong></span> <span class='ocrx_word' id='word_1_22' title='bbox 612 468 818 527; x_wconf 78' lang='lat' dir='ltr'><strong>honore</strong></span> <span class='ocrx_word' id='word_1_23' title='bbox 854 468 1116 541; x_wconf 87' lang='lat' dir='ltr'><strong>signavit,</strong></span> <span class='ocrx_word' id='word_1_24' title='bbox 1164 466 1327 523; x_wconf 86' lang='lat' dir='ltr'><strong>levita</strong></span> <span class='ocrx_word' id='word_1_25' title='bbox 1370 464 1744 533; x_wconf 85' lang='lat' dir='ltr'><strong>venerandus,</strong></span> <span class='ocrx_word' id='word_1_26' title='bbox 1783 464 2052 521; x_wconf 69' lang='lat' dir='ltr'><strong>castitatis</strong></span> 
     </span>
    </p>
   </div>
   <div class='ocr_carea' id='block_1_4' title="bbox 466 555 2048 634">
    <p class='ocr_par' dir='ltr' id='par_1_4' title="bbox 466 555 2048 634">
     <span class='ocr_line' id='line_1_4' title="bbox 466 555 2048 634; baseline -0.005 -13"><span class='ocrx_word' id='word_1_27' title='bbox 466 562 771 634; x_wconf 77' lang='lat' dir='ltr'><strong>exentplum</strong></span> <span class='ocrx_word' id='word_1_28' title='bbox 794 606 809 631; x_wconf 95' lang='lat'><strong>,</strong></span> <span class='ocrx_word' id='word_1_29' title='bbox 841 560 1017 621; x_wconf 82' lang='lat' dir='ltr'><strong>ﬁdelis</strong></span> <span class='ocrx_word' id='word_1_30' title='bbox 1044 559 1354 632; x_wconf 62' lang='lat' dir='ltr'><strong>apostolicae</strong></span> <span class='ocrx_word' id='word_1_31' title='bbox 1381 558 1721 629; x_wconf 74' lang='lat' dir='ltr'><strong>dispensator</strong></span> <span class='ocrx_word' id='word_1_32' title='bbox 1748 555 2048 626; x_wconf 70' lang='lat' dir='ltr'><strong>alimoniae.</strong></span> 
     </span>
    </p>
   </div>
   <div class='ocr_carea' id='block_1_5' title="bbox 468 652 2052 722">
    <p class='ocr_par' dir='ltr' id='par_1_5' title="bbox 468 652 2052 722">
     <span class='ocr_line' id='line_1_5' title="bbox 468 652 2052 722; baseline -0.002 -12"><span class='ocrx_word' id='word_1_33' title='bbox 468 656 593 713; x_wconf 82' lang='lat' dir='ltr'><strong>nevi</strong></span> <span class='ocrx_word' id='word_1_34' title='bbox 613 655 944 721; x_wconf 76' lang='lat' dir='ltr'><strong>Testamenti</strong></span> <span class='ocrx_word' id='word_1_35' title='bbox 966 654 1108 713; x_wconf 87' lang='lat' dir='ltr'><strong>inter</strong></span> <span class='ocrx_word' id='word_1_36' title='bbox 1124 652 1551 719; x_wconf 76' lang='lat' dir='ltr'><strong>contradicentes</strong></span> <span class='ocrx_word' id='word_1_37' title='bbox 1572 660 1851 722; x_wconf 89' lang='lat' dir='ltr'><strong>promptus</strong></span> <span class='ocrx_word' id='word_1_38' title='bbox 1872 665 2052 708; x_wconf 87' lang='lat' dir='ltr'><strong>asser-</strong></span> 
     </span>
    </p>
   </div>
   <div class='ocr_carea' id='block_1_6' title="bbox 464 744 1955 819">
    <p class='ocr_par' dir='ltr' id='par_1_6' title="bbox 464 744 1955 819">
     <span class='ocr_line' id='line_1_6' title="bbox 464 744 1955 819; baseline -0.003 -16"><span class='ocrx_word' id='word_1_39' title='bbox 464 756 570 814; x_wconf 89' lang='lat' dir='ltr'><strong>tor,</strong></span> <span class='ocrx_word' id='word_1_40' title='bbox 598 748 801 819; x_wconf 87' lang='lat' dir='ltr'><strong>primus</strong></span> <span class='ocrx_word' id='word_1_41' title='bbox 829 749 1067 806; x_wconf 73' lang='lat' dir='ltr'><strong>cmlestis</strong></span> <span class='ocrx_word' id='word_1_42' title='bbox 1096 746 1336 819; x_wconf 77' lang='lat' dir='ltr'><strong>martyrii</strong></span> <span class='ocrx_word' id='word_1_43' title='bbox 1367 745 1663 802; x_wconf 89' lang='lat' dir='ltr'><strong>dedicator.</strong></span> <span class='ocrx_word' id='word_1_44' title='bbox 1695 744 1818 812; x_wconf 88' lang='lat' dir='ltr'><strong>Per,</strong></span> <span class='ocrx_word' id='word_1_45' title='bbox 1848 753 1955 802; x_wconf 88' lang='lat' dir='ltr'><strong>etc.</strong></span> 
     </span>
    </p>
   </div>
   <div class='ocr_carea' id='block_1_7' title="bbox 534 836 2053 910">
    <p class='ocr_par' dir='ltr' id='par_1_7' title="bbox 534 836 2053 910">
     <span class='ocr_line' id='line_1_7' title="bbox 534 836 2053 910; baseline -0.003 -13"><span class='ocrx_word' id='word_1_46' title='bbox 534 840 603 897; x_wconf 84' lang='lat' dir='ltr'><strong>Et</strong></span> <span class='ocrx_word' id='word_1_47' title='bbox 632 842 983 898; x_wconf 84' lang='lat' dir='ltr'><strong>sacramentis</strong></span> <span class='ocrx_word' id='word_1_48' title='bbox 1011 841 1133 908; x_wconf 86' lang='lat' dir='ltr'><strong>tuis,</strong></span> <span class='ocrx_word' id='word_1_49' title='bbox 1163 838 1405 906; x_wconf 89' lang='lat' dir='ltr'><strong>Domine,</strong></span> <span class='ocrx_word' id='word_1_50' title='bbox 1434 848 1487 893; x_wconf 92' lang='lat' dir='ltr'><strong>et</strong></span> <span class='ocrx_word' id='word_1_51' title='bbox 1515 836 1720 909; x_wconf 78' lang='lat' dir='ltr'><strong>gaudiis</strong></span> <span class='ocrx_word' id='word_1_52' title='bbox 1742 845 1938 910; x_wconf 69' lang='lat' dir='ltr'><strong>optata:</strong></span> <span class='ocrx_word' id='word_1_53' title='bbox 1958 850 2053 892; x_wconf 91' lang='lat' dir='ltr'><strong>ce-</strong></span> 
     </span>
    </p>
   </div>
   <div class='ocr_carea' id='block_1_8' title="bbox 459 922 2053 1004">
    <p class='ocr_par' dir='ltr' id='par_1_8' title="bbox 459 922 2053 1004">
     <span class='ocr_line' id='line_1_8' title="bbox 459 922 2053 1004; baseline -0.004 -16"><span class='ocrx_word' id='word_1_54' title='bbox 459 922 724 989; x_wconf 75' lang='lat' dir='ltr'><strong>lebritatis</strong></span> <span class='ocrx_word' id='word_1_55' title='bbox 752 932 970 1004; x_wconf 80' lang='lat' dir='ltr'><strong>expleti,</strong></span> <span class='ocrx_word' id='word_1_56' title='bbox 1002 944 1339 1001; x_wconf 76' lang='lat' dir='ltr'><strong>quaesumus,</strong></span> <span class='ocrx_word' id='word_1_57' title='bbox 1370 944 1557 986; x_wconf 91' lang='lat' dir='ltr'><strong>eorum</strong></span> <span class='ocrx_word' id='word_1_58' title='bbox 1587 927 1702 1002; x_wconf 65' lang='grc'><strong>84.</strong></span> <span class='ocrx_word' id='word_1_59' title='bbox 1742 928 1896 985; x_wconf 90' lang='lat' dir='ltr'><strong>nobis</strong></span> <span class='ocrx_word' id='word_1_60' title='bbox 1928 942 2053 999; x_wconf 90' lang='lat' dir='ltr'><strong>pre-</strong></span> 
     </span>
    </p>
   </div>
   <div class='ocr_carea' id='block_1_9' title="bbox 457 1016 2051 1097">
    <p class='ocr_par' dir='ltr' id='par_1_9' title="bbox 457 1016 2051 1097">
     <span class='ocr_line' id='line_1_9' title="bbox 457 1016 2051 1097; baseline -0.001 -16"><span class='ocrx_word' id='word_1_61' title='bbox 457 1022 609 1083; x_wconf 75' lang='lat' dir='ltr'><strong>cibus</strong></span> <span class='ocrx_word' id='word_1_62' title='bbox 635 1016 766 1082; x_wconf 89' lang='lat' dir='ltr'><strong>dent</strong></span> <span class='ocrx_word' id='word_1_63' title='bbox 803 1022 1096 1093; x_wconf 87' lang='lat' dir='ltr'><strong>medelam,</strong></span> <span class='ocrx_word' id='word_1_64' title='bbox 1124 1024 1356 1097; x_wconf 88' lang='lat' dir='ltr'><strong>quorum</strong></span> <span class='ocrx_word' id='word_1_65' title='bbox 1393 1021 1862 1080; x_wconf 82' lang='lat' dir='ltr'><strong>recordationibus</strong></span> <span class='ocrx_word' id='word_1_66' title='bbox 1895 1022 2051 1080; x_wconf 81' lang='lat' dir='ltr'><strong>exhi-</strong></span> 
     </span>
    </p>
   </div>
   <div class='ocr_carea' id='block_1_10' title="bbox 458 1115 955 1188">
    <p class='ocr_par' dir='ltr' id='par_1_10' title="bbox 458 1115 955 1188">
     <span class='ocr_line' id='line_1_10' title="bbox 458 1115 955 1188; baseline -0.008 -14"><span class='ocrx_word' id='word_1_67' title='bbox 458 1115 672 1174; x_wconf 87' lang='lat' dir='ltr'><strong>bentur.</strong></span> <span class='ocrx_word' id='word_1_68' title='bbox 697 1116 822 1188; x_wconf 78' lang='lat' dir='ltr'><strong>Per,</strong></span> <span class='ocrx_word' id='word_1_69' title='bbox 850 1128 955 1173; x_wconf 89' lang='lat' dir='ltr'><strong>etc.</strong></span> 
     </span>
    </p>
   </div>
   <div class='ocr_carea' id='block_1_11' title="bbox 531 1206 2050 1281">
    <p class='ocr_par' dir='ltr' id='par_1_11' title="bbox 531 1206 2050 1281">
     <span class='ocr_line' id='line_1_11' title="bbox 531 1206 2050 1281; baseline -0.001 -17"><span class='ocrx_word' id='word_1_70' title='bbox 531 1217 559 1247; x_wconf 80' lang='grc' dir='ltr'>ι</span> <span class='ocrx_word' id='word_1_71' title='bbox 584 1208 854 1280; x_wconf 82' lang='lat' dir='ltr'><strong>Protegat,</strong></span> <span class='ocrx_word' id='word_1_72' title='bbox 887 1206 1141 1274; x_wconf 86' lang='lat' dir='ltr'><strong>Domine,</strong></span> <span class='ocrx_word' id='word_1_73' title='bbox 1167 1221 1499 1281; x_wconf 65' lang='lat' dir='ltr'><strong>quaesumus,</strong></span> <span class='ocrx_word' id='word_1_74' title='bbox 1531 1207 1782 1280; x_wconf 90' lang='lat' dir='ltr'><strong>populum</strong></span> <span class='ocrx_word' id='word_1_75' title='bbox 1815 1216 1965 1263; x_wconf 90' lang='lat' dir='ltr'><strong>tuum</strong></span> <span class='ocrx_word' id='word_1_76' title='bbox 1993 1213 2050 1263; x_wconf 88' lang='lat' dir='ltr'><strong>et</strong></span> 
     </span>
    </p>
   </div>
   <div class='ocr_carea' id='block_1_12' title="bbox 457 1295 2048 1374">
    <p class='ocr_par' dir='ltr' id='par_1_12' title="bbox 457 1295 2048 1374">
     <span class='ocr_line' id='line_1_12' title="bbox 457 1295 2048 1374; baseline 0.002 -20"><span class='ocrx_word' id='word_1_77' title='bbox 457 1295 792 1370; x_wconf 89' lang='lat' dir='ltr'><strong>participalio</strong></span> <span class='ocrx_word' id='word_1_78' title='bbox 826 1297 1068 1357; x_wconf 67' lang='lat' dir='ltr'><strong>cmlestis</strong></span> <span class='ocrx_word' id='word_1_79' title='bbox 1103 1296 1314 1357; x_wconf 85' lang='lat' dir='ltr'><strong>indulta</strong></span> <span class='ocrx_word' id='word_1_80' title='bbox 1349 1299 1614 1369; x_wconf 76' lang='lat' dir='ltr'><strong>convivii,</strong></span> <span class='ocrx_word' id='word_1_81' title='bbox 1648 1309 1704 1359; x_wconf 90' lang='lat' dir='ltr'><strong>et</strong></span> <span class='ocrx_word' id='word_1_82' title='bbox 1738 1298 2048 1374; x_wconf 83' lang='lat' dir='ltr'><strong>deprecatio</strong></span> 
     </span>
    </p>
   </div>
   <div class='ocr_carea' id='block_1_13' title="bbox 451 1376 1253 1467">
    <p class='ocr_par' dir='ltr' id='par_1_13' title="bbox 451 1376 1253 1467">
     <span class='ocr_line' id='line_1_13' title="bbox 451 1376 1253 1467; baseline -0.002 -19"><span class='ocrx_word' id='word_1_83' title='bbox 451 1376 643 1448; x_wconf 75' lang='lat' dir='ltr'><strong>collata</strong></span> <span class='ocrx_word' id='word_1_84' title='bbox 663 1391 954 1467; x_wconf 67' lang='lat' dir='ltr'><strong>iustorum.</strong></span> <span class='ocrx_word' id='word_1_85' title='bbox 985 1380 1115 1463; x_wconf 84' lang='lat' dir='ltr'><strong>Per,</strong></span> <span class='ocrx_word' id='word_1_86' title='bbox 1146 1400 1253 1448; x_wconf 89' lang='lat' dir='ltr'><strong>etc.</strong></span> 
     </span>
    </p>
   </div>
   <div class='ocr_carea' id='block_1_14' title="bbox 1191 1507 1312 1567">
    <p class='ocr_par' dir='ltr' id='par_1_14' title="bbox 1191 1507 1312 1567">
     <span class='ocr_line' id='line_1_14' title="bbox 1191 1507 1312 1567; baseline 0 -2"><span class='ocrx_word' id='word_1_87' title='bbox 1191 1507 1312 1567; x_wconf 79' lang='lat' dir='ltr'><strong>XX.</strong></span> 
     </span>
    </p>
   </div>
   <div class='ocr_carea' id='block_1_15' title="bbox 957 1623 1532 1683">
    <p class='ocr_par' dir='ltr' id='par_1_15' title="bbox 957 1623 1532 1683">
     <span class='ocr_line' id='line_1_15' title="bbox 957 1623 1532 1683; baseline 0.002 -2"><span class='ocrx_word' id='word_1_88' title='bbox 957 1623 988 1665; x_wconf 69' lang='grc' dir='ltr'><strong>ιι</strong></span> <span class='ocrx_word' id='word_1_89' title='bbox 1013 1639 1107 1681; x_wconf 83' lang='lat' dir='ltr'><strong>vttr</strong></span> <span class='ocrx_word' id='word_1_90' title='bbox 1135 1638 1252 1682; x_wconf 84' lang='lat' dir='ltr'><strong>iDUS</strong></span> <span class='ocrx_word' id='word_1_91' title='bbox 1280 1639 1532 1683; x_wconf 74' lang='lat' dir='ltr'><strong>aucnsrr.</strong></span> 
     </span>
    </p>
   </div>
   <div class='ocr_carea' id='block_1_16' title="bbox 452 1736 2044 1815">
    <p class='ocr_par' dir='ltr' id='par_1_16' title="bbox 452 1736 2044 1815">
     <span class='ocr_line' id='line_1_16' title="bbox 452 1736 2044 1815; baseline 0.002 -19"><span class='ocrx_word' id='word_1_92' title='bbox 452 1736 647 1796; x_wconf 84' lang='lat' dir='ltr'><strong>Natale</strong></span> <span class='ocrx_word' id='word_1_93' title='bbox 662 1742 829 1815; x_wconf 74' lang='lat' dir='ltr'><strong>sancti</strong></span> <span class='ocrx_word' id='word_1_94' title='bbox 848 1738 1000 1815; x_wconf 64' lang='grc' dir='ltr'><strong>Χειδή</strong></span> <span class='ocrx_word' id='word_1_95' title='bbox 1022 1741 1076 1795; x_wconf 80' lang='lat' dir='ltr'><strong>in</strong></span> <span class='ocrx_word' id='word_1_96' title='bbox 1098 1741 1381 1815; x_wconf 71' lang='lat' dir='ltr'><strong>cmmetert&#39;o</strong></span> <span class='ocrx_word' id='word_1_97' title='bbox 1403 1736 1637 1815; x_wconf 76' lang='lat' dir='ltr'><strong>Callisti;</strong></span> <span class='ocrx_word' id='word_1_98' title='bbox 1657 1749 1705 1797; x_wconf 84' lang='lat' dir='ltr'><strong>et</strong></span> <span class='ocrx_word' id='word_1_99' title='bbox 1731 1740 2044 1800; x_wconf 70' lang='lat' dir='ltr'><strong>Felicissimi</strong></span> 
     </span>
    </p>
   </div>
   <div class='ocr_carea' id='block_1_17' title="bbox 557 1812 1931 1887">
    <p class='ocr_par' dir='ltr' id='par_1_17' title="bbox 557 1812 1931 1887">
     <span class='ocr_line' id='line_1_17' title="bbox 557 1812 1931 1887; baseline 0 -18"><span class='ocrx_word' id='word_1_100' title='bbox 557 1821 605 1869; x_wconf 81' lang='lat' dir='ltr'><strong>et</strong></span> <span class='ocrx_word' id='word_1_101' title='bbox 635 1814 843 1885; x_wconf 62' lang='lat' dir='ltr'><strong>Agapiti</strong></span> <span class='ocrx_word' id='word_1_102' title='bbox 866 1812 921 1868; x_wconf 75' lang='lat' dir='ltr'><strong>iri</strong></span> <span class='ocrx_word' id='word_1_103' title='bbox 944 1814 1227 1869; x_wconf 73' lang='lat' dir='ltr'><strong>cmmetert&#39;o</strong></span> <span class='ocrx_word' id='word_1_104' title='bbox 1258 1812 1565 1868; x_wconf 69' lang='lat' dir='ltr'><strong>Prwtemtati</strong></span> <span class='ocrx_word' id='word_1_105' title='bbox 1584 1857 1598 1880; x_wconf 94' lang='lat'><strong>,</strong></span> <span class='ocrx_word' id='word_1_106' title='bbox 1631 1815 1721 1869; x_wconf 75' lang='lat' dir='ltr'><strong>eia</strong></span> <span class='ocrx_word' id='word_1_107' title='bbox 1741 1815 1931 1887; x_wconf 82' lang='lat' dir='ltr'><strong>Appia.</strong></span> 
     </span>
    </p>
   </div>
   <div class='ocr_carea' id='block_1_18' title="bbox 520 1946 2043 2024">
    <p class='ocr_par' dir='ltr' id='par_1_18' title="bbox 520 1946 2043 2024">
     <span class='ocr_line' id='line_1_18' title="bbox 520 1946 2043 2024; baseline 0.004 -20"><span class='ocrx_word' id='word_1_108' title='bbox 520 1946 788 2008; x_wconf 90' lang='lat' dir='ltr'><strong>l.—Deus</strong></span> <span class='ocrx_word' id='word_1_109' title='bbox 807 1951 1048 2007; x_wconf 90' lang='lat' dir='ltr'><strong>omnium</strong></span> <span class='ocrx_word' id='word_1_110' title='bbox 1080 1950 1334 2007; x_wconf 84' lang='lat' dir='ltr'><strong>fortitudo</strong></span> <span class='ocrx_word' id='word_1_111' title='bbox 1364 1960 1700 2018; x_wconf 84' lang='lat' dir='ltr'><strong>sanctorum.</strong></span> <span class='ocrx_word' id='word_1_112' title='bbox 1732 1953 1823 2024; x_wconf 89' lang='lat' dir='ltr'><strong>qui</strong></span> <span class='ocrx_word' id='word_1_113' title='bbox 1846 1952 1950 2009; x_wconf 87' lang='lat' dir='ltr'><strong>illis</strong></span> <span class='ocrx_word' id='word_1_114' title='bbox 1972 1953 2043 2010; x_wconf 85' lang='lat' dir='ltr'><strong>ad</strong></span> 
     </span>
    </p>
   </div>
   <div class='ocr_carea' id='block_1_19' title="bbox 449 2028 2044 2115">
    <p class='ocr_par' dir='ltr' id='par_1_19' title="bbox 449 2028 2044 2115">
     <span class='ocr_line' id='line_1_19' title="bbox 449 2028 2044 2115; baseline 0.004 -20"><span class='ocrx_word' id='word_1_115' title='bbox 449 2038 587 2097; x_wconf 84' lang='lat' dir='ltr'><strong>hanc</strong></span> <span class='ocrx_word' id='word_1_116' title='bbox 622 2038 855 2114; x_wconf 24' lang='lat' dir='ltr'><strong>gloriam,</strong></span> <span class='ocrx_word' id='word_1_117' title='bbox 880 2040 1133 2099; x_wconf 81' lang='lat' dir='ltr'><strong>veniendi</strong></span> <span class='ocrx_word' id='word_1_118' title='bbox 1170 2028 1450 2115; x_wconf 84' lang='lat' dir='ltr'><strong>cepiosum</strong></span> <span class='ocrx_word' id='word_1_119' title='bbox 1482 2059 1675 2101; x_wconf 90' lang='lat' dir='ltr'><strong>munus</strong></span> <span class='ocrx_word' id='word_1_120' title='bbox 1703 2045 1888 2115; x_wconf 68' lang='lat' dir='ltr'><strong>gratia:</strong></span> <span class='ocrx_word' id='word_1_121' title='bbox 1913 2060 2044 2101; x_wconf 91' lang='lat' dir='ltr'><strong>con-</strong></span> 
     </span>
    </p>
   </div>
   <div class='ocr_carea' id='block_1_20' title="bbox 445 2131 2043 2213">
    <p class='ocr_par' dir='ltr' id='par_1_20' title="bbox 445 2131 2043 2213">
     <span class='ocr_line' id='line_1_20' title="bbox 445 2131 2043 2213; baseline 0.003 -24"><span class='ocrx_word' id='word_1_122' title='bbox 445 2131 648 2213; x_wconf 77' lang='lat' dir='ltr'><strong>tuliSti,</strong></span> <span class='ocrx_word' id='word_1_123' title='bbox 690 2134 922 2206; x_wconf 90' lang='lat' dir='ltr'><strong>nostris,</strong></span> <span class='ocrx_word' id='word_1_124' title='bbox 951 2149 1295 2213; x_wconf 62' lang='lat' dir='ltr'><strong>quaesumus,</strong></span> <span class='ocrx_word' id='word_1_125' title='bbox 1331 2136 1545 2192; x_wconf 79' lang='lat' dir='ltr'><strong>veniam</strong></span> <span class='ocrx_word' id='word_1_126' title='bbox 1577 2136 1814 2192; x_wconf 87' lang='lat' dir='ltr'><strong>concede</strong></span> <span class='ocrx_word' id='word_1_127' title='bbox 1852 2150 2043 2207; x_wconf 81' lang='lat' dir='ltr'><strong>pecca-</strong></span> 
     </span>
    </p>
   </div>
   <div class='ocr_carea' id='block_1_21' title="bbox 445 2212 2038 2301">
    <p class='ocr_par' dir='ltr' id='par_1_21' title="bbox 445 2212 2038 2301">
     <span class='ocr_line' id='line_1_21' title="bbox 445 2212 2038 2301; baseline 0.004 -22"><span class='ocrx_word' id='word_1_128' title='bbox 445 2212 546 2301; x_wconf 84' lang='lat' dir='ltr'><strong>tis,</strong></span> <span class='ocrx_word' id='word_1_129' title='bbox 586 2232 647 2285; x_wconf 88' lang='lat' dir='ltr'><strong>ut</strong></span> <span class='ocrx_word' id='word_1_130' title='bbox 687 2236 875 2283; x_wconf 87' lang='lat' dir='ltr'><strong>eorum</strong></span> <span class='ocrx_word' id='word_1_131' title='bbox 924 2212 1191 2293; x_wconf 81' lang='lat' dir='ltr'><strong>solemnia</strong></span> <span class='ocrx_word' id='word_1_132' title='bbox 1227 2227 1390 2299; x_wconf 80' lang='lat' dir='ltr'><strong>digne</strong></span> <span class='ocrx_word' id='word_1_133' title='bbox 1432 2227 1709 2286; x_wconf 88' lang='lat' dir='ltr'><strong>celebrare</strong></span> <span class='ocrx_word' id='word_1_134' title='bbox 1748 2228 2038 2298; x_wconf 88' lang='lat' dir='ltr'><strong>possimus.</strong></span> 
     </span>
    </p>
   </div>
   <div class='ocr_carea' id='block_1_22' title="bbox 444 2314 704 2383">
    <p class='ocr_par' dir='ltr' id='par_1_22' title="bbox 444 2314 704 2383">
     <span class='ocr_line' id='line_1_22' title="bbox 444 2314 704 2383; baseline 0.008 -11"><span class='ocrx_word' id='word_1_135' title='bbox 444 2314 570 2383; x_wconf 86' lang='lat' dir='ltr'><strong>Per,</strong></span> <span class='ocrx_word' id='word_1_136' title='bbox 598 2322 704 2374; x_wconf 87' lang='lat' dir='ltr'><strong>etc.</strong></span> 
     </span>
    </p>
   </div>
   <div class='ocr_carea' id='block_1_23' title="bbox 514 2408 2039 2487">
    <p class='ocr_par' dir='ltr' id='par_1_23' title="bbox 514 2408 2039 2487">
     <span class='ocr_line' id='line_1_23' title="bbox 514 2408 2039 2487; baseline 0.005 -22"><span class='ocrx_word' id='word_1_137' title='bbox 514 2408 923 2468; x_wconf 88' lang='lat' dir='ltr'><strong>Oll‘erendorum</strong></span> <span class='ocrx_word' id='word_1_138' title='bbox 952 2413 1045 2470; x_wconf 91' lang='lat' dir='ltr'><strong>tibi</strong></span> <span class='ocrx_word' id='word_1_139' title='bbox 1076 2420 1360 2471; x_wconf 87' lang='lat' dir='ltr'><strong>munerum</strong></span> <span class='ocrx_word' id='word_1_140' title='bbox 1385 2422 1574 2471; x_wconf 86' lang='lat' dir='ltr'><strong>auctor</strong></span> <span class='ocrx_word' id='word_1_141' title='bbox 1597 2423 1653 2471; x_wconf 91' lang='lat' dir='ltr'><strong>et</strong></span> <span class='ocrx_word' id='word_1_142' title='bbox 1680 2414 1858 2483; x_wconf 90' lang='lat' dir='ltr'><strong>dator,</strong></span> <span class='ocrx_word' id='word_1_143' title='bbox 1895 2430 2039 2487; x_wconf 74' lang='lat' dir='ltr'><strong>prae-</strong></span> 
     </span>
    </p>
   </div>
   <div class='ocr_carea' id='block_1_24' title="bbox 442 2496 2039 2581">
    <p class='ocr_par' dir='ltr' id='par_1_24' title="bbox 442 2496 2039 2581">
     <span class='ocr_line' id='line_1_24' title="bbox 442 2496 2039 2581; baseline 0.006 -24"><span class='ocrx_word' id='word_1_144' title='bbox 442 2507 530 2558; x_wconf 85' lang='lat' dir='ltr'><strong>sta</strong></span> <span class='ocrx_word' id='word_1_145' title='bbox 561 2508 617 2558; x_wconf 90' lang='lat' dir='ltr'><strong>ut</strong></span> <span class='ocrx_word' id='word_1_146' title='bbox 650 2502 754 2562; x_wconf 79' lang='lat' dir='ltr'><strong>hoc</strong></span> <span class='ocrx_word' id='word_1_147' title='bbox 778 2496 1102 2564; x_wconf 81' lang='lat' dir='ltr'><strong>sacrificium</strong></span> <span class='ocrx_word' id='word_1_148' title='bbox 1133 2509 1432 2579; x_wconf 84' lang='lat' dir='ltr'><strong>singulare,</strong></span> <span class='ocrx_word' id='word_1_149' title='bbox 1455 2508 1597 2581; x_wconf 89' lang='lat' dir='ltr'><strong>quod</strong></span> <span class='ocrx_word' id='word_1_150' title='bbox 1622 2509 1821 2566; x_wconf 88' lang='lat' dir='ltr'><strong>sanctis</strong></span> <span class='ocrx_word' id='word_1_151' title='bbox 1852 2510 1955 2565; x_wconf 89' lang='lat' dir='ltr'><strong>tuis</strong></span> <span class='ocrx_word' id='word_1_152' title='bbox 1983 2509 2039 2567; x_wconf 91' lang='lat' dir='ltr'><strong>in</strong></span> 
     </span>
    </p>
   </div>
   <div class='ocr_carea' id='block_1_25' title="bbox 444 2598 2040 2670">
    <p class='ocr_par' dir='ltr' id='par_1_25' title="bbox 444 2598 2040 2670">
     <span class='ocr_line' id='line_1_25' title="bbox 444 2598 2040 2670; baseline 0.004 -17"><span class='ocrx_word' id='word_1_153' title='bbox 444 2598 698 2668; x_wconf 81' lang='lat' dir='ltr'><strong>passione</strong></span> <span class='ocrx_word' id='word_1_154' title='bbox 726 2600 954 2656; x_wconf 89' lang='lat' dir='ltr'><strong>contullt</strong></span> <span class='ocrx_word' id='word_1_155' title='bbox 980 2601 1281 2659; x_wconf 81' lang='lat' dir='ltr'><strong>claritatem</strong></span> <span class='ocrx_word' id='word_1_156' title='bbox 1303 2644 1319 2670; x_wconf 90' lang='lat'><strong>,</strong></span> <span class='ocrx_word' id='word_1_157' title='bbox 1351 2602 1508 2660; x_wconf 90' lang='lat' dir='ltr'><strong>nobis</strong></span> <span class='ocrx_word' id='word_1_158' title='bbox 1545 2602 1744 2661; x_wconf 85' lang='lat' dir='ltr'><strong>tribuat</strong></span> <span class='ocrx_word' id='word_1_159' title='bbox 1782 2603 1835 2660; x_wconf 92' lang='lat' dir='ltr'><strong>in</strong></span> <span class='ocrx_word' id='word_1_160' title='bbox 1875 2602 2040 2659; x_wconf 86' lang='lat' dir='ltr'><strong>devo-</strong></span> 
     </span>
    </p>
   </div>
   <div class='ocr_carea' id='block_1_26' title="bbox 445 2687 1247 2760">
    <p class='ocr_par' dir='ltr' id='par_1_26' title="bbox 445 2687 1247 2760">
     <span class='ocr_line' id='line_1_26' title="bbox 445 2687 1247 2760; baseline 0.007 -18"><span class='ocrx_word' id='word_1_161' title='bbox 445 2687 592 2744; x_wconf 89' lang='lat' dir='ltr'><strong>tione</strong></span> <span class='ocrx_word' id='word_1_162' title='bbox 621 2688 953 2759; x_wconf 61' lang='lat' dir='ltr'><strong>prmsidiurn.</strong></span> <span class='ocrx_word' id='word_1_163' title='bbox 980 2691 1106 2760; x_wconf 88' lang='lat' dir='ltr'><strong>Per,</strong></span> <span class='ocrx_word' id='word_1_164' title='bbox 1138 2687 1247 2748; x_wconf 77' lang='lat' dir='ltr'><strong>etc.</strong></span> 
     </span>
    </p>
   </div>
   <div class='ocr_carea' id='block_1_27' title="bbox 517 2772 2038 2854">
    <p class='ocr_par' dir='ltr' id='par_1_27' title="bbox 517 2772 2038 2854">
     <span class='ocr_line' id='line_1_27' title="bbox 517 2772 2038 2854; baseline 0.004 -17"><span class='ocrx_word' id='word_1_165' title='bbox 517 2772 657 2838; x_wconf 80' lang='lat' dir='ltr'><strong>Vere</strong></span> <span class='ocrx_word' id='word_1_166' title='bbox 713 2778 955 2854; x_wconf 79' lang='lat' dir='ltr'><strong>dignum.</strong></span> <span class='ocrx_word' id='word_1_167' title='bbox 1009 2784 1276 2854; x_wconf 83' lang='lat' dir='ltr'><strong>Quoniam</strong></span> <span class='ocrx_word' id='word_1_168' title='bbox 1341 2786 1483 2842; x_wconf 91' lang='lat' dir='ltr'><strong>inter</strong></span> <span class='ocrx_word' id='word_1_169' title='bbox 1546 2788 1859 2844; x_wconf 88' lang='lat' dir='ltr'><strong>innumeras</strong></span> <span class='ocrx_word' id='word_1_170' title='bbox 1923 2795 2038 2843; x_wconf 91' lang='lat' dir='ltr'><strong>toto</strong></span> 
     </span>
    </p>
   </div>
   <div class='ocr_carea' id='block_1_28' title="bbox 442 2862 2039 2951">
    <p class='ocr_par' dir='ltr' id='par_1_28' title="bbox 442 2862 2039 2951">
     <span class='ocr_line' id='line_1_28' title="bbox 442 2862 2039 2951; baseline 0.005 -23"><span class='ocrx_word' id='word_1_171' title='bbox 442 2871 642 2929; x_wconf 70' lang='lat' dir='ltr'><strong>nitiade</strong></span> <span class='ocrx_word' id='word_1_172' title='bbox 662 2882 960 2947; x_wconf 81' lang='lat' dir='ltr'><strong>martyrum</strong></span> <span class='ocrx_word' id='word_1_173' title='bbox 988 2862 1215 2948; x_wconf 83' lang='lat' dir='ltr'><strong>palmas,</strong></span> <span class='ocrx_word' id='word_1_174' title='bbox 1255 2878 1451 2949; x_wconf 88' lang='lat' dir='ltr'><strong>quibus</strong></span> <span class='ocrx_word' id='word_1_175' title='bbox 1483 2878 1632 2935; x_wconf 87' lang='lat' dir='ltr'><strong>urbis</strong></span> <span class='ocrx_word' id='word_1_176' title='bbox 1656 2878 1816 2950; x_wconf 87' lang='lat' dir='ltr'><strong>hujus</strong></span> <span class='ocrx_word' id='word_1_177' title='bbox 1847 2880 2039 2951; x_wconf 63' lang='lat' dir='ltr'><strong>praeci-</strong></span> 
     </span>
    </p>
   </div>
   <div class='ocr_carea' id='block_1_29' title="bbox 440 2968 2034 3041">
    <p class='ocr_par' dir='ltr' id='par_1_29' title="bbox 440 2968 2034 3041">
     <span class='ocr_line' id='line_1_29' title="bbox 440 2968 2034 3041; baseline 0.004 -21"><span class='ocrx_word' id='word_1_178' title='bbox 440 2979 545 3039; x_wconf 89' lang='lat' dir='ltr'><strong>pue</strong></span> <span class='ocrx_word' id='word_1_179' title='bbox 569 2974 858 3023; x_wconf 81' lang='lat' dir='ltr'><strong>coronatus</strong></span> <span class='ocrx_word' id='word_1_180' title='bbox 887 2974 972 3024; x_wconf 91' lang='lat' dir='ltr'><strong>est</strong></span> <span class='ocrx_word' id='word_1_181' title='bbox 1001 2968 1237 3026; x_wconf 88' lang='lat' dir='ltr'><strong>ambitus</strong></span> <span class='ocrx_word' id='word_1_182' title='bbox 1257 3016 1271 3041; x_wconf 88' lang='lat'><strong>,</strong></span> <span class='ocrx_word' id='word_1_183' title='bbox 1308 2970 1469 3026; x_wconf 89' lang='lat' dir='ltr'><strong>etiam</strong></span> <span class='ocrx_word' id='word_1_184' title='bbox 1500 2970 1645 3028; x_wconf 88' lang='lat' dir='ltr'><strong>hunc</strong></span> <span class='ocrx_word' id='word_1_185' title='bbox 1686 2971 1839 3028; x_wconf 85' lang='lat' dir='ltr'><strong>nobis</strong></span> <span class='ocrx_word' id='word_1_186' title='bbox 1868 2988 2034 3027; x_wconf 88' lang='lat' dir='ltr'><strong>vene-</strong></span> 
     </span>
    </p>
   </div>
   <div class='ocr_carea' id='block_1_30' title="bbox 438 3054 2033 3138">
    <p class='ocr_par' dir='ltr' id='par_1_30' title="bbox 438 3054 2033 3138">
     <span class='ocr_line' id='line_1_30' title="bbox 438 3054 2033 3138; baseline 0.003 -24"><span class='ocrx_word' id='word_1_187' title='bbox 438 3054 667 3114; x_wconf 69' lang='lat' dir='ltr'><strong>rabilem</strong></span> <span class='ocrx_word' id='word_1_188' title='bbox 708 3057 851 3115; x_wconf 91' lang='lat' dir='ltr'><strong>diem</strong></span> <span class='ocrx_word' id='word_1_189' title='bbox 882 3060 1023 3117; x_wconf 91' lang='lat' dir='ltr'><strong>beati</strong></span> <span class='ocrx_word' id='word_1_190' title='bbox 1064 3059 1221 3135; x_wconf 81' lang='lat' dir='ltr'><strong>Xysti</strong></span> <span class='ocrx_word' id='word_1_191' title='bbox 1262 3063 1560 3120; x_wconf 87' lang='lat' dir='ltr'><strong>sacerdotis</strong></span> <span class='ocrx_word' id='word_1_192' title='bbox 1590 3072 1644 3122; x_wconf 85' lang='lat' dir='ltr'><strong>et</strong></span> <span class='ocrx_word' id='word_1_193' title='bbox 1672 3064 1926 3138; x_wconf 84' lang='lat' dir='ltr'><strong>martyris</strong></span> <span class='ocrx_word' id='word_1_194' title='bbox 1958 3062 2033 3120; x_wconf 88' lang='lat' dir='ltr'><strong>tui</strong></span> 
     </span>
    </p>
   </div>
   <div class='ocr_carea' id='block_1_31' title="bbox 436 3152 1358 3223">
    <p class='ocr_par' dir='ltr' id='par_1_31' title="bbox 436 3152 1358 3223">
     <span class='ocr_line' id='line_1_31' title="bbox 436 3152 1358 3223; baseline 0.003 -14"><span class='ocrx_word' id='word_1_195' title='bbox 436 3152 701 3222; x_wconf 68' lang='lat' dir='ltr'><strong>sanguine</strong></span> <span class='ocrx_word' id='word_1_196' title='bbox 722 3154 1077 3210; x_wconf 68' lang='lat' dir='ltr'><strong>con‘Sec‘rasti.</strong></span> <span class='ocrx_word' id='word_1_197' title='bbox 1102 3153 1227 3223; x_wconf 90' lang='lat' dir='ltr'><strong>Per,</strong></span> <span class='ocrx_word' id='word_1_198' title='bbox 1251 3162 1358 3212; x_wconf 87' lang='lat' dir='ltr'><strong>etc.</strong></span> 
     </span>
    </p>
   </div>
   <div class='ocr_carea' id='block_1_32' title="bbox 507 3243 2027 3327">
    <p class='ocr_par' dir='ltr' id='par_1_32' title="bbox 507 3243 2027 3327">
     <span class='ocr_line' id='line_1_32' title="bbox 507 3243 2027 3327; baseline 0.005 -27"><span class='ocrx_word' id='word_1_199' title='bbox 507 3243 574 3301; x_wconf 89' lang='lat' dir='ltr'><strong>Il.</strong></span> <span class='ocrx_word' id='word_1_200' title='bbox 608 3243 743 3301; x_wconf 83' lang='lat' dir='ltr'><strong>Item</strong></span> <span class='ocrx_word' id='word_1_201' title='bbox 763 3246 890 3302; x_wconf 87' lang='lat' dir='ltr'><strong>alia.</strong></span> <span class='ocrx_word' id='word_1_202' title='bbox 915 3278 985 3289; x_wconf 90' lang='lat'><strong><em>—</em></strong></span> <span class='ocrx_word' id='word_1_203' title='bbox 1009 3248 1365 3318; x_wconf 87' lang='lat' dir='ltr'><strong>Omnipotens</strong></span> <span class='ocrx_word' id='word_1_204' title='bbox 1387 3250 1718 3319; x_wconf 90' lang='lat' dir='ltr'><strong>sempiterne</strong></span> <span class='ocrx_word' id='word_1_205' title='bbox 1748 3251 2027 3327; x_wconf 71' lang='lat' dir='ltr'><strong>Deus,qu</strong></span> 
     </span>
    </p>
   </div>
   <div class='ocr_carea' id='block_1_33' title="bbox 437 3338 2029 3413">
    <p class='ocr_par' dir='ltr' id='par_1_33' title="bbox 437 3338 2029 3413">
     <span class='ocr_line' id='line_1_33' title="bbox 437 3338 2029 3413; baseline 0.004 -20"><span class='ocrx_word' id='word_1_206' title='bbox 437 3338 640 3393; x_wconf 81' lang='lat' dir='ltr'><strong>sanctis</strong></span> <span class='ocrx_word' id='word_1_207' title='bbox 664 3338 769 3393; x_wconf 89' lang='lat' dir='ltr'><strong>tuis</strong></span> <span class='ocrx_word' id='word_1_208' title='bbox 795 3350 903 3394; x_wconf 91' lang='lat' dir='ltr'><strong>non</strong></span> <span class='ocrx_word' id='word_1_209' title='bbox 940 3340 1117 3395; x_wconf 91' lang='lat' dir='ltr'><strong>solum</strong></span> <span class='ocrx_word' id='word_1_210' title='bbox 1160 3341 1385 3398; x_wconf 90' lang='lat' dir='ltr'><strong>credere</strong></span> <span class='ocrx_word' id='word_1_211' title='bbox 1413 3341 1466 3397; x_wconf 93' lang='lat' dir='ltr'><strong>in</strong></span> <span class='ocrx_word' id='word_1_212' title='bbox 1504 3342 1699 3397; x_wconf 86' lang='lat' dir='ltr'><strong>Filium</strong></span> <span class='ocrx_word' id='word_1_213' title='bbox 1729 3346 1901 3413; x_wconf 88' lang='lat' dir='ltr'><strong>tuum,</strong></span> <span class='ocrx_word' id='word_1_214' title='bbox 1932 3344 2029 3399; x_wconf 90' lang='lat' dir='ltr'><strong>sed</strong></span> 
     </span>
    </p>
   </div>
   <div class='ocr_carea' id='block_1_34' title="bbox 437 3430 2032 3508">
    <p class='ocr_par' dir='ltr' id='par_1_34' title="bbox 437 3430 2032 3508">
     <span class='ocr_line' id='line_1_34' title="bbox 437 3430 2032 3508; baseline 0.005 -23"><span class='ocrx_word' id='word_1_215' title='bbox 437 3430 604 3485; x_wconf 88' lang='lat' dir='ltr'><strong>etiam</strong></span> <span class='ocrx_word' id='word_1_216' title='bbox 640 3442 738 3502; x_wconf 90' lang='lat' dir='ltr'><strong>pro</strong></span> <span class='ocrx_word' id='word_1_217' title='bbox 762 3431 954 3489; x_wconf 89' lang='lat' dir='ltr'><strong>eodem</strong></span> <span class='ocrx_word' id='word_1_218' title='bbox 986 3434 1096 3504; x_wconf 86' lang='lat' dir='ltr'><strong>pati</strong></span> <span class='ocrx_word' id='word_1_219' title='bbox 1134 3449 1295 3505; x_wconf 90' lang='lat' dir='ltr'><strong>posse</strong></span> <span class='ocrx_word' id='word_1_220' title='bbox 1324 3435 1558 3504; x_wconf 90' lang='lat' dir='ltr'><strong>donasti,</strong></span> <span class='ocrx_word' id='word_1_221' title='bbox 1591 3444 1792 3492; x_wconf 84' lang='lat' dir='ltr'><strong>nostrae</strong></span> <span class='ocrx_word' id='word_1_222' title='bbox 1816 3452 2032 3508; x_wconf 90' lang='lat' dir='ltr'><strong>quoque</strong></span> 
     </span>
    </p>
   </div>
   <div class='ocr_carea' id='block_1_35' title="bbox 436 3520 2033 3596">
    <p class='ocr_par' dir='ltr' id='par_1_35' title="bbox 436 3520 2033 3596">
     <span class='ocr_line' id='line_1_35' title="bbox 436 3520 2033 3596; baseline 0.003 -17"><span class='ocrx_word' id='word_1_223' title='bbox 436 3520 714 3593; x_wconf 85' lang='lat' dir='ltr'><strong>fragilitati</strong></span> <span class='ocrx_word' id='word_1_224' title='bbox 753 3523 992 3581; x_wconf 87' lang='lat' dir='ltr'><strong>divinum</strong></span> <span class='ocrx_word' id='word_1_225' title='bbox 1034 3525 1311 3596; x_wconf 64' lang='lat' dir='ltr'><strong>praetende</strong></span> <span class='ocrx_word' id='word_1_226' title='bbox 1350 3526 1679 3593; x_wconf 89' lang='lat' dir='ltr'><strong>subsidium,</strong></span> <span class='ocrx_word' id='word_1_227' title='bbox 1722 3536 1779 3583; x_wconf 91' lang='lat' dir='ltr'><strong>ut</strong></span> <span class='ocrx_word' id='word_1_228' title='bbox 1820 3529 2033 3584; x_wconf 84' lang='lat' dir='ltr'><strong>miseri-</strong></span> 
     </span>
    </p>
   </div>
   <div class='ocr_carea' id='block_1_36' title="bbox 435 3612 2034 3689">
    <p class='ocr_par' dir='ltr' id='par_1_36' title="bbox 435 3612 2034 3689">
     <span class='ocr_line' id='line_1_36' title="bbox 435 3612 2034 3689; baseline 0.004 -21"><span class='ocrx_word' id='word_1_229' title='bbox 435 3612 678 3670; x_wconf 90' lang='lat' dir='ltr'><strong>cordiam</strong></span> <span class='ocrx_word' id='word_1_230' title='bbox 702 3614 1107 3687; x_wconf 87' lang='lat' dir='ltr'><strong>sempiternam,</strong></span> <span class='ocrx_word' id='word_1_231' title='bbox 1141 3631 1239 3687; x_wconf 88' lang='lat' dir='ltr'><strong>pro</strong></span> <span class='ocrx_word' id='word_1_232' title='bbox 1261 3632 1366 3689; x_wconf 90' lang='lat' dir='ltr'><strong>qua</strong></span> <span class='ocrx_word' id='word_1_233' title='bbox 1390 3617 1465 3673; x_wconf 93' lang='lat' dir='ltr'><strong>illi</strong></span> <span class='ocrx_word' id='word_1_234' title='bbox 1498 3616 1679 3673; x_wconf 83' lang='lat' dir='ltr'><strong>felices</strong></span> <span class='ocrx_word' id='word_1_235' title='bbox 1703 3621 1911 3674; x_wconf 89' lang='lat' dir='ltr'><strong>animas</strong></span> <span class='ocrx_word' id='word_1_236' title='bbox 1938 3634 2034 3675; x_wconf 79' lang='lat' dir='ltr'><strong>ex-</strong></span> 
     </span>
    </p>
   </div>
   <div class='ocr_carea' id='block_1_37' title="bbox 437 3702 2024 3785">
    <p class='ocr_par' dir='ltr' id='par_1_37' title="bbox 437 3702 2024 3785">
     <span class='ocr_line' id='line_1_37' title="bbox 437 3702 2024 3785; baseline 0.004 -26"><span class='ocrx_word' id='word_1_237' title='bbox 437 3702 725 3785; x_wconf 79' lang='lat' dir='ltr'><strong>halarunt,</strong></span> <span class='ocrx_word' id='word_1_238' title='bbox 746 3721 843 3764; x_wconf 92' lang='lat' dir='ltr'><strong>nos</strong></span> <span class='ocrx_word' id='word_1_239' title='bbox 864 3708 1055 3766; x_wconf 76' lang='lat' dir='ltr'><strong>Saltem</strong></span> <span class='ocrx_word' id='word_1_240' title='bbox 1081 3706 1294 3766; x_wconf 89' lang='lat' dir='ltr'><strong>sincera</strong></span> <span class='ocrx_word' id='word_1_241' title='bbox 1324 3704 1667 3768; x_wconf 81' lang='lat' dir='ltr'><strong>cenfessione</strong></span> <span class='ocrx_word' id='word_1_242' title='bbox 1696 3714 2024 3767; x_wconf 89' lang='lat' dir='ltr'><strong>mereamur.</strong></span> 
     </span>
    </p>
   </div>
   <div class='ocr_carea' id='block_1_38' title="bbox 438 3792 696 3864">
    <p class='ocr_par' dir='ltr' id='par_1_38' title="bbox 438 3792 696 3864">
     <span class='ocr_line' id='line_1_38' title="bbox 438 3792 696 3864; baseline -0.004 -11"><span class='ocrx_word' id='word_1_243' title='bbox 438 3792 564 3864; x_wconf 88' lang='lat' dir='ltr'><strong>Per,</strong></span> <span class='ocrx_word' id='word_1_244' title='bbox 590 3802 696 3853; x_wconf 91' lang='lat' dir='ltr'><strong>ele.</strong></span> 
     </span>
    </p>
   </div>
   <div class='ocr_carea' id='block_1_39' title="bbox 511 3880 2033 3966">
    <p class='ocr_par' dir='ltr' id='par_1_39' title="bbox 511 3880 2033 3966">
     <span class='ocr_line' id='line_1_39' title="bbox 511 3880 2033 3966; baseline 0.005 -22"><span class='ocrx_word' id='word_1_245' title='bbox 511 3887 899 3961; x_wconf 81' lang='lat' dir='ltr'><strong>Magnificasti,</strong></span> <span class='ocrx_word' id='word_1_246' title='bbox 929 3880 1161 3948; x_wconf 82' lang='lat' dir='ltr'><strong>Domine</strong></span> <span class='ocrx_word' id='word_1_247' title='bbox 1181 3936 1196 3963; x_wconf 94' lang='lat'><strong>,</strong></span> <span class='ocrx_word' id='word_1_248' title='bbox 1231 3898 1455 3949; x_wconf 86' lang='lat' dir='ltr'><strong>sanctos</strong></span> <span class='ocrx_word' id='word_1_249' title='bbox 1485 3901 1603 3950; x_wconf 90' lang='lat' dir='ltr'><strong>tuos</strong></span> <span class='ocrx_word' id='word_1_250' title='bbox 1632 3903 1881 3966; x_wconf 87' lang='lat' dir='ltr'><strong>suscepta</strong></span> <span class='ocrx_word' id='word_1_251' title='bbox 1911 3909 2033 3966; x_wconf 89' lang='lat' dir='ltr'><strong>pas-</strong></span> 
     </span>
    </p>
   </div>
   <div class='ocr_carea' id='block_1_40' title="bbox 437 3979 2031 4056">
    <p class='ocr_par' dir='ltr' id='par_1_40' title="bbox 437 3979 2031 4056">
     <span class='ocr_line' id='line_1_40' title="bbox 437 3979 2031 4056; baseline 0.004 -19"><span class='ocrx_word' id='word_1_252' title='bbox 437 3979 593 4038; x_wconf 84' lang='lat' dir='ltr'><strong>sione</strong></span> <span class='ocrx_word' id='word_1_253' title='bbox 618 3990 721 4052; x_wconf 88' lang='lat' dir='ltr'><strong>pro</strong></span> <span class='ocrx_word' id='word_1_254' title='bbox 749 3980 984 4040; x_wconf 84' lang='lat' dir='ltr'><strong>Christo.</strong></span> <span class='ocrx_word' id='word_1_255' title='bbox 1020 3982 1257 4052; x_wconf 63' lang='lat' dir='ltr'><strong>Praesta,</strong></span> <span class='ocrx_word' id='word_1_256' title='bbox 1289 3992 1630 4056; x_wconf 62' lang='lat' dir='ltr'><strong>quaesumus,</strong></span> <span class='ocrx_word' id='word_1_257' title='bbox 1655 3995 1714 4043; x_wconf 91' lang='lat' dir='ltr'><strong>ut</strong></span> <span class='ocrx_word' id='word_1_258' title='bbox 1738 4003 1838 4045; x_wconf 91' lang='lat' dir='ltr'><strong>nos</strong></span> <span class='ocrx_word' id='word_1_259' title='bbox 1866 3990 2031 4045; x_wconf 90' lang='lat' dir='ltr'><strong>etiam</strong></span> 
     </span>
    </p>
   </div>
   <div class='ocr_carea' id='block_1_41' title="bbox 438 4074 1645 4150">
    <p class='ocr_par' dir='ltr' id='par_1_41' title="bbox 438 4074 1645 4150">
     <span class='ocr_line' id='line_1_41' title="bbox 438 4074 1645 4150; baseline 0.002 -18"><span class='ocrx_word' id='word_1_260' title='bbox 438 4074 757 4146; x_wconf 70' lang='lat' dir='ltr'><strong>suppliciter</strong></span> <span class='ocrx_word' id='word_1_261' title='bbox 783 4076 1059 4135; x_wconf 79' lang='lat' dir='ltr'><strong>celebrata</strong></span> <span class='ocrx_word' id='word_1_262' title='bbox 1081 4078 1349 4150; x_wconf 78' lang='lat' dir='ltr'><strong>purificet.</strong></span> <span class='ocrx_word' id='word_1_263' title='bbox 1383 4078 1507 4147; x_wconf 89' lang='lat' dir='ltr'><strong>Per,</strong></span> <span class='ocrx_word' id='word_1_264' title='bbox 1538 4090 1645 4137; x_wconf 87' lang='lat' dir='ltr'><strong>etc.</strong></span> 
     </span>
    </p>
   </div>
   <div class='ocr_carea' id='block_1_42' title="bbox 508 4167 2035 4247">
    <p class='ocr_par' dir='ltr' id='par_1_42' title="bbox 508 4167 2035 4247">
     <span class='ocr_line' id='line_1_42' title="bbox 508 4167 2035 4247; baseline 0.005 -22"><span class='ocrx_word' id='word_1_265' title='bbox 508 4167 653 4227; x_wconf 68' lang='lat' dir='ltr'><strong>Vere</strong></span> <span class='ocrx_word' id='word_1_266' title='bbox 669 4169 914 4241; x_wconf 84' lang='lat' dir='ltr'><strong>dignum.</strong></span> <span class='ocrx_word' id='word_1_267' title='bbox 937 4171 1185 4230; x_wconf 73' lang='lat' dir='ltr'><strong>Natalem</strong></span> <span class='ocrx_word' id='word_1_268' title='bbox 1216 4174 1361 4233; x_wconf 85' lang='lat' dir='ltr'><strong>diem</strong></span> <span class='ocrx_word' id='word_1_269' title='bbox 1389 4174 1565 4231; x_wconf 80' lang='lat' dir='ltr'><strong>sancti</strong></span> <span class='ocrx_word' id='word_1_270' title='bbox 1594 4174 1849 4247; x_wconf 86' lang='lat' dir='ltr'><strong>martyris</strong></span> <span class='ocrx_word' id='word_1_271' title='bbox 1870 4180 1925 4231; x_wconf 90' lang='lat' dir='ltr'><strong>et</strong></span> <span class='ocrx_word' id='word_1_272' title='bbox 1946 4188 2035 4232; x_wconf 78' lang='lat' dir='ltr'><strong>sa-&#39;</strong></span> 
     </span>
    </p>
   </div>
   <div class='ocr_carea' id='block_1_43' title="bbox 437 4258 2033 4341">
    <p class='ocr_par' dir='ltr' id='par_1_43' title="bbox 437 4258 2033 4341">
     <span class='ocr_line' id='line_1_43' title="bbox 437 4258 2033 4341; baseline 0.004 -22"><span class='ocrx_word' id='word_1_273' title='bbox 437 4262 672 4321; x_wconf 81' lang='lat' dir='ltr'><strong>cerdotis</strong></span> <span class='ocrx_word' id='word_1_274' title='bbox 702 4265 783 4321; x_wconf 82' lang='lat' dir='ltr'><strong>tui</strong></span> <span class='ocrx_word' id='word_1_275' title='bbox 816 4258 971 4338; x_wconf 73' lang='lat' dir='ltr'><strong>xysti</strong></span> <span class='ocrx_word' id='word_1_276' title='bbox 1012 4266 1193 4325; x_wconf 84' lang='lat' dir='ltr'><strong>debita</strong></span> <span class='ocrx_word' id='word_1_277' title='bbox 1236 4268 1525 4327; x_wconf 85' lang='lat' dir='ltr'><strong>festivitate</strong></span> <span class='ocrx_word' id='word_1_278' title='bbox 1566 4270 1904 4338; x_wconf 85' lang='lat' dir='ltr'><strong>recolentes,</strong></span> <span class='ocrx_word' id='word_1_279' title='bbox 1937 4270 2033 4341; x_wconf 85' lang='lat' dir='ltr'><strong>qui</strong></span> 
     </span>
    </p>
   </div>
   <div class='ocr_carea' id='block_1_44' title="bbox 437 4358 2027 4435">
    <p class='ocr_par' dir='ltr' id='par_1_44' title="bbox 437 4358 2027 4435">
     <span class='ocr_line' id='line_1_44' title="bbox 437 4358 2027 4435; baseline 0.006 -25"><span class='ocrx_word' id='word_1_280' title='bbox 437 4358 717 4426; x_wconf 83' lang='lat' dir='ltr'><strong>apostolici</strong></span> <span class='ocrx_word' id='word_1_281' title='bbox 742 4361 1086 4429; x_wconf 83' lang='lat' dir='ltr'><strong>pontificatus</strong></span> <span class='ocrx_word' id='word_1_282' title='bbox 1111 4362 1307 4435; x_wconf 85' lang='lat' dir='ltr'><strong>dignus</strong></span> <span class='ocrx_word' id='word_1_283' title='bbox 1331 4362 1387 4419; x_wconf 88' lang='lat' dir='ltr'><strong>in</strong></span> <span class='ocrx_word' id='word_1_284' title='bbox 1415 4376 1512 4420; x_wconf 90' lang='lat' dir='ltr'><strong>sua</strong></span> <span class='ocrx_word' id='word_1_285' title='bbox 1540 4370 1697 4419; x_wconf 71' lang='lat' dir='ltr'><strong>aetate</strong></span> <span class='ocrx_word' id='word_1_286' title='bbox 1722 4377 2027 4432; x_wconf 86' lang='lat' dir='ltr'><strong>successor,</strong></span> 
     </span>
    </p>
   </div>
   <div class='ocr_carea' id='block_1_45' title="bbox 438 4448 2032 4528">
    <p class='ocr_par' dir='ltr' id='par_1_45' title="bbox 438 4448 2032 4528">
     <span class='ocr_line' id='line_1_45' title="bbox 438 4448 2032 4528; baseline 0.006 -25"><span class='ocrx_word' id='word_1_287' title='bbox 438 4454 499 4503; x_wconf 87' lang='lat' dir='ltr'><strong>et</strong></span> <span class='ocrx_word' id='word_1_288' title='bbox 541 4448 796 4518; x_wconf 81' lang='lat' dir='ltr'><strong>passione</strong></span> <span class='ocrx_word' id='word_1_289' title='bbox 846 4451 1177 4510; x_wconf 73' lang='lat' dir='ltr'><strong>fortissimus</strong></span> <span class='ocrx_word' id='word_1_290' title='bbox 1214 4455 1473 4524; x_wconf 78' lang='lat' dir='ltr'><strong>inritator,</strong></span> <span class='ocrx_word' id='word_1_291' title='bbox 1518 4457 1882 4527; x_wconf 85' lang='lat' dir='ltr'><strong>persecutoris</strong></span> <span class='ocrx_word' id='word_1_292' title='bbox 1919 4456 2032 4528; x_wconf 90' lang='lat' dir='ltr'><strong>gla-</strong></span> 
     </span>
    </p>
   </div>
   <div class='ocr_carea' id='block_1_46' title="bbox 2054 3192 2103 3256">
    <p class='ocr_par' dir='ltr' id='par_1_46' title="bbox 2054 3192 2103 3256">
     <span class='ocr_line' id='line_1_46' title="bbox 2054 3192 2103 3256; baseline 0 0"><span class='ocrx_word' id='word_1_293' title='bbox 2054 3192 2103 3256; x_wconf 88' lang='lat' dir='ltr'><strong><em>C</em></strong></span> 
     </span>
    </p>
   </div>
   <div class='ocr_carea' id='block_1_47' title="bbox 2233 463 3755 539">
    <p class='ocr_par' dir='ltr' id='par_1_47' title="bbox 2233 463 3755 539">
     <span class='ocr_line' id='line_1_47' title="bbox 2233 463 3755 539; baseline 0.002 -18"><span class='ocrx_word' id='word_1_294' title='bbox 2233 476 2257 505; x_wconf 71' lang='grc' dir='ltr'><strong><em>ι</em></strong></span> <span class='ocrx_word' id='word_1_295' title='bbox 2291 463 2432 521; x_wconf 77' lang='lat' dir='ltr'><strong>Vere</strong></span> <span class='ocrx_word' id='word_1_296' title='bbox 2457 464 2691 537; x_wconf 86' lang='lat' dir='ltr'><strong>dignum.</strong></span> <span class='ocrx_word' id='word_1_297' title='bbox 2733 465 2791 521; x_wconf 87' lang='lat' dir='ltr'><strong>In</strong></span> <span class='ocrx_word' id='word_1_298' title='bbox 2824 464 2913 522; x_wconf 89' lang='lat' dir='ltr'><strong>die</strong></span> <span class='ocrx_word' id='word_1_299' title='bbox 2954 465 3267 524; x_wconf 79' lang='lat' dir='ltr'><strong>festivitatis</strong></span> <span class='ocrx_word' id='word_1_300' title='bbox 3299 463 3611 533; x_wconf 67' lang='lat' dir='ltr'><strong>hodierna,</strong></span> <span class='ocrx_word' id='word_1_301' title='bbox 3646 481 3755 539; x_wconf 77' lang='lat' dir='ltr'><strong>qua</strong></span> 
     </span>
    </p>
   </div>
   <div class='ocr_carea' id='block_1_48' title="bbox 2157 559 3754 634">
    <p class='ocr_par' dir='ltr' id='par_1_48' title="bbox 2157 559 3754 634">
     <span class='ocr_line' id='line_1_48' title="bbox 2157 559 3754 634; baseline 0.001 -16"><span class='ocrx_word' id='word_1_302' title='bbox 2157 561 2349 618; x_wconf 87' lang='lat' dir='ltr'><strong>beatus</strong></span> <span class='ocrx_word' id='word_1_303' title='bbox 2389 559 2591 631; x_wconf 80' lang='lat' dir='ltr'><strong>Xystus</strong></span> <span class='ocrx_word' id='word_1_304' title='bbox 2622 563 2825 631; x_wconf 84' lang='lat' dir='ltr'><strong>pariter</strong></span> <span class='ocrx_word' id='word_1_305' title='bbox 2860 559 3118 617; x_wconf 86' lang='lat' dir='ltr'><strong>sacerdos</strong></span> <span class='ocrx_word' id='word_1_306' title='bbox 3155 569 3211 617; x_wconf 88' lang='lat' dir='ltr'><strong>et</strong></span> <span class='ocrx_word' id='word_1_307' title='bbox 3245 567 3455 634; x_wconf 84' lang='lat' dir='ltr'><strong>martyr</strong></span> <span class='ocrx_word' id='word_1_308' title='bbox 3496 560 3754 620; x_wconf 80' lang='lat' dir='ltr'><strong>devotum</strong></span> 
     </span>
    </p>
   </div>
   <div class='ocr_carea' id='block_1_49' title="bbox 2154 651 3748 725">
    <p class='ocr_par' dir='ltr' id='par_1_49' title="bbox 2154 651 3748 725">
     <span class='ocr_line' id='line_1_49' title="bbox 2154 651 3748 725; baseline -0.001 -14"><span class='ocrx_word' id='word_1_309' title='bbox 2154 654 2253 711; x_wconf 88' lang='lat' dir='ltr'><strong>tibi</strong></span> <span class='ocrx_word' id='word_1_310' title='bbox 2290 654 2604 725; x_wconf 87' lang='lat' dir='ltr'><strong>sanguinem</strong></span> <span class='ocrx_word' id='word_1_311' title='bbox 2643 652 2976 710; x_wconf 80' lang='lat' dir='ltr'><strong>exsultanter</strong></span> <span class='ocrx_word' id='word_1_312' title='bbox 3003 651 3227 720; x_wconf 75' lang='lat' dir='ltr'><strong>effudit,</strong></span> <span class='ocrx_word' id='word_1_313' title='bbox 3255 652 3348 723; x_wconf 88' lang='lat' dir='ltr'><strong>qui</strong></span> <span class='ocrx_word' id='word_1_314' title='bbox 3389 651 3459 707; x_wconf 90' lang='lat' dir='ltr'><strong>ad</strong></span> <span class='ocrx_word' id='word_1_315' title='bbox 3495 651 3748 709; x_wconf 82' lang='lat' dir='ltr'><strong>eamdem</strong></span> 
     </span>
    </p>
   </div>
   <div class='ocr_carea' id='block_1_50' title="bbox 2156 744 3749 818">
    <p class='ocr_par' dir='ltr' id='par_1_50' title="bbox 2156 744 3749 818">
     <span class='ocr_line' id='line_1_50' title="bbox 2156 744 3749 818; baseline 0 -16"><span class='ocrx_word' id='word_1_316' title='bbox 2156 746 2383 818; x_wconf 83' lang='lat' dir='ltr'><strong>gloriam</strong></span> <span class='ocrx_word' id='word_1_317' title='bbox 2419 746 2830 815; x_wconf 83' lang='lat' dir='ltr'><strong>promerendam</strong></span> <span class='ocrx_word' id='word_1_318' title='bbox 2863 745 3122 805; x_wconf 74' lang='lat' dir='ltr'><strong>doctrinm</strong></span> <span class='ocrx_word' id='word_1_319' title='bbox 3154 760 3265 802; x_wconf 66' lang='lat' dir='ltr'><strong>sua:</strong></span> <span class='ocrx_word' id='word_1_320' title='bbox 3295 745 3433 803; x_wconf 86' lang='lat' dir='ltr'><strong>filios</strong></span> <span class='ocrx_word' id='word_1_321' title='bbox 3466 744 3749 816; x_wconf 75' lang='lat' dir='ltr'><strong>incitabat,</strong></span> 
     </span>
    </p>
   </div>
   <div class='ocr_carea' id='block_1_51' title="bbox 2154 838 3751 912">
    <p class='ocr_par' dir='ltr' id='par_1_51' title="bbox 2154 838 3751 912">
     <span class='ocr_line' id='line_1_51' title="bbox 2154 838 3751 912; baseline 0.003 -17"><span class='ocrx_word' id='word_1_322' title='bbox 2154 848 2211 896; x_wconf 87' lang='lat' dir='ltr'><strong>et</strong></span> <span class='ocrx_word' id='word_1_323' title='bbox 2260 853 2397 910; x_wconf 84' lang='lat' dir='ltr'><strong>quos</strong></span> <span class='ocrx_word' id='word_1_324' title='bbox 2442 839 2724 896; x_wconf 82' lang='lat' dir='ltr'><strong>erudiebat</strong></span> <span class='ocrx_word' id='word_1_325' title='bbox 2766 838 3014 909; x_wconf 87' lang='lat' dir='ltr'><strong>hortatu,</strong></span> <span class='ocrx_word' id='word_1_326' title='bbox 3058 840 3425 911; x_wconf 64' lang='lat' dir='ltr'><strong>praeveniebat</strong></span> <span class='ocrx_word' id='word_1_327' title='bbox 3478 840 3751 912; x_wconf 80' lang='lat' dir='ltr'><strong>exemplo.</strong></span> 
     </span>
    </p>
   </div>
   <div class='ocr_carea' id='block_1_52' title="bbox 2156 932 2409 999">
    <p class='ocr_par' dir='ltr' id='par_1_52' title="bbox 2156 932 2409 999">
     <span class='ocr_line' id='line_1_52' title="bbox 2156 932 2409 999; baseline -0.008 -10"><span class='ocrx_word' id='word_1_328' title='bbox 2156 932 2280 999; x_wconf 84' lang='lat' dir='ltr'><strong>Per,</strong></span> <span class='ocrx_word' id='word_1_329' title='bbox 2304 941 2409 989; x_wconf 89' lang='lat' dir='ltr'><strong>etc.</strong></span> 
     </span>
    </p>
   </div>
   <div class='ocr_carea' id='block_1_53' title="bbox 2225 1023 3751 1096">
    <p class='ocr_par' dir='ltr' id='par_1_53' title="bbox 2225 1023 3751 1096">
     <span class='ocr_line' id='line_1_53' title="bbox 2225 1023 3751 1096; baseline 0.001 -16"><span class='ocrx_word' id='word_1_330' title='bbox 2225 1026 2302 1080; x_wconf 86' lang='lat' dir='ltr'><strong>Da</strong></span> <span class='ocrx_word' id='word_1_331' title='bbox 2325 1025 2501 1095; x_wconf 89' lang='lat' dir='ltr'><strong>nobis,</strong></span> <span class='ocrx_word' id='word_1_332' title='bbox 2524 1023 2777 1091; x_wconf 89' lang='lat' dir='ltr'><strong>Domine,</strong></span> <span class='ocrx_word' id='word_1_333' title='bbox 2797 1023 2922 1081; x_wconf 79' lang='lat' dir='ltr'><strong>fidei</strong></span> <span class='ocrx_word' id='word_1_334' title='bbox 2945 1032 3051 1081; x_wconf 85' lang='lat' dir='ltr'><strong>tuae</strong></span> <span class='ocrx_word' id='word_1_335' title='bbox 3070 1025 3355 1082; x_wconf 86' lang='lat' dir='ltr'><strong>miseratus</strong></span> <span class='ocrx_word' id='word_1_336' title='bbox 3374 1034 3751 1096; x_wconf 78' lang='lat' dir='ltr'><strong>augmentum,</strong></span> 
     </span>
    </p>
   </div>
   <div class='ocr_carea' id='block_1_54' title="bbox 2154 1118 3751 1191">
    <p class='ocr_par' dir='ltr' id='par_1_54' title="bbox 2154 1118 3751 1191">
     <span class='ocr_line' id='line_1_54' title="bbox 2154 1118 3751 1191; baseline 0.002 -17"><span class='ocrx_word' id='word_1_337' title='bbox 2154 1126 2215 1174; x_wconf 88' lang='lat' dir='ltr'><strong>ut</strong></span> <span class='ocrx_word' id='word_1_338' title='bbox 2242 1133 2364 1189; x_wconf 67' lang='lat' dir='ltr'><strong>quae</strong></span> <span class='ocrx_word' id='word_1_339' title='bbox 2392 1126 2610 1175; x_wconf 87' lang='lat' dir='ltr'><strong>sanctos</strong></span> <span class='ocrx_word' id='word_1_340' title='bbox 2647 1126 2916 1190; x_wconf 84' lang='lat' dir='ltr'><strong>martyres</strong></span> <span class='ocrx_word' id='word_1_341' title='bbox 2944 1128 3067 1176; x_wconf 88' lang='lat' dir='ltr'><strong>tuos</strong></span> <span class='ocrx_word' id='word_1_342' title='bbox 3104 1132 3279 1188; x_wconf 85' lang='lat' dir='ltr'><strong>usque</strong></span> <span class='ocrx_word' id='word_1_343' title='bbox 3316 1118 3386 1175; x_wconf 89' lang='lat' dir='ltr'><strong>ad</strong></span> <span class='ocrx_word' id='word_1_344' title='bbox 3430 1120 3751 1191; x_wconf 86' lang='lat' dir='ltr'><strong>sanguinem</strong></span> 
     </span>
    </p>
   </div>
   <div class='ocr_carea' id='block_1_55' title="bbox 2152 1209 3753 1282">
    <p class='ocr_par' dir='ltr' id='par_1_55' title="bbox 2152 1209 3753 1282">
     <span class='ocr_line' id='line_1_55' title="bbox 2152 1209 3753 1282; baseline 0.001 -17"><span class='ocrx_word' id='word_1_345' title='bbox 2152 1218 2362 1267; x_wconf 86' lang='lat' dir='ltr'><strong>retenta</strong></span> <span class='ocrx_word' id='word_1_346' title='bbox 2387 1210 2673 1281; x_wconf 86' lang='lat' dir='ltr'><strong>glorificat,</strong></span> <span class='ocrx_word' id='word_1_347' title='bbox 2703 1225 2803 1267; x_wconf 92' lang='lat' dir='ltr'><strong>nos</strong></span> <span class='ocrx_word' id='word_1_348' title='bbox 2831 1210 2994 1267; x_wconf 89' lang='lat' dir='ltr'><strong>etiam</strong></span> <span class='ocrx_word' id='word_1_349' title='bbox 3019 1209 3301 1282; x_wconf 82' lang='lat' dir='ltr'><strong>justifiest,</strong></span> <span class='ocrx_word' id='word_1_350' title='bbox 3322 1210 3588 1268; x_wconf 83' lang='lat' dir='ltr'><strong>veraciter</strong></span> <span class='ocrx_word' id='word_1_351' title='bbox 3612 1210 3753 1267; x_wconf 84' lang='lat' dir='ltr'><strong>hanc</strong></span> 
     </span>
    </p>
   </div>
   <div class='ocr_carea' id='block_1_56' title="bbox 2153 1304 2744 1376">
    <p class='ocr_par' dir='ltr' id='par_1_56' title="bbox 2153 1304 2744 1376">
     <span class='ocr_line' id='line_1_56' title="bbox 2153 1304 2744 1376; baseline -0.005 -13"><span class='ocrx_word' id='word_1_352' title='bbox 2153 1313 2462 1376; x_wconf 84' lang='lat' dir='ltr'><strong>sequentes.</strong></span> <span class='ocrx_word' id='word_1_353' title='bbox 2485 1304 2613 1371; x_wconf 89' lang='lat' dir='ltr'><strong>Per,</strong></span> <span class='ocrx_word' id='word_1_354' title='bbox 2636 1313 2744 1361; x_wconf 88' lang='lat' dir='ltr'><strong>etc.</strong></span> 
     </span>
    </p>
   </div>
   <div class='ocr_carea' id='block_1_57' title="bbox 2226 1394 3752 1468">
    <p class='ocr_par' dir='ltr' id='par_1_57' title="bbox 2226 1394 3752 1468">
     <span class='ocr_line' id='line_1_57' title="bbox 2226 1394 3752 1468; baseline -0.001 -15"><span class='ocrx_word' id='word_1_355' title='bbox 2226 1394 2253 1435; x_wconf 72' lang='grc' dir='ltr'><em>δ</em></span> <span class='ocrx_word' id='word_1_356' title='bbox 2283 1397 2477 1454; x_wconf 79' lang='lat' dir='ltr'><strong>Adsint</strong></span> <span class='ocrx_word' id='word_1_357' title='bbox 2499 1397 2677 1463; x_wconf 84' lang='lat' dir='ltr'><strong>nobis,</strong></span> <span class='ocrx_word' id='word_1_358' title='bbox 2707 1397 2958 1466; x_wconf 81' lang='lat' dir='ltr'><strong>Domine,</strong></span> <span class='ocrx_word' id='word_1_359' title='bbox 2984 1396 3282 1468; x_wconf 85' lang='lat' dir='ltr'><strong>patrocinia</strong></span> <span class='ocrx_word' id='word_1_360' title='bbox 3318 1395 3415 1453; x_wconf 88' lang='lat' dir='ltr'><strong>tibi</strong></span> <span class='ocrx_word' id='word_1_361' title='bbox 3442 1405 3597 1468; x_wconf 83' lang='lat' dir='ltr'><strong>grata</strong></span> <span class='ocrx_word' id='word_1_362' title='bbox 3626 1410 3752 1452; x_wconf 85' lang='lat' dir='ltr'><strong>san-</strong></span> 
     </span>
    </p>
   </div>
   <div class='ocr_carea' id='block_1_58' title="bbox 2152 1487 3731 1560">
    <p class='ocr_par' dir='ltr' id='par_1_58' title="bbox 2152 1487 3731 1560">
     <span class='ocr_line' id='line_1_58' title="bbox 2152 1487 3731 1560; baseline 0 -14"><span class='ocrx_word' id='word_1_363' title='bbox 2152 1498 2391 1555; x_wconf 88' lang='lat' dir='ltr'><strong>ctorum,</strong></span> <span class='ocrx_word' id='word_1_364' title='bbox 2423 1497 2478 1544; x_wconf 89' lang='lat' dir='ltr'><strong>et</strong></span> <span class='ocrx_word' id='word_1_365' title='bbox 2509 1504 2631 1560; x_wconf 68' lang='lat' dir='ltr'><strong>qua:</strong></span> <span class='ocrx_word' id='word_1_366' title='bbox 2670 1504 2770 1559; x_wconf 89' lang='lat' dir='ltr'><strong>pro</strong></span> <span class='ocrx_word' id='word_1_367' title='bbox 2809 1488 3024 1545; x_wconf 90' lang='lat' dir='ltr'><strong>illorum</strong></span> <span class='ocrx_word' id='word_1_368' title='bbox 3062 1488 3405 1546; x_wconf 86' lang='lat' dir='ltr'><strong>solemnitate</strong></span> <span class='ocrx_word' id='word_1_369' title='bbox 3432 1487 3731 1546; x_wconf 78' lang='lat' dir='ltr'><strong>deferimus</strong></span> 
     </span>
    </p>
   </div>
   <div class='ocr_carea' id='block_1_59' title="bbox 2153 1580 3224 1647">
    <p class='ocr_par' dir='ltr' id='par_1_59' title="bbox 2153 1580 3224 1647">
     <span class='ocr_line' id='line_1_59' title="bbox 2153 1580 3224 1647; baseline -0.002 -8"><span class='ocrx_word' id='word_1_370' title='bbox 2153 1596 2342 1639; x_wconf 86' lang='lat' dir='ltr'><strong>eorum</strong></span> <span class='ocrx_word' id='word_1_371' title='bbox 2369 1580 2715 1638; x_wconf 87' lang='lat' dir='ltr'><strong>commendet</strong></span> <span class='ocrx_word' id='word_1_372' title='bbox 2738 1581 2935 1640; x_wconf 90' lang='lat' dir='ltr'><strong>oratio.</strong></span> <span class='ocrx_word' id='word_1_373' title='bbox 2966 1580 3092 1647; x_wconf 87' lang='lat' dir='ltr'><strong>Per,</strong></span> <span class='ocrx_word' id='word_1_374' title='bbox 3120 1588 3224 1637; x_wconf 92' lang='lat' dir='ltr'><strong>etc.</strong></span> 
     </span>
    </p>
   </div>
   <div class='ocr_carea' id='block_1_60' title="bbox 2226 1670 3749 1743">
    <p class='ocr_par' dir='ltr' id='par_1_60' title="bbox 2226 1670 3749 1743">
     <span class='ocr_line' id='line_1_60' title="bbox 2226 1670 3749 1743; baseline 0.002 -16"><span class='ocrx_word' id='word_1_375' title='bbox 2226 1671 2367 1729; x_wconf 78' lang='lat' dir='ltr'><strong>Vere</strong></span> <span class='ocrx_word' id='word_1_376' title='bbox 2414 1672 2657 1743; x_wconf 85' lang='lat' dir='ltr'><strong>dignum.</strong></span> <span class='ocrx_word' id='word_1_377' title='bbox 2701 1671 2805 1739; x_wconf 84' lang='lat' dir='ltr'><strong>Qui</strong></span> <span class='ocrx_word' id='word_1_378' title='bbox 2846 1681 3035 1728; x_wconf 84' lang='lat' dir='ltr'><strong>sancto</strong></span> <span class='ocrx_word' id='word_1_379' title='bbox 3076 1670 3300 1743; x_wconf 84' lang='lat' dir='ltr'><strong>martyri</strong></span> <span class='ocrx_word' id='word_1_380' title='bbox 3340 1679 3436 1728; x_wconf 88' lang='lat' dir='ltr'><strong>tuo</strong></span> <span class='ocrx_word' id='word_1_381' title='bbox 3472 1670 3649 1741; x_wconf 84' lang='lat' dir='ltr'><strong>Xysto</strong></span> <span class='ocrx_word' id='word_1_382' title='bbox 3686 1686 3749 1731; x_wconf 83' lang='lat' dir='ltr'><strong>ac</strong></span> 
     </span>
    </p>
   </div>
   <div class='ocr_carea' id='block_1_61' title="bbox 2072 1765 3749 1848">
    <p class='ocr_par' dir='ltr' id='par_1_61' title="bbox 2072 1765 3749 1848">
     <span class='ocr_line' id='line_1_61' title="bbox 2072 1765 3749 1848; baseline 0.001 -25"><span class='ocrx_word' id='word_1_383' title='bbox 2072 1786 2124 1848; x_wconf 77' lang='grc' dir='ltr'><strong><em>Β</em></strong></span> <span class='ocrx_word' id='word_1_384' title='bbox 2152 1767 2429 1837; x_wconf 66' lang='lat' dir='ltr'><strong>prmeipuo</strong></span> <span class='ocrx_word' id='word_1_385' title='bbox 2467 1766 2737 1823; x_wconf 88' lang='lat' dir='ltr'><strong>sacerdoti</strong></span> <span class='ocrx_word' id='word_1_386' title='bbox 2760 1807 2775 1833; x_wconf 92' lang='lat'><strong>,</strong></span> <span class='ocrx_word' id='word_1_387' title='bbox 2825 1781 2937 1822; x_wconf 89' lang='lat' dir='ltr'><strong>non</strong></span> <span class='ocrx_word' id='word_1_388' title='bbox 2985 1766 3161 1822; x_wconf 90' lang='lat' dir='ltr'><strong>solum</strong></span> <span class='ocrx_word' id='word_1_389' title='bbox 3205 1766 3440 1836; x_wconf 73' lang='lat' dir='ltr'><strong>preprim</strong></span> <span class='ocrx_word' id='word_1_390' title='bbox 3484 1765 3749 1835; x_wconf 79' lang='lat' dir='ltr'><strong>passionis</strong></span> 
     </span>
    </p>
   </div>
   <div class='ocr_carea' id='block_1_62' title="bbox 2151 1856 3749 1931">
    <p class='ocr_par' dir='ltr' id='par_1_62' title="bbox 2151 1856 3749 1931">
     <span class='ocr_line' id='line_1_62' title="bbox 2151 1856 3749 1931; baseline -0.001 -16"><span class='ocrx_word' id='word_1_391' title='bbox 2151 1859 2503 1929; x_wconf 83' lang='lat' dir='ltr'><strong>triumphum,</strong></span> <span class='ocrx_word' id='word_1_392' title='bbox 2534 1858 2633 1914; x_wconf 80' lang='lat' dir='ltr'><strong>sed</strong></span> <span class='ocrx_word' id='word_1_393' title='bbox 2660 1868 2717 1913; x_wconf 91' lang='lat' dir='ltr'><strong>ut</strong></span> <span class='ocrx_word' id='word_1_394' title='bbox 2744 1856 2904 1914; x_wconf 90' lang='lat' dir='ltr'><strong>etiam</strong></span> <span class='ocrx_word' id='word_1_395' title='bbox 2936 1856 3196 1927; x_wconf 78' lang='lat' dir='ltr'><strong>subjectis</strong></span> <span class='ocrx_word' id='word_1_396' title='bbox 3218 1856 3323 1915; x_wconf 88' lang='lat' dir='ltr'><strong>sibi</strong></span> <span class='ocrx_word' id='word_1_397' title='bbox 3351 1856 3615 1914; x_wconf 80' lang='lat' dir='ltr'><strong>ministris</strong></span> <span class='ocrx_word' id='word_1_398' title='bbox 3644 1858 3749 1931; x_wconf 61' lang='lat' dir='ltr'><strong>Ec1&#39;</strong></span> 
     </span>
    </p>
   </div>
   <div class='ocr_carea' id='block_1_63' title="bbox 2147 1950 3750 2022">
    <p class='ocr_par' dir='ltr' id='par_1_63' title="bbox 2147 1950 3750 2022">
     <span class='ocr_line' id='line_1_63' title="bbox 2147 1950 3750 2022; baseline -0.002 -14"><span class='ocrx_word' id='word_1_399' title='bbox 2147 1953 2331 2009; x_wconf 64' lang='lat' dir='ltr'><strong>etesias</strong></span> <span class='ocrx_word' id='word_1_400' title='bbox 2359 1953 2680 2022; x_wconf 84' lang='lat' dir='ltr'><strong>proliceret,</strong></span> <span class='ocrx_word' id='word_1_401' title='bbox 2721 1950 3019 2008; x_wconf 85' lang='lat' dir='ltr'><strong>contulisti.</strong></span> <span class='ocrx_word' id='word_1_402' title='bbox 3063 1950 3370 2007; x_wconf 84' lang='lat' dir='ltr'><strong>Gloriosum</strong></span> <span class='ocrx_word' id='word_1_403' title='bbox 3398 1951 3633 2021; x_wconf 78' lang='lat' dir='ltr'><strong>denique</strong></span> <span class='ocrx_word' id='word_1_404' title='bbox 3661 1952 3750 2005; x_wconf 87' lang='lat' dir='ltr'><strong>vi-</strong></span> 
     </span>
    </p>
   </div>
   <div class='ocr_carea' id='block_1_64' title="bbox 2146 2042 3749 2113">
    <p class='ocr_par' dir='ltr' id='par_1_64' title="bbox 2146 2042 3749 2113">
     <span class='ocr_line' id='line_1_64' title="bbox 2146 2042 3749 2113; baseline 0.002 -13"><span class='ocrx_word' id='word_1_405' title='bbox 2146 2060 2265 2101; x_wconf 85' lang='lat' dir='ltr'><strong>rum</strong></span> <span class='ocrx_word' id='word_1_406' title='bbox 2290 2059 2391 2101; x_wconf 86' lang='lat' dir='ltr'><strong>nec</strong></span> <span class='ocrx_word' id='word_1_407' title='bbox 2420 2043 2645 2099; x_wconf 87' lang='lat' dir='ltr'><strong>inferior</strong></span> <span class='ocrx_word' id='word_1_408' title='bbox 2672 2042 2946 2099; x_wconf 87' lang='lat' dir='ltr'><strong>beatitudo</strong></span> <span class='ocrx_word' id='word_1_409' title='bbox 2973 2042 3257 2113; x_wconf 88' lang='lat' dir='ltr'><strong>discipuli,</strong></span> <span class='ocrx_word' id='word_1_410' title='bbox 3285 2056 3387 2099; x_wconf 90' lang='lat' dir='ltr'><strong>nec</strong></span> <span class='ocrx_word' id='word_1_411' title='bbox 3415 2042 3621 2100; x_wconf 79' lang='lat' dir='ltr'><strong>tardior</strong></span> <span class='ocrx_word' id='word_1_412' title='bbox 3660 2046 3749 2104; x_wconf 76' lang='lat' dir='ltr'><strong>est</strong></span> 
     </span>
    </p>
   </div>
   <div class='ocr_carea' id='block_1_65' title="bbox 2147 2135 2893 2203">
    <p class='ocr_par' dir='ltr' id='par_1_65' title="bbox 2147 2135 2893 2203">
     <span class='ocr_line' id='line_1_65' title="bbox 2147 2135 2893 2203; baseline -0.004 -9"><span class='ocrx_word' id='word_1_413' title='bbox 2147 2146 2331 2194; x_wconf 84' lang='lat' dir='ltr'><strong>secuta</strong></span> <span class='ocrx_word' id='word_1_414' title='bbox 2353 2136 2605 2192; x_wconf 85' lang='lat' dir='ltr'><strong>victoria.</strong></span> <span class='ocrx_word' id='word_1_415' title='bbox 2632 2135 2756 2203; x_wconf 88' lang='lat' dir='ltr'><strong>Per,</strong></span> <span class='ocrx_word' id='word_1_416' title='bbox 2788 2144 2893 2192; x_wconf 90' lang='lat' dir='ltr'><strong>etc.</strong></span> 
     </span>
    </p>
   </div>
   <div class='ocr_carea' id='block_1_66' title="bbox 2216 2227 3745 2299">
    <p class='ocr_par' dir='ltr' id='par_1_66' title="bbox 2216 2227 3745 2299">
     <span class='ocr_line' id='line_1_66' title="bbox 2216 2227 3745 2299; baseline 0.001 -14"><span class='ocrx_word' id='word_1_417' title='bbox 2216 2230 2309 2286; x_wconf 76' lang='grc' dir='ltr'><strong>Ν.</strong></span> <span class='ocrx_word' id='word_1_418' title='bbox 2333 2228 2466 2285; x_wconf 86' lang='lat' dir='ltr'><strong>Item</strong></span> <span class='ocrx_word' id='word_1_419' title='bbox 2487 2230 2611 2284; x_wconf 79' lang='lat' dir='ltr'><strong>alia.</strong></span> <span class='ocrx_word' id='word_1_420' title='bbox 2634 2258 2708 2270; x_wconf 92' lang='lat'><strong>—</strong></span> <span class='ocrx_word' id='word_1_421' title='bbox 2728 2227 2953 2293; x_wconf 78' lang='lat' dir='ltr'><strong>Adesto,</strong></span> <span class='ocrx_word' id='word_1_422' title='bbox 2986 2228 3237 2295; x_wconf 86' lang='lat' dir='ltr'><strong>Domine,</strong></span> <span class='ocrx_word' id='word_1_423' title='bbox 3261 2228 3745 2299; x_wconf 78' lang='lat' dir='ltr'><strong>supplicationibus</strong></span> 
     </span>
    </p>
   </div>
   <div class='ocr_carea' id='block_1_67' title="bbox 2144 2321 3745 2391">
    <p class='ocr_par' dir='ltr' id='par_1_67' title="bbox 2144 2321 3745 2391">
     <span class='ocr_line' id='line_1_67' title="bbox 2144 2321 3745 2391; baseline 0.001 -10"><span class='ocrx_word' id='word_1_424' title='bbox 2144 2325 2344 2381; x_wconf 90' lang='lat' dir='ltr'><strong>nostris</strong></span> <span class='ocrx_word' id='word_1_425' title='bbox 2367 2363 2383 2391; x_wconf 89' lang='lat'><strong>,</strong></span> <span class='ocrx_word' id='word_1_426' title='bbox 2427 2333 2481 2380; x_wconf 90' lang='lat' dir='ltr'><strong>et</strong></span> <span class='ocrx_word' id='word_1_427' title='bbox 2520 2321 2981 2379; x_wconf 90' lang='lat' dir='ltr'><strong>intercedentibus</strong></span> <span class='ocrx_word' id='word_1_428' title='bbox 3020 2321 3221 2378; x_wconf 82' lang='lat' dir='ltr'><strong>sanctis</strong></span> <span class='ocrx_word' id='word_1_429' title='bbox 3245 2323 3373 2389; x_wconf 83' lang='lat' dir='ltr'><strong>tuis,</strong></span> <span class='ocrx_word' id='word_1_430' title='bbox 3404 2322 3476 2377; x_wconf 89' lang='lat' dir='ltr'><strong>ab</strong></span> <span class='ocrx_word' id='word_1_431' title='bbox 3506 2321 3745 2382; x_wconf 79' lang='lat' dir='ltr'><strong>hostium</strong></span> 
     </span>
    </p>
   </div>
   <div class='ocr_carea' id='block_1_68' title="bbox 2144 2414 3381 2486">
    <p class='ocr_par' dir='ltr' id='par_1_68' title="bbox 2144 2414 3381 2486">
     <span class='ocr_line' id='line_1_68' title="bbox 2144 2414 3381 2486; baseline -0.005 -12"><span class='ocrx_word' id='word_1_432' title='bbox 2144 2431 2245 2474; x_wconf 84' lang='lat' dir='ltr'><strong>nos</strong></span> <span class='ocrx_word' id='word_1_433' title='bbox 2266 2415 2495 2473; x_wconf 87' lang='lat' dir='ltr'><strong>defende</strong></span> <span class='ocrx_word' id='word_1_434' title='bbox 2516 2415 2839 2486; x_wconf 83' lang='lat' dir='ltr'><strong>propitiatus</strong></span> <span class='ocrx_word' id='word_1_435' title='bbox 2859 2415 3101 2471; x_wconf 87' lang='lat' dir='ltr'><strong>incursu.</strong></span> <span class='ocrx_word' id='word_1_436' title='bbox 3126 2414 3250 2481; x_wconf 88' lang='lat' dir='ltr'><strong>Per,</strong></span> <span class='ocrx_word' id='word_1_437' title='bbox 3276 2422 3381 2470; x_wconf 89' lang='lat' dir='ltr'><strong>etc.</strong></span> 
     </span>
    </p>
   </div>
   <div class='ocr_carea' id='block_1_69' title="bbox 2215 2506 3742 2578">
    <p class='ocr_par' dir='ltr' id='par_1_69' title="bbox 2215 2506 3742 2578">
     <span class='ocr_line' id='line_1_69' title="bbox 2215 2506 3742 2578; baseline 0 -13"><span class='ocrx_word' id='word_1_438' title='bbox 2215 2510 2470 2578; x_wconf 88' lang='lat' dir='ltr'><strong>Suscipe,</strong></span> <span class='ocrx_word' id='word_1_439' title='bbox 2511 2508 2757 2573; x_wconf 87' lang='lat' dir='ltr'><strong>Domine,</strong></span> <span class='ocrx_word' id='word_1_440' title='bbox 2784 2522 3010 2563; x_wconf 87' lang='lat' dir='ltr'><strong>munera</strong></span> <span class='ocrx_word' id='word_1_441' title='bbox 3047 2506 3386 2576; x_wconf 81' lang='lat' dir='ltr'><strong>passionibus</strong></span> <span class='ocrx_word' id='word_1_442' title='bbox 3415 2517 3635 2564; x_wconf 90' lang='lat' dir='ltr'><strong>tuorum</strong></span> <span class='ocrx_word' id='word_1_443' title='bbox 3662 2506 3742 2565; x_wconf 65' lang='lat' dir='ltr'><strong>dio</strong></span> 
     </span>
    </p>
   </div>
   <div class='ocr_carea' id='block_1_70' title="bbox 2144 2602 3740 2672">
    <p class='ocr_par' dir='ltr' id='par_1_70' title="bbox 2144 2602 3740 2672">
     <span class='ocr_line' id='line_1_70' title="bbox 2144 2602 3740 2672; baseline 0.001 -14"><span class='ocrx_word' id='word_1_444' title='bbox 2144 2609 2263 2658; x_wconf 89' lang='lat' dir='ltr'><strong>cata</strong></span> <span class='ocrx_word' id='word_1_445' title='bbox 2288 2610 2597 2659; x_wconf 86' lang='lat' dir='ltr'><strong>sanctorum</strong></span> <span class='ocrx_word' id='word_1_446' title='bbox 2619 2642 2634 2667; x_wconf 93' lang='lat'><strong>,</strong></span> <span class='ocrx_word' id='word_1_447' title='bbox 2666 2610 2718 2657; x_wconf 89' lang='lat' dir='ltr'><strong>et</strong></span> <span class='ocrx_word' id='word_1_448' title='bbox 2742 2616 2866 2672; x_wconf 81' lang='lat' dir='ltr'><strong>quae</strong></span> <span class='ocrx_word' id='word_1_449' title='bbox 2892 2602 3000 2657; x_wconf 87' lang='lat' dir='ltr'><strong>illis</strong></span> <span class='ocrx_word' id='word_1_450' title='bbox 3030 2602 3173 2657; x_wconf 90' lang='lat' dir='ltr'><strong>inter</strong></span> <span class='ocrx_word' id='word_1_451' title='bbox 3200 2604 3610 2671; x_wconf 83' lang='lat' dir='ltr'><strong>persecutiones</strong></span> <span class='ocrx_word' id='word_1_452' title='bbox 3632 2605 3740 2659; x_wconf 81' lang='lat' dir='ltr'><strong>for-</strong></span> 
     </span>
    </p>
   </div>
   <div class='ocr_carea' id='block_1_71' title="bbox 2142 2694 3741 2766">
    <p class='ocr_par' dir='ltr' id='par_1_71' title="bbox 2142 2694 3741 2766">
     <span class='ocr_line' id='line_1_71' title="bbox 2142 2694 3741 2766; baseline 0.003 -14"><span class='ocrx_word' id='word_1_453' title='bbox 2142 2695 2423 2752; x_wconf 83' lang='lat' dir='ltr'><strong>titudinem</strong></span> <span class='ocrx_word' id='word_1_454' title='bbox 2448 2695 2843 2761; x_wconf 89' lang='lat' dir='ltr'><strong>ministrarunt,</strong></span> <span class='ocrx_word' id='word_1_455' title='bbox 2869 2694 3024 2752; x_wconf 90' lang='lat' dir='ltr'><strong>nobis</strong></span> <span class='ocrx_word' id='word_1_456' title='bbox 3045 2695 3324 2766; x_wconf 64' lang='lat' dir='ltr'><strong>praebeant</strong></span> <span class='ocrx_word' id='word_1_457' title='bbox 3347 2697 3489 2753; x_wconf 90' lang='lat' dir='ltr'><strong>inter</strong></span> <span class='ocrx_word' id='word_1_458' title='bbox 3509 2697 3741 2759; x_wconf 68' lang='lat' dir='ltr'><strong>adversa</strong></span> 
     </span>
    </p>
   </div>
   <div class='ocr_carea' id='block_1_72' title="bbox 2141 2788 2809 2853">
    <p class='ocr_par' dir='ltr' id='par_1_72' title="bbox 2141 2788 2809 2853">
     <span class='ocr_line' id='line_1_72' title="bbox 2141 2788 2809 2853; baseline -0.006 -7"><span class='ocrx_word' id='word_1_459' title='bbox 2141 2788 2528 2846; x_wconf 88' lang='lat' dir='ltr'><strong>constantiam.</strong></span> <span class='ocrx_word' id='word_1_460' title='bbox 2562 2788 2683 2853; x_wconf 84' lang='lat' dir='ltr'><strong>Per,</strong></span> <span class='ocrx_word' id='word_1_461' title='bbox 2702 2798 2809 2844; x_wconf 92' lang='lat' dir='ltr'><strong>etc.</strong></span> 
     </span>
    </p>
   </div>
   <div class='ocr_carea' id='block_1_73' title="bbox 2216 2879 3712 2952">
    <p class='ocr_par' dir='ltr' id='par_1_73' title="bbox 2216 2879 3712 2952">
     <span class='ocr_line' id='line_1_73' title="bbox 2216 2879 3712 2952; baseline -0.001 -15"><span class='ocrx_word' id='word_1_462' title='bbox 2216 2881 2359 2939; x_wconf 76' lang='lat' dir='ltr'><strong>Vere</strong></span> <span class='ocrx_word' id='word_1_463' title='bbox 2390 2881 2635 2951; x_wconf 86' lang='lat' dir='ltr'><strong>dignum.</strong></span> <span class='ocrx_word' id='word_1_464' title='bbox 2667 2880 2769 2949; x_wconf 83' lang='lat' dir='ltr'><strong>Qui</strong></span> <span class='ocrx_word' id='word_1_465' title='bbox 2809 2887 3055 2935; x_wconf 88' lang='lat' dir='ltr'><strong>sanctum</strong></span> <span class='ocrx_word' id='word_1_466' title='bbox 3084 2879 3313 2951; x_wconf 84' lang='lat' dir='ltr'><strong>Xystum</strong></span> <span class='ocrx_word' id='word_1_467' title='bbox 3340 2880 3485 2936; x_wconf 83' lang='lat' dir='ltr'><strong>sedis</strong></span> <span class='ocrx_word' id='word_1_468' title='bbox 3518 2888 3712 2952; x_wconf 87' lang='lat' dir='ltr'><strong>aposto</strong></span> 
     </span>
    </p>
   </div>
   <div class='ocr_carea' id='block_1_74' title="bbox 2140 2972 3741 3044">
    <p class='ocr_par' dir='ltr' id='par_1_74' title="bbox 2140 2972 3741 3044">
     <span class='ocr_line' id='line_1_74' title="bbox 2140 2972 3741 3044; baseline 0.001 -14"><span class='ocrx_word' id='word_1_469' title='bbox 2140 2974 2259 3030; x_wconf 86' lang='lat' dir='ltr'><strong>licae</strong></span> <span class='ocrx_word' id='word_1_470' title='bbox 2296 2973 2636 3030; x_wconf 80' lang='lat' dir='ltr'><strong>sacerdotem</strong></span> <span class='ocrx_word' id='word_1_471' title='bbox 2680 2972 2938 3028; x_wconf 91' lang='lat' dir='ltr'><strong>hodierna</strong></span> <span class='ocrx_word' id='word_1_472' title='bbox 2972 2974 3065 3029; x_wconf 90' lang='lat' dir='ltr'><strong>die</strong></span> <span class='ocrx_word' id='word_1_473' title='bbox 3111 2972 3252 3029; x_wconf 86' lang='lat' dir='ltr'><strong>felici</strong></span> <span class='ocrx_word' id='word_1_474' title='bbox 3285 2974 3548 3044; x_wconf 88' lang='lat' dir='ltr'><strong>martyrio</strong></span> <span class='ocrx_word' id='word_1_475' title='bbox 3577 2989 3741 3031; x_wconf 76' lang='lat' dir='ltr'><strong>coro-</strong></span> 
     </span>
    </p>
   </div>
   <div class='ocr_carea' id='block_1_75' title="bbox 2140 3063 3730 3136">
    <p class='ocr_par' dir='ltr' id='par_1_75' title="bbox 2140 3063 3730 3136">
     <span class='ocr_line' id='line_1_75' title="bbox 2140 3063 3730 3136; baseline -0.001 -15"><span class='ocrx_word' id='word_1_476' title='bbox 2140 3065 2300 3121; x_wconf 88' lang='lat' dir='ltr'><strong>nasti.</strong></span> <span class='ocrx_word' id='word_1_477' title='bbox 2343 3064 2449 3120; x_wconf 87' lang='lat' dir='ltr'><strong>Pro</strong></span> <span class='ocrx_word' id='word_1_478' title='bbox 2488 3063 2683 3136; x_wconf 86' lang='lat' dir='ltr'><strong>quibus</strong></span> <span class='ocrx_word' id='word_1_479' title='bbox 2722 3065 2976 3136; x_wconf 86' lang='lat' dir='ltr'><strong>operibus</strong></span> <span class='ocrx_word' id='word_1_480' title='bbox 3022 3065 3130 3121; x_wconf 86' lang='lat' dir='ltr'><strong>tuis</strong></span> <span class='ocrx_word' id='word_1_481' title='bbox 3174 3072 3331 3136; x_wconf 89' lang='lat' dir='ltr'><strong>atque</strong></span> <span class='ocrx_word' id='word_1_482' title='bbox 3368 3065 3690 3121; x_wconf 78' lang='lat' dir='ltr'><strong>muneribus</strong></span> <span class='ocrx_word' id='word_1_483' title='bbox 3713 3108 3730 3133; x_wconf 91' lang='lat'><strong>,</strong></span> 
     </span>
    </p>
   </div>
   <div class='ocr_carea' id='block_1_76' title="bbox 2137 3156 3729 3229">
    <p class='ocr_par' dir='ltr' id='par_1_76' title="bbox 2137 3156 3729 3229">
     <span class='ocr_line' id='line_1_76' title="bbox 2137 3156 3729 3229; baseline -0.001 -15"><span class='ocrx_word' id='word_1_484' title='bbox 2137 3157 2420 3228; x_wconf 87' lang='lat' dir='ltr'><strong>multiplici</strong></span> <span class='ocrx_word' id='word_1_485' title='bbox 2462 3158 2757 3229; x_wconf 84' lang='lat' dir='ltr'><strong>gratiarum</strong></span> <span class='ocrx_word' id='word_1_486' title='bbox 2806 3158 3020 3215; x_wconf 89' lang='lat' dir='ltr'><strong>actione</strong></span> <span class='ocrx_word' id='word_1_487' title='bbox 3056 3158 3331 3224; x_wconf 66' lang='lat' dir='ltr'><strong>laetantes,</strong></span> <span class='ocrx_word' id='word_1_488' title='bbox 3385 3156 3600 3215; x_wconf 79' lang='lat' dir='ltr'><strong>hostias</strong></span> <span class='ocrx_word' id='word_1_489' title='bbox 3637 3156 3729 3213; x_wconf 89' lang='lat' dir='ltr'><strong>tibi</strong></span> 
     </span>
    </p>
   </div>
   <div class='ocr_carea' id='block_1_77' title="bbox 2135 3249 2926 3316">
    <p class='ocr_par' dir='ltr' id='par_1_77' title="bbox 2135 3249 2926 3316">
     <span class='ocr_line' id='line_1_77' title="bbox 2135 3249 2926 3316; baseline 0 -10"><span class='ocrx_word' id='word_1_490' title='bbox 2135 3250 2309 3306; x_wconf 84' lang='lat' dir='ltr'><strong>laudis</strong></span> <span class='ocrx_word' id='word_1_491' title='bbox 2331 3249 2627 3306; x_wconf 75' lang='lat' dir='ltr'><strong>offerimus.</strong></span> <span class='ocrx_word' id='word_1_492' title='bbox 2658 3250 2787 3316; x_wconf 85' lang='lat' dir='ltr'><strong>Per,</strong></span> <span class='ocrx_word' id='word_1_493' title='bbox 2818 3258 2926 3307; x_wconf 89' lang='lat' dir='ltr'><strong>etc.</strong></span> 
     </span>
    </p>
   </div>
   <div class='ocr_carea' id='block_1_78' title="bbox 2209 3340 3712 3410">
    <p class='ocr_par' dir='ltr' id='par_1_78' title="bbox 2209 3340 3712 3410">
     <span class='ocr_line' id='line_1_78' title="bbox 2209 3340 3712 3410; baseline -0.003 -13"><span class='ocrx_word' id='word_1_494' title='bbox 2209 3341 2439 3397; x_wconf 83' lang='lat' dir='ltr'><strong>Prodest</strong></span> <span class='ocrx_word' id='word_1_495' title='bbox 2466 3341 2704 3410; x_wconf 87' lang='lat' dir='ltr'><strong>quidem,</strong></span> <span class='ocrx_word' id='word_1_496' title='bbox 2731 3340 2980 3407; x_wconf 89' lang='lat' dir='ltr'><strong>Domine,</strong></span> <span class='ocrx_word' id='word_1_497' title='bbox 3010 3340 3325 3395; x_wconf 85' lang='lat' dir='ltr'><strong>continuata</strong></span> <span class='ocrx_word' id='word_1_498' title='bbox 3352 3352 3573 3396; x_wconf 80' lang='lat' dir='ltr'><strong>censura</strong></span> <span class='ocrx_word' id='word_1_499' title='bbox 3594 3349 3712 3407; x_wconf 85' lang='lat' dir='ltr'><strong>pec—</strong></span> 
     </span>
    </p>
   </div>
   <div class='ocr_carea' id='block_1_79' title="bbox 2134 3429 3698 3503">
    <p class='ocr_par' dir='ltr' id='par_1_79' title="bbox 2134 3429 3698 3503">
     <span class='ocr_line' id='line_1_79' title="bbox 2134 3429 3698 3503; baseline -0.006 -13"><span class='ocrx_word' id='word_1_500' title='bbox 2134 3433 2401 3490; x_wconf 89' lang='lat' dir='ltr'><strong>cantibus.</strong></span> <span class='ocrx_word' id='word_1_501' title='bbox 2425 3430 2532 3489; x_wconf 80' lang='lat' dir='ltr'><strong>Sed</strong></span> <span class='ocrx_word' id='word_1_502' title='bbox 2557 3440 2906 3503; x_wconf 89' lang='lat' dir='ltr'><strong>temperetur,</strong></span> <span class='ocrx_word' id='word_1_503' title='bbox 2938 3446 3273 3503; x_wconf 66' lang='lat' dir='ltr'><strong>quaesumus,</strong></span> <span class='ocrx_word' id='word_1_504' title='bbox 3311 3442 3517 3487; x_wconf 81' lang='lat' dir='ltr'><strong>tuorum</strong></span> <span class='ocrx_word' id='word_1_505' title='bbox 3542 3429 3698 3483; x_wconf 87' lang='lat' dir='ltr'><strong>inter-</strong></span> 
     </span>
    </p>
   </div>
   <div class='ocr_carea' id='block_1_80' title="bbox 2135 3519 3715 3591">
    <p class='ocr_par' dir='ltr' id='par_1_80' title="bbox 2135 3519 3715 3591">
     <span class='ocr_line' id='line_1_80' title="bbox 2135 3519 3715 3591; baseline -0.004 -8"><span class='ocrx_word' id='word_1_506' title='bbox 2135 3526 2382 3583; x_wconf 86' lang='lat' dir='ltr'><strong>cessione</strong></span> <span class='ocrx_word' id='word_1_507' title='bbox 2408 3533 2748 3591; x_wconf 85' lang='lat' dir='ltr'><strong>sanctorum;</strong></span> <span class='ocrx_word' id='word_1_508' title='bbox 2787 3534 2846 3581; x_wconf 92' lang='lat' dir='ltr'><strong>ut</strong></span> <span class='ocrx_word' id='word_1_509' title='bbox 2880 3539 2988 3581; x_wconf 91' lang='lat' dir='ltr'><strong>non</strong></span> <span class='ocrx_word' id='word_1_510' title='bbox 3027 3525 3338 3581; x_wconf 84' lang='lat' dir='ltr'><strong>deficiamus</strong></span> <span class='ocrx_word' id='word_1_511' title='bbox 3372 3521 3593 3587; x_wconf 83' lang='lat' dir='ltr'><strong>infirmi,</strong></span> <span class='ocrx_word' id='word_1_512' title='bbox 3622 3519 3715 3576; x_wconf 85' lang='lat' dir='ltr'><strong>sed</strong></span> 
     </span>
    </p>
   </div>
   <div class='ocr_carea' id='block_1_81' title="bbox 2136 3614 3720 3690">
    <p class='ocr_par' dir='ltr' id='par_1_81' title="bbox 2136 3614 3720 3690">
     <span class='ocr_line' id='line_1_81' title="bbox 2136 3614 3720 3690; baseline -0.004 -15"><span class='ocrx_word' id='word_1_513' title='bbox 2136 3633 2235 3690; x_wconf 91' lang='lat' dir='ltr'><strong>per</strong></span> <span class='ocrx_word' id='word_1_514' title='bbox 2267 3628 2410 3675; x_wconf 89' lang='lat' dir='ltr'><strong>tuam</strong></span> <span class='ocrx_word' id='word_1_515' title='bbox 2446 3618 2675 3690; x_wconf 86' lang='lat' dir='ltr'><strong>gratiam</strong></span> <span class='ocrx_word' id='word_1_516' title='bbox 2706 3618 2974 3689; x_wconf 85' lang='lat' dir='ltr'><strong>possimus</strong></span> <span class='ocrx_word' id='word_1_517' title='bbox 3013 3632 3114 3675; x_wconf 91' lang='lat' dir='ltr'><strong>nos</strong></span> <span class='ocrx_word' id='word_1_518' title='bbox 3146 3618 3443 3676; x_wconf 81' lang='lat' dir='ltr'><strong>emendare</strong></span> <span class='ocrx_word' id='word_1_519' title='bbox 3474 3614 3720 3684; x_wconf 75' lang='lat' dir='ltr'><strong>correpti.</strong></span> 
     </span>
    </p>
   </div>
   <div class='ocr_carea' id='block_1_82' title="bbox 2136 3712 2398 3781">
    <p class='ocr_par' dir='ltr' id='par_1_82' title="bbox 2136 3712 2398 3781">
     <span class='ocr_line' id='line_1_82' title="bbox 2136 3712 2398 3781; baseline 0 -12"><span class='ocrx_word' id='word_1_520' title='bbox 2136 3712 2260 3781; x_wconf 81' lang='lat' dir='ltr'><strong>Per,</strong></span> <span class='ocrx_word' id='word_1_521' title='bbox 2292 3720 2398 3769; x_wconf 87' lang='lat' dir='ltr'><strong>etc.</strong></span> 
     </span>
    </p>
   </div>
   <div class='ocr_carea' id='block_1_83' title="bbox 2206 3799 3731 3876">
    <p class='ocr_par' dir='ltr' id='par_1_83' title="bbox 2206 3799 3731 3876">
     <span class='ocr_line' id='line_1_83' title="bbox 2206 3799 3731 3876; baseline -0.003 -16"><span class='ocrx_word' id='word_1_522' title='bbox 2206 3804 2486 3876; x_wconf 80' lang='lat' dir='ltr'><strong>Defende,</strong></span> <span class='ocrx_word' id='word_1_523' title='bbox 2517 3818 2860 3876; x_wconf 64' lang='lat' dir='ltr'><strong>quesnmus,</strong></span> <span class='ocrx_word' id='word_1_524' title='bbox 2901 3802 3159 3868; x_wconf 85' lang='lat' dir='ltr'><strong>Domine,</strong></span> <span class='ocrx_word' id='word_1_525' title='bbox 3193 3801 3408 3873; x_wconf 83' lang='lat' dir='ltr'><strong>plebem</strong></span> <span class='ocrx_word' id='word_1_526' title='bbox 3447 3810 3626 3869; x_wconf 91' lang='lat' dir='ltr'><strong>tuam,</strong></span> <span class='ocrx_word' id='word_1_527' title='bbox 3672 3799 3731 3856; x_wconf 73' lang='lat' dir='ltr'><strong>in</strong></span> 
     </span>
    </p>
   </div>
   <div class='ocr_carea' id='block_1_84' title="bbox 2137 3895 3732 3962">
    <p class='ocr_par' dir='ltr' id='par_1_84' title="bbox 2137 3895 3732 3962">
     <span class='ocr_line' id='line_1_84' title="bbox 2137 3895 3732 3962; baseline -0.004 -5"><span class='ocrx_word' id='word_1_528' title='bbox 2137 3900 2252 3958; x_wconf 86' lang='lat' dir='ltr'><strong>sola</strong></span> <span class='ocrx_word' id='word_1_529' title='bbox 2290 3908 2395 3956; x_wconf 78' lang='lat' dir='ltr'><strong>tute</strong></span> <span class='ocrx_word' id='word_1_530' title='bbox 2421 3898 2815 3955; x_wconf 75' lang='lat' dir='ltr'><strong>misericordia:</strong></span> <span class='ocrx_word' id='word_1_531' title='bbox 2842 3899 2999 3954; x_wconf 88' lang='lat' dir='ltr'><strong>venia</strong></span> <span class='ocrx_word' id='word_1_532' title='bbox 3029 3896 3432 3962; x_wconf 78' lang='lat' dir='ltr'><strong>conﬁdentem,</strong></span> <span class='ocrx_word' id='word_1_533' title='bbox 3471 3903 3528 3951; x_wconf 90' lang='lat' dir='ltr'><strong>et</strong></span> <span class='ocrx_word' id='word_1_534' title='bbox 3565 3895 3732 3950; x_wconf 85' lang='lat' dir='ltr'><strong>inter-</strong></span> 
     </span>
    </p>
   </div>
   <div class='ocr_carea' id='block_1_85' title="bbox 2137 3986 3736 4060">
    <p class='ocr_par' dir='ltr' id='par_1_85' title="bbox 2137 3986 3736 4060">
     <span class='ocr_line' id='line_1_85' title="bbox 2137 3986 3736 4060; baseline -0.003 -12"><span class='ocrx_word' id='word_1_535' title='bbox 2137 3991 2482 4049; x_wconf 81' lang='lat' dir='ltr'><strong>venientibus</strong></span> <span class='ocrx_word' id='word_1_536' title='bbox 2513 3990 2712 4046; x_wconf 92' lang='lat' dir='ltr'><strong>sanctis</strong></span> <span class='ocrx_word' id='word_1_537' title='bbox 2736 3989 2863 4056; x_wconf 91' lang='lat' dir='ltr'><strong>tuis,</strong></span> <span class='ocrx_word' id='word_1_538' title='bbox 2886 3987 3143 4060; x_wconf 90' lang='lat' dir='ltr'><strong>quidquid</strong></span> <span class='ocrx_word' id='word_1_539' title='bbox 3172 3986 3349 4044; x_wconf 90' lang='lat' dir='ltr'><strong>eidem</strong></span> <span class='ocrx_word' id='word_1_540' title='bbox 3377 3987 3609 4044; x_wconf 86' lang='lat' dir='ltr'><strong>debetur</strong></span> <span class='ocrx_word' id='word_1_541' title='bbox 3636 3999 3736 4055; x_wconf 88' lang='lat' dir='ltr'><strong>pro</strong></span> 
     </span>
    </p>
   </div>
   <div class='ocr_carea' id='block_1_86' title="bbox 2137 4076 3732 4156">
    <p class='ocr_par' dir='ltr' id='par_1_86' title="bbox 2137 4076 3732 4156">
     <span class='ocr_line' id='line_1_86' title="bbox 2137 4076 3732 4156; baseline -0.003 -16"><span class='ocrx_word' id='word_1_542' title='bbox 2137 4084 2489 4156; x_wconf 85' lang='lat' dir='ltr'><strong>castigatione</strong></span> <span class='ocrx_word' id='word_1_543' title='bbox 2530 4081 2747 4151; x_wconf 84' lang='lat' dir='ltr'><strong>delicti,</strong></span> <span class='ocrx_word' id='word_1_544' title='bbox 2779 4089 3025 4137; x_wconf 74' lang='lat' dir='ltr'><strong>transeat.</strong></span> <span class='ocrx_word' id='word_1_545' title='bbox 3054 4079 3125 4136; x_wconf 83' lang='lat' dir='ltr'><strong>ad</strong></span> <span class='ocrx_word' id='word_1_546' title='bbox 3166 4078 3556 4137; x_wconf 77' lang='lat' dir='ltr'><strong>consolationis</strong></span> <span class='ocrx_word' id='word_1_547' title='bbox 3599 4076 3732 4135; x_wconf 68' lang='grc' dir='ltr'><strong>οπε-</strong></span> 
     </span>
    </p>
   </div>
   <div class='ocr_carea' id='block_1_87' title="bbox 2138 4176 2595 4244">
    <p class='ocr_par' dir='ltr' id='par_1_87' title="bbox 2138 4176 2595 4244">
     <span class='ocr_line' id='line_1_87' title="bbox 2138 4176 2595 4244; baseline -0.004 -11"><span class='ocrx_word' id='word_1_548' title='bbox 2138 4186 2305 4233; x_wconf 82' lang='lat' dir='ltr'><strong>ctum.</strong></span> <span class='ocrx_word' id='word_1_549' title='bbox 2336 4176 2462 4244; x_wconf 87' lang='lat' dir='ltr'><strong>Per,</strong></span> <span class='ocrx_word' id='word_1_550' title='bbox 2487 4183 2595 4231; x_wconf 88' lang='lat' dir='ltr'><strong>etc.</strong></span> 
     </span>
    </p>
   </div>
   <div class='ocr_carea' id='block_1_88' title="bbox 2189 4263 3739 4341">
    <p class='ocr_par' dir='ltr' id='par_1_88' title="bbox 2189 4263 3739 4341">
     <span class='ocr_line' id='line_1_88' title="bbox 2189 4263 3739 4341; baseline -0.008 -12"><span class='ocrx_word' id='word_1_551' title='bbox 2189 4268 2321 4341; x_wconf 67' lang='grc' dir='ltr'><strong>,οε</strong></span> <span class='ocrx_word' id='word_1_552' title='bbox 2345 4266 2412 4324; x_wconf 73' lang='grc' dir='ltr'><strong>ν.</strong></span> <span class='ocrx_word' id='word_1_553' title='bbox 2450 4267 2585 4323; x_wconf 77' lang='lat' dir='ltr'><strong>Item</strong></span> <span class='ocrx_word' id='word_1_554' title='bbox 2612 4267 2738 4321; x_wconf 81' lang='lat' dir='ltr'><strong>alia.</strong></span> <span class='ocrx_word' id='word_1_555' title='bbox 2760 4294 2831 4306; x_wconf 89' lang='lat'>—</span> <span class='ocrx_word' id='word_1_556' title='bbox 2851 4264 3085 4334; x_wconf 83' lang='lat' dir='ltr'><strong>Adesto,</strong></span> <span class='ocrx_word' id='word_1_557' title='bbox 3130 4263 3387 4332; x_wconf 86' lang='lat' dir='ltr'><strong>Domine,</strong></span> <span class='ocrx_word' id='word_1_558' title='bbox 3432 4269 3739 4334; x_wconf 86' lang='lat' dir='ltr'><strong>martyrum</strong></span> 
     </span>
    </p>
   </div>
   <div class='ocr_carea' id='block_1_89' title="bbox 2136 4355 3745 4432">
    <p class='ocr_par' dir='ltr' id='par_1_89' title="bbox 2136 4355 3745 4432">
     <span class='ocr_line' id='line_1_89' title="bbox 2136 4355 3745 4432; baseline -0.004 -14"><span class='ocrx_word' id='word_1_559' title='bbox 2136 4361 2515 4432; x_wconf 88' lang='lat' dir='ltr'><strong>deprecatione</strong></span> <span class='ocrx_word' id='word_1_560' title='bbox 2544 4367 2875 4425; x_wconf 91' lang='lat' dir='ltr'><strong>sanctorum,</strong></span> <span class='ocrx_word' id='word_1_561' title='bbox 2905 4366 2960 4413; x_wconf 90' lang='lat' dir='ltr'><strong>et</strong></span> <span class='ocrx_word' id='word_1_562' title='bbox 2982 4372 3117 4429; x_wconf 91' lang='lat' dir='ltr'><strong>quos</strong></span> <span class='ocrx_word' id='word_1_563' title='bbox 3138 4356 3249 4427; x_wconf 84' lang='lat' dir='ltr'><strong>pati</strong></span> <span class='ocrx_word' id='word_1_564' title='bbox 3274 4370 3373 4427; x_wconf 87' lang='lat' dir='ltr'><strong>pro</strong></span> <span class='ocrx_word' id='word_1_565' title='bbox 3400 4364 3494 4411; x_wconf 90' lang='lat' dir='ltr'><strong>tuo</strong></span> <span class='ocrx_word' id='word_1_566' title='bbox 3513 4355 3745 4412; x_wconf 77' lang='lat' dir='ltr'><strong>nomine</strong></span> 
     </span>
    </p>
   </div>
   <div class='ocr_carea' id='block_1_90' title="bbox 2138 4447 3571 4523">
    <p class='ocr_par' dir='ltr' id='par_1_90' title="bbox 2138 4447 3571 4523">
     <span class='ocr_line' id='line_1_90' title="bbox 2138 4447 3571 4523; baseline -0.008 -10"><span class='ocrx_word' id='word_1_567' title='bbox 2138 4454 2397 4523; x_wconf 85' lang='lat' dir='ltr'><strong>tribuisti,</strong></span> <span class='ocrx_word' id='word_1_568' title='bbox 2427 4453 2517 4510; x_wconf 87' lang='lat' dir='ltr'><strong>fac</strong></span> <span class='ocrx_word' id='word_1_569' title='bbox 2544 4452 2656 4509; x_wconf 88' lang='lat' dir='ltr'><strong>tuis</strong></span> <span class='ocrx_word' id='word_1_570' title='bbox 2686 4450 2938 4508; x_wconf 83' lang='lat' dir='ltr'><strong>fidelibus</strong></span> <span class='ocrx_word' id='word_1_571' title='bbox 2965 4449 3266 4521; x_wconf 81' lang='lat' dir='ltr'><strong>suflragari.</strong></span> <span class='ocrx_word' id='word_1_572' title='bbox 3298 4447 3424 4514; x_wconf 86' lang='lat' dir='ltr'><strong>Per,</strong></span> <span class='ocrx_word' id='word_1_573' title='bbox 3454 4453 3571 4503; x_wconf 86' lang='lat' dir='ltr'><strong>etc.</strong></span> 
     </span>
    </p>
   </div>
   <div class='ocr_carea' id='block_1_91' title="bbox 438 4527 3743 4642">
    <p class='ocr_par' dir='ltr' id='par_1_91' title="bbox 438 4527 3743 4642">
     <span class='ocr_line' id='line_1_91' title="bbox 438 4527 3743 4642; baseline 0.001 -46"><span class='ocrx_word' id='word_1_574' title='bbox 438 4527 587 4597; x_wconf 75' lang='lat' dir='ltr'><strong>diem</strong></span> <span class='ocrx_word' id='word_1_575' title='bbox 626 4542 896 4613; x_wconf 83' lang='lat' dir='ltr'><strong>intrepida</strong></span> <span class='ocrx_word' id='word_1_576' title='bbox 927 4547 1140 4602; x_wconf 72' lang='lat' dir='ltr'><strong>cervice</strong></span> <span class='ocrx_word' id='word_1_577' title='bbox 1178 4547 1439 4617; x_wconf 85' lang='lat' dir='ltr'><strong>suscepit,</strong></span> <span class='ocrx_word' id='word_1_578' title='bbox 1470 4548 1712 4619; x_wconf 86' lang='lat' dir='ltr'><strong>gaudens</strong></span> <span class='ocrx_word' id='word_1_579' title='bbox 1746 4562 1845 4619; x_wconf 87' lang='lat' dir='ltr'><strong>pro</strong></span> <span class='ocrx_word' id='word_1_580' title='bbox 1876 4527 1943 4605; x_wconf 87' lang='lat' dir='ltr'><strong>eo</strong></span> <span class='ocrx_word' id='word_1_581' title='bbox 1971 4560 2031 4606; x_wconf 85' lang='lat' dir='ltr'><strong>se</strong></span> <span class='ocrx_word' id='word_1_582' title='bbox 2055 4579 2114 4642; x_wconf 70' lang='grc' dir='ltr'><strong><em>υ</em></strong></span> <span class='ocrx_word' id='word_1_583' title='bbox 2211 4552 2470 4607; x_wconf 86' lang='lat' dir='ltr'><strong>Dominus</strong></span> <span class='ocrx_word' id='word_1_584' title='bbox 2498 4550 2643 4605; x_wconf 89' lang='lat' dir='ltr'><strong>Deus</strong></span> <span class='ocrx_word' id='word_1_585' title='bbox 2674 4556 2879 4615; x_wconf 90' lang='lat' dir='ltr'><strong>noster,</strong></span> <span class='ocrx_word' id='word_1_586' title='bbox 2906 4547 3012 4604; x_wconf 88' lang='lat' dir='ltr'><strong>tuis</strong></span> <span class='ocrx_word' id='word_1_587' title='bbox 3040 4560 3140 4603; x_wconf 91' lang='lat' dir='ltr'><strong>nos</strong></span> <span class='ocrx_word' id='word_1_588' title='bbox 3168 4544 3392 4617; x_wconf 83' lang='lat' dir='ltr'><strong>purifica</strong></span> <span class='ocrx_word' id='word_1_589' title='bbox 3421 4557 3743 4600; x_wconf 86' lang='lat' dir='ltr'><strong>sacramen-</strong></span> 
     </span>
    </p>
   </div>
   <div class='ocr_carea' id='block_1_92' title="bbox 438 4636 2024 4713">
    <p class='ocr_par' dir='ltr' id='par_1_92' title="bbox 438 4636 2024 4713">
     <span class='ocr_line' id='line_1_92' title="bbox 438 4636 2024 4713; baseline 0.004 -23"><span class='ocrx_word' id='word_1_590' title='bbox 438 4636 616 4706; x_wconf 88' lang='lat' dir='ltr'><strong>capite</strong></span> <span class='ocrx_word' id='word_1_591' title='bbox 651 4639 913 4708; x_wconf 83' lang='lat' dir='ltr'><strong>truncari,</strong></span> <span class='ocrx_word' id='word_1_592' title='bbox 936 4654 967 4694; x_wconf 91' lang='lat' dir='ltr'><strong>a</strong></span> <span class='ocrx_word' id='word_1_593' title='bbox 1002 4655 1111 4712; x_wconf 88' lang='lat' dir='ltr'><strong>quo</strong></span> <span class='ocrx_word' id='word_1_594' title='bbox 1140 4646 1247 4697; x_wconf 82' lang='lat' dir='ltr'><strong>non</strong></span> <span class='ocrx_word' id='word_1_595' title='bbox 1276 4642 1447 4713; x_wconf 70' lang='lat' dir='ltr'><strong>poesit</strong></span> <span class='ocrx_word' id='word_1_596' title='bbox 1473 4640 1736 4700; x_wconf 81' lang='lat' dir='ltr'><strong>abscindi.</strong></span> <span class='ocrx_word' id='word_1_597' title='bbox 1767 4642 1891 4710; x_wconf 81' lang='lat' dir='ltr'><strong>Per,</strong></span> <span class='ocrx_word' id='word_1_598' title='bbox 1918 4650 2024 4699; x_wconf 88' lang='lat' dir='ltr'><strong>etc.</strong></span> 
     </span>
    </p>
   </div>
   <div class='ocr_carea' id='block_1_93' title="bbox 510 4726 2031 4806">
    <p class='ocr_par' dir='ltr' id='par_1_93' title="bbox 510 4726 2031 4806">
     <span class='ocr_line' id='line_1_93' title="bbox 510 4726 2031 4806; baseline 0.003 -21"><span class='ocrx_word' id='word_1_599' title='bbox 510 4726 600 4785; x_wconf 80' lang='lat' dir='ltr'><strong>Hi.</strong></span> <span class='ocrx_word' id='word_1_600' title='bbox 627 4726 764 4786; x_wconf 77' lang='lat' dir='ltr'><strong>Item</strong></span> <span class='ocrx_word' id='word_1_601' title='bbox 785 4732 912 4789; x_wconf 80' lang='lat' dir='ltr'><strong>alia.</strong></span> <span class='ocrx_word' id='word_1_602' title='bbox 933 4762 1006 4773; x_wconf 93' lang='lat'><strong><em>—</em></strong></span> <span class='ocrx_word' id='word_1_603' title='bbox 1025 4726 1245 4803; x_wconf 82' lang='lat' dir='ltr'><strong>Tribue,</strong></span> <span class='ocrx_word' id='word_1_604' title='bbox 1277 4744 1607 4806; x_wconf 72' lang='lat' dir='ltr'><strong>quaesumus,</strong></span> <span class='ocrx_word' id='word_1_605' title='bbox 1632 4734 1880 4802; x_wconf 90' lang='lat' dir='ltr'><strong>Domine,</strong></span> <span class='ocrx_word' id='word_1_606' title='bbox 1904 4749 2031 4791; x_wconf 88' lang='lat' dir='ltr'><strong>san-</strong></span> 
     </span>
    </p>
   </div>
   <div class='ocr_carea' id='block_1_94' title="bbox 439 4825 2032 4901">
    <p class='ocr_par' dir='ltr' id='par_1_94' title="bbox 439 4825 2032 4901">
     <span class='ocr_line' id='line_1_94' title="bbox 439 4825 2032 4901; baseline 0.004 -21"><span class='ocrx_word' id='word_1_607' title='bbox 439 4831 557 4881; x_wconf 83' lang='lat' dir='ltr'><strong>etes</strong></span> <span class='ocrx_word' id='word_1_608' title='bbox 587 4832 708 4881; x_wconf 91' lang='lat' dir='ltr'><strong>tuos</strong></span> <span class='ocrx_word' id='word_1_609' title='bbox 736 4834 788 4882; x_wconf 89' lang='lat' dir='ltr'><strong>et</strong></span> <span class='ocrx_word' id='word_1_610' title='bbox 813 4825 1012 4900; x_wconf 76' lang='lat' dir='ltr'><strong>iugiter</strong></span> <span class='ocrx_word' id='word_1_611' title='bbox 1040 4842 1198 4887; x_wconf 91' lang='lat' dir='ltr'><strong>orare</strong></span> <span class='ocrx_word' id='word_1_612' title='bbox 1227 4844 1327 4901; x_wconf 88' lang='lat' dir='ltr'><strong>pro</strong></span> <span class='ocrx_word' id='word_1_613' title='bbox 1356 4830 1513 4888; x_wconf 90' lang='lat' dir='ltr'><strong>nobis</strong></span> <span class='ocrx_word' id='word_1_614' title='bbox 1531 4871 1550 4899; x_wconf 93' lang='lat'><strong>,</strong></span> <span class='ocrx_word' id='word_1_615' title='bbox 1586 4837 1644 4887; x_wconf 91' lang='lat' dir='ltr'><strong>et</strong></span> <span class='ocrx_word' id='word_1_616' title='bbox 1680 4844 1896 4901; x_wconf 86' lang='lat' dir='ltr'><strong>semper</strong></span> <span class='ocrx_word' id='word_1_617' title='bbox 1920 4829 2032 4887; x_wconf 90' lang='lat' dir='ltr'><strong>cle-</strong></span> 
     </span>
    </p>
   </div>
   <div class='ocr_carea' id='block_1_95' title="bbox 439 4919 1143 4991">
    <p class='ocr_par' dir='ltr' id='par_1_95' title="bbox 439 4919 1143 4991">
     <span class='ocr_line' id='line_1_95' title="bbox 439 4919 1143 4991; baseline 0 -14"><span class='ocrx_word' id='word_1_618' title='bbox 439 4925 651 4977; x_wconf 85' lang='lat' dir='ltr'><strong>menter</strong></span> <span class='ocrx_word' id='word_1_619' title='bbox 669 4920 864 4976; x_wconf 87' lang='lat' dir='ltr'><strong>audiri.</strong></span> <span class='ocrx_word' id='word_1_620' title='bbox 888 4919 1013 4991; x_wconf 88' lang='lat' dir='ltr'><strong>Per,</strong></span> <span class='ocrx_word' id='word_1_621' title='bbox 1035 4931 1143 4979; x_wconf 91' lang='lat' dir='ltr'><strong>etc.</strong></span> 
     </span>
    </p>
   </div>
   <div class='ocr_carea' id='block_1_96' title="bbox 507 5012 2031 5089">
    <p class='ocr_par' dir='ltr' id='par_1_96' title="bbox 507 5012 2031 5089">
     <span class='ocr_line' id='line_1_96' title="bbox 507 5012 2031 5089; baseline 0.001 -18"><span class='ocrx_word' id='word_1_622' title='bbox 507 5015 618 5087; x_wconf 73' lang='lat'><strong>85</strong></span> <span class='ocrx_word' id='word_1_623' title='bbox 646 5012 845 5073; x_wconf 86' lang='lat' dir='ltr'><strong>Sancta</strong></span> <span class='ocrx_word' id='word_1_624' title='bbox 869 5024 958 5073; x_wconf 89' lang='lat' dir='ltr'><strong>tua</strong></span> <span class='ocrx_word' id='word_1_625' title='bbox 988 5016 1174 5087; x_wconf 88' lang='lat' dir='ltr'><strong>nobis,</strong></span> <span class='ocrx_word' id='word_1_626' title='bbox 1206 5016 1466 5084; x_wconf 87' lang='lat' dir='ltr'><strong>Domine,</strong></span> <span class='ocrx_word' id='word_1_627' title='bbox 1495 5030 1835 5089; x_wconf 61' lang='lat' dir='ltr'><strong>quassumus,</strong></span> <span class='ocrx_word' id='word_1_628' title='bbox 1865 5016 2031 5072; x_wconf 87' lang='lat' dir='ltr'><strong>inter-</strong></span> 
     </span>
    </p>
   </div>
   <div class='ocr_carea' id='block_1_97' title="bbox 439 5108 2030 5182">
    <p class='ocr_par' dir='ltr' id='par_1_97' title="bbox 439 5108 2030 5182">
     <span class='ocr_line' id='line_1_97' title="bbox 439 5108 2030 5182; baseline 0.001 -19"><span class='ocrx_word' id='word_1_629' title='bbox 439 5108 783 5165; x_wconf 80' lang='lat' dir='ltr'><strong>venientibus</strong></span> <span class='ocrx_word' id='word_1_630' title='bbox 811 5110 902 5181; x_wconf 86' lang='lat' dir='ltr'><strong>qui</strong></span> <span class='ocrx_word' id='word_1_631' title='bbox 930 5110 1026 5167; x_wconf 91' lang='lat' dir='ltr'><strong>tibi</strong></span> <span class='ocrx_word' id='word_1_632' title='bbox 1054 5110 1308 5182; x_wconf 88' lang='lat' dir='ltr'><strong>placuere</strong></span> <span class='ocrx_word' id='word_1_633' title='bbox 1329 5156 1343 5181; x_wconf 93' lang='lat'><strong>,</strong></span> <span class='ocrx_word' id='word_1_634' title='bbox 1374 5111 1660 5182; x_wconf 83' lang='lat' dir='ltr'><strong>proﬁciant</strong></span> <span class='ocrx_word' id='word_1_635' title='bbox 1686 5110 1755 5166; x_wconf 86' lang='lat' dir='ltr'><strong>ad</strong></span> <span class='ocrx_word' id='word_1_636' title='bbox 1777 5110 2030 5176; x_wconf 86' lang='lat' dir='ltr'><strong>salutem,</strong></span> 
     </span>
    </p>
   </div>
   <div class='ocr_carea' id='block_1_98' title="bbox 440 5210 2037 5283">
    <p class='ocr_par' dir='ltr' id='par_1_98' title="bbox 440 5210 2037 5283">
     <span class='ocr_line' id='line_1_98' title="bbox 440 5210 2037 5283; baseline 0.001 -21"><span class='ocrx_word' id='word_1_637' title='bbox 440 5216 543 5262; x_wconf 91' lang='lat' dir='ltr'><strong>nec</strong></span> <span class='ocrx_word' id='word_1_638' title='bbox 588 5214 768 5265; x_wconf 90' lang='lat' dir='ltr'><strong>reatus</strong></span> <span class='ocrx_word' id='word_1_639' title='bbox 810 5210 1154 5268; x_wconf 85' lang='lat' dir='ltr'><strong>mortalitatis</strong></span> <span class='ocrx_word' id='word_1_640' title='bbox 1196 5212 1388 5270; x_wconf 91' lang='lat' dir='ltr'><strong>reddat</strong></span> <span class='ocrx_word' id='word_1_641' title='bbox 1445 5211 1726 5283; x_wconf 86' lang='lat' dir='ltr'><strong>indignos,</strong></span> <span class='ocrx_word' id='word_1_642' title='bbox 1774 5222 1910 5282; x_wconf 86' lang='lat' dir='ltr'><strong>quos</strong></span> <span class='ocrx_word' id='word_1_643' title='bbox 1946 5214 2037 5265; x_wconf 90' lang='lat' dir='ltr'><strong>tua</strong></span> 
     </span>
    </p>
   </div>
   <div class='ocr_carea' id='block_1_99' title="bbox 516 5462 2029 5536">
    <p class='ocr_par' dir='ltr' id='par_1_99' title="bbox 516 5462 2029 5536">
     <span class='ocr_line' id='line_1_99' title="bbox 516 5462 2029 5536; baseline -0.004 -13"><span class='ocrx_word' id='word_1_644' title='bbox 516 5474 545 5505; x_wconf 72' lang='grc' dir='ltr'>ι</span> <span class='ocrx_word' id='word_1_645' title='bbox 571 5467 791 5536; x_wconf 86' lang='lat' dir='ltr'><strong>Legitur</strong></span> <span class='ocrx_word' id='word_1_646' title='bbox 819 5468 870 5524; x_wconf 87' lang='lat' dir='ltr'><strong>in</strong></span> <span class='ocrx_word' id='word_1_647' title='bbox 897 5466 1139 5525; x_wconf 87' lang='lat' dir='ltr'><strong>Sacram.</strong></span> <span class='ocrx_word' id='word_1_648' title='bbox 1162 5466 1325 5535; x_wconf 82' lang='lat' dir='ltr'><strong>Greg.</strong></span> <span class='ocrx_word' id='word_1_649' title='bbox 1356 5466 1618 5530; x_wconf 73' lang='lat' dir='ltr'><strong>Menardi,</strong></span> <span class='ocrx_word' id='word_1_650' title='bbox 1646 5475 1700 5521; x_wconf 90' lang='lat' dir='ltr'><strong>et</strong></span> <span class='ocrx_word' id='word_1_651' title='bbox 1734 5465 1787 5521; x_wconf 90' lang='lat' dir='ltr'><strong>in</strong></span> <span class='ocrx_word' id='word_1_652' title='bbox 1827 5462 2029 5520; x_wconf 72' lang='lat' dir='ltr'><strong>Missali</strong></span> 
     </span>
    </p>
   </div>
   <div class='ocr_carea' id='block_1_100' title="bbox 441 5532 1926 5609">
    <p class='ocr_par' dir='ltr' id='par_1_100' title="bbox 441 5532 1926 5609">
     <span class='ocr_line' id='line_1_100' title="bbox 441 5532 1926 5609; baseline 0.001 -19"><span class='ocrx_word' id='word_1_653' title='bbox 441 5532 603 5609; x_wconf 59' lang='lat' dir='ltr'><strong>Rom.</strong></span> <span class='ocrx_word' id='word_1_654' title='bbox 633 5532 721 5609; x_wconf 74' lang='lat' dir='ltr'><strong>die</strong></span> <span class='ocrx_word' id='word_1_655' title='bbox 745 5540 814 5595; x_wconf 72' lang='lat'><strong>27</strong></span> <span class='ocrx_word' id='word_1_656' title='bbox 839 5540 989 5609; x_wconf 86' lang='lat' dir='ltr'><strong>Sept.</strong></span> <span class='ocrx_word' id='word_1_657' title='bbox 1014 5539 1183 5595; x_wconf 88' lang='lat' dir='ltr'><strong>Natali</strong></span> <span class='ocrx_word' id='word_1_658' title='bbox 1206 5532 1305 5595; x_wconf 51' lang='lat' dir='ltr'><strong>SS&#39;.</strong></span> <span class='ocrx_word' id='word_1_659' title='bbox 1334 5539 1547 5595; x_wconf 69' lang='lat' dir='ltr'><strong>Cosmus</strong></span> <span class='ocrx_word' id='word_1_660' title='bbox 1575 5546 1631 5593; x_wconf 92' lang='lat' dir='ltr'><strong>et</strong></span> <span class='ocrx_word' id='word_1_661' title='bbox 1648 5536 1926 5609; x_wconf 83' lang='lat' dir='ltr'><strong>Damiani_.</strong></span> 
     </span>
    </p>
   </div>
   <div class='ocr_carea' id='block_1_101' title="bbox 515 5605 2031 5680">
    <p class='ocr_par' dir='ltr' id='par_1_101' title="bbox 515 5605 2031 5680">
     <span class='ocr_line' id='line_1_101' title="bbox 515 5605 2031 5680; baseline -0.003 -17"><span class='ocrx_word' id='word_1_662' title='bbox 515 5607 543 5646; x_wconf 73' lang='grc' dir='ltr'>δ</span> <span class='ocrx_word' id='word_1_663' title='bbox 584 5607 640 5663; x_wconf 87' lang='lat' dir='ltr'><strong>In</strong></span> <span class='ocrx_word' id='word_1_664' title='bbox 676 5605 927 5680; x_wconf 48' lang='lat' dir='ltr'><strong>lndiculo&#39;</strong></span> <span class='ocrx_word' id='word_1_665' title='bbox 953 5611 1314 5676; x_wconf 84' lang='lat' dir='ltr'><strong>Bucheriano,</strong></span> <span class='ocrx_word' id='word_1_666' title='bbox 1352 5626 1445 5665; x_wconf 85' lang='lat' dir='ltr'><strong>vttt</strong></span> <span class='ocrx_word' id='word_1_667' title='bbox 1475 5610 1591 5663; x_wconf 78' lang='lat' dir='ltr'><strong>idus</strong></span> <span class='ocrx_word' id='word_1_668' title='bbox 1621 5607 1840 5680; x_wconf 78' lang='lat' dir='ltr'><strong>Augusti</strong></span> <span class='ocrx_word' id='word_1_669' title='bbox 1874 5605 2031 5680; x_wconf 63' lang='lat' dir='ltr'><strong>Xysti</strong></span> 
     </span>
    </p>
   </div>
   <div class='ocr_carea' id='block_1_102' title="bbox 442 5677 2031 5755">
    <p class='ocr_par' dir='ltr' id='par_1_102' title="bbox 442 5677 2031 5755">
     <span class='ocr_line' id='line_1_102' title="bbox 442 5677 2031 5755; baseline -0.004 -20"><span class='ocrx_word' id='word_1_670' title='bbox 442 5692 593 5751; x_wconf 74' lang='lat' dir='ltr'><strong>papa:</strong></span> <span class='ocrx_word' id='word_1_671' title='bbox 619 5681 673 5733; x_wconf 85' lang='lat' dir='ltr'><strong>in</strong></span> <span class='ocrx_word' id='word_1_672' title='bbox 715 5678 917 5755; x_wconf 65' lang='lat' dir='ltr'><strong>Callisti</strong></span> <span class='ocrx_word' id='word_1_673' title='bbox 936 5754 939 5755; x_wconf 15' lang='grc' dir='ltr'><em>ν</em></span> <span class='ocrx_word' id='word_1_674' title='bbox 959 5692 1006 5737; x_wconf 89' lang='lat' dir='ltr'><strong>et</strong></span> <span class='ocrx_word' id='word_1_675' title='bbox 1020 5682 1338 5755; x_wconf 75' lang='lat' dir='ltr'><strong>_Pr¢etextati</strong></span> <span class='ocrx_word' id='word_1_676' title='bbox 1369 5682 1604 5755; x_wconf 85' lang='lat' dir='ltr'><strong>(corrige</strong></span> <span class='ocrx_word' id='word_1_677' title='bbox 1634 5677 1931 5755; x_wconf 39' lang='lat' dir='ltr'><strong>cgnostro</strong></span> <span class='ocrx_word' id='word_1_678' title='bbox 1958 5677 2031 5755; x_wconf 69' lang='lat' dir='ltr'><strong>Sa</strong></span> 
     </span>
    </p>
   </div>
   <div class='ocr_carea' id='block_1_103' title="bbox 444 5747 2105 5833">
    <p class='ocr_par' dir='ltr' id='par_1_103' title="bbox 444 5747 2105 5833">
     <span class='ocr_line' id='line_1_103' title="bbox 444 5747 2105 5833; baseline -0.002 -24"><span class='ocrx_word' id='word_1_679' title='bbox 444 5747 825 5824; x_wconf 70' lang='lat' dir='ltr'><strong>crementario,</strong></span> <span class='ocrx_word' id='word_1_680' title='bbox 846 5760 907 5828; x_wconf 33' lang='lat' dir='ltr'><strong>et.</strong></span> <span class='ocrx_word' id='word_1_681' title='bbox 926 5754 982 5811; x_wconf 81' lang='lat' dir='ltr'><strong>in</strong></span> <span class='ocrx_word' id='word_1_682' title='bbox 1010 5752 1357 5829; x_wconf 68' lang='lat' dir='ltr'><strong>Prteteatatt&#39;),</strong></span> <span class='ocrx_word' id='word_1_683' title='bbox 1376 5747 1590 5826; x_wconf 69' lang='lat' dir='ltr'><strong>‘Agapi&#39;ti</strong></span> <span class='ocrx_word' id='word_1_684' title='bbox 1609 5760 1659 5812; x_wconf 75' lang='lat' dir='ltr'><strong>et</strong></span> <span class='ocrx_word' id='word_1_685' title='bbox 1689 5747 2023 5810; x_wconf 66' lang='lat' dir='ltr'><strong>Felicissimi.</strong></span> <span class='ocrx_word' id='word_1_686' title='bbox 2054 5818 2105 5833; x_wconf 26' lang='lat' dir='ltr'>ﬂ</span> 
     </span>
    </p>
   </div>
   <div class='ocr_carea' id='block_1_104' title="bbox 2138 4637 3749 4713">
    <p class='ocr_par' dir='ltr' id='par_1_104' title="bbox 2138 4637 3749 4713">
     <span class='ocr_line' id='line_1_104' title="bbox 2138 4637 3749 4713; baseline -0.005 -10"><span class='ocrx_word' id='word_1_687' title='bbox 2138 4646 2208 4703; x_wconf 90' lang='lat' dir='ltr'><strong>tis</strong></span> <span class='ocrx_word' id='word_1_688' title='bbox 2248 4654 2301 4701; x_wconf 91' lang='lat' dir='ltr'><strong>et</strong></span> <span class='ocrx_word' id='word_1_689' title='bbox 2340 4656 2567 4713; x_wconf 88' lang='lat' dir='ltr'><strong>quorum</strong></span> <span class='ocrx_word' id='word_1_690' title='bbox 2613 4656 2714 4698; x_wconf 89' lang='lat' dir='ltr'><strong>nos</strong></span> <span class='ocrx_word' id='word_1_691' title='bbox 2752 4642 2945 4698; x_wconf 83' lang='lat' dir='ltr'><strong>tribuis</strong></span> <span class='ocrx_word' id='word_1_692' title='bbox 2984 4641 3248 4696; x_wconf 89' lang='lat' dir='ltr'><strong>interesse</strong></span> <span class='ocrx_word' id='word_1_693' title='bbox 3277 4637 3589 4710; x_wconf 86' lang='lat' dir='ltr'><strong>mysteriis,</strong></span> <span class='ocrx_word' id='word_1_694' title='bbox 3617 4653 3749 4695; x_wconf 85' lang='lat' dir='ltr'><strong>con-</strong></span> 
     </span>
    </p>
   </div>
   <div class='ocr_carea' id='block_1_105' title="bbox 2138 4731 3415 4806">
    <p class='ocr_par' dir='ltr' id='par_1_105' title="bbox 2138 4731 3415 4806">
     <span class='ocr_line' id='line_1_105' title="bbox 2138 4731 3415 4806; baseline -0.009 -9"><span class='ocrx_word' id='word_1_695' title='bbox 2138 4739 2274 4797; x_wconf 90' lang='lat' dir='ltr'><strong>cede</strong></span> <span class='ocrx_word' id='word_1_696' title='bbox 2295 4735 2550 4793; x_wconf 91' lang='lat' dir='ltr'><strong>remediis</strong></span> <span class='ocrx_word' id='word_1_697' title='bbox 2570 4735 2806 4806; x_wconf 88' lang='lat' dir='ltr'><strong>gaudere</strong></span> <span class='ocrx_word' id='word_1_698' title='bbox 2832 4732 3125 4804; x_wconf 90' lang='lat' dir='ltr'><strong>perpetuis.</strong></span> <span class='ocrx_word' id='word_1_699' title='bbox 3154 4731 3278 4799; x_wconf 89' lang='lat' dir='ltr'><strong>Per,</strong></span> <span class='ocrx_word' id='word_1_700' title='bbox 3306 4739 3415 4787; x_wconf 85' lang='lat' dir='ltr'><strong>etc.</strong></span> 
     </span>
    </p>
   </div>
   <div class='ocr_carea' id='block_1_106' title="bbox 2213 4822 3744 4900">
    <p class='ocr_par' dir='ltr' id='par_1_106' title="bbox 2213 4822 3744 4900">
     <span class='ocr_line' id='line_1_106' title="bbox 2213 4822 3744 4900; baseline -0.006 -13"><span class='ocrx_word' id='word_1_701' title='bbox 2213 4832 2357 4888; x_wconf 81' lang='lat' dir='ltr'><strong>Vere</strong></span> <span class='ocrx_word' id='word_1_702' title='bbox 2382 4830 2624 4900; x_wconf 89' lang='lat' dir='ltr'><strong>dignum.</strong></span> <span class='ocrx_word' id='word_1_703' title='bbox 2648 4827 2769 4883; x_wconf 87' lang='lat' dir='ltr'><strong>Tibi</strong></span> <span class='ocrx_word' id='word_1_704' title='bbox 2806 4828 2950 4883; x_wconf 91' lang='lat' dir='ltr'><strong>enim</strong></span> <span class='ocrx_word' id='word_1_705' title='bbox 2977 4824 3167 4881; x_wconf 89' lang='lat' dir='ltr'><strong>festiva</strong></span> <span class='ocrx_word' id='word_1_706' title='bbox 3196 4822 3511 4879; x_wconf 89' lang='lat' dir='ltr'><strong>solemnitas</strong></span> <span class='ocrx_word' id='word_1_707' title='bbox 3537 4823 3744 4894; x_wconf 81' lang='lat' dir='ltr'><strong>agitur,</strong></span> 
     </span>
    </p>
   </div>
   <div class='ocr_carea' id='block_1_107' title="bbox 2140 4913 3745 4988">
    <p class='ocr_par' dir='ltr' id='par_1_107' title="bbox 2140 4913 3745 4988">
     <span class='ocr_line' id='line_1_107' title="bbox 2140 4913 3745 4988; baseline -0.009 -5"><span class='ocrx_word' id='word_1_708' title='bbox 2140 4925 2238 4983; x_wconf 88' lang='lat' dir='ltr'><strong>tibi</strong></span> <span class='ocrx_word' id='word_1_709' title='bbox 2267 4924 2384 4980; x_wconf 90' lang='lat' dir='ltr'><strong>dies</strong></span> <span class='ocrx_word' id='word_1_710' title='bbox 2412 4928 2623 4978; x_wconf 88' lang='lat' dir='ltr'><strong>sacrata</strong></span> <span class='ocrx_word' id='word_1_711' title='bbox 2654 4920 2977 4983; x_wconf 88' lang='lat' dir='ltr'><strong>celebratur,</strong></span> <span class='ocrx_word' id='word_1_712' title='bbox 3008 4931 3112 4988; x_wconf 91' lang='lat' dir='ltr'><strong>qua</strong></span> <span class='ocrx_word' id='word_1_713' title='bbox 3141 4915 3312 4972; x_wconf 88' lang='lat' dir='ltr'><strong>sancti</strong></span> <span class='ocrx_word' id='word_1_714' title='bbox 3343 4913 3502 4986; x_wconf 83' lang='lat' dir='ltr'><strong>Xysti</strong></span> <span class='ocrx_word' id='word_1_715' title='bbox 3531 4924 3745 4985; x_wconf 73' lang='lat' dir='ltr'><strong>prtesu-</strong></span> 
     </span>
    </p>
   </div>
   <div class='ocr_carea' id='block_1_108' title="bbox 2141 5006 3746 5088">
    <p class='ocr_par' dir='ltr' id='par_1_108' title="bbox 2141 5006 3746 5088">
     <span class='ocr_line' id='line_1_108' title="bbox 2141 5006 3746 5088; baseline -0.007 -13"><span class='ocrx_word' id='word_1_716' title='bbox 2141 5020 2209 5075; x_wconf 91' lang='lat' dir='ltr'><strong>lis</strong></span> <span class='ocrx_word' id='word_1_717' title='bbox 2238 5014 2518 5088; x_wconf 90' lang='lat' dir='ltr'><strong>apostolici</strong></span> <span class='ocrx_word' id='word_1_718' title='bbox 2545 5012 2794 5069; x_wconf 85' lang='lat' dir='ltr'><strong>Natalitia</strong></span> <span class='ocrx_word' id='word_1_719' title='bbox 2830 5009 3193 5081; x_wconf 70' lang='lat' dir='ltr'><strong>prazlibantes,</strong></span> <span class='ocrx_word' id='word_1_720' title='bbox 3220 5006 3413 5079; x_wconf 90' lang='lat' dir='ltr'><strong>quibus</strong></span> <span class='ocrx_word' id='word_1_721' title='bbox 3442 5006 3499 5062; x_wconf 90' lang='lat' dir='ltr'><strong>in</strong></span> <span class='ocrx_word' id='word_1_722' title='bbox 3526 5006 3746 5063; x_wconf 84' lang='lat' dir='ltr'><strong>confes-</strong></span> 
     </span>
    </p>
   </div>
   <div class='ocr_carea' id='block_1_109' title="bbox 2142 5097 3743 5171">
    <p class='ocr_par' dir='ltr' id='par_1_109' title="bbox 2142 5097 3743 5171">
     <span class='ocr_line' id='line_1_109' title="bbox 2142 5097 3743 5171; baseline -0.01 -3"><span class='ocrx_word' id='word_1_723' title='bbox 2142 5110 2350 5168; x_wconf 90' lang='lat' dir='ltr'><strong>sionem</strong></span> <span class='ocrx_word' id='word_1_724' title='bbox 2388 5108 2465 5163; x_wconf 92' lang='lat' dir='ltr'><strong>tui</strong></span> <span class='ocrx_word' id='word_1_725' title='bbox 2500 5104 2740 5162; x_wconf 90' lang='lat' dir='ltr'><strong>nominis</strong></span> <span class='ocrx_word' id='word_1_726' title='bbox 2776 5102 3099 5160; x_wconf 89' lang='lat' dir='ltr'><strong>venerabilis</strong></span> <span class='ocrx_word' id='word_1_727' title='bbox 3126 5101 3244 5168; x_wconf 88' lang='lat' dir='ltr'><strong>ejus</strong></span> <span class='ocrx_word' id='word_1_728' title='bbox 3280 5099 3500 5171; x_wconf 84' lang='lat' dir='ltr'><strong>sanguis</strong></span> <span class='ocrx_word' id='word_1_729' title='bbox 3536 5097 3743 5156; x_wconf 78' lang='lat' dir='ltr'><strong>eﬁ‘usus</strong></span> 
     </span>
    </p>
   </div>
   <div class='ocr_carea' id='block_1_110' title="bbox 2145 5191 3742 5274">
    <p class='ocr_par' dir='ltr' id='par_1_110' title="bbox 2145 5191 3742 5274">
     <span class='ocr_line' id='line_1_110' title="bbox 2145 5191 3742 5274; baseline -0.01 -13"><span class='ocrx_word' id='word_1_730' title='bbox 2145 5206 2252 5274; x_wconf 87' lang='lat' dir='ltr'><strong>est,</strong></span> <span class='ocrx_word' id='word_1_731' title='bbox 2279 5214 2459 5259; x_wconf 87' lang='lat' dir='ltr'><strong>annua</strong></span> <span class='ocrx_word' id='word_1_732' title='bbox 2482 5198 2752 5271; x_wconf 87' lang='lat' dir='ltr'><strong>majestati</strong></span> <span class='ocrx_word' id='word_1_733' title='bbox 2776 5205 2882 5254; x_wconf 74' lang='lat' dir='ltr'><strong>tute</strong></span> <span class='ocrx_word' id='word_1_734' title='bbox 2906 5203 3030 5252; x_wconf 85' lang='lat' dir='ltr'><strong>vcta</strong></span> <span class='ocrx_word' id='word_1_735' title='bbox 3056 5193 3434 5265; x_wconf 88' lang='lat' dir='ltr'><strong>persolvimus.</strong></span> <span class='ocrx_word' id='word_1_736' title='bbox 3467 5191 3600 5259; x_wconf 83' lang='lat' dir='ltr'><strong>Per,</strong></span> <span class='ocrx_word' id='word_1_737' title='bbox 3632 5197 3742 5247; x_wconf 88' lang='lat' dir='ltr'><strong>etc.</strong></span> 
     </span>
    </p>
   </div>
   <div class='ocr_carea' id='block_1_111' title="bbox 2214 5443 3746 5518">
    <p class='ocr_par' dir='ltr' id='par_1_111' title="bbox 2214 5443 3746 5518">
     <span class='ocr_line' id='line_1_111' title="bbox 2214 5443 3746 5518; baseline -0.008 -4"><span class='ocrx_word' id='word_1_738' title='bbox 2214 5468 2238 5499; x_wconf 69' lang='grc' dir='ltr'><strong>ε</strong></span> <span class='ocrx_word' id='word_1_739' title='bbox 2269 5458 2459 5513; x_wconf 81' lang='lat' dir='ltr'><strong>Exstat</strong></span> <span class='ocrx_word' id='word_1_740' title='bbox 2494 5456 2547 5510; x_wconf 93' lang='lat' dir='ltr'><strong>in</strong></span> <span class='ocrx_word' id='word_1_741' title='bbox 2579 5454 2919 5513; x_wconf 75' lang='lat' dir='ltr'><strong>Sacrament.</strong></span> <span class='ocrx_word' id='word_1_742' title='bbox 2945 5450 3106 5518; x_wconf 85' lang='lat' dir='ltr'><strong>Greg.</strong></span> <span class='ocrx_word' id='word_1_743' title='bbox 3135 5446 3273 5517; x_wconf 88' lang='lat' dir='ltr'><strong>apud</strong></span> <span class='ocrx_word' id='word_1_744' title='bbox 3295 5443 3648 5518; x_wconf 70' lang='lat' dir='ltr'><strong>Menardum,</strong></span> <span class='ocrx_word' id='word_1_745' title='bbox 3687 5451 3746 5501; x_wconf 83' lang='lat' dir='ltr'><strong>et</strong></span> 
     </span>
    </p>
   </div>
   <div class='ocr_carea' id='block_1_112' title="bbox 2137 5517 3743 5592">
    <p class='ocr_par' dir='ltr' id='par_1_112' title="bbox 2137 5517 3743 5592">
     <span class='ocr_line' id='line_1_112' title="bbox 2137 5517 3743 5592; baseline -0.009 -6"><span class='ocrx_word' id='word_1_746' title='bbox 2137 5531 2281 5586; x_wconf 91' lang='lat' dir='ltr'><strong>inter</strong></span> <span class='ocrx_word' id='word_1_747' title='bbox 2309 5528 2515 5592; x_wconf 67' lang='lat' dir='ltr'><strong>praefat.</strong></span> <span class='ocrx_word' id='word_1_748' title='bbox 2557 5526 2757 5582; x_wconf 90' lang='lat' dir='ltr'><strong>codicis</strong></span> <span class='ocrx_word' id='word_1_749' title='bbox 2791 5523 2972 5580; x_wconf 89' lang='lat' dir='ltr'><strong>Ottob.</strong></span> <span class='ocrx_word' id='word_1_750' title='bbox 3010 5517 3169 5591; x_wconf 86' lang='lat' dir='ltr'><strong>Greg.</strong></span> <span class='ocrx_word' id='word_1_751' title='bbox 3210 5517 3350 5589; x_wconf 87' lang='lat' dir='ltr'><strong>apud</strong></span> <span class='ocrx_word' id='word_1_752' title='bbox 3385 5517 3743 5574; x_wconf 74' lang='lat' dir='ltr'><strong>Mutatoriam</strong></span> 
     </span>
    </p>
   </div>
   <div class='ocr_carea' id='block_1_113' title="bbox 2136 5598 3359 5672">
    <p class='ocr_par' dir='ltr' id='par_1_113' title="bbox 2136 5598 3359 5672">
     <span class='ocr_line' id='line_1_113' title="bbox 2136 5598 3359 5672; baseline 0.002 -15"><span class='ocrx_word' id='word_1_753' title='bbox 2136 5611 2268 5657; x_wconf 88' lang='lat' dir='ltr'><strong>tom.</strong></span> <span class='ocrx_word' id='word_1_754' title='bbox 2299 5599 2364 5661; x_wconf 87' lang='lat' dir='ltr'><strong>ll.</strong></span> <span class='ocrx_word' id='word_1_755' title='bbox 2386 5615 2447 5672; x_wconf 50' lang='lat' dir='ltr'><strong>p.</strong></span> <span class='ocrx_word' id='word_1_756' title='bbox 2469 5598 2595 5672; x_wconf 58' lang='grc' dir='ltr'><strong>ὅᾷξ.</strong></span> <span class='ocrx_word' id='word_1_757' title='bbox 2873 5664 2907 5672; x_wconf 86' lang='lat'><strong>__</strong></span> <span class='ocrx_word' id='word_1_758' title='bbox 3083 5661 3101 5672; x_wconf 43' lang='grc' dir='ltr'>η</span> <span class='ocrx_word' id='word_1_759' title='bbox 3159 5664 3169 5672; x_wconf 60' lang='grc'><em>,</em></span> <span class='ocrx_word' id='word_1_760' title='bbox 3325 5660 3359 5672; x_wconf 73' lang='grc'><em>,,</em></span> 
     </span>
    </p>
   </div>
   <div class='ocr_carea' id='block_1_114' title="bbox 2208 5659 3749 5733">
    <p class='ocr_par' dir='ltr' id='par_1_114' title="bbox 2208 5659 3749 5733">
     <span class='ocr_line' id='line_1_114' title="bbox 2208 5659 3749 5733; baseline -0.005 -8"><span class='ocrx_word' id='word_1_761' title='bbox 2208 5671 2235 5708; x_wconf 71' lang='grc' dir='ltr'>ἀ</span> <span class='ocrx_word' id='word_1_762' title='bbox 2266 5659 2360 5725; x_wconf 85' lang='lat' dir='ltr'><strong>Est</strong></span> <span class='ocrx_word' id='word_1_763' title='bbox 2384 5659 2485 5724; x_wconf 77' lang='lat' dir='ltr'><strong>alia</strong></span> <span class='ocrx_word' id='word_1_764' title='bbox 2510 5668 2666 5722; x_wconf 86' lang='lat' dir='ltr'><strong>Missa</strong></span> <span class='ocrx_word' id='word_1_765' title='bbox 2691 5682 2811 5721; x_wconf 88' lang='lat' dir='ltr'><strong>cum</strong></span> <span class='ocrx_word' id='word_1_766' title='bbox 2840 5664 2942 5718; x_wconf 89' lang='lat' dir='ltr'><strong>alia</strong></span> <span class='ocrx_word' id='word_1_767' title='bbox 2966 5661 3302 5733; x_wconf 68' lang='lat' dir='ltr'><strong>praefatione,</strong></span> <span class='ocrx_word' id='word_1_768' title='bbox 3325 5660 3451 5718; x_wconf 88' lang='lat' dir='ltr'><strong>licet</strong></span> <span class='ocrx_word' id='word_1_769' title='bbox 3473 5659 3749 5724; x_wconf 72' lang='lat' dir='ltr'><strong>collecto:</strong></span> 
     </span>
    </p>
   </div>
   <div class='ocr_carea' id='block_1_115' title="bbox 2139 5733 3231 5809">
    <p class='ocr_par' dir='ltr' id='par_1_115' title="bbox 2139 5733 3231 5809">
     <span class='ocr_line' id='line_1_115' title="bbox 2139 5733 3231 5809; baseline -0.011 -5"><span class='ocrx_word' id='word_1_770' title='bbox 2139 5744 2449 5805; x_wconf 82' lang='lat' dir='ltr'><strong>distinctum</strong></span> <span class='ocrx_word' id='word_1_771' title='bbox 2479 5754 2762 5799; x_wconf 87' lang='lat' dir='ltr'><strong>numerum</strong></span> <span class='ocrx_word' id='word_1_772' title='bbox 2784 5751 2891 5795; x_wconf 92' lang='lat' dir='ltr'><strong>non</strong></span> <span class='ocrx_word' id='word_1_773' title='bbox 2916 5733 3231 5809; x_wconf 80' lang='lat' dir='ltr'><strong>praeﬁxerit.</strong></span> 
     </span>
    </p>
   </div>
  </div>
