4018 6314
278 362 352 425 95
1117 367 1320 423 LIBER
1355 365 1958 424 SACRAHENTORUM
2001 366 2352 425 ECCLESIE
2383 367 2708 426 ROMANE.
3466 378 3542 443 ει

351 486 380 517 ⁸
408 487 611 545 Refecti
650 489 768 545 cibo
806 495 1038 560 potuque
1073 489 1316 556 cmlesti,
1360 488 1497 543 Deus
1537 496 1717 542 noster
1740 528 1755 553 ,
1799 493 1850 540 te
1878 486 1928 547 Α
1956 485 2167 554 Agapiti
2209 486 2339 539 festa
2377 501 2586 556 semper
2614 487 2842 555 Optanda
2878 487 3047 543 fecisti
3095 489 3368 548 celebrare
3402 506 3532 562 gau-

279 583 547 653 supplices
572 597 853 640 exoramus
882 593 939 639 ut
968 583 1019 638 in
1050 597 1274 654 quorum
1312 582 1424 638 haec
1462 598 1850 638 commemora-

280 677 427 732 tione
471 676 833 747 percepimus,
885 690 1068 733 eorum
1131 675 1433 731 muniamus
1461 683 1514 730 et
1575 675 1844 745 precibus.

277 766 400 833 Per,
428 774 531 823 etc.

1950 575 2161 639 dentes,
2199 583 2253 629 et
2292 576 2381 645 qui
2419 577 2607 630 dedisti
2646 577 2802 631 fidem
2841 579 2982 632 inter
3013 578 3237 634 adversa
3275 591 3527 638 constan-

1952 675 2081 731 tem,
2099 666 2289 720 reddes
2312 666 2563 722 beneﬁcia
2585 668 2685 734 (Al.
2710 673 2953 739 munera)
2977 671 3255 729 libeitatis.
3279 673 3398 738 Per,
3420 683 3505 728 etc

2026 757 2045 796 ί
2081 758 2312 824 Praesta,
2343 757 2566 812 Domine
2586 799 2599 822 ,
2629 774 2960 827 quassamus,
2984 772 3041 817 ut
3075 777 3300 833 quorum
3326 780 3531 821 memo-

347 857 656 922 Praztende,
689 857 943 922 Domine,
981 856 1402 913 miserieordiam
1442 864 1608 920 tuam,
1641 864 1695 910 et
1733 864 1849 910 esto
1950 852 2085 906 riam
2114 851 2433 905 sacramenti
2459 852 2859 921 participatione
2880 857 3186 923 recolimus,
3217 858 3372 914 fidem
3394 872 3528 928 quo-

276 949 457 1018 populi
488 950 560 1004 tui
587 949 836 1005 defensor
873 958 928 1005 et
961 958 1142 1005 custos
1161 993 1174 1018 ,
1208 959 1264 1004 ut
1293 958 1600 1004 sanctorum
1635 957 1846 1003 tuorum
1949 958 2056 1014 que
2085 944 2412 1013 protieicndo
2438 952 2725 998 sectemur.
2752 945 2873 1011 Per,
2903 955 3003 1002 etc.

275 1041 583 1096 veneranda
618 1042 876 1100 solemnia
911 1055 1103 1099 securo
1131 1041 1299 1112 possit
1341 1039 1682 1112 frequentare
1723 1054 1851 1094 eon-

186 1119 202 1196 τε
273 1142 456 1189 ventu.
488 1133 608 1199 Per.
639 1144 748 1192 etc.

354 1227 433 1282 Vl.
465 1226 596 1283 Item
623 1228 747 1284 alia.
771 1228 888 1269 -δ
916 1227 1024 1285 Fac
1053 1242 1152 1283 nos
1171 1267 1187 1294 ,
1215 1239 1523 1297 quaesumus
1543 1269 1557 1293 ,
1591 1223 1818 1278 Domine
1839 1259 1854 1285 .

214 1306 218 1313 ’
273 1329 584 1376 sanctorum
613 1332 825 1378 tuorum
847 1335 1060 1390 semper
1081 1320 1216 1377 testa
1243 1322 1466 1385 sectari,
1487 1333 1715 1388 quorum
1745 1315 1855 1372 suf-

273 1411 460 1484 fragiis
482 1414 833 1483 protectionis
861 1423 965 1470 tuae
989 1413 1132 1468 dona
1157 1413 1474 1469 sentiamus.
1495 1410 1616 1478 Per,
1641 1419 1746 1466 etc.

347 1507 631 1574 Concede,
663 1522 992 1577 quaesumus,
1028 1507 1250 1564 Domine
1279 1507 1418 1563 Deus
1442 1514 1643 1571 noster,
1675 1513 1732 1558 nt
1756 1515 1852 1572 per

274 1605 371 1653 tua
393 1612 604 1667 semper
625 1608 952 1655 sacramenta
973 1600 1232 1666 vivamus,
1252 1601 1373 1667 quia
1396 1606 1672 1666 protegere
1696 1605 1719 1634 α
1743 1610 1847 1649 non

280 1687 494 1744 desistis
515 1704 646 1759 quos
669 1690 773 1746 tuis
801 1704 1011 1760 semper
1029 1690 1316 1747 indulseris
1346 1689 1607 1744 inharere
1643 1696 1846 1758 myste-

274 1779 398 1837 riis.
434 1779 558 1847 Per,
589 1787 690 1836 etc.

2026 1039 2252 1108 Respice
2275 1037 2544 1093 subditam
2573 1037 2689 1103 tibi,
2727 1035 2970 1105 Domine,
3003 1043 3253 1100 familiam
3281 1055 3443 1110 tuam,
3473 1047 3530 1103 et

1954 1130 2107 1198 cujus
2131 1131 2388 1185 exaudire
2413 1143 2602 1199 preces
2629 1131 2679 1184 in
2712 1144 2944 1186 maerore
2971 1133 3212 1199 dignatus
3253 1151 3330 1204 es,
3361 1139 3530 1193 actio-

1957 1240 2078 1281 nem
2116 1224 2402 1294 gratiarum
2435 1223 2748 1293 propensius
2781 1224 3007 1280 intuere.
3033 1224 3152 1290 Per,
3181 1235 3276 1284 etc.

2667 1355 2805 1413 XXI.

2500 1487 2552 1526 IV
2589 1485 2704 1527 ωδε
2742 1488 2988 1531 Αυουετι.

2396 1582 2587 1638 Natale
2607 1587 2769 1639 sancti
2800 1585 3088 1642 Laurentii.

2022 1694 2135 1751 l.--
2159 1696 2319 1764 Deus,
2349 1696 2436 1767 qui
2465 1709 2560 1752 nos
2579 1707 2885 1755 sanctorum
2910 1707 3200 1772 martyrum
3225 1701 3522 1760 munitione

1951 1801 2260 1855 conservas,
2289 1787 2357 1844 da
2380 1789 2673 1845 Ecclesiam
2694 1799 2835 1847 tuam
2857 1791 3014 1864 digne
3044 1793 3226 1849 talium
3260 1795 3532 1850 celebrare

351 1869 488 1926 Vere
508 1870 926 1940 dignum.Adest
943 1873 1086 1928 enim
1108 1872 1262 1928 nobis
1287 1873 1455 1930 sancti
1475 1870 1771 1928 sacerdotis
1797 1881 1851 1928 et
1879 1865 1927 1927 B
1953 1881 2212 1936 solemnia
2239 1923 2251 1946 ,
2282 1889 2334 1938 et
2365 1881 2486 1939 illos
2513 1883 2606 1938 tibi
2641 1883 2838 1955 jngiter
2877 1885 3178 1955 snpplicare
3224 1901 3320 1958 pro
3350 1888 3526 1942 nobis.

265 1964 528 2034 martyris
555 1965 630 2020 tui
659 1963 813 2036 Xysti
838 1965 1136 2022 desiderata
1164 1966 1456 2032 festivitas;
1486 1980 1644 2037 quam
1673 1980 1847 2020 annua

265 2055 586 2113 recursioue
615 2072 960 2127 venerantes,
991 2059 1194 2116 hostias
1231 2059 1325 2116 tibi
1363 2059 1534 2116 laudis
1576 2059 1852 2118 offerim-

263 2159 396 2203 cum
423 2147 660 2219 angelis,
689 2158 791 2205 etc.

341 2238 558 2308 Repleti
581 2256 787 2309 sumus,
814 2242 1058 2310 Domine,
1080 2243 1445 2301 misericordia
1476 2254 1591 2313 tua,
1614 2255 1667 2302 et
1689 2246 1853 2302 bene-

265 2330 514 2389 dictione
552 2345 894 2407 sanctorum,
924 2347 978 2393 et
1013 2339 1316 2394 securitatis
1355 2353 1580 2395 munere
1609 2340 1849 2396 reievati.

266 2423 399 2492 Per,
426 2433 533 2482 etc.

342 2519 459 2576 VII.
490 2518 621 2575 Item
649 2521 776 2578 alia.
799 2553 867 2565 —-
885 2523 1050 2591 Deus,
1071 2525 1164 2596 qui
1188 2540 1285 2581 nos
1306 2525 1372 2580 ad
1393 2527 1562 2581 sancti
1591 2524 1853 2595 pontificis

270 2623 323 2670 et
355 2615 612 2686 martyris
644 2617 717 2672 tui
749 2617 902 2689 Iysti
932 2620 1168 2675 natalitia
1199 2622 1424 2676 tribuisti
1458 2622 1736 2691 pervenire
1758 2622 1851 2676 la:-

274 2715 487 2769 tantes,
521 2717 746 2778 pra-sta,
779 2723 1118 2780 quaesumus,
1151 2719 1210 2767 ut
1246 2713 1382 2768 sicut
1420 2714 1622 2768 securis
1668 2713 1852 2768 eadem

275 2799 568 2864 mentibus,
600 2800 672 2854 ita
697 2801 871 2872 dignis
897 2804 1232 2860 celebremus
1260 2806 1466 2862 ofﬁciis.
1495 2806 1617 2873 Per,
1651 2816 1756 2862 etc.

347 2891 546 2960 Accipe
575 2909 825 2961 munera,
859 2896 1111 2963 Domine,
1151 2914 1270 2969 qua:
1318 2901 1369 2955 in
1411 2917 1595 2957 eorum
1621 2904 1727 2973 87
1759 2903 1852 2958 tibi

282 2984 618 3041 solemnitate
663 2986 948 3044 deferimus
974 3031 990 3058 ,
1033 3007 1264 3061 quorum
1310 2993 1507 3050 scimus
1547 2996 1853 3064 patrociniis

291 3074 513 3133 liberari.
539 3077 662 3144 Per,
689 3088 792 3136 etc.

1956 1974 2079 2040 Per,
2107 1984 2212 2029 etc.

2030 2073 2055 2113 σ
2088 2064 2225 2122 Vere
2255 2053 2494 2135 dignum.
2527 2063 2926 2124 Praevenientes
2963 2069 3193 2124 natalem
3227 2068 3368 2125 diem
3392 2070 3533 2127 beati

1955 2156 2252 2225 Laurentii,
2283 2157 2373 2228 qui
2409 2157 2566 2212 levita
2595 2158 2752 2214 simul
2781 2167 3086 2232 martyrque
3115 2161 3450 2218 venerandus
3480 2167 3534 2221 et

1955 2253 2174 2325 proprio
2203 2253 2393 2307 claruit
2416 2253 2682 2324 gloriasns
2713 2252 2911 2322 ofﬁcio,
2931 2265 2983 2312 et
3010 2257 3352 2314 memoranda
3374 2255 3534 2313 reful-

1956 2345 2026 2400 sit
2057 2346 2306 2415 passione
2328 2345 2595 2400 sublimis.
2630 2345 2749 2412 Per,
2783 2355 2885 2401 etc.

2030 2435 2056 2475 ιι
2084 2436 2444 2506 Sumpsimus,
2473 2437 2716 2503 Domine,
2741 2440 2931 2508 pignus
2958 2439 3345 2509 redemptionis
3371 2445 3530 2494 teter-

1957 2544 2056 2584 ηας.
2107 2529 2187 2584 Sit
2234 2525 2410 2595 nobis,
2443 2545 2771 2600 quaesumus,
2825 2533 3305 2588 intervenientibus
3336 2534 3534 2594 sanctis

1959 2621 2095 2688 tuis,
2137 2620 2257 2674 vitae
2305 2621 2581 2690 prasentis
2626 2622 2882 2677 auxilium
2910 2663 2927 2689 ,
2978 2624 3181 2693 pariter
3221 2631 3275 2678 et
3319 2621 3530 2680 futurae.

1955 2711 2079 2779 Per,
2105 2721 2208 2768 etc.

2029 2803 2249 2870 Adesto,
2285 2805 2529 2867 Domine.
2555 2806 2752 2876 populo
2777 2813 2892 2872 tuo,
2917 2814 2969 2860 et
2991 2822 3146 2876 quem
3175 2805 3287 2878 88
3316 2815 3532 2862 sancto-

1955 2912 2073 2952 rum
2103 2905 2312 2952 tuorum
2345 2897 2535 2952 tribuis
2560 2897 3073 2968 frequentationibus
3096 2899 3376 2964 interesse,
3408 2912 3531 2967 pro-

1957 2991 2187 3046 tectione
2221 3000 2475 3059 perpetua
2504 2989 2588 3044 fac
2612 3005 2878 3044 securum.
2916 2987 3038 3054 I’er,
3070 2997 3176 3045 etc.

2028 3081 2092 3135 ii.
2127 3082 2261 3136 Item
2287 3083 2411 3135 alia.
2434 3112 2503 3122 —
2533 3081 2782 3136 Concede
2811 3082 2964 3134 nobis
2985 3123 2998 3146 ,
3033 3079 3278 3147 Domine,
3311 3082 3532 3151 gratiam

363 3166 495 3224 Vere
527 3170 764 3241 dignum.
802 3172 1184 3242 Cognoscimns
1216 3175 1358 3230 enim
1385 3217 1399 3241 ,
1442 3176 1703 3242 Domine,
1751 3186 1856 3232 tum
1895 3236 1930 3242 _
1959 3181 2105 3227 tuam
2135 3172 2188 3228 in
2235 3173 2376 3228 beati
2415 3172 2686 3228 Laurentii
2729 3173 2978 3242 martyris
3008 3171 3315 3226 celebritate
3357 3172 3534 3226 multi-

307 3256 504 3325 pietatis
527 3236 742 3317 eﬂ’ectus
764 3305 777 3328 ,
804 3236 996 3334 quibus
1027 3279 1127 3320 nos
1149 3263 1179 3304 ἀ
1204 3265 1339 3322 adeo
1363 3236 1582 3336 gloriosi
1607 3236 1856 3324 sacerdo-
1883 3236 1930 3300 ο
1963 3266 2154 3336 plicem
2173 3305 2187 3332 ,
2218 3273 2276 3318 nt
2300 3263 2368 3320 de
2412 3263 2543 3319 tanti
2575 3277 2745 3334 agone
2775 3236 3082 3318 certaminis
3121 3263 3288 3318 discat
3311 3262 3536 3334 pepnlns

301 3347 361 3402 tis
387 3360 436 3405 et
460 3355 704 3425 martyris
728 3355 801 3409 tui
821 3354 975 3426 Xysti
997 3370 1210 3427 semper
1237 3357 1542 3414 honoranda
1572 3361 1851 3429 solemnia,

293 3457 382 3498 nec
407 3444 546 3501 inter
567 3449 865 3516 praeteritas
884 3450 1069 3505 mundi
1099 3452 1468 3508 tribulationes
1490 3457 1738 3510 omittere
1762 3468 1856 3510 vo-

287 3531 455 3602 luisti,
502 3546 557 3592 et
602 3554 742 3596 nunc
771 3539 979 3598 reddita
1023 3552 1244 3612 praestas
1293 3543 1538 3600 libertate
1583 3546 1853 3607 venerari.

285 3625 402 3698 Per,
432 3639 536 3686 etc.

439 3722 506 3778 In
535 3725 720 3780 Natali
749 3735 1039 3782 sanctorum
1072 3727 1377 3784 Felicissimi
1398 3738 1446 3784 et
1464 3729 1690 3802 Agapiti.

349 3813 748 3886 Magnificantes
767 3860 781 3884 ,
809 3820 1053 3888 Domine,
1080 3823 1420 3878 clementiam
1453 3830 1620 3890 tuam,
1649 3823 1853 3894 suppli-

282 3918 368 3963 ces
397 3923 684 3966 exoramus
717 3912 885 3982 utqui
915 3928 1012 3968 nos
1039 3924 1348 3970 sanctorum
1369 3925 1578 3970 tuorum
1603 3915 1854 3985 frequen-

283 3998 418 4054 tibus
445 3999 576 4056 facis
605 4003 857 4060 natalitiis
886 4005 1166 4074 interesse,
1201 4009 1472 4078 perpetuis
1503 4009 1702 4064 tribuas
1721 4022 1850 4078 gau-

280 4089 406 4147 dere
433 4092 742 4149 consortiis.
767 4094 886 4161 Per,
919 4106 1021 4152 etc.

349 4182 424 4238 Da
453 4185 630 4253 nobis,
659 4191 1000 4258 omnipotens
1029 4190 1190 4256 Deus,
1225 4207 1275 4245 tu
1303 4200 1607 4247 sanctorum
1638 4201 1851 4246 tuorum

283 4283 335 4328 te
371 4290 584 4346 semper
613 4283 1122 4338 commemoratione
1151 4283 1403 4350 laudare,
1445 4283 1567 4352 quia
1609 4282 1852 4339 refovere

279 4369 492 4425 curabis
520 4387 652 4441 quos
679 4374 730 4428 in
753 4373 954 4430 honore
985 4383 1077 4431 tuo
1121 4391 1466 4446 perseverare
1496 4378 1850 4432 concesseris.

279 4457 402 4527 Per,
423 4471 529 4517 etc.

355 4562 378 4590 ο
411 4555 644 4624 Accepta
675 4556 768 4611 tibi
795 4558 892 4624 sit,
940 4557 1185 4627 Domine,
1233 4567 1454 4614 sacrata
1486 4558 1653 4628 plebis
1698 4558 1848 4615 obla-

1960 3359 2295 3415 Cliristianus
2333 3367 2387 3414 et
2416 3358 2568 3412 firma
2599 3356 2818 3414 solidari
2853 3357 3128 3428 patientia,
3159 3364 3212 3413 et
3240 3356 3324 3428 pia
3355 3357 3535 3413 exsul-

1961 3461 2076 3507 tare
2097 3451 2338 3505 victoria.
2373 3449 2496 3516 Per,
2528 3460 2632 3506 etc.

2030 3543 2133 3599 Pro
2155 3543 2292 3598 beati
2327 3542 2604 3598 Laurentii
2632 3541 2881 3612 martyris
2917 3542 3166 3612 passione
3205 3537 3532 3606 veneranda,

1957 3634 2162 3690 hostias
2199 3634 2330 3699 tibi,
2370 3634 2621 3700 Domine,
2656 3633 2969 3704 suppliciter
3015 3631 3382 3697 immolamus,
3415 3632 3534 3699 ejus

1957 3727 2202 3781 oratione
2253 3726 2575 3795 placituras,
2622 3739 2722 3794 pro
2765 3723 2920 3794 cujus
2975 3723 3180 3780 meritis
3215 3722 3529 3779 olferuntur.

1957 3819 2079 3885 Per,
2112 3827 2220 3874 etc.

2030 3911 2171 3967 Vere
2199 3909 2439 3981 dignum.
2471 3909 2538 3966 Et
2569 3919 2712 3966 tuam
2741 3907 3190 3981 magniﬁcentiam
3212 3907 3530 3979 propensius

1954 4015 2209 4068 exorare,
2242 4004 2332 4073 qui
2365 4003 2522 4058 nobis
2554 3988 2695 4058 hunc
2721 4003 2860 4058 diem
2893 4001 3064 4056 sancti
3092 4000 3363 4056 Laurentii
3391 4011 3532 4052 mar-

1954 4097 2093 4168 tyrio
2134 4095 2362 4152 tribuisti
2402 4095 2802 4158 venerandum,
2847 4109 3004 4164 quem
3049 4095 3121 4149 ita
3152 4093 3298 4148 omni
3336 4105 3533 4162 genere

1955 4190 2168 4258 pietatis
2189 4187 2481 4253 imbueras,
2513 4195 2570 4240 ut
2595 4186 2739 4241 idem
2772 4185 2866 4238 tibi
2890 4200 2981 4238 ara
3004 4194 3164 4253 atque
3185 4181 3526 4248 sacrificium,

1955 4283 2097 4338 idem
2125 4281 2379 4336 sacerdos
2403 4287 2547 4333 esset
2575 4287 2628 4333 et
2657 4277 2931 4345 templum.
2967 4274 3092 4341 Per,
3121 4281 3225 4328 etc.

2033 4373 2050 4412 ί
2085 4373 2323 4440 Satiasti,
2353 4371 2579 4426 Domine
2599 4413 2613 4436 ,
2646 4369 2900 4425 familiam
2933 4376 3076 4423 tuam
3107 4365 3416 4421 muneribus
3445 4378 3532 4419 sa-

1957 4467 2086 4523 cris.
2119 4465 2267 4535 Ejus,
2291 4477 2617 4534 quaesumus,
2647 4476 2860 4531 semper
2891 4459 3280 4517 interventione
3315 4470 3412 4514 nos
3441 4471 3530 4513 re-

1956 4559 2103 4625 fove,
2135 4557 2286 4628 cujus
2314 4555 2571 4612 solemnia
2603 4555 2957 4611 celebramus.
2993 4551 3111 4618 Per,
3144 4559 3248 4606 etc.

279 4644 356 4697 tio
387 4659 481 4713 pro
521 4655 730 4701 tuorum
766 4647 970 4704 honore
1003 4660 1316 4704 sanctorum
1337 4690 1350 4714 ,
1395 4665 1622 4720 quorum
1647 4667 1706 4706 se
1741 4666 1853 4706 me-
1877 4618 1933 4682 Ῐ)
2026 4654 2376 4723 Omnipotens
2401 4653 2727 4723 sempiterne
2763 4651 2923 4718 Deus,
2957 4650 3213 4706 Ecclesia:
3247 4657 3350 4702 tua:
3393 4646 3531 4702 votis

278 4736 400 4883 :Jitis
449 4740 754 4811 percepisse
781 4742 849 4799 de
897 4743 1236 4800 tribulatione
1263 4746 1542 4815 cognoscit
1569 4731 1848 4802 auxilium.

323 4843 402 4883 er.
433 4840 542 4883 etc.

323 4843 402 4895 CI',
433 4840 542 4886 θῑο.

357 4920 490 4979 Vere
531 4923 772 4995 dignum.
811 4925 911 4994 Qui
951 4940 1052 4984 nos
1099 4937 1407 4984 sanctorum
1438 4928 1758 4986 Felicissimi
1803 4939 1860 4987 et

353 5126 580 5211 ..βψωζ
623 5127 782 5211 Greg.
807 5128 1060 5211 canitiem
1089 5138 1224 5211 nunc
1250 5138 1524 5211 collectam
1552 5131 1638 5211 (ηρ
1663 5127 1732 5211 εξ
1751 5129 1856 5185 Au-

283 5200 420 5280 gusti
462 5197 694 5280 innfesto
827 5198 1045 5280 ilusebii
1085 5199 1416 5270 presbyteri;
1447 5201 1657 5258 Missale
1693 5201 1854 5258 Rom.

283 5269 469 5325 eodem
502 5269 612 5334 die,
642 5277 697 5324 et
719 5269 840 5322 alibi
872 5269 1086 5337 saepius.
1252 5269 1257 5270 ⁷

289 5410 302 5422 .
355 5339 795 5422 {Ideniglissale
817 5339 954 5394 hanc
974 5341 1516 5422 orationem_pr_:efert
1545 5344 1633 5400 die
1655 5345 1689 5400 9
1711 5345 1856 5400 Junii

285 5410 339 5465 in
369 5411 504 5465 festo
532 5409 630 5466 SS.
665 5419 958 5480 martyrum
986 5410 1147 5466 Primi
1176 5420 1230 5467 et
1262 5413 1536 5470 Feliciaui.

360 5492 382 5521 ε
409 5483 484 5536 ita
531 5480 723 5536 codex.
766 5481 931 5544 Magis
974 5483 1233 5540 arrideret
1279 5502 1379 5540 non
1421 5487 1633 5542 desistes
1656 5529 1672 5544 .
1715 5487 1858 5544 auod

360 5496 382 5521 ε
409 5496 484 5536 tta
531 5496 723 5536 couex.
766 5496 931 5551 magis
974 5496 1233 5540 arrideret
1279 5502 1379 5540 non
1421 5496 1633 5542 aestates
1656 5529 1672 5555 ,
1715 5501 1783 5558 qu

288 5551 608 5608 Mnratorins
635 5552 853 5619 recepit.

357 5622 382 5662 ά
411 5623 570 5688 Cod.,
593 5623 730 5686 ideo,
756 5624 914 5678 male.

360 5694 469 5768 {in
509 5709 646 5768 mss.
692 5693 1102 5768 Giregor._etin_
1128 5695 1368 5768 Romano
1413 5697 1614 5753 missali
1661 5698 1854 5768 legitur

287 5763 372 5821 die
396 5764 468 5820 22
506 5765 560 5820 iu
591 5765 763 5822 Natali
787 5763 887 5826 SS.
911 5764 1201 5838 Timothei,
1225 5768 1492 5840 Hippolyti
1514 5778 1568 5827 et
1589 5763 1856 5843 Sympho-

290 5837 443 5908 εἰκῆ,
474 5847 529 5898 et
558 5835 706 5895 alibi.

1957 4747 2274 4820 propitiatus
2304 4745 2510 4815 aspira,
2539 4754 2595 4800 ut
2618 4745 2754 4800 beati
2785 4742 3060 4798 Laurentii
3092 4741 3341 4812 martyris
3373 4738 3531 4794 meri-

1958 4842 2026 4897 tis
2047 4840 2351 4909 adjuvetur,
2379 4837 2533 4907 cujus
2555 4839 2800 4908 passione
2822 4837 3050 4891 lzetatur.
3084 4835 3204 4900 Per,
3235 4839 3338 4887 etc.

2032 4929 2117 4986 Ill.
2169 4928 2301 4984 Item
2343 4928 2468 4983 alia.
2501 4957 2571 4970 -
2608 4926 2956 4998 Magnificasti
2982 4968 2997 4993 ,
3031 4924 3260 4980 Domine
3320 4930 3530 4977 sanctos

2039 5128 2061 5169 ί
2097 5130 2281 5185 Exstat
2309 5128 2360 5186 in
2392 5128 2546 5184 Rom.
2574 5128 2772 5184 Missali
2794 5129 2881 5184 die
2909 5129 2934 5184 ι
2969 5127 3104 5199 Aug.
3131 5128 3180 5181 in
3212 5140 3527 5182 commemo-

1959 5203 2167 5258 ratione
2191 5203 2280 5257 SS.
2309 5200 2754 5255 Machabseornm.

2034 5283 2058 5320 ε
2091 5271 2216 5327 llaec
2243 5281 2326 5327 est
2353 5271 2510 5326 Missa
2539 5272 2730 5342 vigiliae
2755 5271 2854 5326 sub
2883 5269 3071 5326 eodem
3105 5267 3254 5321 titulo
3284 5281 3388 5322 una
3409 5281 3530 5323 cum

1965 5344 2177 5399 caeteris
2193 5345 2296 5398 diei
2325 5342 2465 5396 festi.

2031 5412 2060 5451 ιι
2089 5414 2146 5468 in
2168 5415 2357 5488 codd.”
2379 5411 2615 5488 Gregor.
2645 5413 2946 5488 eadem_est
2984 5407 3071 5463 die
3097 5409 3164 5488 l
3211 5407 3434 5488 Augusti
3478 5409 3530 5463 in

1960 5483 2122 5540 Missa
2162 5483 2220 5541 S.
2279 5477 2524 5539 Tiburtii.
2571 5486 2782 5539 Missale
2819 5482 2974 5534 Rom.
3024 5477 3229 5532 modica
3277 5477 3531 5535 varietate

1959 5557 2204 5612 eamdem
2247 5554 2406 5610 habet
2442 5557 2629 5611 eodem
2663 5555 2784 5619 die,
2822 5562 2876 5606 et
2903 5552 2954 5604 in
2979 5547 3117 5603 festo
3146 5545 3201 5603 S.
3247 5551 3530 5606 Bartliolo-

1962 5642 2104 5686 W331.

2035 5697 2052 5736 ί
2105 5699 2272 5754 Codd.
2321 5698 2544 5765 Gregor.
2605 5707 2658 5751 et
2702 5695 2918 5752 Mlssale
2953 5689 3109 5746 Rom.
3152 5692 3350 5753 habent
3395 5692 3532 5752 hanc

1960 5769 2240 5827 collectam
2265 5769 2352 5825 die
2381 5769 2448 5826 18
2477 5770 2610 5840 Aug.
2642 5778 2693 5824 et
2716 5767 2866 5824 alibi.

2107 5995 2114 6002 ι
2139 5993 2216 6003 υνη-
2242 5986 2300 6006 »ιζοδ
2325 5988 2343 6004 ,Ι
