4018 6314
390 394 466 464 ss
1382 397 1607 456 OPERA
1646 394 1705 452 s.
1746 389 1947 449 LEONI
1986 384 2223 445 uacuo
2260 386 2671 447 AT'I‘RIBUTA.
3114 352 3117 355 ’
3585 387 3663 447 se

398 522 522 572 tuos
548 520 790 584 suscepta
824 511 1078 583 passione
1114 525 1212 583 pro
1240 509 1473 569 Christo.
1504 509 1728 575 Praesta,
1760 519 1973 578 quaesu-
1997 504 2054 565 Α
2154 504 2261 560 VII.
2297 505 2429 561 Item
2467 508 2594 563 alia.
2626 534 2697 547 —
2725 503 2744 544 ί
2770 505 2996 577 Accipe,
3037 518 3377 575 quaesumus,
3406 504 3660 575 Domine,

397 622 547 676 mus,
574 615 653 675 ut,
676 614 783 663 etc.
813 615 842 644 ι

478 697 611 756 Vere
638 697 875 769 dignum.
917 698 1182 767 Quoniam
1212 707 1268 755 tu
1298 712 1359 754 es
1389 696 1629 752 omnium
1670 702 1976 751 sanctorum

403 791 785 862 insuperabilis
814 791 1095 858 fortitudo,
1121 791 1210 862 qui
1232 790 1370 846 inter
1388 788 1674 845 mundana:
1694 802 1981 844 conversa-

406 885 573 943 tionis
613 884 841 941 adversa
866 925 883 952 ,
921 883 1189 956 praecipua
1228 896 1327 938 nos
1364 882 1641 939 beatorum
1688 889 1983 952 martyrum

403 976 793 1049 glorificatione
814 977 1026 1043 solaris,
1054 984 1109 1030 et
1136 974 1206 1030 ad
1226 974 1477 1030 sublimia
1514 972 1760 1042 exempla
1782 973 1985 1043 patien-

404 1072 517 1137 tiaa,
542 1070 809 1140 triumpho
833 1084 930 1125 nos
950 1068 1119 1124 sancti
1151 1067 1444 1135 Laurentii,
1470 1081 1632 1138 quem
1662 1065 1823 1123 hodie
1842 1064 1984 1122 cele-

405 1162 645 1228 bramus,
672 1161 939 1219 accendis.
969 1161 1092 1227 Per,
1132 1173 1239 1217 etc.

477 1252 715 1324 Repleti,
751 1252 1005 1320 Domine,
1044 1252 1203 1308 donis
1232 1252 1342 1307 tuis
1367 1252 1422 1308 in
1452 1260 1667 1307 tuorum
1697 1249 1987 1306 festivitate

406 1350 735 1412 sanctorum,
764 1353 981 1413 praesta,
1015 1352 1073 1398 ut
1095 1344 1211 1399 haec
1236 1356 1421 1400 sancta
1449 1344 1724 1415 mysteria,
1753 1358 1870 1414 quae
1901 1355 1990 1398 ce-

406 1431 676 1489 lebramus
701 1435 861 1501 votis,
886 1434 1230 1504 experiamur
1255 1433 1490 1489 auxiliis.
1520 1433 1640 1500 Per,
1673 1442 1776 1490 etc.

476 1525 567 1582 lV.
600 1526 734 1582 Item
769 1528 896 1583 alia.
927 1557 1000 1569 —
1022 1527 1051 1566 1³
1076 1528 1323 1599 Suscipe,
1355 1542 1699 1598 quaesumus,
1748 1526 1989 1595 Domine,

406 1633 635 1674 munera
690 1633 788 1687 pro
842 1628 1153 1675 sanctorum
1210 1628 1427 1675 tuorum
1484 1620 1995 1676 commemoratione

410 1710 748 1768 exsultauter
789 1710 1000 1779 oblata,
1031 1720 1085 1767 et
1113 1711 1255 1782 quod
1290 1712 1410 1767 illos
1451 1710 1578 1767 fecit
1610 1712 1721 1784 89
1746 1710 1995 1780 passione

412 1806 696 1873 gloriosos,
730 1821 827 1862 nos
870 1806 1158 1863 devotione
1187 1806 1377 1863 reddat
1424 1806 1702 1862 innocuos.
1733 1805 1860 1871 Per,
1885 1812 1990 1860 etc.

2079 613 2303 655 munera
2350 597 2637 668 dignanter
2666 597 2866 667 oblata,
2893 606 2948 654 et
2988 598 3130 655 beati
3167 597 3438 654 Laurentii
3464 596 3664 653 suffra-

2080 692 2327 762 gantibus
2346 691 2455 763 9o
2480 690 2710 757 meritis,
2731 690 2801 746 ad
2825 700 3025 746 nostras
3051 689 3241 747 salutis
3258 688 3511 746 auxilium
3538 701 3666 760 pro-

2081 784 2268 842 venire
2290 783 2545 841 concede.
2562 783 2686 852 Per,
2720 794 2827 840 etc.

2157 876 2297 934 Vere
2324 876 2565 947 dignum.
2599 876 2667 931 Et
2689 889 2787 947 pro
2807 876 3015 931 honore
3040 875 3183 932 beati
3220 872 3494 932 Laurentii
3523 885 3671 930 mar-

2086 970 2218 1042 tyris
2239 970 2315 1025 tui
2339 970 2539 1025 hostias
2569 968 2666 1026 tibi
2687 968 2861 1025 laudis
2887 968 3183 1025 offerimus.
3213 967 3337 1034 Per,
3364 976 3470 1023 etc.

2160 1062 2366 1132 Repleti
2397 1070 2556 1133 gustu
2592 1061 2777 1131 gratia:
2804 1067 2939 1127 tum,
2963 1070 3017 1117 et
3050 1060 3289 1118 caelestis
3314 1074 3516 1117 mensa
3547 1058 3669 1116 dul-

2088 1156 2279 1214 cedine
2297 1157 2549 1227 vegetati,
2581 1156 2781 1227 gratias
2810 1156 2905 1211 tibi
2931 1155 3235 1212 referimus.
3258 1141 3378 1223 Per,
3408 1164 3515 1210 etc.

2162 1252 2375 1316 Annus,
2403 1264 2729 1321 quaesumus,
2760 1248 3004 1315 Domine,
3031 1248 3280 1319 precibus
3302 1247 3517 1303 familia:
3544 1253 3669 1313 tuae,

2092 1352 2150 1400 et
2185 1342 2327 1414 quod
2366 1342 2586 1399 nostris-
2612 1342 2821 1398 actibus
2870 1358 2975 1397 non
3023 1357 3321 1408 meremur,
3363 1350 3670 1397 sanctorum

2093 1445 2311 1495 tuorum
2342 1437 2498 1493 nobis
2517 1435 2754 1493 concede
2778 1436 3063 1506 suffragiis.
3095 1435 3217 1501 Per,
3245 1444 3350 1492 etc.

2169 1531 2299 1587 Vill.
2340 1530 2475 1586 Item
2502 1532 2629 1585 alia.
2660 1560 2729 1571 —
2758 1528 2892 1585 Cum
2934 1538 3237 1584 sanctorum
3282 1538 3525 1595 tuorum,
3572 1526 3678 1582 Do-

2096 1626 2261 1689 mine,
2284 1623 2762 1696 supplicationibus
2783 1621 3150 1693 lmpluramus,
3173 1629 3233 1676 ut
3252 1620 3419 1676 sacris
3440 1619 3681 1675 muneri-

2097 1716 2199 1772 bus
2222 1714 2509 1772 oﬂ'erendis
2530 1724 2735 1787 gratam
2760 1714 2853 1770 tibi
2877 1714 3044 1772 nostri
3073 1713 3355 1769 ministerii
3376 1712 3541 1769 facias
3564 1728 3682 1769 ser-

2098 1810 2342 1866 vitutem.
2369 1808 2488 1875 Per,
2515 1816 2620 1865 etc.

484 1898 626 1955 Vere
666 1898 905 1969 dignum.
938 1899 1202 1968 Quoniam
1234 1901 1337 1957 tuis
1365 1900 1521 1956 donis
1568 1909 1729 1971 atque
1762 1897 1997 1955 muneri-
2027 1888 2075 1949 Β
2174 1901 2312 1957 Vere
2350 1900 2591 1972 dignum.
2623 1900 2891 1971 Quidquid
2931 1899 3072 1956 enim
3118 1906 3425 1956 sanctorum
3464 1907 3683 1957 tuorum
3716 1934 3721 1937 ι

413 1990 544 2055 bus,
584 1988 723 2045 beati
750 1990 1021 2046 Laurentii
1064 1992 1317 2063 martyris
1366 1990 1679 2062 passionem’
1732 1991 1993 2047 hodierna

410 2080 753 2137 solemnitate
796 2097 1138 2150 veneramur,
1190 2083 1281 2154 qui
1334 2097 1433 2153 pro
1475 2082 1817 2139 confessione
1868 2083 1997 2139 Jesu

412 2172 611 2229 Christi
639 2173 757 2228 Filii
804 2177 877 2229 tui
908 2174 1120 2231 diversa
1149 2174 1431 2245 supplicia,
1477 2176 1671 2245 spiritu
1717 2174 1994 2242 fervente,

413 2264 733 2334 suscipiens,
764 2266 1037 2336 subjectos
1065 2267 1234 2338 ignes,
1263 2275 1319 2322 et
1348 2266 1551 2323 crudeli
1576 2267 1792 2338 ingenio
1813 2282 2001 2338 perse-

415 2365 670 2428 quentum
699 2366 903 2412 mutata
936 2366 1221 2425 tormenta,
1255 2357 1575 2413 immutabili
1610 2358 1811 2413 virtute
1839 2372 2002 2428 supe-

415 2450 574 2516 ravit,
596 2465 659 2505 ac
672 2448 960 2505 fluentibus
975 2450 1252 2517 membris,
1269 2450 1440 2506 solida
1460 2458 1612 2523 parte
1633 2449 1804 2506 victor
1818 2458 2000 2506 mente

417 2542 731 2612 permansit.
767 2541 870 2597 Per
886 2583 901 2608 ,
936 2553 1042 2599 etc.

494 2640 516 2669 ο
542 2630 753 2696 Excita,
784 2630 1037 2698 Domine,
1071 2632 1125 2687 in
1166 2631 1411 2688 Ecclesia
1446 2630 1548 2687 'tua
1596 2632 1856 2703 Spiritum
1912 2647 2002 2688 cut

418 2730 638 2779 sanctus
667 2721 992 2777 Laurentius
1018 2723 1177 2779 levita
1191 2724 1431 2791 servivit,
1456 2732 1536 2791 ut,
1568 2723 1759 2780 eodem
1788 2737 1888 2779 nos
1918 2737 2003 2779 re-

420 2812 622 2884 plente,
650 2813 958 2870 studeamus
979 2830 1162 2871 amare
1185 2816 1328 2887 quod
1352 2817 1573 2885 amavit,
1601 2824 1657 2874 et
1673 2830 1836 2888 opere
1849 2831 2005 2873 exer-

419 2921 545 2963 cere
571 2907 715 2978 quod
743 2907 944 2963 docuit.
975 2909 1099 2977 Per,
1130 2919 1235 2966 etc.

497 3000 558 3056 V.
592 3000 721 3055 Item
750 3002 967 3060 alia.-—
995 3005 1229 3071 Accepta
1260 3003 1356 3060 tibi
1396 3004 1488 3073 sit,
1522 3005 1773 3069 Domine,
1807 3012 2007 3060 nostra;

421 3095 700 3150 servitutis
727 3095 946 3163 oblatio,
980 3108 1034 3153 et
1060 3098 1312 3153 salutaris
1344 3097 1523 3166 nobis,
1561 3097 1701 3153 beati
1732 3096 2006 3153 Laurentii

420 3190 688 3259 precibus,
722 3205 820 3260 pro
850 3191 1005 3262 cujus
1049 3192 1570 3248 commemoratione
1600 3190 1862 3260 defertur,
1894 3190 2008 3247 exi-

424 3291 550 3337 stat.
582 3282 707 3349 Per,
736 3293 843 3337 etc.

494 3372 635 3429 Vere
657 3374 897 3444 dignum.
929 3373 1045 3442 Quo
1070 3374 1286 3445 pietatis
1303 3374 1505 3442 ofﬁcio,
1538 3389 1639 3444 pro
1668 3374 2010 3430 solemnitate

426 3467 595 3522 sancti
620 3467 890 3524 Laurentii
922 3468 1195 3538 martyris,
1218 3466 1542 3523 sacrificium
1563 3467 1659 3522 tibi
1682 3467 1854 3522 laudis
1880 3466 2010 3537 offe-

427 3564 618 3633 rimus,
651 3562 774 3634 quia
799 3572 887 3617 tua
912 3562 1109 3618 factum
1134 3571 1218 3618 est
1244 3572 1502 3632 operante
1523 3561 1737 3627 virtute,
1765 3568 1826 3616 ut
1850 3560 2011 3616 nullis

426 3655 713 3711 calumniis
752 3655 1074 3726 impiorum,
1123 3654 1269 3709 nulla
1310 3653 1519 3709 saevitia
1558 3661 2010 3721 persequentum,

430 3749 575 3804 nulla
616 3747 854 3804 dirarum
895 3749 1174 3804 atrocitate
1212 3761 1527 3818 pmnarum,
1568 3746 1651 3801 vir
1687 3755 1779 3802 tuo
1814 3745 2011 3817 ignitus

430 3839 633 3910 Spiritu
654 3841 980 3900 vinceretur.
1007 3839 1131 3908 Per,
1158 3849 1264 3895 etc.

506 3928 590 3985 Vl.
622 3929 757 3985 Item
795 3931 921 3985 alia.
951 3959 1024 3971 —
1049 3927 1077 3966 ά
1107 3929 1298 3986 Oblata
1345 3928 1468 3995 tibi,
1501 3928 1759 3995 Domine,
1792 3941 2013 3982 munera

431 4023 615 4095 populi
640 4024 713 4079 tui
742 4038 840 4094 pro
871 4032 1080 4080 tuorum
1107 4022 1314 4077 honore
1333 4029 1642 4077 sanctorum
1659 4020 1872 4090 suscipe
1890 4033 2013 4089 pro-

432 4113 615 4187 pitius,
644 4130 976 4185 quaesumus,
998 4123 1054 4172 et
1071 4129 1258 4172 eorum
1287 4128 1387 4170 nos
1408 4113 1792 4170 intercessione
1815 4111 2013 4170 sancti-

433 4204 557 4262 fica.
586 4206 708 4275 Per,
732 4215 840 4264 etc.

508 4297 646 4354 Vere
693 4300 933 4370 dignum.
964 4300 1113 4355 Beati
1154 4299 1431 4355 Laurentii
1471 4314 1650 4355 annua
1692 4306 1814 4354 vota
1861 4313 2017 4369 repe-

435 4401 631 4449 tentes.
660 4393 761 4459 Qui
786 4394 1123 4463 dispensator
1150 4393 1415 4464 egregius,
1450 4402 1505 4448 et
1527 4392 1777 4463 usquead
1802 4391 2018 4463 sangui-

436 4498 582 4549 nem,
614 4484 851 4539 nominis
878 4484 952 4538 tui
974 4484 1252 4540 confessor
1271 4484 1522 4553 eximius,
1548 4486 1703 4541 simul
1735 4485 1788 4541 in
1810 4484 2019 4541 alendis

434 4574 797 4646 pauperibus,
844 4575 1225 4631 ecclesiastica:
1273 4575 1488 4645 pietatis
1532 4586 1585 4631 et
1624 4577 2018 4633 testiﬁcationis

2096 1993 2303 2050 meritis
2329 1992 2664 2061 adhibemus,
2699 1993 2765 2049 ad
2794 2002 2937 2049 tuam
2967 1992 3178 2048 laudem
3218 1991 3450 2049 recurrit
3478 2001 3532 2047 et
3558 1993 3685 2064 gloo

2097 2086 2253 2152 riam,
2285 2085 2374 2155 qui
2414 2085 2469 2140 in
2514 2099 2702 2141 eorum
2732 2097 2945 2156 semper
2987 2098 3047 2141 es
3088 2092 3114 2132 ε
3161 2084 3361 2140 virtute
3401 2083 3685 2141 mirabilis.

2097 2175 2222 2242 Per,
2253 2185 2360 2233 etc.

2172 2268 2199 2309 δ
2224 2271 2407 2327 Sancti
2448 2272 2722 2327 Laurentii
2762 2286 2863 2327 nos
2889 2315 2903 2341 ,
2950 2269 3216 2335 Domine,
3262 2270 3499 2340 precatio
3542 2270 3689 2341 justa

2102 2371 2334 2431 tueatur,
2367 2370 2420 2418 et
2459 2362 2601 2433 quod
2642 2371 2823 2417 nostra
2868 2362 3199 2418 conscientia
3238 2376 3346 2418 non
3385 2362 3686 2430 praesumit,

2103 2455 2220 2526 ejus
2235 2454 2411 2522 nobis,
2436 2454 2525 2523 qui
2541 2451 2636 2509 tibi
2658 2452 2877 2523 placuit,
2894 2453 3135 2508 oratione
3158 2451 3408 2508 donetur.
3434 2451 3557 2519 Per,
3580 2460 3687 2508 etc.

2173 2546 2266 2602 IX.
2305 2544 2438 2599 Item
2476 2544 2601 2599 alia.
2632 2572 2703 2585 --
2746 2544 3029 2614 Supplices
3060 2552 3112 2599 te
3155 2557 3407 2612 rogamus
3432 2584 3448 2610 ,
3498 2542 3642 2598 Deus
3666 2582 3686 2612 ,

2105 2648 2165 2697 ut
2206 2639 2509 2694 interventu
2555 2637 2700 2693 beati
2742 2637 3014 2693 Laurentii
3060 2636 3315 2708 martyris
3344 2676 3360 2702 ,
3400 2642 3454 2691 et
3498 2645 3588 2690 tua
3633 2634 3691 2692 in

2108 2732 2262 2787 nobis
2290 2730 2429 2785 dona
2453 2729 2795 2801 multiplices,
2827 2738 2883 2784 et
2912 2738 3155 2800 tempora
3190 2736 3375 2785 nostra
3401 2726 3685 2797 disponas.

2107 2823 2233 2891 Per,
2262 2831 2368 2877 etc.

2187 2916 2204 2953 ί
2241 2915 2487 2971 Debitum
2512 2922 2710 2969 nostra:
2737 2910 3010 2969 reddimus
3032 2910 3334 2976 servitutis,
3374 2906 3694 2978 suppliciter

2108 3018 2393 3069 exorantes
2432 3020 2492 3064 ut
2535 3006 2801 3077 suil'ragiis
2852 3006 2969 3077 ejus
3012 3006 3064 3060 in
3118 3004 3269 3060 nobis
3318 3010 3412 3057 tua
3455 3016 3689 3057 munera

2111 3103 2343 3170 tuearis,
2383 3118 2484 3172 pro
2522 3100 2677 3171 cujus
2717 3098 3028 3154 honoranda
3073 3095 3411 3154 confessione
3460 3095 3687 3151 hostiam

2115 3196 2208 3251 tibi
2240 3196 2407 3250 laudis
2437 3194 2732 3249 offerimus.
2761 3192 2881 3257 Per,
2916 3201 3022 3247 etc.

2034 3264 2081 3329 ο
2188 3286 2327 3343 Vere
2351 3287 2590 3355 dignum.
2639 3284 2717 3340 De
2758 3293 2848 3339 tua
2875 3282 3245 3339 misericordia
3277 3281 3598 3352 postulantes
3622 3281 3673 3330 ut

2116 3394 2342 3450 quorum
2369 3378 2436 3433 ad
2460 3379 2715 3433 honorem
2748 3376 2980 3432 nominis
2999 3376 3077 3431 tui
3103 3376 3297 3430 merita
3319 3372 3632 3430 celebramus
3651 3407 3668 3436 .

2114 3473 2199 3543 pia
2230 3485 2439 3541 quoque
2463 3485 2626 3540 opera
2656 3468 2889 3523 nitamur
2918 3467 3136 3523 imitari.
3166 3466 3288 3531 Per,
3322 3474 3427 3521 etc.

2184 3564 2359 3619 Tuere
2379 3578 2499 3628 nos,
2534 3562 2778 3627 Domine,
2803 3560 3048 3632 precibus
3070 3557 3241 3614 sancti
3262 3555 3534 3613 Laurentii
3558 3564 3686 3609 mare

2114 3657 2245 3728 tyris
2274 3656 2373 3722 tui,
2403 3664 2464 3709 ut
2486 3654 2655 3724 gratia
2680 3664 2768 3708 tua
2803 3666 3017 3724 semper
3046 3665 3351 3706 mereamur
3373 3647 3578 3719 augeri,
3602 3643 3688 3717 qui

2116 3750 2297 3806 talium
2328 3748 2591 3820 praesidiis
2611 3747 2933 3804 conﬁdimus
2961 3756 3331 3817 patronorum.
3364 3743 3488 3809 Per,
3517 3748 3621 3796 etc.

2186 3842 2255 3898 Χ.
2290 3840 2421 3896 Item
2462 3842 2586 3896 alia.
2614 3871 2683 3883 --
2710 3840 2857 3895 Laeta
2895 3853 3027 3907 nos,
3078 3838 3333 3905 Domine,
3364 3846 3691 3906 quaesumus,

2113 3935 2287 3992 sancti
2328 3934 2605 3990 Laurentii
2632 3933 2883 4004 martyris
2908 3933 2984 3989 tui
3018 3931 3276 3987 festivitas
3307 3944 3523 3998 semper
3547 3926 3695 3983 exci-

2118 4026 2251 4098 piat,
2276 4041 2394 4096 qua:
2433 4034 2487 4081 et
2527 4024 2914 4096 iucunditatem
2965 4023 3118 4079 nobis
3146 4037 3255 4077 sum
3294 4017 3697 4091 glorificationis

2115 4119 2221 4191 91
2250 4117 2508 4185 infundat,
2540 4128 2592 4172 et
2614 4117 2710 4173 tibi
2737 4130 2836 4171 nos
2865 4115 3053 4171 reddat
3079 4122 3350 4184 acceptos.
3384 4111 3508 4175 Per,
3552 4119 3661 4165 etc.

2187 4212 2392 4267 Perfice
2422 4210 2597 4275 nobis,
2629 4209 2877 4273 Domine,
2907 4207 3138 4263 fructum
3175 4202 3556 4276 gratulationis
3594 4201 3700 4255 ho-

2117 4304 2341 4370 diernae,
2382 4312 2442 4358 ut
2492 4301 2744 4372 precibus
2786 4300 2928 4355 beati
2977 4297 3248 4354 Laurentii
3294 4295 3548 4367 martyris
3599 4292 3701 4363 tui,

2118 4400 2234 4470 ejus
2262 4396 2510 4453 Natalitia
2562 4396 2744 4450 votiva
2791 4407 3151 4464 praecurrens,
3199 4389 3446 4463 perfectis
3492 4387 3707 4460 gaudiis

2120 4491 2398 4561 expleatur
2422 4488 2645 4543 oblatio.
2677 4484 2805 4553 Per,
2846 4493 2949 4541 etc.

2202 4579 2335 4635 Vere
2361 4578 2599 4649 dignum.
2625 4577 2793 4632 Tuam
2821 4575 3245 4632 misericordiam
3268 4574 3631 4645 deprecantes
3651 4580 3709 4628 ut
3806 4588 3809 4589 ν

442 4664 561 4721 Filii
588 4665 663 4721 tui
681 4665 890 4722 Domini
918 4668 1110 4735 nostri,
1135 4666 1362 4738 praebuit
1389 4677 1593 4740 martyr
1618 4670 1806 4726 beatus
1831 4684 2018 4727 exem-
2045 4650 2100 4711 Ῑ)
2124 4671 2391 4730 mentibus
2412 4671 2609 4727 nostris
2639 4668 2783 4725 beati
2813 4666 3085 4725 Laurentii
3117 4666 3370 4738 martyris
3398 4664 3473 4720 tui
3502 4664 3710 4720 tribuas

439 4756 608 4828 plum.
644 4756 764 4825 Per,
795 4765 903 4814 etc.

515 4858 538 4886 ε
578 4848 801 4918 Adesto,
832 4850 1082 4916 Domine,
1106 4852 1583 4922 supplicationibus
1611 4855 1829 4923 nostris,
1853 4863 1908 4912 et
1937 4855 2020 4911 in-

443 4940 767 4997 tercessione
795 4944 966 4997 sancti
994 4942 1269 4999 Laurentii
1290 4946 1543 5017 martyris
1576 4947 1674 5017 tui,
1706 4956 2019 5019 perpetuam

442 5031 598 5090 nobis
624 5032 1048 5092 misericordiam
1079 5035 1341 5107 benignus
1370 5038 1641 5109 impende.
1684 5039 1808 5107 Per,
1838 5049 1944 5098 etc.

446 5286 543 5406 ,ἀι
568 5281 772 5406 Eidem
800 5279 1070 5337 invenitur
1093 5281 1146 5337 in
1178 5281 1412 5339 secunda
1441 5280 1600 5340 Missa
1632 5280 1689 5339 S.
1724 5280 1882 5352 Xysti
1929 5294 2025 5336 vttt

446 5368 461 5406 ι
503 5366 564 5406 us
641 5368 728 5406 ne.

445 5366 564 5422 tuus
592 5366 728 5422 Aug.

514 5421 543 5460 ι’
570 5420 776 5495 Affinis
800 5430 885 5495 est
927 5423 1097 5495 oratio
1124 5423 1176 5478 in
1212 5424 1380 5495 codd.
1426 5425 1592 5495 Greg.
1624 5438 1688 5480 ac
1734 5422 1788 5477 in
1826 5420 2025 5477 Missali

446 5492 613 5566 Ron._
638 5493 724 5566 die
752 5492 821 5547 26
848 5493 974 5548 Dec.
1006 5494 1177 5549 Natali
1202 5493 1258 5551 S.
1288 5492 1569 5566 Stephani.

522 5573 544 5602 ε
576 5563 669 5637 Est
711 5563 760 5618 in
792 5565 1036 5637 omnibus
1063 5580 1192 5621 mss.
1236 5563 1399 5637 Greg.
1435 5567 1522 5621 die
1548 5565 1605 5621 S.
1641 5563 1934 5632 Laurentii,
1966 5564 2025 5622 in

446 5633 644 5706 Missali
675 5644 848 5691 autem
874 5634 1029 5690 Rom.
1049 5640 1103 5691 in
1134 5638 1221 5692 die
1249 5633 1449 5692 octavae
1479 5637 1744 5706 ejusdem.

518 5704 543 5741 ιι
566 5704 734 5777 Leges
774 5708 907 5761 hanc
933 5708 1228 5763 orationem
1260 5709 1314 5763 in
1358 5704 1599 5777 Romano
1631 5707 1829 5763 Missali
1876 5706 1965 5764 die
1991 5707 2026 5763 9

444 5775 664 5831 Octobr.
693 5775 859 5830 Natali
882 5779 975 5833 SS.
1007 5779 1242 5851 Dionysii
1263 5775 1633 5839 etsociorum.
1666 5779 1798 5837 Dein
1822 5779 1877 5840 iu
1899 5779 2023 5839 cod.

448 5861 545 5931 pro
575 5863 665 5904 nos
689 5862 968 5919 perperam
1000 5850 1163 5906 nobis.

2122 4763 2320 4836 jugiter
2344 4763 2683 4827 suavitatem,
2714 4776 2817 4832 qua
2844 4769 2899 4815 et
2921 4774 3023 4816 nos
3045 4774 3289 4816 amemus
3309 4758 3426 4829 ejus
3451 4757 3709 4814 meritum

2123 4854 2412 4928 passionis,
2452 4863 2507 4909 et
2555 4852 2937 4923 indulgentiam
2966 4851 3123 4907 nobis
3157 4865 3371 4922 semper
3408 4847 3588 4907 fidelis
3620 4848 3712 4904 ille

2123 4956 2389 5019 patronus
2419 4945 2678 5001 obtineat.
2711 4944 2837 5012 Per,
2868 4950 2975 4999 etc.

2197 5039 2409 5097 Gratias
2438 5037 2557 5106 tibi,
2595 5037 2844 5103 Domine,
2873 5033 3126 5107 quoniam
3171 5042 3416 5092 sanctum
3461 5030 3711 5090 Laur-ene

2205 5287 2227 5316 ε
2256 5277 2314 5332 In
2355 5277 2599 5344 Sacram,
2631 5274 2793 5345 Greg.
2824 5286 2887 5328 ac
2926 5272 2979 5345 in
3001 5269 3208 5345 Missali
3236 5269 3392 5345 llam.
3426 5275 3510 5326 est
3537 5269 3713 5340 prima

2130 5348 2307 5406 oratio
2327 5348 2502 5403 Missae
2525 5341 2783 5417 in’vigili'a
2804 5343 2973 5399 sancti
2998 5341 3292 5417 Laurentii.

2204 5418 2223 5458 τ
2254 5418 2436 5502 Estdin
2482 5409 2849 5486 coddfGreg.
2904 5423 2959 5471 et
2996 5415 3050 5469 in
3098 5413 3293 5470 Missali
3327 5411 3481 5467 Rom.
3523 5409 3613 5469 die
3651 5410 3709 5469 S.

2127 5492 2239 5611 La:
2245 5498 2427 5627 335:1;
2453 5560 2709 5615 servitute.
2757 5557 3103 5614 Blancltinius
3139 5554 3342 5623 optime
3382 5550 3713 5627 emendavit2

2204 5632 2232 5670 ιι
2254 5620 2533 5708 Invenitur
2575 5631 2634 5708 in
2656 5630 2895 5708 Sacram:
2925 5627 3124 5708 Gelasii
3149 5620 3259 5708 lib.
3292 5641 3363 5708 Et,
3404 5623 3612 5708 n.m4'5,
3644 5620 3716 5680 ad

2131 5705 2420 5785 Vesperas,
2447 5711 2503 5759 et
2520 5701 2573 5756 in
2595 5700 2819 5783 Gregor.
2846 5697 3086 5781 Memrdi
3109 5706 3268 5764 atque
3292 5693 3533 5750 Pamelii.

2208 5785 2226 5813 ι
2261 5774 2451 5829 Afﬁnis
2492 5781 2575 5827 est
2603 5780 2775 5830 oratio
2818 5769 2994 5829 Missae
3036 5768 3095 5828 S.
3127 5768 3349 5827 Thomas
3384 5760 3617 5839 apostoli
3653 5761 3722 5833 in

2135 5845 2338 5912 Missali
2365 5844 2626 5905 Romano.

2776 5926 2794 5952 is
