4018 6314
285 358 354 416 9⁸1
1098 348 1301 407 LIBER
1329 344 1942 405 SACIIAMENTORUM
1981 343 2333 403 ECCLESIE
2370 346 2699 408 ΒΟΜΔΝᾸΞ.
3460 353 3533 410 98

286 472 417 528 tium
442 474 730 540 martyrem
759 472 906 521 tuum
934 471 985 520 te
1009 462 1304 534 inspirante
1331 461 1623 530 diligimus,
1658 468 1713 512 ut
1735 459 1932 527 ejusA
2028 457 2312 514 Offerimus
2360 460 2579 525 hostias,
2635 458 2881 529 Domine,
2931 476 2983 516 tn
3033 463 3203 519 sancti
3256 463 3530 525 Laurentii

283 561 530 618 Natalitia
562 568 589 597 ιι
627 567 925 628 praeeuntes
974 555 1074 624 piis
1116 569 1330 624 semper
1372 550 1854 608 intercessionibus

283 655 556 709 foveamur
581 659 636 707 et
662 651 886 706 meritis.
921 649 1044 717 Per,
1067 659 1170 704 etc.

354 754 445 809 XI.
486 751 621 809 Item
649 751 1044 822 alim—Auge,
1075 762 1401 820 quaesumus,
1426 747 1671 813 Domine,
1695 746 1854 803 fidem

282 846 463 918 populi
503 846 600 916 tui,
648 844 716 900 de
752 843 924 899 sancti
963 842 1238 898 Laurentii
1284 841 1532 910 martyris
1564 839 1854 894 festivitate

281 947 620 1007 conceptam,
669 943 730 990 ut
772 935 837 990 ad
877 934 1270 991 confessionem
1315 933 1391 988 tui
1432 932 1664 988 nominis
1692 932 1856 987 nullis

282 1041 573 1096 pr0perare
603 1037 900 1084 terreamur
929 1027 1189 1094 adversis,
1221 1026 1318 1082 sed
1351 1034 1506 1081 tantae
1531 1024 1749 1080 virtutis
1777 1023 1857 1079 in-

280 1119 414 1173 tuitu
441 1119 618 1188 potius
646 1118 949 1175 incitemur.
983 1118 1106 1185 Per,
1137 1126 1240 1174 etc.

351 1211 544 1265 Adsint
573 1211 748 1276 nobis,
782 1210 1029 1276 Domine,
1055 1208 1355 1280 patrocinia
1403 1206 1498 1261 tibi
1545 1214 1696 1276 grata
1740 1217 1862 1259 san-

279 1307 513 1368 ctorum,
545 1310 602 1356 ut
627 1317 749 1370 quas
781 1317 877 1370 pro
910 1301 1123 1356 illorum
1170 1299 1515 1357 solemnitate
1545 1296 1858 1363 deferimus,

281 1407 467 1448 eorum
497 1393 839 1448 commendet
865 1395 1055 1447 oratio.
1090 1392 1215 1459 Per,
1247 1400 1354 1446 etc.

354 1484 382 1524 δ
403 1486 543 1541 Vere
565 1485 810 1555 dignum.
842 1485 900 1539 In
929 1485 1022 1541 die
1051 1485 1402 1540 solemnitatis
1429 1483 1723 1549 hodiernae,
1755 1495 1858 1552 qua

284 1576 434 1632 beati
474 1576 754 1632 Laurentii
787 1577 1014 1633 hostiam
1045 1577 1136 1631 tibi
1167 1578 1413 1646 placitam
1456 1577 1585 1630 casti
1617 1575 1858 1644 corporis

288 1669 525 1740 glorioso
565 1668 856 1724 certamine
901 1669 1204 1738 suscepisti.
1258 1669 1448 1722 Prunis
1489 1684 1719 1740 namque
1767 1682 1858 1723 su-

287 1761 558 1831 perposita
603 1759 899 1816 stridebant
943 1761 1180 1816 membra
1223 1760 1480 1826 viventia,
1527 1775 1625 1815 nec
1675 1769 1853 1815 tamen

1955 550 2207 622 martyris
2251 551 2325 604 tui
2373 551 2628 607 hodierna
2659 553 2947 608 festivitate
2997 554 3112 623 (At.
3163 557 3530 630 confessione)

1953 644 2268 714 gaudentes,
2298 657 2417 713 quae
2443 644 2615 709 nobis,
2641 656 2898 714 operante
2929 654 3002 712 te,
3033 647 3278 716 Domine,
3303 658 3359 704 et
3381 652 3529 706 auxi-

1953 737 2083 793 lium
2108 737 2332 790 contulit
2359 745 2412 791 et
2441 735 2757 805 profectum.
2790 739 2912 804 Per,
2941 748 3044 796 etc.

2026 829 2165 886 Vere
2188 829 2426 900 dignum.
2461 828 2752 884 Pretiosam
2787 841 3009 888 mortem
3050 835 3224 890 sancti
3255 835 3527 895 Laurentii

1955 922 2206 992 martyris
2237 922 2309 974 tui
2337 921 2732 975 exsultantibus
2752 922 2938 977 animis
2959 924 3312 993 celebrantes,
3343 944 3528 998 quam,

1957 1022 2008 1067 te
2030 1014 2296 1078 vincente,
2320 1011 2518 1066 diaboli
2542 1012 2811 1067 cernimus
2828 1029 2943 1070 esse
2965 1019 3255 1075 victricem.
3280 1021 3400 1086 Per,
3423 1030 3528 1076 etc.

2029 1101 2056 1139 δ
2081 1103 2156 1157 Da
2185 1103 2359 1170 nobis,
2388 1104 2728 1174 omnipotens
2777 1105 2934 1172 Deus,
2984 1117 3041 1162 ut
3077 1110 3219 1166 beati
3257 1111 3528 1169 Laurentii

1961 1195 2211 1264 martyris
2255 1194 2327 1248 tui
2370 1194 2674 1248 veneranda
2730 1194 3048 1251 solemnitas
3095 1209 3143 1252 et
3193 1201 3529 1258 devotionem

1963 1287 2118 1342 nobis
2147 1297 2334 1359 augeat
2357 1297 2410 1344 et
2437 1289 2680 1343 salutem.
2719 1287 2840 1353 Per,
2869 1298 2973 1344 etc.

2582 1379 2662 1431 Ad
2693 1388 2918 1434 octavas.

2033 1470 2170 1526 XIV.
2214 1472 2344 1525 Item
2373 1473 2495 1525 alia.
2530 1501 2599 1512 —
2643 1472 2964 1527 Sanctorum
3007 1484 3217 1530 tuorum
3267 1490 3388 1542 nos,
3433 1477 3533 1532 Do-

1958 1563 2126 1629 mine,
2151 1565 2401 1618 continua
2434 1564 2775 1619 solemnitate
2814 1565 3094 1633 comitare,
3137 1577 3192 1620 ut
3221 1568 3310 1637 qui
3343 1571 3534 1625 nostris

1959 1657 2164 1712 meritis
2210 1657 2550 1727 impedimur,
2581 1672 2763 1713 eorum
2793 1660 2882 1729 qui
2916 1659 3008 1713 tibi
3057 1660 3368 1730 placuerunt
3415 1679 3534 1734 pre<

1958 1751 2109 1806 cibus
2137 1751 2471 1821 adjuvemur.
2505 1751 2626 1815 Per,
2662 1763 2766 1806 etc.

281 1862 400 1908 erat
444 1868 598 1922 ρωηι
651 1855 939 1925 patientis,
987 1855 1082 1910 sed
1130 1855 1232 1926 ρίω
1276 1854 1632 1910 confessionis
1672 1855 1854 1910 incen.
1888 1856 1938 1918 Β
2035 1842 2103 1900 Ut
2129 1844 2386 1898 sacrificia
2411 1853 2616 1909 nostra,
2648 1844 2890 1913 Domine,
2919 1847 3238 1915 pronitiatus
3267 1848 3532 1915 intendas,

277 1957 423 2000 sum.
465 1945 649 2016 Neque
678 1953 893 2003 terreno
937 1946 1152 2002 liberari
1197 1949 1431 2002 cruciatu
1472 1957 1674 2018 martyr
1703 1955 1854 2016 opta-

274 2037 390 2106 bat,
419 2038 512 2094 sed
542 2040 792 2094 coronari
821 2040 1206 2110 deprecabatur
1237 2041 1289 2095 in
1315 2040 1486 2096 cmlis.
1521 2039 1642 2108 Per,
1676 2049 1780 2095 etc.

345 2129 466 2184 XII.
507 2129 638 2185 Item
689 2132 1154 2200 atia.—-Annne,
1205 2148 1533 2204 quzesumus,
1597 2134 1855 2200 Domine,

273 2221 530 2292 precibus
562 2223 763 2278 nostris
792 2231 850 2279 ut
875 2225 1044 2279 sancti
1073 2224 1344 2279 Laurentii
1386 2225 1638 2295 martyris
1667 2225 1740 2278 tui
1771 2238 1859 2279 θος

271 2311 500 2378 lemnia,
525 2328 645 2384 quas
675 2314 821 2368 cultu
851 2314 945 2370 tibi
971 2314 1152 2370 debito
1183 2317 1564 2385 pravenimus,
1597 2329 1858 2386 prospero
1904 2393 1914 2408 ο

272 2404 635 2475 Ittscipiamus
661 2404 874 2462 effectu.
905 2406 1027 2475 Per,
1059 2416 1164 2462 etc.

346 2495 713 2551 cMuneribus
773 2498 993 2564 nostris,
1044 2498 1298 2564 Domine,
1355 2498 1525 2553 sancti
1583 2497 1858 2554 Laurentii

275 2585 535 2657 martyris
575 2579 654 2640 tui
699 2587 832 2642 festa
868 2589 1241 2659 praecedimus,
1282 2597 1339 2644 ut
1367 2605 1486 2658 quae
1515 2591 1858 2646 conscientiae

276 2689 480 2734 nostra:
510 2679 907 2749 praepediuntur
949 2681 1246 2750 obstaculo,
1296 2681 1438 2736 illius
1473 2681 1680 2738 meritis
1709 2691 1856 2753 grata

281 2769 595 2826 reddantur.
627 2771 746 2840 Per,
779 2781 882 2827 etc.

350 2871 494 2926 Vere
533 2870 770 2942 dignum.
802 2872 1053 2940 Quamvis
1093 2875 1236 2929 enim
1280 2884 1586 2930 sanctorum
1620 2885 1854 2942 tuorum,

289 2973 614 3034 pr0pagante
641 2975 712 3028 te,
746 2965 992 3034 Domine,
1027 2976 1137 3022 toto
1164 2967 1295 3022 orbe
1327 2968 1353 3004 ά
1376 2969 1519 3022 clara
1559 2969 1628 3023 sit
1666 2969 1857 3038 gloria,

297 3056 357 3110 de
383 3056 519 3111 beati
549 3066 725 3112 tamen
756 3058 1093 3114 solemnitate
1124 3059 1398 3114 Laurentii
1433 3061 1722 3128 peculiaris
1749 3075 1861 3128 prie

307 3151 498 3204 caeteris
528 3149 694 3204 Roma
724 3152 833 3222 92
874 3151 1116 3215 laetatur;
1165 3151 1319 3220 cujus
1368 3152 1674 3206 °nascendo
1703 3151 1859 3217 civis,

1961 1938 2131 1992 sancti
2161 1937 2434 1992 Laurentii
2464 1952 2559 1993 nos
2590 1939 2842 2009 martyris
2868 1940 2940 1993 tui
2974 1943 3315 1997 commendet
3340 1944 3530 1997 oratio.

1958 2027 2083 2094 Per,
2116 2039 2224 2083 etc.

2035 2119 2168 2174 Vere
2198 2118 2437 2189 dignum.
2465 2118 2599 2188 Quia
2629 2121 2681 2175 in
2711 2131 3019 2177 sanctorum
3066 2132 3274 2179 tuorum
3326 2139 3532 2196 semper

1959 2224 2029 2266 es-
2048 2211 2240 2265 virtute
2269 2212 2555 2278 gloriosus.
2583 2212 2646 2266 Et
2675 2215 2887 2282 quoties
2923 2215 3133 2268 illorum
3176 2216 3311 2269 festa
3344 2218 3531 2273 recoli-

1960 2319 2100 2371 mus,
2133 2315 2181 2358 te
2207 2305 2502 2360 mirabilem
2533 2305 2870 2361 confitemur.
2899 2307 3018 2372 Per,
3058 2317 3163 2363 etc.

2033 2397 2215 2453 Sancti
2247 2395 2517 2452 Laurentii
2548 2413 2662 2462 nos,
2700 2399 2944 2465 Domine,
2974 2400 3286 2456 solemnitas
3316 2403 3531 2472 repetita

1960 2496 2190 2554 tueatur,
2223 2497 2277 2544 et
2303 2489 2685 2545 misericordiae
2733 2501 2837 2545 tua:
2877 2492 3192 2548 intercessio
3224 2493 3376 2548 beata
3410 2509 3533 2549 con.

1960 2578 2125 2634 cilict.
2160 2579 2280 2646 Per,
2309 2589 2414 2635 etc.

2427 2681 2534 2753 93
2567 2680 2579 2718 ί
2612 2696 2780 2737 minus
2820 2697 3059 2738 AUGUSTI.

2157 2771 2349 2827 Natale
2379 2786 2670 2827 sanctorum
2700 2773 2970 2844 Hippolyti
2996 2784 3042 2828 et
3070 2774 3330 2830 Pontiani.

2031 2875 2072 2931 Ι.
2095 2905 2166 2916 -—-
2188 2877 2344 2941 Deus,
2374 2877 2463 2946 qui
2496 2892 2591 2930 nos
2623 2877 2674 2930 in
2703 2885 3011 2930 sanctorum
3041 2891 3333 2949 martyrum
3367 2879 3534 2935 multi.

1963 2969 2247 3040 plicatione
2273 2969 2528 3033 custodis,
2561 2969 2625 3022 da
2656 2978 2714 3022 ut
2740 2983 2967 3038 quorum
3001 2969 3262 3023 solemnia
3296 2971 3533 3040 frequen-

1965 3068 2162 3120 tamus,
2192 3058 2495 3111 incessabili
2519 3058 2766 3124 juvemur
2794 3057 3013 3110 auxilio.
3044 3057 3163 3121 Per,
3193 3069 3296 3112 etc.

2045 3153 2058 3197 ι
2095 3149 2341 3215 Respice,
2370 3147 2612 3210 Domine,
2646 3161 2869 3200 munera
2895 3147 3077 3214 populi
3111 3148 3207 3210 tui,
3242 3158 3537 3206 sanctorum

315 3251 451 3293 sacer
480 3242 734 3308 minister,
773 3241 865 3296 fet
893 3243 1124 3296 dicatum
1173 3244 1379 3297 nomini
1416 3253 1509 3297 tuo
1549 3258 1742 3296 munus
1784 3233 1940 3298 estC
1972 3239 2262 3294 festiviiate
2303 3237 2498 3302 votiva,
2547 3246 2601 3291 et
2631 3248 2735 3290 tua:
2765 3236 3066 3292 testificatio
3111 3237 3350 3292 veritatis
3396 3241 3540 3300 nobii

311 3329 584 3401 proprium.
603 3333 702 3398 Qui
727 3347 822 3403 per
854 3343 995 3387 tuam
1024 3334 1274 3403 gratiam,
1303 3335 1604 3389 commissa:
1634 3332 1734 3388 sibi
1762 3333 1870 3389 dis-

304 3423 612 3489 pensationis
655 3433 937 3480 exsecutor
984 3426 1269 3496 egregius,
1320 3436 1377 3481 ut
1429 3425 1495 3480 ad
1551 3427 1865 3496 martyrium

301 3515 620 3580 perveniret;
663 3519 890 3570 emeruit
938 3531 1034 3584 pro
1083 3518 1326 3586 praemio,
1371 3528 1425 3572 et
1470 3533 1575 3587 quo
1620 3518 1862 3574 caelestis

293 3608 541 3663 existeret
565 3620 886 3664 consecutus
907 3619 988 3664 est
1017 3611 1339 3680 passionem.
1363 3611 1486 3678 Per,
1521 3620 1624 3667 etc.

357 3697 674 3755 Intercessio
686 3700 826 3755 beati
845 3701 1119 3756 Laurentii
1145 3703 1396 3772 martyris
1416 3706 1512 3767 tui,
1530 3703 1776 3772 Domine,
1795 3703 1864 3759 de

291 3803 377 3846 sua
410 3792 568 3847 nobis
593 3792 933 3848 confessione
965 3794 1295 3850 nascentium
1327 3804 1596 3850 mereatur
1628 3793 1861 3865 plenitu-

292 3882 467 3938 dinem
495 3884 826 3953 gaudiorum.
857 3884 977 3951 Per,
1005 3894 1109 3940 etc.

356 3975 604 4030 Exsultet
657 3976 884 4045 populus
941 3984 1083 4044 tuus,
1137 3977 1382 4041 Domine,
1435 3993 1760 4048 quaesumus,
1807 3979 1862 4035 in

291 4068 457 4122 sancti
481 4068 993 4124 commemoratlone
1023 4069 1322 4136 Laurentii;
1347 4079 1397 4126 et
1415 4073 1568 4140 cujus
1591 4072 1659 4127 de
1685 4074 1862 4126 votivo

288 4156 497 4214 laetatur
525 4158 721 4226 officio,
757 4159 1008 4230 suffragio
1031 4161 1300 4214 relevetur
1329 4171 1528 4230 optato.
1559 4162 1682 4230 Per,
1715 4171 1821 4216 etc.

357 4250 498 4306 XIII.
541 4249 672 4305 Item
717 4253 1137 4308 alia.—8Adsit
1173 4254 1348 4319 nobis,
1405 4255 1645 4322 Domine,
1691 4257 1862 4310 sancti

289 4339 562 4397 Laurentii
594 4345 842 4414 martyris
885 4347 938 4398 in
986 4355 1074 4399 tua
1112 4344 1501 4413 glorificattone
1532 4344 1860 4410 benedictio,

287 4434 442 4503 cujus
478 4435 632 4490 nobis
659 4445 742 4490 est
769 4436 928 4492 hodie
956 4437 1091 4492 facta
1120 4437 1430 4508 suffragium
1459 4438 1512 4492 iti
1543 4445 1635 4493 tua
1665 4438 1863 4494 virtute

285 4527 572 4584 confessio.
608 4529 730 4596 Per,
759 4539 864 4585 etc.

1972 3330 2212 3400 proficiat
2235 3328 2300 3382 ad
2329 3328 2578 3383 salutem.
2611 3327 2732 3394 Per,
2761 3338 2865 3382 etc.

2042 3421 2066 3460 ἰ
2095 3423 2226 3478 Vere
2267 3423 2505 3493 dignum.
2552 3421 2670 3477 Tibi
2719 3422 2885 3487 enim,
2931 3421 3172 3489 Domine,
3231 3423 3417 3480 feStiva
3459 3441 3542 3482 so.

1969 3517 2216 3572 lemniias
2246 3515 2441 3584 agitur,
2495 3515 2588 3569 tibi
2632 3515 2747 3569 dies
2785 3523 2992 3569 sacrata
3032 3515 3355 3581 celebratur,
3385 3532 3542 3588 quam

1873 3649 1876 3653 .
1964 3608 2135 3663 sancti
2164 3606 2434 3677 Hippolyti
2467 3606 2716 3676 martyris
2745 3606 2819 3660 tui
2851 3607 3065 3677 sanguis
3095 3609 3146 3662 in
3174 3609 3413 3664 veritatis
3441 3618 3541 3664 tua

1965 3700 2337 3755 testificatione
2364 3697 2617 3768 profusus
2647 3697 2930 3768 magnifico
2969 3698 3202 3756 nominis
3235 3702 3307 3756 tui
3341 3703 3542 3761 honore

1962 3793 2210 3862 signavit.
2240 3792 2359 3859 Per,
2389 3801 2494 3847 etc.

2039 3883 2056 3923 ι
2081 3885 2248 3940 Sacro
2278 3898 2502 3938 munere
2529 3883 2727 3949 satiati,
2752 3883 3044 3953 supplices,
3079 3883 3325 3954 Domine,
3356 3885 3542 3954 depre-

1961 3993 2148 4035 camur
2176 3990 2232 4032 ut
2260 3977 2400 4048 quod
2424 3977 2619 4032 debita:
2657 3976 2931 4032 servitutis
2968 3978 3302 4032 celebramus
3346 3977 3543 4048 officio,

1961 4070 2276 4127 salvationis
2299 4079 2402 4124 tua:
2434 4071 2727 4124 sentiamus
2748 4079 3111 4137 augmentum.
3143 4069 3267 4137 Per,
3297 4079 3403 4125 etc.

2035 4163 2196 4226 Deus,
2227 4160 2318 4230 qui
2361 4159 2654 4214 Ecclesiam
2698 4167 2842 4211 tuattt
2897 4159 3192 4212 innumeris
3238 4170 3541 4219 sanctorum

1965 4251 2274 4322 patrociniis
2305 4259 2359 4305 et
2389 4249 2659 4317 glorificas
2685 4255 2741 4300 et
2775 4249 2958 4313 tueris,
3009 4257 3201 4314 praesta
3233 4259 3290 4302 ut
3320 4263 3542 4316 quorum

1963 4346 2200 4401 celebrat
2234 4350 2582 4405 conventum,
2625 4338 2931 4409 experiatur
2969 4339 3164 4395 devota
3209 4339 3542 4411 suffragium.

1963 4439 2082 4502 Per,
2110 4446 2215 4494 etc.

2035 4531 2097 4586 ll.
2139 4530 2270 4584 Item
2308 4526 2830 4598 alim—Perpetuis
2877 4542 2998 4591 nos.
3043 4528 3287 4592 Domine.
3335 4538 3546 4586 sancto-

354 4715 380 4744 ι
403 4707 520 4782 IIoe
543 4707 759 4782 verbum
788 4719 1066 4777 precantes
1093 4708 1292 4764 indicat
1324 4708 1462 4765 hanc
1488 4709 1700 4766 Missam
1736 4725 1861 4782 spe-
1885 4715 1942 4779 ι)
1965 4728 2124 4768 mano
2155 4711 2348 4767 Illissali
2377 4711 2548 4765 Missas
2577 4710 2846 4782 communi
2889 4711 3219 4766 confessoris
3245 4712 3538 4778 pontiﬁcis,

287 4785 431 4832 ctare
457 4777 523 4831 ad
554 4779 806 4846 vigiliam.

355 4847 380 4887 δ
407 4848 504 4902 Est
534 4849 584 4902 in
619 4852 856 4904 Sacram.
887 4849 1064 4904 Gelas.
1096 4851 1185 4904 lib.
1217 4867 1274 4915 ιι,
1305 4867 1361 4905 n.
1393 4851 1482 4904 4⁸5.

358 4929 378 4991 ς
409 4919 533 4991 Ilaec
559 4920 730 4991 oratio
760 4921 988 4987 pertinet
1026 4921 1090 4991 ad
1125 4922 1355 4991 vigiliam
1391 4922 1446 4976 S.
1478 4921 1769 4977 Laurentii.
1805 4923 1862 4978 In

286 4990 406 5111 eqd.
433 4989 875 5114 Gelasé‘refertur
913 4993 964 5045 iii
1006 4989 1199 5061 vigilia'
1229 4992 1469 5047 omnium
1498 4996 1861 5063 apostolorum

310 5075 323 5110 ι
367 5100 377 5110 .
408 5075 471 5114 n.
502 5076 556 5113 n.
661 5101 672 5113 .

310 5075 377 5111 ID.
408 5075 471 5123 tt,
502 5076 556 5113 n.
585 5075 672 5114 as.

357 5127 382 5167 δ
410 5130 485 5184 Ita
525 5131 715 5184 codex.
745 5129 896 5200 Apud
928 5131 1289 5195 Muratorium,
1316 5135 1461 5187 data.

361 5201 607 5257 'Notent
635 5201 750 5256 bzec
793 5203 882 5272 qui
933 5203 989 5256 S.
1037 5203 1380 5260 Laurentium
1429 5204 1729 5260 Romanum
1767 5219 1862 5262 ne-

289 5281 581 5396 gatf"Valde
613 5341 788 5395 luxata
826 5341 940 5397 haec
981 5343 1221 5412 praefatio
1261 5353 1363 5411 est,
1397 5353 1450 5399 ct
1477 5345 1745 5400 difficilius
1772 5360 1861 5400 sa-

292 5414 405 5486 nari
433 5421 624 5481 potest.
663 5413 984 5486 Muratorius
1008 5429 1073 5468 ex
1098 5417 1400 5485 suspicione
1430 5417 1723 5472 Blancltinii
1761 5431 1859 5486 pro

290 5492 333 5536 et
363 5485 588 5537 dicatum
615 5481 783 5538 edidit
811 5484 1117 5541 dedicatum.

361 5563 387 5600 ε
408 5554 664 5635 Estapud
695 5554 872 5608 Gelas.
909 5555 1002 5609 lib.
1045 5572 1100 5622 ιι,
1136 5571 1190 5610 n.
1221 5556 1308 5622 45,
1335 5566 1387 5612 et
1418 5557 1468 5612 in
1501 5558 1727 5627 Gregor.
1752 5558 1865 5615 Me-

327 5637 388 5676 ar
453 5667 464 5677 .

289 5638 321 5677 n
360 5626 468 5767 h(illa
497 5694 741 5767 Sacram.
781 5694 959 5751 Gelas.
1010 5699 1191 5767 paucis
1231 5698 1446 5753 mutatis
1489 5699 1864 5755 accommoda-

290 5769 381 5818 tur
408 5764 599 5834 vigilia:
622 5766 677 5820 S.
710 5764 1084 5833 Laurentii,—n.
1114 5767 1200 5821 42.
1226 5768 1281 5822 In
1308 5770 1532 5836 Gregor.
1559 5771 1716 5825 codd.
1751 5771 1862 5824 Mu-

292 5837 480 5891 ratorii
520 5845 731 5907 aptatur
779 5837 950 5893 Missa:
997 5838 1150 5893 unius
1192 5840 1536 5910 confessoris,
1578 5851 1629 5895 et
1670 5841 1722 5896 in
1755 5840 1862 5896 Ilo-

1963 4800 2064 4838 nec
2109 4800 2215 4838 non
2258 4783 2451 4853 vigilia:
2499 4783 2556 4837 8.
2608 4781 2983 4836 Bartltolomzei
3029 4783 3277 4852 apostoli,
3333 4794 3386 4839 et
3425 4785 3546 4841 aliis

1968 4856 2140 4909 festis.

2041 4924 2132 4979 iIit
2162 4924 2398 4978 Indieulo
2439 4923 2791 4984 Buclieriano,
2840 4921 3019 4976 Idibus
3063 4923 3301 4994 Augusti.
3335 4923 3544 4991 [lippo-

1966 4995 2060 5066 lytt'
2098 4997 2151 5048 in
2185 4995 2448 5048 Tiburtina
2478 5005 2524 5066 et
2561 4995 2800 5066 Pontiani
2848 4995 3037 5064 (papa)
3079 4993 3388 5066 inCal/isti.
3428 4993 3542 5066 Duo

1965 5064 2174 5120 diversa
2220 5065 2526 5120 cmmeteria
2577 5065 2857 5119 distinctas
2897 5066 3085 5120 Missas
3134 5065 3428 5132 postulasse
3461 5064 3542 5116 vi-

1967 5137 2180 5200 dentur,
2211 5137 2430 5190 alteram
2469 5136 2534 5190 de
2563 5136 2621 5191 S.
2664 5135 2947 5205 Hippolyto
2975 5134 3297 5190 celebratam
3340 5132 3391 5205 in
3432 5147 3542 5187 caa-

1971 5207 2195 5260 meterio
2220 5207 2305 5259 via
2330 5206 2625 5269 Tiburtina,
2649 5205 2715 5259 de
2737 5206 2793 5258 S.
2824 5204 3082 5259 Pentiano
3102 5205 3322 5257 alteram
3354 5204 3403 5255 in
3434 5218 3543 5256 cre-

1971 5279 2195 5330 metcrio
2220 5275 2440 5330 Callisti.
2469 5276 2708 5346 Sequens
2734 5277 2887 5330 Missa
2911 5275 3206 5346 communis
3230 5280 3309 5325 est
3333 5271 3390 5326 S.
3415 5271 3543 5343 Ilip-

1971 5344 2612 5418 polytoiaccotntnodata;
2659 5347 2799 5401 unde
2837 5347 3024 5400 eadem
3068 5344 3288 5396 aliorum
3327 5353 3545 5418 sancto-

1969 5413 2313 5492 i'ttn't__Missis,
2349 5418 2548 5492 inserto
2576 5417 2808 5492 ipsorum
2850 5419 3086 5492 nomine,
3121 5413 3539 5492 aptatalegitur.

2046 5488 2058 5538 i
2084 5488 2207 5542 Ilzec
2227 5491 2397 5543 oratio
2426 5499 2506 5542 est
2537 5483 2738 5541 secreta
2771 5489 2822 5539 in
2851 5488 3010 5539 Missa
3035 5485 3090 5538 S.
3131 5483 3397 5554 Hippolyti
3429 5493 3543 5543 tum

1971 5561 2022 5613 in
2051 5559 2204 5612 codd.
2238 5559 2484 5627 Gregor.,
2516 5567 2622 5610 tum
2657 5557 2708 5608 in
2739 5557 2977 5627 Romano
3007 5554 3221 5627 Missali.

2045 5628 2067 5665 ¹ί
2089 5629 2218 5682 Vide
2245 5625 2402 5698 supra
2435 5627 2800 5698 praefationem
2833 5625 3001 5677 Missa:
3029 5640 3070 5698 vi
3089 5625 3348 5698 S.AXy8li.

2046 5697 2063 5736 1
2093 5695 2546 5769 Legiturinmss.
2581 5696 3032 5769 ﬁregorianis,_et
3062 5697 3114 5750 in
3150 5695 3392 5769 Romano
3419 5695 3545 5769 Mis-

1971 5771 2066 5894 sz‘ili
2097 5763 2245 5894 tirio-"fl
2274 5768 2415 5824 Junii
2446 5765 2617 5822 Natali
2643 5763 2742 5821 SS.
2777 5765 3068 5825 Marcellini
3101 5778 3154 5828 et
3185 5768 3354 5835 Petri,
3397 5780 3461 5822 ac
3487 5766 3546 5825 ita

1971 5855 2000 5894 a
2031 5856 2092 5894 its
2135 5853 2191 5894 es
2219 5854 2281 5893 is.

1971 5840 2092 5894 aliis
2116 5840 2281 5894 festis.
