  <div class='ocr_page' id='page_1' title='image "/cluster/home/n/w/nwhite01/storage/ocr_20150623/55/hvd.32044015471592/055.png"; bbox 0 0 4018 6314; ppageno 0'>
   <div class='ocr_carea' id='block_1_1' title="bbox 457 268 2045 342">
    <p class='ocr_par' dir='ltr' id='par_1_1' title="bbox 457 268 2016 342">
     <span class='ocr_line' id='line_1_1' title="bbox 457 268 2016 342; baseline -0.002 -1"><span class='ocrx_word' id='word_1_1' title='bbox 457 270 529 342; x_wconf 72' lang='lat'><strong>99</strong></span> <span class='ocrx_word' id='word_1_2' title='bbox 1448 276 1678 336; x_wconf 80' lang='lat' dir='ltr'><strong>OPERA</strong></span> <span class='ocrx_word' id='word_1_3' title='bbox 1711 278 1773 337; x_wconf 88' lang='lat' dir='ltr'><strong>S.</strong></span> <span class='ocrx_word' id='word_1_4' title='bbox 1811 268 2016 338; x_wconf 67' lang='lat' dir='ltr'><strong>LBON!</strong></span> 
     </span>
    </p>
   </div>
   <div class='ocr_carea' id='block_1_2' title="bbox 2155 268 2740 342">
    <p class='ocr_par' dir='ltr' id='par_1_2' title="bbox 2155 279 2740 340">
     <span class='ocr_line' id='line_1_2' title="bbox 2155 279 2740 340; baseline -0.005 0"><span class='ocrx_word' id='word_1_5' title='bbox 2155 279 2288 340; x_wconf 70' lang='lat' dir='ltr'><strong>6N0</strong></span> <span class='ocrx_word' id='word_1_6' title='bbox 2328 280 2740 340; x_wconf 77' lang='lat' dir='ltr'><strong>ATTNBUTA.</strong></span> 
     </span>
    </p>
   </div>
   <div class='ocr_carea' id='block_1_3' title="bbox 3613 284 3709 343">
    <p class='ocr_par' dir='ltr' id='par_1_3' title="bbox 3613 284 3709 343">
     <span class='ocr_line' id='line_1_3' title="bbox 3613 284 3709 343; baseline 0.031 -3"><span class='ocrx_word' id='word_1_7' title='bbox 3613 284 3709 343; x_wconf 71' lang='lat'><strong>100</strong></span> 
     </span>
    </p>
   </div>
   <div class='ocr_carea' id='block_1_4' title="bbox 458 382 3706 467">
    <p class='ocr_par' dir='ltr' id='par_1_4' title="bbox 458 382 3706 467">
     <span class='ocr_line' id='line_1_4' title="bbox 458 382 3706 467; baseline -0 -13"><span class='ocrx_word' id='word_1_8' title='bbox 458 412 579 455; x_wconf 88' lang='lat' dir='ltr'><strong>rom</strong></span> <span class='ocrx_word' id='word_1_9' title='bbox 619 404 769 452; x_wconf 87' lang='lat' dir='ltr'><strong>tuere</strong></span> <span class='ocrx_word' id='word_1_10' title='bbox 820 390 1101 467; x_wconf 71' lang='lat' dir='ltr'><strong>praesidiis,</strong></span> <span class='ocrx_word' id='word_1_11' title='bbox 1147 396 1204 446; x_wconf 90' lang='lat' dir='ltr'><strong>et</strong></span> <span class='ocrx_word' id='word_1_12' title='bbox 1245 400 1447 462; x_wconf 87' lang='lat' dir='ltr'><strong>quanto</strong></span> <span class='ocrx_word' id='word_1_13' title='bbox 1480 382 1791 464; x_wconf 68' lang='lat' dir='ltr'><strong>fragiliora:</strong></span> <span class='ocrx_word' id='word_1_14' title='bbox 1826 407 2032 461; x_wconf 84' lang='lat' dir='ltr'><strong>sumus,</strong></span> <span class='ocrx_word' id='word_1_15' title='bbox 2062 395 2117 459; x_wconf 74' lang='grc' dir='ltr'><strong>Λ</strong></span> <span class='ocrx_word' id='word_1_16' title='bbox 2211 394 2317 453; x_wconf 69' lang='lat' dir='ltr'><strong>Pro</strong></span> <span class='ocrx_word' id='word_1_17' title='bbox 2354 396 2549 453; x_wconf 76' lang='lat' dir='ltr'><strong>familia</strong></span> <span class='ocrx_word' id='word_1_18' title='bbox 2592 403 2705 463; x_wconf 87' lang='lat' dir='ltr'><strong>tua,</strong></span> <span class='ocrx_word' id='word_1_19' title='bbox 2754 392 3002 461; x_wconf 86' lang='lat' dir='ltr'><strong>Domine,</strong></span> <span class='ocrx_word' id='word_1_20' title='bbox 3040 404 3367 465; x_wconf 63' lang='lat' dir='ltr'><strong>quaerimus,</strong></span> <span class='ocrx_word' id='word_1_21' title='bbox 3403 401 3706 463; x_wconf 81' lang='lat' dir='ltr'><strong>sanctorum</strong></span> 
     </span>
    </p>
   </div>
   <div class='ocr_carea' id='block_1_5' title="bbox 460 481 2053 557">
    <p class='ocr_par' dir='ltr' id='par_1_5' title="bbox 460 481 2053 557">
     <span class='ocr_line' id='line_1_5' title="bbox 460 481 2053 557; baseline -0.001 -13"><span class='ocrx_word' id='word_1_22' title='bbox 460 496 610 545; x_wconf 86' lang='lat' dir='ltr'><strong>tanto</strong></span> <span class='ocrx_word' id='word_1_23' title='bbox 637 486 803 557; x_wconf 90' lang='lat' dir='ltr'><strong>magis</strong></span> <span class='ocrx_word' id='word_1_24' title='bbox 832 481 1150 540; x_wconf 80' lang='lat' dir='ltr'><strong>necessariis</strong></span> <span class='ocrx_word' id='word_1_25' title='bbox 1180 481 1367 538; x_wconf 87' lang='lat' dir='ltr'><strong>attolle</strong></span> <span class='ocrx_word' id='word_1_26' title='bbox 1394 483 1681 555; x_wconf 77' lang='lat' dir='ltr'><strong>snﬁragiis.</strong></span> <span class='ocrx_word' id='word_1_27' title='bbox 1712 482 1844 553; x_wconf 86' lang='lat' dir='ltr'><strong>Per,</strong></span> <span class='ocrx_word' id='word_1_28' title='bbox 1875 493 1982 541; x_wconf 89' lang='lat' dir='ltr'><strong>etc.</strong></span> <span class='ocrx_word' id='word_1_29' title='bbox 2050 536 2053 543; x_wconf 93' lang='lat'><strong>.</strong></span> 
     </span>
    </p>
   </div>
   <div class='ocr_carea' id='block_1_6' title="bbox 530 575 2045 648">
    <p class='ocr_par' dir='ltr' id='par_1_6' title="bbox 530 575 2045 648">
     <span class='ocr_line' id='line_1_6' title="bbox 530 575 2045 648; baseline -0.001 -14"><span class='ocrx_word' id='word_1_30' title='bbox 530 587 560 616; x_wconf 78' lang='grc' dir='ltr'><strong>ι</strong></span> <span class='ocrx_word' id='word_1_31' title='bbox 579 579 914 648; x_wconf 66' lang='lat' dir='ltr'><strong>Qumsumns,</strong></span> <span class='ocrx_word' id='word_1_32' title='bbox 945 575 1287 646; x_wconf 82' lang='lat' dir='ltr'><strong>omnipotens</strong></span> <span class='ocrx_word' id='word_1_33' title='bbox 1316 575 1477 643; x_wconf 84' lang='lat' dir='ltr'><strong>Deus,</strong></span> <span class='ocrx_word' id='word_1_34' title='bbox 1510 583 1571 632; x_wconf 88' lang='lat' dir='ltr'><strong>ut</strong></span> <span class='ocrx_word' id='word_1_35' title='bbox 1590 585 1903 634; x_wconf 86' lang='lat' dir='ltr'><strong>sanctorum</strong></span> <span class='ocrx_word' id='word_1_36' title='bbox 1924 587 2045 635; x_wconf 90' lang='lat' dir='ltr'><strong>tuo-</strong></span> 
     </span>
    </p>
   </div>
   <div class='ocr_carea' id='block_1_7' title="bbox 460 666 2044 741">
    <p class='ocr_par' dir='ltr' id='par_1_7' title="bbox 460 666 2044 741">
     <span class='ocr_line' id='line_1_7' title="bbox 460 666 2044 741; baseline -0.001 -16"><span class='ocrx_word' id='word_1_37' title='bbox 460 685 579 725; x_wconf 86' lang='lat' dir='ltr'><strong>rum</strong></span> <span class='ocrx_word' id='word_1_38' title='bbox 607 668 915 725; x_wconf 83' lang='lat' dir='ltr'><strong>etelestibus</strong></span> <span class='ocrx_word' id='word_1_39' title='bbox 940 666 1214 741; x_wconf 74' lang='lat' dir='ltr'><strong>mysteriis</strong></span> <span class='ocrx_word' id='word_1_40' title='bbox 1240 666 1509 723; x_wconf 86' lang='lat' dir='ltr'><strong>celebrata</strong></span> <span class='ocrx_word' id='word_1_41' title='bbox 1530 667 1848 725; x_wconf 88' lang='lat' dir='ltr'><strong>solemnitas</strong></span> <span class='ocrx_word' id='word_1_42' title='bbox 1870 669 2044 725; x_wconf 90' lang='lat' dir='ltr'><strong>indul-</strong></span> 
     </span>
    </p>
   </div>
   <div class='ocr_carea' id='block_1_8' title="bbox 459 761 2039 834">
    <p class='ocr_par' dir='ltr' id='par_1_8' title="bbox 459 761 2039 834">
     <span class='ocr_line' id='line_1_8' title="bbox 459 761 2039 834; baseline 0.001 -18"><span class='ocrx_word' id='word_1_43' title='bbox 459 764 691 834; x_wconf 91' lang='lat' dir='ltr'><strong>gentiam</strong></span> <span class='ocrx_word' id='word_1_44' title='bbox 723 762 877 817; x_wconf 91' lang='lat' dir='ltr'><strong>nobis</strong></span> <span class='ocrx_word' id='word_1_45' title='bbox 909 770 1014 817; x_wconf 77' lang='lat' dir='ltr'><strong>tua:</strong></span> <span class='ocrx_word' id='word_1_46' title='bbox 1052 761 1445 834; x_wconf 77' lang='lat' dir='ltr'><strong>propitiationis</strong></span> <span class='ocrx_word' id='word_1_47' title='bbox 1482 762 1747 833; x_wconf 76' lang='lat' dir='ltr'><strong>acquirat.</strong></span> <span class='ocrx_word' id='word_1_48' title='bbox 1776 764 1899 831; x_wconf 83' lang='lat' dir='ltr'><strong>Per,</strong></span> <span class='ocrx_word' id='word_1_49' title='bbox 1931 772 2039 821; x_wconf 86' lang='lat' dir='ltr'><strong>etc.</strong></span> 
     </span>
    </p>
   </div>
   <div class='ocr_carea' id='block_1_9' title="bbox 534 854 2043 933">
    <p class='ocr_par' dir='ltr' id='par_1_9' title="bbox 534 854 2043 933">
     <span class='ocr_line' id='line_1_9' title="bbox 534 854 2043 933; baseline 0.003 -24"><span class='ocrx_word' id='word_1_50' title='bbox 534 854 673 911; x_wconf 77' lang='lat' dir='ltr'><strong>Vere</strong></span> <span class='ocrx_word' id='word_1_51' title='bbox 700 855 941 926; x_wconf 78' lang='lat' dir='ltr'><strong>dignum.</strong></span> <span class='ocrx_word' id='word_1_52' title='bbox 971 854 1073 924; x_wconf 80' lang='lat' dir='ltr'><strong>Qui</strong></span> <span class='ocrx_word' id='word_1_53' title='bbox 1116 869 1221 911; x_wconf 91' lang='lat' dir='ltr'><strong>non</strong></span> <span class='ocrx_word' id='word_1_54' title='bbox 1266 854 1440 933; x_wconf 71' lang='lat' dir='ltr'><strong>solum</strong></span> <span class='ocrx_word' id='word_1_55' title='bbox 1485 856 1643 912; x_wconf 88' lang='lat' dir='ltr'><strong>malis</strong></span> <span class='ocrx_word' id='word_1_56' title='bbox 1669 858 1869 914; x_wconf 72' lang='lat' dir='ltr'><strong>nostris</strong></span> <span class='ocrx_word' id='word_1_57' title='bbox 1904 858 2043 914; x_wconf 83' lang='lat' dir='ltr'><strong>bona</strong></span> 
     </span>
    </p>
   </div>
   <div class='ocr_carea' id='block_1_10' title="bbox 460 945 2041 1016">
    <p class='ocr_par' dir='ltr' id='par_1_10' title="bbox 460 945 2041 1016">
     <span class='ocr_line' id='line_1_10' title="bbox 460 945 2041 1016; baseline 0.001 -13"><span class='ocrx_word' id='word_1_58' title='bbox 460 946 739 1012; x_wconf 84' lang='lat' dir='ltr'><strong>retribuis,</strong></span> <span class='ocrx_word' id='word_1_59' title='bbox 768 946 864 1002; x_wconf 86' lang='lat' dir='ltr'><strong>sed</strong></span> <span class='ocrx_word' id='word_1_60' title='bbox 898 952 958 1001; x_wconf 89' lang='lat' dir='ltr'><strong>ut</strong></span> <span class='ocrx_word' id='word_1_61' title='bbox 1002 946 1213 1001; x_wconf 86' lang='lat' dir='ltr'><strong>miseris</strong></span> <span class='ocrx_word' id='word_1_62' title='bbox 1259 945 1516 1002; x_wconf 85' lang='lat' dir='ltr'><strong>uberiora</strong></span> <span class='ocrx_word' id='word_1_63' title='bbox 1564 948 1704 1002; x_wconf 87' lang='lat' dir='ltr'><strong>dona</strong></span> <span class='ocrx_word' id='word_1_64' title='bbox 1750 948 2041 1016; x_wconf 84' lang='lat' dir='ltr'><strong>concedas,</strong></span> 
     </span>
    </p>
   </div>
   <div class='ocr_carea' id='block_1_11' title="bbox 463 1036 2039 1110">
    <p class='ocr_par' dir='ltr' id='par_1_11' title="bbox 463 1036 2039 1110">
     <span class='ocr_line' id='line_1_11' title="bbox 463 1036 2039 1110; baseline 0.001 -17"><span class='ocrx_word' id='word_1_65' title='bbox 463 1040 552 1108; x_wconf 88' lang='lat' dir='ltr'><strong>qui</strong></span> <span class='ocrx_word' id='word_1_66' title='bbox 582 1037 742 1108; x_wconf 86' lang='lat' dir='ltr'><strong>digne</strong></span> <span class='ocrx_word' id='word_1_67' title='bbox 773 1053 869 1109; x_wconf 88' lang='lat' dir='ltr'><strong>pro</strong></span> <span class='ocrx_word' id='word_1_68' title='bbox 910 1036 1066 1093; x_wconf 90' lang='lat' dir='ltr'><strong>nobis</strong></span> <span class='ocrx_word' id='word_1_69' title='bbox 1096 1038 1306 1107; x_wconf 88' lang='lat' dir='ltr'><strong>possint</strong></span> <span class='ocrx_word' id='word_1_70' title='bbox 1331 1038 1691 1110; x_wconf 78' lang='lat' dir='ltr'><strong>intercedere,</strong></span> <span class='ocrx_word' id='word_1_71' title='bbox 1739 1039 2039 1107; x_wconf 86' lang='lat' dir='ltr'><strong>contulisti,</strong></span> 
     </span>
    </p>
   </div>
   <div class='ocr_carea' id='block_1_12' title="bbox 464 1128 2043 1199">
    <p class='ocr_par' dir='ltr' id='par_1_12' title="bbox 464 1128 2043 1199">
     <span class='ocr_line' id='line_1_12' title="bbox 464 1128 2043 1199; baseline 0.002 -14"><span class='ocrx_word' id='word_1_72' title='bbox 464 1137 521 1185; x_wconf 91' lang='lat' dir='ltr'><strong>et</strong></span> <span class='ocrx_word' id='word_1_73' title='bbox 556 1128 697 1199; x_wconf 88' lang='lat' dir='ltr'><strong>quod</strong></span> <span class='ocrx_word' id='word_1_74' title='bbox 728 1140 907 1185; x_wconf 83' lang='lat' dir='ltr'><strong>nostra</strong></span> <span class='ocrx_word' id='word_1_75' title='bbox 936 1128 1268 1186; x_wconf 81' lang='lat' dir='ltr'><strong>conscientia</strong></span> <span class='ocrx_word' id='word_1_76' title='bbox 1295 1144 1405 1187; x_wconf 92' lang='lat' dir='ltr'><strong>non</strong></span> <span class='ocrx_word' id='word_1_77' title='bbox 1439 1131 1690 1199; x_wconf 83' lang='lat' dir='ltr'><strong>habebat,</strong></span> <span class='ocrx_word' id='word_1_78' title='bbox 1721 1131 2043 1188; x_wconf 83' lang='lat' dir='ltr'><strong>intercessio</strong></span> 
     </span>
    </p>
   </div>
   <div class='ocr_carea' id='block_1_13' title="bbox 465 1220 1579 1293">
    <p class='ocr_par' dir='ltr' id='par_1_13' title="bbox 465 1220 1579 1293">
     <span class='ocr_line' id='line_1_13' title="bbox 465 1220 1579 1293; baseline 0.004 -18"><span class='ocrx_word' id='word_1_79' title='bbox 465 1220 677 1292; x_wconf 84' lang='lat' dir='ltr'><strong>supplet</strong></span> <span class='ocrx_word' id='word_1_80' title='bbox 705 1221 799 1275; x_wconf 89' lang='lat' dir='ltr'><strong>tibi</strong></span> <span class='ocrx_word' id='word_1_81' title='bbox 825 1231 973 1292; x_wconf 86' lang='lat' dir='ltr'><strong>grata</strong></span> <span class='ocrx_word' id='word_1_82' title='bbox 995 1221 1289 1292; x_wconf 87' lang='lat' dir='ltr'><strong>iustorum.</strong></span> <span class='ocrx_word' id='word_1_83' title='bbox 1321 1223 1442 1293; x_wconf 89' lang='lat' dir='ltr'><strong>Per,</strong></span> <span class='ocrx_word' id='word_1_84' title='bbox 1472 1233 1579 1280; x_wconf 89' lang='lat' dir='ltr'><strong>etc.</strong></span> 
     </span>
    </p>
   </div>
   <div class='ocr_carea' id='block_1_14' title="bbox 537 1313 2040 1388">
    <p class='ocr_par' dir='ltr' id='par_1_14' title="bbox 537 1313 2040 1388">
     <span class='ocr_line' id='line_1_14' title="bbox 537 1313 2040 1388; baseline 0.002 -20"><span class='ocrx_word' id='word_1_85' title='bbox 537 1313 772 1369; x_wconf 72' lang='lat' dir='ltr'><strong>hSancti</strong></span> <span class='ocrx_word' id='word_1_86' title='bbox 822 1315 1072 1385; x_wconf 85' lang='lat' dir='ltr'><strong>martyris</strong></span> <span class='ocrx_word' id='word_1_87' title='bbox 1128 1316 1361 1386; x_wconf 77' lang='lat' dir='ltr'><strong>Agapiti,</strong></span> <span class='ocrx_word' id='word_1_88' title='bbox 1408 1315 1654 1383; x_wconf 82' lang='lat' dir='ltr'><strong>Domine,</strong></span> <span class='ocrx_word' id='word_1_89' title='bbox 1705 1331 2040 1388; x_wconf 67' lang='lat' dir='ltr'><strong>quaesumus,</strong></span> 
     </span>
    </p>
   </div>
   <div class='ocr_carea' id='block_1_15' title="bbox 464 1403 2045 1477">
    <p class='ocr_par' dir='ltr' id='par_1_15' title="bbox 464 1403 2045 1477">
     <span class='ocr_line' id='line_1_15' title="bbox 464 1403 2045 1477; baseline 0.003 -19"><span class='ocrx_word' id='word_1_90' title='bbox 464 1404 770 1459; x_wconf 86' lang='lat' dir='ltr'><strong>veneranda</strong></span> <span class='ocrx_word' id='word_1_91' title='bbox 808 1403 1094 1473; x_wconf 78' lang='lat' dir='ltr'><strong>festivitas,</strong></span> <span class='ocrx_word' id='word_1_92' title='bbox 1132 1406 1387 1462; x_wconf 87' lang='lat' dir='ltr'><strong>salutaris</strong></span> <span class='ocrx_word' id='word_1_93' title='bbox 1425 1406 1610 1462; x_wconf 82' lang='lat' dir='ltr'><strong>auxilii</strong></span> <span class='ocrx_word' id='word_1_94' title='bbox 1636 1407 1792 1463; x_wconf 91' lang='lat' dir='ltr'><strong>nobis</strong></span> <span class='ocrx_word' id='word_1_95' title='bbox 1826 1414 2045 1477; x_wconf 71' lang='lat' dir='ltr'><strong>praestet</strong></span> 
     </span>
    </p>
   </div>
   <div class='ocr_carea' id='block_1_16' title="bbox 465 1494 1123 1565">
    <p class='ocr_par' dir='ltr' id='par_1_16' title="bbox 465 1494 1123 1565">
     <span class='ocr_line' id='line_1_16' title="bbox 465 1494 1123 1565; baseline 0.002 -16"><span class='ocrx_word' id='word_1_96' title='bbox 465 1503 831 1565; x_wconf 76' lang='lat' dir='ltr'><strong>augmentum.</strong></span> <span class='ocrx_word' id='word_1_97' title='bbox 860 1494 988 1564; x_wconf 87' lang='lat' dir='ltr'><strong>Per,</strong></span> <span class='ocrx_word' id='word_1_98' title='bbox 1019 1505 1123 1550; x_wconf 88' lang='lat' dir='ltr'><strong>etc.</strong></span> 
     </span>
    </p>
   </div>
   <div class='ocr_carea' id='block_1_17' title="bbox 535 1587 2047 1664">
    <p class='ocr_par' dir='ltr' id='par_1_17' title="bbox 535 1587 2047 1664">
     <span class='ocr_line' id='line_1_17' title="bbox 535 1587 2047 1664; baseline 0.003 -22"><span class='ocrx_word' id='word_1_99' title='bbox 535 1587 692 1643; x_wconf 86' lang='lat' dir='ltr'><strong>Plebs</strong></span> <span class='ocrx_word' id='word_1_100' title='bbox 718 1597 827 1651; x_wconf 87' lang='lat' dir='ltr'><strong>tua,</strong></span> <span class='ocrx_word' id='word_1_101' title='bbox 851 1587 1093 1654; x_wconf 86' lang='lat' dir='ltr'><strong>Domine,</strong></span> <span class='ocrx_word' id='word_1_102' title='bbox 1120 1588 1328 1644; x_wconf 60' lang='lat' dir='ltr'><strong>laetetur</strong></span> <span class='ocrx_word' id='word_1_103' title='bbox 1349 1598 1560 1646; x_wconf 90' lang='lat' dir='ltr'><strong>tuorum</strong></span> <span class='ocrx_word' id='word_1_104' title='bbox 1582 1604 1798 1661; x_wconf 89' lang='lat' dir='ltr'><strong>semper</strong></span> <span class='ocrx_word' id='word_1_105' title='bbox 1816 1589 1927 1664; x_wconf 62' lang='lat'><strong>95.</strong></span> <span class='ocrx_word' id='word_1_106' title='bbox 1948 1590 2047 1646; x_wconf 87' lang='lat' dir='ltr'><strong>bo-</strong></span> 
     </span>
    </p>
   </div>
   <div class='ocr_carea' id='block_1_18' title="bbox 466 1683 2045 1754">
    <p class='ocr_par' dir='ltr' id='par_1_18' title="bbox 466 1683 2045 1754">
     <span class='ocr_line' id='line_1_18' title="bbox 466 1683 2045 1754; baseline 0.002 -18"><span class='ocrx_word' id='word_1_107' title='bbox 466 1695 602 1736; x_wconf 89' lang='lat' dir='ltr'><strong>nore</strong></span> <span class='ocrx_word' id='word_1_108' title='bbox 621 1688 947 1750; x_wconf 87' lang='lat' dir='ltr'><strong>sanctorum,</strong></span> <span class='ocrx_word' id='word_1_109' title='bbox 979 1697 1030 1739; x_wconf 88' lang='lat' dir='ltr'><strong>et</strong></span> <span class='ocrx_word' id='word_1_110' title='bbox 1055 1696 1239 1737; x_wconf 89' lang='lat' dir='ltr'><strong>eorum</strong></span> <span class='ocrx_word' id='word_1_111' title='bbox 1262 1683 1523 1754; x_wconf 85' lang='lat' dir='ltr'><strong>percipiat</strong></span> <span class='ocrx_word' id='word_1_112' title='bbox 1542 1685 1929 1740; x_wconf 85' lang='lat' dir='ltr'><strong>intercessione</strong></span> <span class='ocrx_word' id='word_1_113' title='bbox 1950 1699 2045 1739; x_wconf 87' lang='lat' dir='ltr'><strong>vo—</strong></span> 
     </span>
    </p>
   </div>
   <div class='ocr_carea' id='block_1_19' title="bbox 2139 484 3706 562">
    <p class='ocr_par' dir='ltr' id='par_1_19' title="bbox 2139 484 3706 562">
     <span class='ocr_line' id='line_1_19' title="bbox 2139 484 3706 562; baseline -0.003 -17"><span class='ocrx_word' id='word_1_114' title='bbox 2139 498 2436 562; x_wconf 81' lang='lat' dir='ltr'><strong>martyrum</strong></span> <span class='ocrx_word' id='word_1_115' title='bbox 2466 487 2789 545; x_wconf 68' lang='lat' dir='ltr'><strong>venerabilis</strong></span> <span class='ocrx_word' id='word_1_116' title='bbox 2825 484 3122 541; x_wconf 87' lang='lat' dir='ltr'><strong>intercedat</strong></span> <span class='ocrx_word' id='word_1_117' title='bbox 3166 485 3361 554; x_wconf 83' lang='lat' dir='ltr'><strong>oratio,</strong></span> <span class='ocrx_word' id='word_1_118' title='bbox 3398 493 3457 539; x_wconf 91' lang='lat' dir='ltr'><strong>ut</strong></span> <span class='ocrx_word' id='word_1_119' title='bbox 3483 500 3706 555; x_wconf 88' lang='lat' dir='ltr'><strong>quorum</strong></span> 
     </span>
    </p>
   </div>
   <div class='ocr_carea' id='block_1_20' title="bbox 2138 575 3706 646">
    <p class='ocr_par' dir='ltr' id='par_1_20' title="bbox 2138 575 3706 646">
     <span class='ocr_line' id='line_1_20' title="bbox 2138 575 3706 646; baseline -0.003 -10"><span class='ocrx_word' id='word_1_120' title='bbox 2138 581 2398 636; x_wconf 83' lang='lat' dir='ltr'><strong>solemnia</strong></span> <span class='ocrx_word' id='word_1_121' title='bbox 2431 580 2622 638; x_wconf 87' lang='lat' dir='ltr'><strong>devota</strong></span> <span class='ocrx_word' id='word_1_122' title='bbox 2653 586 2833 634; x_wconf 89' lang='lat' dir='ltr'><strong>mente</strong></span> <span class='ocrx_word' id='word_1_123' title='bbox 2876 591 2981 631; x_wconf 87' lang='lat' dir='ltr'><strong>non</strong></span> <span class='ocrx_word' id='word_1_124' title='bbox 3015 576 3241 642; x_wconf 77' lang='lat' dir='ltr'><strong>deserit,</strong></span> <span class='ocrx_word' id='word_1_125' title='bbox 3267 589 3456 631; x_wconf 77' lang='lat' dir='ltr'><strong>eorum</strong></span> <span class='ocrx_word' id='word_1_126' title='bbox 3484 575 3589 646; x_wconf 89' lang='lat' dir='ltr'><strong>piis</strong></span> <span class='ocrx_word' id='word_1_127' title='bbox 3615 578 3706 632; x_wconf 81' lang='lat' dir='ltr'><strong>atl-</strong></span> 
     </span>
    </p>
   </div>
   <div class='ocr_carea' id='block_1_21' title="bbox 2135 665 3708 742">
    <p class='ocr_par' dir='ltr' id='par_1_21' title="bbox 2135 665 3708 742">
     <span class='ocr_line' id='line_1_21' title="bbox 2135 665 3708 742; baseline -0.001 -16"><span class='ocrx_word' id='word_1_128' title='bbox 2135 670 2248 741; x_wconf 84' lang='lat' dir='ltr'><strong>iuta</strong></span> <span class='ocrx_word' id='word_1_129' title='bbox 2272 670 2554 742; x_wconf 77' lang='lat' dir='ltr'><strong>praesidiis,</strong></span> <span class='ocrx_word' id='word_1_130' title='bbox 2596 680 2651 727; x_wconf 88' lang='lat' dir='ltr'><strong>et</strong></span> <span class='ocrx_word' id='word_1_131' title='bbox 2694 666 3120 727; x_wconf 83' lang='lat' dir='ltr'><strong>consolationem</strong></span> <span class='ocrx_word' id='word_1_132' title='bbox 3155 665 3356 727; x_wconf 85' lang='lat' dir='ltr'><strong>referat</strong></span> <span class='ocrx_word' id='word_1_133' title='bbox 3382 676 3437 723; x_wconf 91' lang='lat' dir='ltr'><strong>et</strong></span> <span class='ocrx_word' id='word_1_134' title='bbox 3464 666 3708 737; x_wconf 75' lang='lat' dir='ltr'><strong>salutem.</strong></span> 
     </span>
    </p>
   </div>
   <div class='ocr_carea' id='block_1_22' title="bbox 2142 762 2402 829">
    <p class='ocr_par' dir='ltr' id='par_1_22' title="bbox 2142 762 2402 829">
     <span class='ocr_line' id='line_1_22' title="bbox 2142 762 2402 829; baseline -0.004 -10"><span class='ocrx_word' id='word_1_135' title='bbox 2142 762 2264 829; x_wconf 84' lang='lat' dir='ltr'><strong>Per,</strong></span> <span class='ocrx_word' id='word_1_136' title='bbox 2293 770 2402 818; x_wconf 90' lang='lat' dir='ltr'><strong>etc.</strong></span> 
     </span>
    </p>
   </div>
   <div class='ocr_carea' id='block_1_23' title="bbox 2209 850 3713 927">
    <p class='ocr_par' dir='ltr' id='par_1_23' title="bbox 2209 850 3713 927">
     <span class='ocr_line' id='line_1_23' title="bbox 2209 850 3713 927; baseline 0 -16"><span class='ocrx_word' id='word_1_137' title='bbox 2209 855 2321 927; x_wconf 68' lang='grc' dir='ltr'><strong>οδ</strong></span> <span class='ocrx_word' id='word_1_138' title='bbox 2353 854 2437 911; x_wconf 84' lang='lat' dir='ltr'><strong>Ill.</strong></span> <span class='ocrx_word' id='word_1_139' title='bbox 2462 854 2596 909; x_wconf 68' lang='lat' dir='ltr'><strong>lim</strong></span> <span class='ocrx_word' id='word_1_140' title='bbox 2622 852 3163 920; x_wconf 63' lang='lat' dir='ltr'><strong>alim—Quasnam.</strong></span> <span class='ocrx_word' id='word_1_141' title='bbox 3192 850 3422 925; x_wconf 76' lang='lat' dir='ltr'><strong>Domine</strong></span> <span class='ocrx_word' id='word_1_142' title='bbox 3451 850 3597 911; x_wconf 85' lang='lat' dir='ltr'><strong>Deus</strong></span> <span class='ocrx_word' id='word_1_143' title='bbox 3622 868 3713 913; x_wconf 86' lang='lat' dir='ltr'><strong>no-</strong></span> 
     </span>
    </p>
   </div>
   <div class='ocr_carea' id='block_1_24' title="bbox 2143 942 3691 1017">
    <p class='ocr_par' dir='ltr' id='par_1_24' title="bbox 2143 942 3691 1017">
     <span class='ocr_line' id='line_1_24' title="bbox 2143 942 3691 1017; baseline -0.001 -14"><span class='ocrx_word' id='word_1_144' title='bbox 2143 956 2279 1013; x_wconf 82' lang='lat' dir='ltr'><strong>ster,</strong></span> <span class='ocrx_word' id='word_1_145' title='bbox 2309 955 2369 1001; x_wconf 81' lang='grc' dir='ltr'><strong>ιιι</strong></span> <span class='ocrx_word' id='word_1_146' title='bbox 2407 961 2512 1000; x_wconf 84' lang='lat' dir='ltr'><strong>non</strong></span> <span class='ocrx_word' id='word_1_147' title='bbox 2539 946 2792 1001; x_wconf 77' lang='lat' dir='ltr'><strong>desinant</strong></span> <span class='ocrx_word' id='word_1_148' title='bbox 2827 942 3002 1002; x_wconf 81' lang='lat' dir='ltr'><strong>sancti</strong></span> <span class='ocrx_word' id='word_1_149' title='bbox 3040 942 3118 1003; x_wconf 89' lang='lat' dir='ltr'><strong>tui</strong></span> <span class='ocrx_word' id='word_1_150' title='bbox 3156 956 3258 1012; x_wconf 75' lang='lat' dir='ltr'><strong>pro</strong></span> <span class='ocrx_word' id='word_1_151' title='bbox 3284 943 3488 1003; x_wconf 85' lang='lat' dir='ltr'><strong>nostris</strong></span> <span class='ocrx_word' id='word_1_152' title='bbox 3514 944 3691 1017; x_wconf 88' lang='lat' dir='ltr'><strong>suppli</strong></span> 
     </span>
    </p>
   </div>
   <div class='ocr_carea' id='block_1_25' title="bbox 2144 1036 3712 1110">
    <p class='ocr_par' dir='ltr' id='par_1_25' title="bbox 2144 1036 3712 1110">
     <span class='ocr_line' id='line_1_25' title="bbox 2144 1036 3712 1110; baseline 0.001 -15"><span class='ocrx_word' id='word_1_153' title='bbox 2144 1054 2268 1096; x_wconf 85' lang='lat' dir='ltr'><strong>care</strong></span> <span class='ocrx_word' id='word_1_154' title='bbox 2297 1040 2562 1110; x_wconf 82' lang='lat' dir='ltr'><strong>peccatis,</strong></span> <span class='ocrx_word' id='word_1_155' title='bbox 2607 1053 2636 1092; x_wconf 91' lang='lat' dir='ltr'><strong>a</strong></span> <span class='ocrx_word' id='word_1_156' title='bbox 2668 1038 2861 1109; x_wconf 86' lang='lat' dir='ltr'><strong>quibus</strong></span> <span class='ocrx_word' id='word_1_157' title='bbox 2894 1048 2949 1094; x_wconf 88' lang='grc' dir='ltr'><strong>ιιι</strong></span> <span class='ocrx_word' id='word_1_158' title='bbox 2972 1036 3191 1095; x_wconf 66' lang='lat' dir='ltr'><strong>voluisti</strong></span> <span class='ocrx_word' id='word_1_159' title='bbox 3218 1052 3320 1108; x_wconf 75' lang='lat' dir='ltr'><strong>pro</strong></span> <span class='ocrx_word' id='word_1_160' title='bbox 3343 1041 3712 1109; x_wconf 77' lang='lat' dir='ltr'><strong>peccatoribus</strong></span> 
     </span>
    </p>
   </div>
   <div class='ocr_carea' id='block_1_26' title="bbox 2144 1130 2654 1195">
    <p class='ocr_par' dir='ltr' id='par_1_26' title="bbox 2144 1130 2654 1195">
     <span class='ocr_line' id='line_1_26' title="bbox 2144 1130 2654 1195; baseline -0.008 -7"><span class='ocrx_word' id='word_1_161' title='bbox 2144 1132 2377 1188; x_wconf 70' lang='lat' dir='ltr'><strong>exorari.</strong></span> <span class='ocrx_word' id='word_1_162' title='bbox 2402 1130 2526 1195; x_wconf 83' lang='lat' dir='ltr'><strong>Per,</strong></span> <span class='ocrx_word' id='word_1_163' title='bbox 2551 1137 2654 1184; x_wconf 85' lang='lat' dir='ltr'><strong>etc.</strong></span> 
     </span>
    </p>
   </div>
   <div class='ocr_carea' id='block_1_27' title="bbox 2220 1220 3716 1293">
    <p class='ocr_par' dir='ltr' id='par_1_27' title="bbox 2220 1220 3716 1293">
     <span class='ocr_line' id='line_1_27' title="bbox 2220 1220 3716 1293; baseline 0.001 -17"><span class='ocrx_word' id='word_1_164' title='bbox 2220 1231 2244 1263; x_wconf 78' lang='grc' dir='ltr'><strong><em>ο</em></strong></span> <span class='ocrx_word' id='word_1_165' title='bbox 2271 1224 2470 1277; x_wconf 79' lang='lat' dir='ltr'><strong>Praesta</strong></span> <span class='ocrx_word' id='word_1_166' title='bbox 2501 1221 2685 1286; x_wconf 86' lang='lat' dir='ltr'><strong>nobis,</strong></span> <span class='ocrx_word' id='word_1_167' title='bbox 2712 1232 3024 1291; x_wconf 65' lang='lat' dir='ltr'><strong>quasumus</strong></span> <span class='ocrx_word' id='word_1_168' title='bbox 3044 1262 3060 1292; x_wconf 92' lang='lat'><strong>,</strong></span> <span class='ocrx_word' id='word_1_169' title='bbox 3086 1220 3432 1293; x_wconf 72' lang='lat' dir='ltr'><strong>omnipotens</strong></span> <span class='ocrx_word' id='word_1_170' title='bbox 3459 1220 3636 1288; x_wconf 86' lang='lat' dir='ltr'><strong>Deus,</strong></span> <span class='ocrx_word' id='word_1_171' title='bbox 3664 1230 3716 1278; x_wconf 86' lang='lat' dir='ltr'><strong>ut</strong></span> 
     </span>
    </p>
   </div>
   <div class='ocr_carea' id='block_1_28' title="bbox 2144 1312 3717 1384">
    <p class='ocr_par' dir='ltr' id='par_1_28' title="bbox 2144 1312 3717 1384">
     <span class='ocr_line' id='line_1_28' title="bbox 2144 1312 3717 1384; baseline 0.002 -14"><span class='ocrx_word' id='word_1_172' title='bbox 2144 1323 2345 1371; x_wconf 66' lang='lat' dir='ltr'><strong>nostrae</strong></span> <span class='ocrx_word' id='word_1_173' title='bbox 2373 1313 2692 1368; x_wconf 87' lang='lat' dir='ltr'><strong>humilitatis</strong></span> <span class='ocrx_word' id='word_1_174' title='bbox 2714 1312 2914 1377; x_wconf 82' lang='lat' dir='ltr'><strong>oblatio</strong></span> <span class='ocrx_word' id='word_1_175' title='bbox 2934 1322 2991 1369; x_wconf 90' lang='lat' dir='ltr'><strong>et</strong></span> <span class='ocrx_word' id='word_1_176' title='bbox 3009 1327 3107 1383; x_wconf 86' lang='lat' dir='ltr'><strong>pro</strong></span> <span class='ocrx_word' id='word_1_177' title='bbox 3128 1321 3340 1371; x_wconf 62' lang='lat' dir='ltr'><strong>tuon.</strong></span> <span class='ocrx_word' id='word_1_178' title='bbox 3360 1324 3514 1384; x_wconf 83' lang='lat' dir='ltr'><strong>grata</strong></span> <span class='ocrx_word' id='word_1_179' title='bbox 3535 1316 3610 1371; x_wconf 85' lang='lat' dir='ltr'><strong>sit</strong></span> <span class='ocrx_word' id='word_1_180' title='bbox 3628 1315 3717 1373; x_wconf 74' lang='lat' dir='ltr'><strong>lto-</strong></span> 
     </span>
    </p>
   </div>
   <div class='ocr_carea' id='block_1_29' title="bbox 2146 1408 3719 1481">
    <p class='ocr_par' dir='ltr' id='par_1_29' title="bbox 2146 1408 3719 1481">
     <span class='ocr_line' id='line_1_29' title="bbox 2146 1408 3719 1481; baseline 0.002 -17"><span class='ocrx_word' id='word_1_181' title='bbox 2146 1422 2277 1464; x_wconf 76' lang='lat' dir='ltr'><strong>nore</strong></span> <span class='ocrx_word' id='word_1_182' title='bbox 2303 1417 2640 1471; x_wconf 85' lang='lat' dir='ltr'><strong>sanctorum,</strong></span> <span class='ocrx_word' id='word_1_183' title='bbox 2667 1416 2723 1462; x_wconf 84' lang='lat' dir='ltr'><strong>et</strong></span> <span class='ocrx_word' id='word_1_184' title='bbox 2747 1421 2846 1462; x_wconf 88' lang='lat' dir='ltr'><strong>nos</strong></span> <span class='ocrx_word' id='word_1_185' title='bbox 2867 1416 3100 1479; x_wconf 83' lang='lat' dir='ltr'><strong>corpore</strong></span> <span class='ocrx_word' id='word_1_186' title='bbox 3122 1408 3323 1478; x_wconf 67' lang='lat' dir='ltr'><strong>puriter</strong></span> <span class='ocrx_word' id='word_1_187' title='bbox 3343 1416 3401 1467; x_wconf 80' lang='lat' dir='ltr'><strong>et</strong></span> <span class='ocrx_word' id='word_1_188' title='bbox 3418 1419 3607 1467; x_wconf 78' lang='lat' dir='ltr'><strong>mente</strong></span> <span class='ocrx_word' id='word_1_189' title='bbox 3632 1426 3719 1481; x_wconf 87' lang='lat' dir='ltr'><strong>pu-</strong></span> 
     </span>
    </p>
   </div>
   <div class='ocr_carea' id='block_1_30' title="bbox 2146 1499 2629 1563">
    <p class='ocr_par' dir='ltr' id='par_1_30' title="bbox 2146 1499 2629 1563">
     <span class='ocr_line' id='line_1_30' title="bbox 2146 1499 2629 1563; baseline -0.004 -8"><span class='ocrx_word' id='word_1_190' title='bbox 2146 1499 2339 1555; x_wconf 85' lang='lat' dir='ltr'><strong>riﬁcet.</strong></span> <span class='ocrx_word' id='word_1_191' title='bbox 2370 1499 2491 1563; x_wconf 82' lang='lat' dir='ltr'><strong>Per,</strong></span> <span class='ocrx_word' id='word_1_192' title='bbox 2524 1508 2629 1553; x_wconf 89' lang='lat' dir='ltr'><strong>etc.</strong></span> 
     </span>
    </p>
   </div>
   <div class='ocr_carea' id='block_1_31' title="bbox 2220 1590 3720 1661">
    <p class='ocr_par' dir='ltr' id='par_1_31' title="bbox 2220 1590 3720 1661">
     <span class='ocr_line' id='line_1_31' title="bbox 2220 1590 3720 1661; baseline 0.005 -15"><span class='ocrx_word' id='word_1_193' title='bbox 2220 1591 2359 1646; x_wconf 81' lang='lat' dir='ltr'><strong>Vere</strong></span> <span class='ocrx_word' id='word_1_194' title='bbox 2394 1590 2634 1660; x_wconf 88' lang='lat' dir='ltr'><strong>dignum.</strong></span> <span class='ocrx_word' id='word_1_195' title='bbox 2662 1590 2892 1646; x_wconf 60' lang='lat' dir='ltr'><strong>Orontes</strong></span> <span class='ocrx_word' id='word_1_196' title='bbox 2913 1591 3206 1661; x_wconf 72' lang='lat' dir='ltr'><strong>potentiam</strong></span> <span class='ocrx_word' id='word_1_197' title='bbox 3233 1598 3409 1659; x_wconf 83' lang='lat' dir='ltr'><strong>tuam,</strong></span> <span class='ocrx_word' id='word_1_198' title='bbox 3450 1608 3520 1650; x_wconf 89' lang='lat' dir='ltr'><strong>ne</strong></span> <span class='ocrx_word' id='word_1_199' title='bbox 3544 1594 3720 1653; x_wconf 82' lang='lat' dir='ltr'><strong>dicant</strong></span> 
     </span>
    </p>
   </div>
   <div class='ocr_carea' id='block_1_32' title="bbox 2146 1682 3720 1754">
    <p class='ocr_par' dir='ltr' id='par_1_32' title="bbox 2146 1682 3720 1754">
     <span class='ocr_line' id='line_1_32' title="bbox 2146 1682 3720 1754; baseline 0.004 -17"><span class='ocrx_word' id='word_1_200' title='bbox 2146 1692 2334 1754; x_wconf 89' lang='lat' dir='ltr'><strong>gentes</strong></span> <span class='ocrx_word' id='word_1_201' title='bbox 2358 1702 2369 1736; x_wconf 90' lang='lat'><strong>:</strong></span> <span class='ocrx_word' id='word_1_202' title='bbox 2407 1682 2506 1737; x_wconf 85' lang='lat' dir='ltr'><strong>Ubi</strong></span> <span class='ocrx_word' id='word_1_203' title='bbox 2526 1690 2601 1737; x_wconf 85' lang='lat' dir='ltr'><strong>est</strong></span> <span class='ocrx_word' id='word_1_204' title='bbox 2628 1682 2767 1738; x_wconf 77' lang='lat' dir='ltr'><strong>Deus</strong></span> <span class='ocrx_word' id='word_1_205' title='bbox 2787 1683 3001 1738; x_wconf 76' lang='lat' dir='ltr'><strong>eorum?</strong></span> <span class='ocrx_word' id='word_1_206' title='bbox 3026 1683 3135 1740; x_wconf 72' lang='lat' dir='ltr'><strong>Sed</strong></span> <span class='ocrx_word' id='word_1_207' title='bbox 3163 1692 3222 1741; x_wconf 88' lang='lat' dir='ltr'><strong>ut</strong></span> <span class='ocrx_word' id='word_1_208' title='bbox 3238 1683 3523 1754; x_wconf 76' lang='lat' dir='ltr'><strong>dignanter</strong></span> <span class='ocrx_word' id='word_1_209' title='bbox 3542 1697 3720 1744; x_wconf 70' lang='lat' dir='ltr'><strong>esteat-</strong></span> 
     </span>
    </p>
   </div>
   <div class='ocr_carea' id='block_1_33' title="bbox 470 1764 3718 1847">
    <p class='ocr_par' dir='ltr' id='par_1_33' title="bbox 470 1764 3718 1847">
     <span class='ocr_line' id='line_1_33' title="bbox 470 1764 3718 1847; baseline 0.003 -20"><span class='ocrx_word' id='word_1_210' title='bbox 470 1774 573 1827; x_wconf 84' lang='lat' dir='ltr'><strong>tiva</strong></span> <span class='ocrx_word' id='word_1_211' title='bbox 592 1773 845 1842; x_wconf 86' lang='lat' dir='ltr'><strong>subsidia,</strong></span> <span class='ocrx_word' id='word_1_212' title='bbox 866 1786 1091 1843; x_wconf 87' lang='lat' dir='ltr'><strong>quorum</strong></span> <span class='ocrx_word' id='word_1_213' title='bbox 1118 1775 1428 1845; x_wconf 89' lang='lat' dir='ltr'><strong>patrociniis</strong></span> <span class='ocrx_word' id='word_1_214' title='bbox 1447 1777 1763 1847; x_wconf 82' lang='lat' dir='ltr'><strong>gratulatur.</strong></span> <span class='ocrx_word' id='word_1_215' title='bbox 1786 1777 1911 1843; x_wconf 84' lang='lat' dir='ltr'><strong>Per,</strong></span> <span class='ocrx_word' id='word_1_216' title='bbox 1933 1785 2039 1831; x_wconf 87' lang='lat' dir='ltr'><strong>etc.</strong></span> <span class='ocrx_word' id='word_1_217' title='bbox 2070 1764 2119 1828; x_wconf 81' lang='grc' dir='ltr'><strong>Β</strong></span> <span class='ocrx_word' id='word_1_218' title='bbox 2145 1776 2243 1832; x_wconf 87' lang='lat' dir='ltr'><strong>das</strong></span> <span class='ocrx_word' id='word_1_219' title='bbox 2267 1776 2389 1847; x_wconf 83' lang='lat' dir='ltr'><strong>quia</strong></span> <span class='ocrx_word' id='word_1_220' title='bbox 2416 1790 2524 1832; x_wconf 90' lang='lat' dir='ltr'><strong>non</strong></span> <span class='ocrx_word' id='word_1_221' title='bbox 2554 1774 2671 1845; x_wconf 86' lang='lat' dir='ltr'><strong>plus</strong></span> <span class='ocrx_word' id='word_1_222' title='bbox 2709 1774 2776 1829; x_wconf 83' lang='lat' dir='ltr'><strong>ad</strong></span> <span class='ocrx_word' id='word_1_223' title='bbox 2802 1774 3136 1845; x_wconf 76' lang='lat' dir='ltr'><strong>perdendum</strong></span> <span class='ocrx_word' id='word_1_224' title='bbox 3167 1790 3266 1835; x_wconf 83' lang='lat' dir='ltr'><strong>nos</strong></span> <span class='ocrx_word' id='word_1_225' title='bbox 3288 1776 3508 1835; x_wconf 76' lang='lat' dir='ltr'><strong>valeant</strong></span> <span class='ocrx_word' id='word_1_226' title='bbox 3532 1788 3718 1839; x_wconf 81' lang='lat' dir='ltr'><strong>nostra</strong></span> 
     </span>
    </p>
   </div>
   <div class='ocr_carea' id='block_1_34' title="bbox 1158 1927 1348 1984">
    <p class='ocr_par' dir='ltr' id='par_1_34' title="bbox 1158 1927 1348 1984">
     <span class='ocr_line' id='line_1_34' title="bbox 1158 1927 1348 1984; baseline -0.005 -1"><span class='ocrx_word' id='word_1_227' title='bbox 1158 1927 1348 1984; x_wconf 81' lang='lat' dir='ltr'><strong>XXIII.</strong></span> 
     </span>
    </p>
   </div>
   <div class='ocr_carea' id='block_1_35' title="bbox 896 2073 1650 2119">
    <p class='ocr_par' dir='ltr' id='par_1_35' title="bbox 896 2073 1650 2119">
     <span class='ocr_line' id='line_1_35' title="bbox 896 2073 1650 2119; baseline 0.003 -2"><span class='ocrx_word' id='word_1_228' title='bbox 896 2073 956 2117; x_wconf 87' lang='lat' dir='ltr'><strong>m</strong></span> <span class='ocrx_word' id='word_1_229' title='bbox 999 2074 1271 2119; x_wconf 69' lang='lat' dir='ltr'><strong>IALBNDAS</strong></span> <span class='ocrx_word' id='word_1_230' title='bbox 1308 2076 1650 2119; x_wconf 60' lang='lat' dir='ltr'><strong>summa“.</strong></span> 
     </span>
    </p>
   </div>
   <div class='ocr_carea' id='block_1_36' title="bbox 723 2195 1795 2269">
    <p class='ocr_par' dir='ltr' id='par_1_36' title="bbox 723 2195 1795 2269">
     <span class='ocr_line' id='line_1_36' title="bbox 723 2195 1795 2269; baseline 0.004 -18"><span class='ocrx_word' id='word_1_231' title='bbox 723 2195 915 2253; x_wconf 76' lang='lat' dir='ltr'><strong>Natale</strong></span> <span class='ocrx_word' id='word_1_232' title='bbox 941 2207 1231 2269; x_wconf 74' lang='lat' dir='ltr'><strong>sanctorum</strong></span> <span class='ocrx_word' id='word_1_233' title='bbox 1259 2200 1479 2261; x_wconf 70' lang='lat' dir='ltr'><strong>Adducti</strong></span> <span class='ocrx_word' id='word_1_234' title='bbox 1508 2210 1553 2256; x_wconf 81' lang='lat' dir='ltr'><strong>et</strong></span> <span class='ocrx_word' id='word_1_235' title='bbox 1582 2199 1795 2256; x_wconf 83' lang='lat' dir='ltr'><strong>Felicis.</strong></span> 
     </span>
    </p>
   </div>
   <div class='ocr_carea' id='block_1_37' title="bbox 540 2334 2045 2406">
    <p class='ocr_par' dir='ltr' id='par_1_37' title="bbox 540 2334 2045 2406">
     <span class='ocr_line' id='line_1_37' title="bbox 540 2334 2045 2406; baseline 0.001 -16"><span class='ocrx_word' id='word_1_236' title='bbox 540 2335 582 2393; x_wconf 83' lang='grc'><strong>1.</strong></span> <span class='ocrx_word' id='word_1_237' title='bbox 604 2364 671 2376; x_wconf 91' lang='grc'><strong><em>-</em></strong></span> <span class='ocrx_word' id='word_1_238' title='bbox 693 2334 767 2390; x_wconf 91' lang='lat' dir='ltr'><strong>Da</strong></span> <span class='ocrx_word' id='word_1_239' title='bbox 799 2334 971 2401; x_wconf 89' lang='lat' dir='ltr'><strong>nobis,</strong></span> <span class='ocrx_word' id='word_1_240' title='bbox 1000 2334 1526 2406; x_wconf 88' lang='lat' dir='ltr'><strong>omnipotens-Deus,</strong></span> <span class='ocrx_word' id='word_1_241' title='bbox 1580 2343 1638 2391; x_wconf 91' lang='lat' dir='ltr'><strong>ut</strong></span> <span class='ocrx_word' id='word_1_242' title='bbox 1677 2350 1862 2392; x_wconf 90' lang='lat' dir='ltr'><strong>eorum</strong></span> <span class='ocrx_word' id='word_1_243' title='bbox 1895 2348 2045 2392; x_wconf 90' lang='lat' dir='ltr'><strong>sem-</strong></span> 
     </span>
    </p>
   </div>
   <div class='ocr_carea' id='block_1_38' title="bbox 471 2425 2050 2498">
    <p class='ocr_par' dir='ltr' id='par_1_38' title="bbox 471 2425 2050 2498">
     <span class='ocr_line' id='line_1_38' title="bbox 471 2425 2050 2498; baseline 0.001 -17"><span class='ocrx_word' id='word_1_244' title='bbox 471 2440 566 2497; x_wconf 90' lang='lat' dir='ltr'><strong>per</strong></span> <span class='ocrx_word' id='word_1_245' title='bbox 608 2425 742 2481; x_wconf 88' lang='lat' dir='ltr'><strong>festa</strong></span> <span class='ocrx_word' id='word_1_246' title='bbox 777 2434 1065 2493; x_wconf 85' lang='lat' dir='ltr'><strong>sectemur,</strong></span> <span class='ocrx_word' id='word_1_247' title='bbox 1097 2441 1323 2495; x_wconf 89' lang='lat' dir='ltr'><strong>quorum</strong></span> <span class='ocrx_word' id='word_1_248' title='bbox 1370 2427 1527 2497; x_wconf 86' lang='lat' dir='ltr'><strong>digna</strong></span> <span class='ocrx_word' id='word_1_249' title='bbox 1572 2442 1670 2498; x_wconf 90' lang='lat' dir='ltr'><strong>pro</strong></span> <span class='ocrx_word' id='word_1_250' title='bbox 1702 2427 1856 2483; x_wconf 89' lang='lat' dir='ltr'><strong>nobis</strong></span> <span class='ocrx_word' id='word_1_251' title='bbox 1885 2428 2050 2484; x_wconf 85' lang='lat' dir='ltr'><strong>inter-</strong></span> 
     </span>
    </p>
   </div>
   <div class='ocr_carea' id='block_1_39' title="bbox 474 2516 1382 2585">
    <p class='ocr_par' dir='ltr' id='par_1_39' title="bbox 474 2516 1382 2585">
     <span class='ocr_line' id='line_1_39' title="bbox 474 2516 1382 2585; baseline 0.001 -15"><span class='ocrx_word' id='word_1_252' title='bbox 474 2518 725 2573; x_wconf 80' lang='lat' dir='ltr'><strong>ventione</strong></span> <span class='ocrx_word' id='word_1_253' title='bbox 749 2516 1086 2572; x_wconf 84' lang='lat' dir='ltr'><strong>conﬁdimus.</strong></span> <span class='ocrx_word' id='word_1_254' title='bbox 1122 2517 1243 2585; x_wconf 82' lang='lat' dir='ltr'><strong>Per,</strong></span> <span class='ocrx_word' id='word_1_255' title='bbox 1274 2526 1382 2573; x_wconf 89' lang='lat' dir='ltr'><strong>etc.</strong></span> 
     </span>
    </p>
   </div>
   <div class='ocr_carea' id='block_1_40' title="bbox 548 2608 2050 2667">
    <p class='ocr_par' dir='ltr' id='par_1_40' title="bbox 548 2608 2050 2667">
     <span class='ocr_line' id='line_1_40' title="bbox 548 2608 2050 2667; baseline 0 -2"><span class='ocrx_word' id='word_1_256' title='bbox 548 2609 865 2665; x_wconf 89' lang='lat' dir='ltr'><strong>Sanctorum</strong></span> <span class='ocrx_word' id='word_1_257' title='bbox 895 2608 1090 2664; x_wconf 90' lang='lat' dir='ltr'><strong>Felicis</strong></span> <span class='ocrx_word' id='word_1_258' title='bbox 1131 2618 1187 2664; x_wconf 91' lang='lat' dir='ltr'><strong>et</strong></span> <span class='ocrx_word' id='word_1_259' title='bbox 1224 2608 1447 2665; x_wconf 85' lang='lat' dir='ltr'><strong>Adaucti</strong></span> <span class='ocrx_word' id='word_1_260' title='bbox 1481 2609 1718 2666; x_wconf 89' lang='lat' dir='ltr'><strong>natalitia</strong></span> <span class='ocrx_word' id='word_1_261' title='bbox 1761 2624 2050 2667; x_wconf 89' lang='lat' dir='ltr'><strong>recensen-</strong></span> 
     </span>
    </p>
   </div>
   <div class='ocr_carea' id='block_1_41' title="bbox 473 2698 2044 2771">
    <p class='ocr_par' dir='ltr' id='par_1_41' title="bbox 473 2698 2044 2771">
     <span class='ocr_line' id='line_1_41' title="bbox 473 2698 2044 2771; baseline 0.001 -16"><span class='ocrx_word' id='word_1_262' title='bbox 473 2707 578 2768; x_wconf 88' lang='lat' dir='ltr'><strong>tes,</strong></span> <span class='ocrx_word' id='word_1_263' title='bbox 629 2713 823 2754; x_wconf 88' lang='lat' dir='ltr'><strong>munus</strong></span> <span class='ocrx_word' id='word_1_264' title='bbox 861 2698 1158 2766; x_wconf 84' lang='lat' dir='ltr'><strong>oﬁ‘erimus,</strong></span> <span class='ocrx_word' id='word_1_265' title='bbox 1196 2701 1335 2771; x_wconf 90' lang='lat' dir='ltr'><strong>quod</strong></span> <span class='ocrx_word' id='word_1_266' title='bbox 1387 2716 1574 2756; x_wconf 89' lang='lat' dir='ltr'><strong>eorum</strong></span> <span class='ocrx_word' id='word_1_267' title='bbox 1614 2701 1734 2769; x_wconf 89' lang='lat' dir='ltr'><strong>tibi,</strong></span> <span class='ocrx_word' id='word_1_268' title='bbox 1798 2702 2044 2771; x_wconf 89' lang='lat' dir='ltr'><strong>Domine,</strong></span> 
     </span>
    </p>
   </div>
   <div class='ocr_carea' id='block_1_42' title="bbox 469 2791 1875 2863">
    <p class='ocr_par' dir='ltr' id='par_1_42' title="bbox 469 2791 1875 2863">
     <span class='ocr_line' id='line_1_42' title="bbox 469 2791 1875 2863; baseline 0.001 -18"><span class='ocrx_word' id='word_1_269' title='bbox 469 2806 796 2862; x_wconf 56' lang='lat' dir='ltr'><strong>quaesumus,</strong></span> <span class='ocrx_word' id='word_1_270' title='bbox 842 2791 1231 2847; x_wconf 85' lang='lat' dir='ltr'><strong>intercessione</strong></span> <span class='ocrx_word' id='word_1_271' title='bbox 1259 2792 1329 2846; x_wconf 87' lang='lat' dir='ltr'><strong>sit</strong></span> <span class='ocrx_word' id='word_1_272' title='bbox 1353 2802 1585 2863; x_wconf 87' lang='lat' dir='ltr'><strong>gratum.</strong></span> <span class='ocrx_word' id='word_1_273' title='bbox 1611 2793 1737 2860; x_wconf 84' lang='lat' dir='ltr'><strong>Per,</strong></span> <span class='ocrx_word' id='word_1_274' title='bbox 1768 2802 1875 2848; x_wconf 89' lang='lat' dir='ltr'><strong>etc.</strong></span> 
     </span>
    </p>
   </div>
   <div class='ocr_carea' id='block_1_43' title="bbox 541 2882 2046 2955">
    <p class='ocr_par' dir='ltr' id='par_1_43' title="bbox 541 2882 2046 2955">
     <span class='ocr_line' id='line_1_43' title="bbox 541 2882 2046 2955; baseline 0.001 -16"><span class='ocrx_word' id='word_1_275' title='bbox 541 2883 680 2940; x_wconf 88' lang='lat' dir='ltr'><strong>Vere</strong></span> <span class='ocrx_word' id='word_1_276' title='bbox 707 2883 947 2955; x_wconf 89' lang='lat' dir='ltr'><strong>dignum.</strong></span> <span class='ocrx_word' id='word_1_277' title='bbox 981 2882 1302 2940; x_wconf 84' lang='lat' dir='ltr'><strong>Sanctorum</strong></span> <span class='ocrx_word' id='word_1_278' title='bbox 1339 2894 1632 2955; x_wconf 75' lang='lat' dir='ltr'><strong>martyrum</strong></span> <span class='ocrx_word' id='word_1_279' title='bbox 1660 2885 1891 2955; x_wconf 83' lang='lat' dir='ltr'><strong>gloriam</strong></span> <span class='ocrx_word' id='word_1_280' title='bbox 1924 2898 2046 2941; x_wconf 84' lang='lat' dir='ltr'><strong>cum</strong></span> 
     </span>
    </p>
   </div>
   <div class='ocr_carea' id='block_1_44' title="bbox 468 2974 2049 3047">
    <p class='ocr_par' dir='ltr' id='par_1_44' title="bbox 468 2974 2049 3047">
     <span class='ocr_line' id='line_1_44' title="bbox 468 2974 2049 3047; baseline -0.001 -15"><span class='ocrx_word' id='word_1_281' title='bbox 468 2975 826 3032; x_wconf 82' lang='lat' dir='ltr'><strong>exsultatione</strong></span> <span class='ocrx_word' id='word_1_282' title='bbox 851 2974 1176 3041; x_wconf 87' lang='lat' dir='ltr'><strong>recolentes,</strong></span> <span class='ocrx_word' id='word_1_283' title='bbox 1200 2976 1253 3031; x_wconf 92' lang='lat' dir='ltr'><strong>in</strong></span> <span class='ocrx_word' id='word_1_284' title='bbox 1273 2976 1471 3047; x_wconf 77' lang='lat' dir='ltr'><strong>quibus</strong></span> <span class='ocrx_word' id='word_1_285' title='bbox 1498 2976 1776 3032; x_wconf 85' lang='lat' dir='ltr'><strong>mirabiles</strong></span> <span class='ocrx_word' id='word_1_286' title='bbox 1807 2984 1912 3035; x_wconf 63' lang='lat' dir='ltr'><strong>tuas</strong></span> <span class='ocrx_word' id='word_1_287' title='bbox 1933 2989 2049 3032; x_wconf 85' lang='lat' dir='ltr'><strong>ma-</strong></span> 
     </span>
    </p>
   </div>
   <div class='ocr_carea' id='block_1_45' title="bbox 468 3067 2048 3140">
    <p class='ocr_par' dir='ltr' id='par_1_45' title="bbox 468 3067 2048 3140">
     <span class='ocr_line' id='line_1_45' title="bbox 468 3067 2048 3140; baseline 0.001 -16"><span class='ocrx_word' id='word_1_288' title='bbox 468 3068 673 3139; x_wconf 85' lang='lat' dir='ltr'><strong>iestatis</strong></span> <span class='ocrx_word' id='word_1_289' title='bbox 696 3068 941 3137; x_wconf 74' lang='lat' dir='ltr'><strong>effectus,</strong></span> <span class='ocrx_word' id='word_1_290' title='bbox 979 3076 1036 3124; x_wconf 88' lang='lat' dir='ltr'><strong>et</strong></span> <span class='ocrx_word' id='word_1_291' title='bbox 1070 3067 1370 3139; x_wconf 83' lang='lat' dir='ltr'><strong>patrocinia</strong></span> <span class='ocrx_word' id='word_1_292' title='bbox 1417 3068 1574 3124; x_wconf 88' lang='lat' dir='ltr'><strong>nobis</strong></span> <span class='ocrx_word' id='word_1_293' title='bbox 1606 3070 1820 3139; x_wconf 82' lang='lat' dir='ltr'><strong>provisa</strong></span> <span class='ocrx_word' id='word_1_294' title='bbox 1851 3082 2048 3140; x_wconf 61' lang='lat' dir='ltr'><strong>cognoo</strong></span> 
     </span>
    </p>
   </div>
   <div class='ocr_carea' id='block_1_46' title="bbox 467 3162 970 3232">
    <p class='ocr_par' dir='ltr' id='par_1_46' title="bbox 467 3162 970 3232">
     <span class='ocr_line' id='line_1_46' title="bbox 467 3162 970 3232; baseline 0.004 -16"><span class='ocrx_word' id='word_1_295' title='bbox 467 3162 685 3218; x_wconf 87' lang='lat' dir='ltr'><strong>scimus.</strong></span> <span class='ocrx_word' id='word_1_296' title='bbox 712 3162 836 3232; x_wconf 84' lang='lat' dir='ltr'><strong>Per,</strong></span> <span class='ocrx_word' id='word_1_297' title='bbox 863 3172 970 3218; x_wconf 88' lang='lat' dir='ltr'><strong>etc.</strong></span> 
     </span>
    </p>
   </div>
   <div class='ocr_carea' id='block_1_47' title="bbox 538 3251 2048 3322">
    <p class='ocr_par' dir='ltr' id='par_1_47' title="bbox 538 3251 2048 3322">
     <span class='ocr_line' id='line_1_47' title="bbox 538 3251 2048 3322; baseline 0.002 -13"><span class='ocrx_word' id='word_1_298' title='bbox 538 3254 753 3309; x_wconf 86' lang='lat' dir='ltr'><strong>Gratias</strong></span> <span class='ocrx_word' id='word_1_299' title='bbox 780 3252 872 3308; x_wconf 90' lang='lat' dir='ltr'><strong>tibi</strong></span> <span class='ocrx_word' id='word_1_300' title='bbox 896 3251 1200 3320; x_wconf 87' lang='lat' dir='ltr'><strong>referimus,</strong></span> <span class='ocrx_word' id='word_1_301' title='bbox 1230 3251 1477 3319; x_wconf 82' lang='lat' dir='ltr'><strong>Domine,</strong></span> <span class='ocrx_word' id='word_1_302' title='bbox 1498 3251 1591 3322; x_wconf 89' lang='lat' dir='ltr'><strong>qui</strong></span> <span class='ocrx_word' id='word_1_303' title='bbox 1614 3266 1714 3307; x_wconf 91' lang='lat' dir='ltr'><strong>nos</strong></span> <span class='ocrx_word' id='word_1_304' title='bbox 1737 3260 1793 3308; x_wconf 91' lang='lat' dir='ltr'><strong>et</strong></span> <span class='ocrx_word' id='word_1_305' title='bbox 1811 3252 2048 3313; x_wconf 62' lang='lat' dir='ltr'><strong>celestis</strong></span> 
     </span>
    </p>
   </div>
   <div class='ocr_carea' id='block_1_48' title="bbox 471 3343 2050 3415">
    <p class='ocr_par' dir='ltr' id='par_1_48' title="bbox 471 3343 2050 3415">
     <span class='ocr_line' id='line_1_48' title="bbox 471 3343 2050 3415; baseline 0.003 -17"><span class='ocrx_word' id='word_1_306' title='bbox 471 3343 876 3415; x_wconf 84' lang='lat' dir='ltr'><strong>participatione</strong></span> <span class='ocrx_word' id='word_1_307' title='bbox 904 3345 1249 3413; x_wconf 79' lang='lat' dir='ltr'><strong>sacramenti,</strong></span> <span class='ocrx_word' id='word_1_308' title='bbox 1276 3353 1336 3400; x_wconf 93' lang='lat' dir='ltr'><strong>et</strong></span> <span class='ocrx_word' id='word_1_309' title='bbox 1358 3349 1576 3400; x_wconf 83' lang='lat' dir='ltr'><strong>tuorum</strong></span> <span class='ocrx_word' id='word_1_310' title='bbox 1616 3344 1794 3401; x_wconf 86' lang='lat' dir='ltr'><strong>reﬁcis</strong></span> <span class='ocrx_word' id='word_1_311' title='bbox 1823 3345 2050 3402; x_wconf 85' lang='lat' dir='ltr'><strong>celebri-</strong></span> 
     </span>
    </p>
   </div>
   <div class='ocr_carea' id='block_1_49' title="bbox 470 3435 1174 3507">
    <p class='ocr_par' dir='ltr' id='par_1_49' title="bbox 470 3435 1174 3507">
     <span class='ocr_line' id='line_1_49' title="bbox 470 3435 1174 3507; baseline -0.003 -16"><span class='ocrx_word' id='word_1_312' title='bbox 470 3444 578 3492; x_wconf 88' lang='lat' dir='ltr'><strong>tate</strong></span> <span class='ocrx_word' id='word_1_313' title='bbox 598 3435 885 3507; x_wconf 82' lang='lat' dir='ltr'><strong>iustorum.</strong></span> <span class='ocrx_word' id='word_1_314' title='bbox 912 3436 1036 3506; x_wconf 84' lang='lat' dir='ltr'><strong>Per,</strong></span> <span class='ocrx_word' id='word_1_315' title='bbox 1068 3444 1174 3492; x_wconf 85' lang='lat' dir='ltr'><strong>etc.</strong></span> 
     </span>
    </p>
   </div>
   <div class='ocr_carea' id='block_1_50' title="bbox 537 3528 2050 3601">
    <p class='ocr_par' dir='ltr' id='par_1_50' title="bbox 537 3528 2050 3601">
     <span class='ocr_line' id='line_1_50' title="bbox 537 3528 2050 3601; baseline 0.001 -16"><span class='ocrx_word' id='word_1_316' title='bbox 537 3530 603 3585; x_wconf 86' lang='grc' dir='ltr'><strong>ΙΙ.</strong></span> <span class='ocrx_word' id='word_1_317' title='bbox 643 3528 779 3585; x_wconf 78' lang='lat' dir='ltr'><strong>lum</strong></span> <span class='ocrx_word' id='word_1_318' title='bbox 805 3530 931 3586; x_wconf 85' lang='lat' dir='ltr'><strong>alia.</strong></span> <span class='ocrx_word' id='word_1_319' title='bbox 950 3528 1060 3571; x_wconf 74' lang='grc' dir='ltr'><strong>-ά</strong></span> <span class='ocrx_word' id='word_1_320' title='bbox 1081 3529 1416 3601; x_wconf 68' lang='lat' dir='ltr'><strong>Maiestatem</strong></span> <span class='ocrx_word' id='word_1_321' title='bbox 1442 3538 1608 3597; x_wconf 86' lang='lat' dir='ltr'><strong>tuam,</strong></span> <span class='ocrx_word' id='word_1_322' title='bbox 1644 3528 1892 3597; x_wconf 87' lang='lat' dir='ltr'><strong>Domine,</strong></span> <span class='ocrx_word' id='word_1_323' title='bbox 1921 3543 2050 3601; x_wconf 89' lang='lat' dir='ltr'><strong>snp-</strong></span> 
     </span>
    </p>
   </div>
   <div class='ocr_carea' id='block_1_51' title="bbox 470 3621 2046 3694">
    <p class='ocr_par' dir='ltr' id='par_1_51' title="bbox 470 3621 2046 3694">
     <span class='ocr_line' id='line_1_51' title="bbox 470 3621 2046 3694; baseline 0.003 -19"><span class='ocrx_word' id='word_1_324' title='bbox 470 3621 639 3691; x_wconf 85' lang='lat' dir='ltr'><strong>pliees</strong></span> <span class='ocrx_word' id='word_1_325' title='bbox 679 3621 1051 3693; x_wconf 85' lang='lat' dir='ltr'><strong>deprecamur,</strong></span> <span class='ocrx_word' id='word_1_326' title='bbox 1092 3632 1152 3679; x_wconf 89' lang='lat' dir='ltr'><strong>ut</strong></span> <span class='ocrx_word' id='word_1_327' title='bbox 1193 3625 1337 3681; x_wconf 84' lang='lat' dir='ltr'><strong>sicut</strong></span> <span class='ocrx_word' id='word_1_328' title='bbox 1374 3636 1473 3679; x_wconf 86' lang='lat' dir='ltr'><strong>nos</strong></span> <span class='ocrx_word' id='word_1_329' title='bbox 1514 3622 1714 3694; x_wconf 83' lang='lat' dir='ltr'><strong>iugiter</strong></span> <span class='ocrx_word' id='word_1_330' title='bbox 1740 3630 2046 3679; x_wconf 84' lang='lat' dir='ltr'><strong>sanctorum</strong></span> 
     </span>
    </p>
   </div>
   <div class='ocr_carea' id='block_1_52' title="bbox 474 3715 2048 3787">
    <p class='ocr_par' dir='ltr' id='par_1_52' title="bbox 474 3715 2048 3787">
     <span class='ocr_line' id='line_1_52' title="bbox 474 3715 2048 3787; baseline 0.001 -16"><span class='ocrx_word' id='word_1_331' title='bbox 474 3722 688 3771; x_wconf 89' lang='lat' dir='ltr'><strong>tuorum</strong></span> <span class='ocrx_word' id='word_1_332' title='bbox 732 3716 1245 3772; x_wconf 89' lang='lat' dir='ltr'><strong>commemoratione</strong></span> <span class='ocrx_word' id='word_1_333' title='bbox 1281 3716 1544 3783; x_wconf 76' lang='lat' dir='ltr'><strong>lzetillcas,</strong></span> <span class='ocrx_word' id='word_1_334' title='bbox 1574 3715 1650 3771; x_wconf 89' lang='lat' dir='ltr'><strong>ita</strong></span> <span class='ocrx_word' id='word_1_335' title='bbox 1676 3728 1893 3785; x_wconf 79' lang='lat' dir='ltr'><strong>semper</strong></span> <span class='ocrx_word' id='word_1_336' title='bbox 1921 3731 2048 3787; x_wconf 77' lang='lat' dir='ltr'><strong>sup-</strong></span> 
     </span>
    </p>
   </div>
   <div class='ocr_carea' id='block_1_53' title="bbox 468 3805 1353 3878">
    <p class='ocr_par' dir='ltr' id='par_1_53' title="bbox 468 3805 1353 3878">
     <span class='ocr_line' id='line_1_53' title="bbox 468 3805 1353 3878; baseline 0 -17"><span class='ocrx_word' id='word_1_337' title='bbox 468 3805 755 3876; x_wconf 81' lang='lat' dir='ltr'><strong>plicatione</strong></span> <span class='ocrx_word' id='word_1_338' title='bbox 783 3806 1058 3863; x_wconf 86' lang='lat' dir='ltr'><strong>defendas.</strong></span> <span class='ocrx_word' id='word_1_339' title='bbox 1091 3805 1213 3878; x_wconf 84' lang='lat' dir='ltr'><strong>Per,</strong></span> <span class='ocrx_word' id='word_1_340' title='bbox 1245 3816 1353 3863; x_wconf 86' lang='lat' dir='ltr'><strong>etc.</strong></span> 
     </span>
    </p>
   </div>
   <div class='ocr_carea' id='block_1_54' title="bbox 538 3897 2048 3968">
    <p class='ocr_par' dir='ltr' id='par_1_54' title="bbox 538 3897 2048 3968">
     <span class='ocr_line' id='line_1_54' title="bbox 538 3897 2048 3968; baseline 0.003 -16"><span class='ocrx_word' id='word_1_341' title='bbox 538 3897 713 3953; x_wconf 84' lang='lat' dir='ltr'><strong>Tanto</strong></span> <span class='ocrx_word' id='word_1_342' title='bbox 739 3897 1051 3968; x_wconf 87' lang='lat' dir='ltr'><strong>placabiles,</strong></span> <span class='ocrx_word' id='word_1_343' title='bbox 1072 3912 1408 3968; x_wconf 68' lang='lat' dir='ltr'><strong>quaesumus,</strong></span> <span class='ocrx_word' id='word_1_344' title='bbox 1435 3897 1683 3967; x_wconf 86' lang='lat' dir='ltr'><strong>Domine,</strong></span> <span class='ocrx_word' id='word_1_345' title='bbox 1714 3906 1917 3955; x_wconf 68' lang='lat' dir='ltr'><strong>nostra:</strong></span> <span class='ocrx_word' id='word_1_346' title='bbox 1939 3900 2048 3956; x_wconf 87' lang='lat' dir='ltr'><strong>sint</strong></span> 
     </span>
    </p>
   </div>
   <div class='ocr_carea' id='block_1_55' title="bbox 471 3985 2046 4062">
    <p class='ocr_par' dir='ltr' id='par_1_55' title="bbox 471 3985 2046 4062">
     <span class='ocr_line' id='line_1_55' title="bbox 471 3985 2046 4062; baseline 0.004 -20"><span class='ocrx_word' id='word_1_347' title='bbox 471 3985 682 4054; x_wconf 66' lang='lat' dir='ltr'><strong>bestiae,</strong></span> <span class='ocrx_word' id='word_1_348' title='bbox 732 3997 935 4059; x_wconf 85' lang='lat' dir='ltr'><strong>quanto</strong></span> <span class='ocrx_word' id='word_1_349' title='bbox 981 3999 1286 4047; x_wconf 83' lang='lat' dir='ltr'><strong>sanctorum</strong></span> <span class='ocrx_word' id='word_1_350' title='bbox 1334 3999 1636 4062; x_wconf 83' lang='lat' dir='ltr'><strong>martyrum</strong></span> <span class='ocrx_word' id='word_1_351' title='bbox 1670 4000 1903 4060; x_wconf 85' lang='lat' dir='ltr'><strong>tuorum,</strong></span> <span class='ocrx_word' id='word_1_352' title='bbox 1947 4007 2046 4062; x_wconf 86' lang='lat' dir='ltr'><strong>pro</strong></span> 
     </span>
    </p>
   </div>
   <div class='ocr_carea' id='block_1_56' title="bbox 466 4080 2048 4157">
    <p class='ocr_par' dir='ltr' id='par_1_56' title="bbox 466 4080 2048 4157">
     <span class='ocr_line' id='line_1_56' title="bbox 466 4080 2048 4157; baseline 0.006 -24"><span class='ocrx_word' id='word_1_353' title='bbox 466 4093 692 4151; x_wconf 87' lang='lat' dir='ltr'><strong>quorum</strong></span> <span class='ocrx_word' id='word_1_354' title='bbox 733 4080 1167 4138; x_wconf 81' lang='lat' dir='ltr'><strong>solemnitatibus</strong></span> <span class='ocrx_word' id='word_1_355' title='bbox 1200 4081 1548 4149; x_wconf 81' lang='lat' dir='ltr'><strong>exhibentur,</strong></span> <span class='ocrx_word' id='word_1_356' title='bbox 1595 4082 1693 4141; x_wconf 91' lang='lat' dir='ltr'><strong>tibi</strong></span> <span class='ocrx_word' id='word_1_357' title='bbox 1735 4094 1887 4157; x_wconf 86' lang='lat' dir='ltr'><strong>grata</strong></span> <span class='ocrx_word' id='word_1_358' title='bbox 1924 4096 2048 4143; x_wconf 88' lang='lat' dir='ltr'><strong>sunt</strong></span> 
     </span>
    </p>
   </div>
   <div class='ocr_carea' id='block_1_57' title="bbox 460 4169 970 4241">
    <p class='ocr_par' dir='ltr' id='par_1_57' title="bbox 460 4169 970 4241">
     <span class='ocr_line' id='line_1_57' title="bbox 460 4169 970 4241; baseline 0.004 -16"><span class='ocrx_word' id='word_1_359' title='bbox 460 4172 677 4227; x_wconf 89' lang='lat' dir='ltr'><strong>merita.</strong></span> <span class='ocrx_word' id='word_1_360' title='bbox 711 4169 834 4241; x_wconf 86' lang='lat' dir='ltr'><strong>Per,</strong></span> <span class='ocrx_word' id='word_1_361' title='bbox 864 4181 970 4229; x_wconf 87' lang='lat' dir='ltr'><strong>etc.</strong></span> 
     </span>
    </p>
   </div>
   <div class='ocr_carea' id='block_1_58' title="bbox 538 4262 2046 4340">
    <p class='ocr_par' dir='ltr' id='par_1_58' title="bbox 538 4262 2046 4340">
     <span class='ocr_line' id='line_1_58' title="bbox 538 4262 2046 4340; baseline 0.006 -24"><span class='ocrx_word' id='word_1_362' title='bbox 538 4262 675 4319; x_wconf 84' lang='lat' dir='ltr'><strong>Vere</strong></span> <span class='ocrx_word' id='word_1_363' title='bbox 697 4263 939 4334; x_wconf 88' lang='lat' dir='ltr'><strong>dignum.</strong></span> <span class='ocrx_word' id='word_1_364' title='bbox 964 4263 1222 4331; x_wconf 81' lang='lat' dir='ltr'><strong>Quamvis</strong></span> <span class='ocrx_word' id='word_1_365' title='bbox 1264 4264 1410 4322; x_wconf 88' lang='lat' dir='ltr'><strong>enim</strong></span> <span class='ocrx_word' id='word_1_366' title='bbox 1454 4279 1670 4336; x_wconf 87' lang='lat' dir='ltr'><strong>semper</strong></span> <span class='ocrx_word' id='word_1_367' title='bbox 1708 4266 1767 4322; x_wconf 91' lang='lat' dir='ltr'><strong>in</strong></span> <span class='ocrx_word' id='word_1_368' title='bbox 1802 4268 1881 4323; x_wconf 89' lang='lat' dir='ltr'><strong>tui</strong></span> <span class='ocrx_word' id='word_1_369' title='bbox 1916 4282 2046 4340; x_wconf 89' lang='lat' dir='ltr'><strong>gau-</strong></span> 
     </span>
    </p>
   </div>
   <div class='ocr_carea' id='block_1_59' title="bbox 469 4352 2046 4432">
    <p class='ocr_par' dir='ltr' id='par_1_59' title="bbox 469 4352 2046 4432">
     <span class='ocr_line' id='line_1_59' title="bbox 469 4352 2046 4432; baseline 0.008 -25"><span class='ocrx_word' id='word_1_370' title='bbox 469 4352 690 4409; x_wconf 83' lang='lat' dir='ltr'><strong>deamus</strong></span> <span class='ocrx_word' id='word_1_371' title='bbox 719 4355 935 4410; x_wconf 91' lang='lat' dir='ltr'><strong>actione</strong></span> <span class='ocrx_word' id='word_1_372' title='bbox 973 4356 1237 4426; x_wconf 85' lang='lat' dir='ltr'><strong>mysterii,</strong></span> <span class='ocrx_word' id='word_1_373' title='bbox 1266 4357 1537 4427; x_wconf 89' lang='lat' dir='ltr'><strong>copiosius</strong></span> <span class='ocrx_word' id='word_1_374' title='bbox 1566 4366 1746 4415; x_wconf 89' lang='lat' dir='ltr'><strong>tamen</strong></span> <span class='ocrx_word' id='word_1_375' title='bbox 1779 4361 1894 4432; x_wconf 87' lang='lat' dir='ltr'><strong>eius</strong></span> <span class='ocrx_word' id='word_1_376' title='bbox 1930 4378 2046 4418; x_wconf 86' lang='lat' dir='ltr'><strong>mu-</strong></span> 
     </span>
    </p>
   </div>
   <div class='ocr_carea' id='block_1_60' title="bbox 2148 1868 3721 1945">
    <p class='ocr_par' dir='ltr' id='par_1_60' title="bbox 2148 1868 3721 1945">
     <span class='ocr_line' id='line_1_60' title="bbox 2148 1868 3721 1945; baseline 0.003 -20"><span class='ocrx_word' id='word_1_377' title='bbox 2148 1869 2343 1925; x_wconf 82' lang='lat' dir='ltr'><strong>delieta</strong></span> <span class='ocrx_word' id='word_1_378' title='bbox 2371 1910 2385 1935; x_wconf 95' lang='lat'><strong>,</strong></span> <span class='ocrx_word' id='word_1_379' title='bbox 2441 1883 2601 1939; x_wconf 88' lang='lat' dir='ltr'><strong>quam</strong></span> <span class='ocrx_word' id='word_1_380' title='bbox 2650 1868 2721 1924; x_wconf 85' lang='lat' dir='ltr'><strong>ad</strong></span> <span class='ocrx_word' id='word_1_381' title='bbox 2778 1868 3097 1925; x_wconf 75' lang='lat' dir='ltr'><strong>salsandum</strong></span> <span class='ocrx_word' id='word_1_382' title='bbox 3150 1868 3235 1927; x_wconf 76' lang='lat' dir='ltr'><strong>vel</strong></span> <span class='ocrx_word' id='word_1_383' title='bbox 3288 1869 3587 1945; x_wconf 79' lang='lat' dir='ltr'><strong>patrocinia</strong></span> <span class='ocrx_word' id='word_1_384' title='bbox 3636 1886 3721 1929; x_wconf 85' lang='lat' dir='ltr'><strong>co-</strong></span> 
     </span>
    </p>
   </div>
   <div class='ocr_carea' id='block_1_61' title="bbox 2148 1958 3717 2033">
    <p class='ocr_par' dir='ltr' id='par_1_61' title="bbox 2148 1958 3717 2033">
     <span class='ocr_line' id='line_1_61' title="bbox 2148 1958 3717 2033; baseline 0.002 -18"><span class='ocrx_word' id='word_1_385' title='bbox 2148 1963 2299 2033; x_wconf 87' lang='lat' dir='ltr'><strong>piosa</strong></span> <span class='ocrx_word' id='word_1_386' title='bbox 2326 1960 2613 2031; x_wconf 89' lang='lat' dir='ltr'><strong>iustorum,</strong></span> <span class='ocrx_word' id='word_1_387' title='bbox 2638 1959 2725 2017; x_wconf 72' lang='lat' dir='ltr'><strong>uel</strong></span> <span class='ocrx_word' id='word_1_388' title='bbox 2752 1967 2860 2015; x_wconf 64' lang='lat' dir='ltr'><strong>tua</strong></span> <span class='ocrx_word' id='word_1_389' title='bbox 2880 1958 3177 2030; x_wconf 86' lang='lat' dir='ltr'><strong>maiestatis</strong></span> <span class='ocrx_word' id='word_1_390' title='bbox 3204 1960 3401 2017; x_wconf 80' lang='lat' dir='ltr'><strong>invicta</strong></span> <span class='ocrx_word' id='word_1_391' title='bbox 3417 1961 3717 2025; x_wconf 71' lang='lat' dir='ltr'><strong>clementia.</strong></span> 
     </span>
    </p>
   </div>
   <div class='ocr_carea' id='block_1_62' title="bbox 2148 2054 2413 2120">
    <p class='ocr_par' dir='ltr' id='par_1_62' title="bbox 2148 2054 2413 2120">
     <span class='ocr_line' id='line_1_62' title="bbox 2148 2054 2413 2120; baseline -0.015 -9"><span class='ocrx_word' id='word_1_392' title='bbox 2148 2054 2277 2120; x_wconf 84' lang='lat' dir='ltr'><strong>Per,</strong></span> <span class='ocrx_word' id='word_1_393' title='bbox 2306 2064 2413 2108; x_wconf 90' lang='lat' dir='ltr'><strong>etc.</strong></span> 
     </span>
    </p>
   </div>
   <div class='ocr_carea' id='block_1_63' title="bbox 2219 2147 3714 2221">
    <p class='ocr_par' dir='ltr' id='par_1_63' title="bbox 2219 2147 3714 2221">
     <span class='ocr_line' id='line_1_63' title="bbox 2219 2147 3714 2221; baseline -0.001 -14"><span class='ocrx_word' id='word_1_394' title='bbox 2219 2151 2501 2221; x_wconf 84' lang='lat' dir='ltr'><strong>Supplices</strong></span> <span class='ocrx_word' id='word_1_395' title='bbox 2528 2157 2583 2205; x_wconf 86' lang='lat' dir='ltr'><strong>te</strong></span> <span class='ocrx_word' id='word_1_396' title='bbox 2611 2163 2897 2219; x_wconf 83' lang='lat' dir='ltr'><strong>rogamus,</strong></span> <span class='ocrx_word' id='word_1_397' title='bbox 2939 2147 3116 2217; x_wconf 85' lang='lat' dir='ltr'><strong>Deus,</strong></span> <span class='ocrx_word' id='word_1_398' title='bbox 3160 2162 3231 2206; x_wconf 80' lang='lat' dir='ltr'><strong>ne</strong></span> <span class='ocrx_word' id='word_1_399' title='bbox 3266 2157 3365 2205; x_wconf 81' lang='lat' dir='ltr'><strong>aut</strong></span> <span class='ocrx_word' id='word_1_400' title='bbox 3400 2148 3558 2207; x_wconf 86' lang='lat' dir='ltr'><strong>malis</strong></span> <span class='ocrx_word' id='word_1_401' title='bbox 3602 2164 3714 2221; x_wconf 83' lang='lat' dir='ltr'><strong>pro-</strong></span> 
     </span>
    </p>
   </div>
   <div class='ocr_carea' id='block_1_64' title="bbox 2150 2239 3717 2314">
    <p class='ocr_par' dir='ltr' id='par_1_64' title="bbox 2150 2239 3717 2314">
     <span class='ocr_line' id='line_1_64' title="bbox 2150 2239 3717 2314; baseline -0.001 -15"><span class='ocrx_word' id='word_1_402' title='bbox 2150 2244 2281 2314; x_wconf 87' lang='lat' dir='ltr'><strong>priis</strong></span> <span class='ocrx_word' id='word_1_403' title='bbox 2309 2255 2687 2312; x_wconf 79' lang='lat' dir='ltr'><strong>aggravemur,</strong></span> <span class='ocrx_word' id='word_1_404' title='bbox 2726 2248 2822 2295; x_wconf 85' lang='lat' dir='ltr'><strong>aut</strong></span> <span class='ocrx_word' id='word_1_405' title='bbox 2848 2239 3164 2297; x_wconf 77' lang='lat' dir='ltr'><strong>infostemnr</strong></span> <span class='ocrx_word' id='word_1_406' title='bbox 3202 2239 3276 2298; x_wconf 81' lang='lat' dir='ltr'><strong>ab</strong></span> <span class='ocrx_word' id='word_1_407' title='bbox 3314 2239 3596 2311; x_wconf 62' lang='lat' dir='ltr'><strong>hostibus,</strong></span> <span class='ocrx_word' id='word_1_408' title='bbox 3632 2241 3717 2311; x_wconf 71' lang='lat' dir='ltr'><strong>qui</strong></span> 
     </span>
    </p>
   </div>
   <div class='ocr_carea' id='block_1_65' title="bbox 2149 2330 3715 2391">
    <p class='ocr_par' dir='ltr' id='par_1_65' title="bbox 2149 2330 3715 2391">
     <span class='ocr_line' id='line_1_65' title="bbox 2149 2330 3715 2391; baseline -0.001 -4"><span class='ocrx_word' id='word_1_409' title='bbox 2149 2332 2315 2388; x_wconf 90' lang='lat' dir='ltr'><strong>tantis</strong></span> <span class='ocrx_word' id='word_1_410' title='bbox 2377 2340 2684 2387; x_wconf 87' lang='lat' dir='ltr'><strong>sanctorum</strong></span> <span class='ocrx_word' id='word_1_411' title='bbox 2752 2339 2965 2386; x_wconf 80' lang='lat' dir='ltr'><strong>tuorum</strong></span> <span class='ocrx_word' id='word_1_412' title='bbox 3030 2330 3242 2391; x_wconf 73' lang='lat' dir='ltr'><strong>meritis</strong></span> <span class='ocrx_word' id='word_1_413' title='bbox 3303 2344 3715 2391; x_wconf 79' lang='lat' dir='ltr'><strong>commonemur.</strong></span> 
     </span>
    </p>
   </div>
   <div class='ocr_carea' id='block_1_66' title="bbox 2149 2425 2409 2493">
    <p class='ocr_par' dir='ltr' id='par_1_66' title="bbox 2149 2425 2409 2493">
     <span class='ocr_line' id='line_1_66' title="bbox 2149 2425 2409 2493; baseline -0.008 -10"><span class='ocrx_word' id='word_1_414' title='bbox 2149 2425 2273 2493; x_wconf 88' lang='lat' dir='ltr'><strong>Per,</strong></span> <span class='ocrx_word' id='word_1_415' title='bbox 2301 2434 2409 2482; x_wconf 88' lang='lat' dir='ltr'><strong>etc.</strong></span> 
     </span>
    </p>
   </div>
   <div class='ocr_carea' id='block_1_67' title="bbox 2222 2515 3717 2589">
    <p class='ocr_par' dir='ltr' id='par_1_67' title="bbox 2222 2515 3717 2589">
     <span class='ocr_line' id='line_1_67' title="bbox 2222 2515 3717 2589; baseline 0.002 -17"><span class='ocrx_word' id='word_1_416' title='bbox 2222 2518 2311 2574; x_wconf 82' lang='lat' dir='ltr'><strong>iV.</strong></span> <span class='ocrx_word' id='word_1_417' title='bbox 2344 2517 2473 2572; x_wconf 78' lang='lat' dir='ltr'><strong>Item</strong></span> <span class='ocrx_word' id='word_1_418' title='bbox 2501 2517 2628 2572; x_wconf 80' lang='lat' dir='ltr'><strong>alia.</strong></span> <span class='ocrx_word' id='word_1_419' title='bbox 2661 2544 2731 2557; x_wconf 89' lang='lat'><strong>--</strong></span> <span class='ocrx_word' id='word_1_420' title='bbox 2759 2515 3079 2573; x_wconf 86' lang='lat' dir='ltr'><strong>Sanctorum</strong></span> <span class='ocrx_word' id='word_1_421' title='bbox 3109 2524 3318 2573; x_wconf 75' lang='lat' dir='ltr'><strong>tuorum</strong></span> <span class='ocrx_word' id='word_1_422' title='bbox 3339 2558 3353 2583; x_wconf 92' lang='lat'><strong>,</strong></span> <span class='ocrx_word' id='word_1_423' title='bbox 3383 2532 3717 2589; x_wconf 69' lang='lat' dir='ltr'><strong>quaesumus.</strong></span> 
     </span>
    </p>
   </div>
   <div class='ocr_carea' id='block_1_68' title="bbox 2151 2606 3715 2679">
    <p class='ocr_par' dir='ltr' id='par_1_68' title="bbox 2151 2606 3715 2679">
     <span class='ocr_line' id='line_1_68' title="bbox 2151 2606 3715 2679; baseline -0.001 -13"><span class='ocrx_word' id='word_1_424' title='bbox 2151 2609 2400 2677; x_wconf 87' lang='lat' dir='ltr'><strong>Domine,</strong></span> <span class='ocrx_word' id='word_1_425' title='bbox 2430 2623 2663 2679; x_wconf 86' lang='lat' dir='ltr'><strong>quorum</strong></span> <span class='ocrx_word' id='word_1_426' title='bbox 2690 2622 2790 2663; x_wconf 92' lang='lat' dir='ltr'><strong>nos</strong></span> <span class='ocrx_word' id='word_1_427' title='bbox 2813 2607 3043 2664; x_wconf 84' lang='lat' dir='ltr'><strong>assiduis</strong></span> <span class='ocrx_word' id='word_1_428' title='bbox 3068 2606 3446 2666; x_wconf 78' lang='lat' dir='ltr'><strong>festisitatibus</strong></span> <span class='ocrx_word' id='word_1_429' title='bbox 3474 2610 3715 2667; x_wconf 82' lang='lat' dir='ltr'><strong>consola-</strong></span> 
     </span>
    </p>
   </div>
   <div class='ocr_carea' id='block_1_69' title="bbox 2150 2700 3101 2772">
    <p class='ocr_par' dir='ltr' id='par_1_69' title="bbox 2150 2700 3101 2772">
     <span class='ocr_line' id='line_1_69' title="bbox 2150 2700 3101 2772; baseline -0.004 -13"><span class='ocrx_word' id='word_1_430' title='bbox 2150 2703 2246 2770; x_wconf 88' lang='lat' dir='ltr'><strong>ris,</strong></span> <span class='ocrx_word' id='word_1_431' title='bbox 2279 2701 2504 2758; x_wconf 90' lang='lat' dir='ltr'><strong>defende</strong></span> <span class='ocrx_word' id='word_1_432' title='bbox 2524 2700 2809 2772; x_wconf 63' lang='lat' dir='ltr'><strong>praesidiis.</strong></span> <span class='ocrx_word' id='word_1_433' title='bbox 2841 2700 2961 2767; x_wconf 82' lang='lat' dir='ltr'><strong>Per,</strong></span> <span class='ocrx_word' id='word_1_434' title='bbox 2993 2709 3101 2756; x_wconf 92' lang='lat' dir='ltr'><strong>etc.</strong></span> 
     </span>
    </p>
   </div>
   <div class='ocr_carea' id='block_1_70' title="bbox 2217 2791 3717 2864">
    <p class='ocr_par' dir='ltr' id='par_1_70' title="bbox 2217 2791 3717 2864">
     <span class='ocr_line' id='line_1_70' title="bbox 2217 2791 3717 2864; baseline -0.002 -13"><span class='ocrx_word' id='word_1_435' title='bbox 2217 2793 2450 2851; x_wconf 83' lang='lat' dir='ltr'><strong>Salutari</strong></span> <span class='ocrx_word' id='word_1_436' title='bbox 2490 2791 2758 2849; x_wconf 85' lang='lat' dir='ltr'><strong>sacriﬁcio</strong></span> <span class='ocrx_word' id='word_1_437' title='bbox 2777 2833 2793 2859; x_wconf 91' lang='lat'><strong>,</strong></span> <span class='ocrx_word' id='word_1_438' title='bbox 2821 2792 3048 2849; x_wconf 89' lang='lat' dir='ltr'><strong>Domine</strong></span> <span class='ocrx_word' id='word_1_439' title='bbox 3067 2832 3083 2860; x_wconf 89' lang='lat'><strong>,</strong></span> <span class='ocrx_word' id='word_1_440' title='bbox 3114 2794 3341 2864; x_wconf 83' lang='lat' dir='ltr'><strong>populus</strong></span> <span class='ocrx_word' id='word_1_441' title='bbox 3367 2802 3486 2851; x_wconf 88' lang='lat' dir='ltr'><strong>tuus</strong></span> <span class='ocrx_word' id='word_1_442' title='bbox 3510 2808 3717 2864; x_wconf 86' lang='lat' dir='ltr'><strong>semper</strong></span> 
     </span>
    </p>
   </div>
   <div class='ocr_carea' id='block_1_71' title="bbox 2148 2883 3717 2957">
    <p class='ocr_par' dir='ltr' id='par_1_71' title="bbox 2148 2883 3717 2957">
     <span class='ocr_line' id='line_1_71' title="bbox 2148 2883 3717 2957; baseline -0.001 -14"><span class='ocrx_word' id='word_1_443' title='bbox 2148 2887 2399 2957; x_wconf 60' lang='lat' dir='ltr'><strong>exsultet,</strong></span> <span class='ocrx_word' id='word_1_444' title='bbox 2430 2900 2535 2957; x_wconf 92' lang='lat' dir='ltr'><strong>quo</strong></span> <span class='ocrx_word' id='word_1_445' title='bbox 2556 2894 2611 2941; x_wconf 89' lang='lat' dir='ltr'><strong>et</strong></span> <span class='ocrx_word' id='word_1_446' title='bbox 2639 2883 2854 2941; x_wconf 81' lang='lat' dir='ltr'><strong>debitus</strong></span> <span class='ocrx_word' id='word_1_447' title='bbox 2891 2884 3067 2941; x_wconf 81' lang='lat' dir='ltr'><strong>honor</strong></span> <span class='ocrx_word' id='word_1_448' title='bbox 3086 2885 3254 2942; x_wconf 85' lang='lat' dir='ltr'><strong>sacris</strong></span> <span class='ocrx_word' id='word_1_449' title='bbox 3282 2886 3604 2955; x_wconf 74' lang='lat' dir='ltr'><strong>martyribus</strong></span> <span class='ocrx_word' id='word_1_450' title='bbox 3628 2902 3717 2941; x_wconf 80' lang='lat' dir='ltr'><strong>es-</strong></span> 
     </span>
    </p>
   </div>
   <div class='ocr_carea' id='block_1_72' title="bbox 2147 2975 3716 3047">
    <p class='ocr_par' dir='ltr' id='par_1_72' title="bbox 2147 2975 3716 3047">
     <span class='ocr_line' id='line_1_72' title="bbox 2147 2975 3716 3047; baseline 0 -13"><span class='ocrx_word' id='word_1_451' title='bbox 2147 2977 2399 3045; x_wconf 79' lang='lat' dir='ltr'><strong>hibetur,</strong></span> <span class='ocrx_word' id='word_1_452' title='bbox 2444 2985 2501 3035; x_wconf 87' lang='lat' dir='ltr'><strong>et</strong></span> <span class='ocrx_word' id='word_1_453' title='bbox 2540 2975 2985 3033; x_wconf 87' lang='lat' dir='ltr'><strong>sanctificationis</strong></span> <span class='ocrx_word' id='word_1_454' title='bbox 3028 2984 3136 3033; x_wconf 64' lang='lat' dir='ltr'><strong>tua</strong></span> <span class='ocrx_word' id='word_1_455' title='bbox 3177 2988 3365 3033; x_wconf 81' lang='lat' dir='ltr'><strong>munus</strong></span> <span class='ocrx_word' id='word_1_456' title='bbox 3402 2976 3716 3047; x_wconf 65' lang='lat' dir='ltr'><strong>actiniritur,</strong></span> 
     </span>
    </p>
   </div>
   <div class='ocr_carea' id='block_1_73' title="bbox 2148 3071 2411 3141">
    <p class='ocr_par' dir='ltr' id='par_1_73' title="bbox 2148 3071 2411 3141">
     <span class='ocr_line' id='line_1_73' title="bbox 2148 3071 2411 3141; baseline -0.008 -12"><span class='ocrx_word' id='word_1_457' title='bbox 2148 3071 2275 3141; x_wconf 83' lang='lat' dir='ltr'><strong>Per,</strong></span> <span class='ocrx_word' id='word_1_458' title='bbox 2304 3079 2411 3128; x_wconf 87' lang='lat' dir='ltr'><strong>etc.</strong></span> 
     </span>
    </p>
   </div>
   <div class='ocr_carea' id='block_1_74' title="bbox 2072 3136 3713 3261">
    <p class='ocr_par' dir='ltr' id='par_1_74' title="bbox 2072 3136 3713 3261">
     <span class='ocr_line' id='line_1_74' title="bbox 2072 3136 3713 3261; baseline -0.004 -39"><span class='ocrx_word' id='word_1_459' title='bbox 2072 3136 2123 3202; x_wconf 63' lang='grc' dir='ltr'>ο</span> <span class='ocrx_word' id='word_1_460' title='bbox 2224 3136 2363 3223; x_wconf 82' lang='lat' dir='ltr'><strong>Vere</strong></span> <span class='ocrx_word' id='word_1_461' title='bbox 2408 3164 2648 3236; x_wconf 90' lang='lat' dir='ltr'><strong>dignum.</strong></span> <span class='ocrx_word' id='word_1_462' title='bbox 2678 3164 2758 3221; x_wconf 86' lang='lat' dir='ltr'><strong>’l‘e</strong></span> <span class='ocrx_word' id='word_1_463' title='bbox 2785 3163 2841 3220; x_wconf 87' lang='lat' dir='ltr'><strong>in</strong></span> <span class='ocrx_word' id='word_1_464' title='bbox 2872 3170 3086 3218; x_wconf 88' lang='lat' dir='ltr'><strong>tuorum</strong></span> <span class='ocrx_word' id='word_1_465' title='bbox 3130 3159 3491 3231; x_wconf 78' lang='lat' dir='ltr'><strong>gloriﬁcantes</strong></span> <span class='ocrx_word' id='word_1_466' title='bbox 3519 3158 3713 3261; x_wconf 70' lang='lat' dir='ltr'><strong>honore</strong></span> 
     </span>
    </p>
   </div>
   <div class='ocr_carea' id='block_1_75' title="bbox 2149 3252 3704 3328">
    <p class='ocr_par' dir='ltr' id='par_1_75' title="bbox 2149 3252 3704 3328">
     <span class='ocr_line' id='line_1_75' title="bbox 2149 3252 3704 3328; baseline -0.007 -14"><span class='ocrx_word' id='word_1_467' title='bbox 2149 3267 2488 3326; x_wconf 66' lang='lat' dir='ltr'><strong>unctorem,</strong></span> <span class='ocrx_word' id='word_1_468' title='bbox 2513 3259 2604 3328; x_wconf 84' lang='lat' dir='ltr'><strong>qui</strong></span> <span class='ocrx_word' id='word_1_469' title='bbox 2628 3265 2685 3312; x_wconf 89' lang='lat' dir='ltr'><strong>et</strong></span> <span class='ocrx_word' id='word_1_470' title='bbox 2709 3256 2814 3312; x_wconf 89' lang='lat' dir='ltr'><strong>illis</strong></span> <span class='ocrx_word' id='word_1_471' title='bbox 2845 3252 3078 3312; x_wconf 81' lang='lat' dir='ltr'><strong>tribuisti</strong></span> <span class='ocrx_word' id='word_1_472' title='bbox 3103 3252 3486 3309; x_wconf 79' lang='lat' dir='ltr'><strong>beatitudinem</strong></span> <span class='ocrx_word' id='word_1_473' title='bbox 3519 3252 3704 3318; x_wconf 78' lang='lat' dir='ltr'><strong>sempi-</strong></span> 
     </span>
    </p>
   </div>
   <div class='ocr_carea' id='block_1_76' title="bbox 2148 3340 3696 3417">
    <p class='ocr_par' dir='ltr' id='par_1_76' title="bbox 2148 3340 3696 3417">
     <span class='ocr_line' id='line_1_76' title="bbox 2148 3340 3696 3417; baseline -0.006 -11"><span class='ocrx_word' id='word_1_474' title='bbox 2148 3359 2384 3417; x_wconf 88' lang='lat' dir='ltr'><strong>ternam,</strong></span> <span class='ocrx_word' id='word_1_475' title='bbox 2416 3358 2472 3405; x_wconf 88' lang='lat' dir='ltr'><strong>et</strong></span> <span class='ocrx_word' id='word_1_476' title='bbox 2494 3347 2790 3404; x_wconf 86' lang='lat' dir='ltr'><strong>inﬁrmitati</strong></span> <span class='ocrx_word' id='word_1_477' title='bbox 2816 3355 3015 3403; x_wconf 68' lang='lat' dir='ltr'><strong>nostra:</strong></span> <span class='ocrx_word' id='word_1_478' title='bbox 3048 3346 3170 3401; x_wconf 86' lang='lat' dir='ltr'><strong>talia</strong></span> <span class='ocrx_word' id='word_1_479' title='bbox 3203 3344 3507 3416; x_wconf 67' lang='lat' dir='ltr'><strong>prmporasti</strong></span> <span class='ocrx_word' id='word_1_480' title='bbox 3527 3340 3696 3398; x_wconf 65' lang='grc' dir='ltr'><strong>δυσπι-</strong></span> 
     </span>
    </p>
   </div>
   <div class='ocr_carea' id='block_1_77' title="bbox 2146 3436 3437 3513">
    <p class='ocr_par' dir='ltr' id='par_1_77' title="bbox 2146 3436 3437 3513">
     <span class='ocr_line' id='line_1_77' title="bbox 2146 3436 3437 3513; baseline 0.001 -17"><span class='ocrx_word' id='word_1_481' title='bbox 2146 3441 2259 3513; x_wconf 82' lang='lat' dir='ltr'><strong>gia,</strong></span> <span class='ocrx_word' id='word_1_482' title='bbox 2283 3455 2403 3510; x_wconf 76' lang='lat' dir='ltr'><strong>quae</strong></span> <span class='ocrx_word' id='word_1_483' title='bbox 2432 3440 2606 3510; x_wconf 89' lang='lat' dir='ltr'><strong>possis</strong></span> <span class='ocrx_word' id='word_1_484' title='bbox 2626 3438 2815 3497; x_wconf 88' lang='lat' dir='ltr'><strong>audire</strong></span> <span class='ocrx_word' id='word_1_485' title='bbox 2844 3454 2940 3511; x_wconf 86' lang='lat' dir='ltr'><strong>pro</strong></span> <span class='ocrx_word' id='word_1_486' title='bbox 2966 3438 3140 3494; x_wconf 86' lang='lat' dir='ltr'><strong>nobis.</strong></span> <span class='ocrx_word' id='word_1_487' title='bbox 3174 3436 3301 3504; x_wconf 89' lang='lat' dir='ltr'><strong>Per,</strong></span> <span class='ocrx_word' id='word_1_488' title='bbox 3332 3446 3437 3497; x_wconf 80' lang='lat' dir='ltr'><strong>etc.</strong></span> 
     </span>
    </p>
   </div>
   <div class='ocr_carea' id='block_1_78' title="bbox 2222 3530 3708 3602">
    <p class='ocr_par' dir='ltr' id='par_1_78' title="bbox 2222 3530 3708 3602">
     <span class='ocr_line' id='line_1_78' title="bbox 2222 3530 3708 3602; baseline -0.005 -13"><span class='ocrx_word' id='word_1_489' title='bbox 2222 3533 2459 3600; x_wconf 81' lang='lat' dir='ltr'><strong>Exaudi,</strong></span> <span class='ocrx_word' id='word_1_490' title='bbox 2493 3532 2755 3598; x_wconf 87' lang='lat' dir='ltr'><strong>Domine,</strong></span> <span class='ocrx_word' id='word_1_491' title='bbox 2792 3544 3129 3602; x_wconf 69' lang='lat' dir='ltr'><strong>quaesumus.</strong></span> <span class='ocrx_word' id='word_1_492' title='bbox 3164 3544 3351 3599; x_wconf 86' lang='lat' dir='ltr'><strong>preces</strong></span> <span class='ocrx_word' id='word_1_493' title='bbox 3391 3537 3619 3592; x_wconf 82' lang='lat' dir='ltr'><strong>nostras,</strong></span> <span class='ocrx_word' id='word_1_494' title='bbox 3650 3530 3708 3589; x_wconf 82' lang='lat' dir='ltr'><strong>ut</strong></span> 
     </span>
    </p>
   </div>
   <div class='ocr_carea' id='block_1_79' title="bbox 2149 3623 3711 3697">
    <p class='ocr_par' dir='ltr' id='par_1_79' title="bbox 2149 3623 3711 3697">
     <span class='ocr_line' id='line_1_79' title="bbox 2149 3623 3711 3697; baseline -0.006 -15"><span class='ocrx_word' id='word_1_495' title='bbox 2149 3627 2380 3697; x_wconf 88' lang='lat' dir='ltr'><strong>populus</strong></span> <span class='ocrx_word' id='word_1_496' title='bbox 2404 3634 2544 3694; x_wconf 89' lang='lat' dir='ltr'><strong>tuus,</strong></span> <span class='ocrx_word' id='word_1_497' title='bbox 2574 3625 2675 3682; x_wconf 89' lang='lat' dir='ltr'><strong>sub</strong></span> <span class='ocrx_word' id='word_1_498' title='bbox 2702 3626 2866 3682; x_wconf 83' lang='lat' dir='ltr'><strong>tantis</strong></span> <span class='ocrx_word' id='word_1_499' title='bbox 2893 3624 3205 3695; x_wconf 84' lang='lat' dir='ltr'><strong>patrociniis</strong></span> <span class='ocrx_word' id='word_1_500' title='bbox 3233 3623 3583 3689; x_wconf 82' lang='lat' dir='ltr'><strong>constitutus,</strong></span> <span class='ocrx_word' id='word_1_501' title='bbox 3609 3628 3659 3675; x_wconf 85' lang='lat' dir='ltr'><strong>et</strong></span> <span class='ocrx_word' id='word_1_502' title='bbox 3682 3633 3711 3673; x_wconf 89' lang='lat' dir='ltr'><strong>a</strong></span> 
     </span>
    </p>
   </div>
   <div class='ocr_carea' id='block_1_80' title="bbox 2142 3718 3716 3789">
    <p class='ocr_par' dir='ltr' id='par_1_80' title="bbox 2142 3718 3716 3789">
     <span class='ocr_line' id='line_1_80' title="bbox 2142 3718 3716 3789; baseline -0.002 -11"><span class='ocrx_word' id='word_1_503' title='bbox 2142 3722 2262 3778; x_wconf 80' lang='lat' dir='ltr'><strong>suis</strong></span> <span class='ocrx_word' id='word_1_504' title='bbox 2282 3721 2667 3777; x_wconf 87' lang='lat' dir='ltr'><strong>offensionibus</strong></span> <span class='ocrx_word' id='word_1_505' title='bbox 2688 3720 2963 3786; x_wconf 88' lang='lat' dir='ltr'><strong>liberetur,</strong></span> <span class='ocrx_word' id='word_1_506' title='bbox 2986 3720 3128 3775; x_wconf 80' lang='lat' dir='ltr'><strong>etab</strong></span> <span class='ocrx_word' id='word_1_507' title='bbox 3147 3718 3397 3775; x_wconf 78' lang='lat' dir='ltr'><strong>omnibus</strong></span> <span class='ocrx_word' id='word_1_508' title='bbox 3418 3723 3716 3789; x_wconf 66' lang='lat' dir='ltr'><strong>protegam</strong></span> 
     </span>
    </p>
   </div>
   <div class='ocr_carea' id='block_1_81' title="bbox 2148 3815 2708 3885">
    <p class='ocr_par' dir='ltr' id='par_1_81' title="bbox 2148 3815 2708 3885">
     <span class='ocr_line' id='line_1_81' title="bbox 2148 3815 2708 3885; baseline -0.004 -14"><span class='ocrx_word' id='word_1_509' title='bbox 2148 3815 2411 3872; x_wconf 87' lang='lat' dir='ltr'><strong>adversis.</strong></span> <span class='ocrx_word' id='word_1_510' title='bbox 2444 3815 2569 3885; x_wconf 86' lang='lat' dir='ltr'><strong>Per,</strong></span> <span class='ocrx_word' id='word_1_511' title='bbox 2601 3824 2708 3871; x_wconf 91' lang='lat' dir='ltr'><strong>etc.</strong></span> 
     </span>
    </p>
   </div>
   <div class='ocr_carea' id='block_1_82' title="bbox 2222 3903 3719 3975">
    <p class='ocr_par' dir='ltr' id='par_1_82' title="bbox 2222 3903 3719 3975">
     <span class='ocr_line' id='line_1_82' title="bbox 2222 3903 3719 3975; baseline -0.003 -14"><span class='ocrx_word' id='word_1_512' title='bbox 2222 3907 2285 3962; x_wconf 77' lang='grc' dir='ltr'><strong>ν.</strong></span> <span class='ocrx_word' id='word_1_513' title='bbox 2320 3907 2453 3962; x_wconf 78' lang='lat' dir='ltr'><strong>Item</strong></span> <span class='ocrx_word' id='word_1_514' title='bbox 2477 3906 2604 3962; x_wconf 84' lang='lat' dir='ltr'><strong>alia.</strong></span> <span class='ocrx_word' id='word_1_515' title='bbox 2637 3934 2708 3949; x_wconf 93' lang='lat'><strong>--</strong></span> <span class='ocrx_word' id='word_1_516' title='bbox 2741 3904 2761 3945; x_wconf 71' lang='grc' dir='ltr'>ί</span> <span class='ocrx_word' id='word_1_517' title='bbox 2795 3904 3028 3975; x_wconf 81' lang='lat' dir='ltr'><strong>Accepta</strong></span> <span class='ocrx_word' id='word_1_518' title='bbox 3057 3904 3128 3959; x_wconf 89' lang='lat' dir='ltr'><strong>sit</strong></span> <span class='ocrx_word' id='word_1_519' title='bbox 3168 3903 3224 3960; x_wconf 90' lang='lat' dir='ltr'><strong>in</strong></span> <span class='ocrx_word' id='word_1_520' title='bbox 3269 3910 3562 3973; x_wconf 82' lang='lat' dir='ltr'><strong>conspectu</strong></span> <span class='ocrx_word' id='word_1_521' title='bbox 3598 3908 3719 3969; x_wconf 86' lang='lat' dir='ltr'><strong>tuo,</strong></span> 
     </span>
    </p>
   </div>
   <div class='ocr_carea' id='block_1_83' title="bbox 2149 3991 3725 4065">
    <p class='ocr_par' dir='ltr' id='par_1_83' title="bbox 2149 3991 3725 4065">
     <span class='ocr_line' id='line_1_83' title="bbox 2149 3991 3725 4065; baseline -0.003 -10"><span class='ocrx_word' id='word_1_522' title='bbox 2149 3998 2394 4065; x_wconf 81' lang='lat' dir='ltr'><strong>Domine,</strong></span> <span class='ocrx_word' id='word_1_523' title='bbox 2426 4006 2609 4055; x_wconf 87' lang='lat' dir='ltr'><strong>nostra</strong></span> <span class='ocrx_word' id='word_1_524' title='bbox 2641 3996 2883 4062; x_wconf 80' lang='lat' dir='ltr'><strong>devotio,</strong></span> <span class='ocrx_word' id='word_1_525' title='bbox 2914 4003 2973 4051; x_wconf 90' lang='lat' dir='ltr'><strong>ut</strong></span> <span class='ocrx_word' id='word_1_526' title='bbox 3001 4009 3188 4052; x_wconf 90' lang='lat' dir='ltr'><strong>eorum</strong></span> <span class='ocrx_word' id='word_1_527' title='bbox 3218 3995 3374 4052; x_wconf 85' lang='lat' dir='ltr'><strong>nobis</strong></span> <span class='ocrx_word' id='word_1_528' title='bbox 3400 3993 3494 4051; x_wconf 83' lang='lat' dir='ltr'><strong>ﬁat</strong></span> <span class='ocrx_word' id='word_1_529' title='bbox 3520 3991 3725 4065; x_wconf 78' lang='lat' dir='ltr'><strong>suppli-</strong></span> 
     </span>
    </p>
   </div>
   <div class='ocr_carea' id='block_1_84' title="bbox 2148 4085 3723 4159">
    <p class='ocr_par' dir='ltr' id='par_1_84' title="bbox 2148 4085 3723 4159">
     <span class='ocr_line' id='line_1_84' title="bbox 2148 4085 3723 4159; baseline -0.003 -13"><span class='ocrx_word' id='word_1_530' title='bbox 2148 4090 2360 4147; x_wconf 87' lang='lat' dir='ltr'><strong>catione</strong></span> <span class='ocrx_word' id='word_1_531' title='bbox 2393 4089 2642 4146; x_wconf 84' lang='lat' dir='ltr'><strong>salutaris</strong></span> <span class='ocrx_word' id='word_1_532' title='bbox 2660 4129 2676 4157; x_wconf 93' lang='lat'><strong>,</strong></span> <span class='ocrx_word' id='word_1_533' title='bbox 2714 4102 2815 4159; x_wconf 89' lang='lat' dir='ltr'><strong>pro</strong></span> <span class='ocrx_word' id='word_1_534' title='bbox 2838 4102 3066 4157; x_wconf 87' lang='lat' dir='ltr'><strong>quorum</strong></span> <span class='ocrx_word' id='word_1_535' title='bbox 3094 4087 3436 4144; x_wconf 86' lang='lat' dir='ltr'><strong>solemnitate</strong></span> <span class='ocrx_word' id='word_1_536' title='bbox 3461 4085 3723 4144; x_wconf 74' lang='lat' dir='ltr'><strong>defertur.</strong></span> 
     </span>
    </p>
   </div>
   <div class='ocr_carea' id='block_1_85' title="bbox 2145 4181 2403 4249">
    <p class='ocr_par' dir='ltr' id='par_1_85' title="bbox 2145 4181 2403 4249">
     <span class='ocr_line' id='line_1_85' title="bbox 2145 4181 2403 4249; baseline -0.008 -10"><span class='ocrx_word' id='word_1_537' title='bbox 2145 4181 2269 4249; x_wconf 85' lang='lat' dir='ltr'><strong>Per,</strong></span> <span class='ocrx_word' id='word_1_538' title='bbox 2299 4193 2403 4238; x_wconf 91' lang='lat' dir='ltr'><strong>etc.</strong></span> 
     </span>
    </p>
   </div>
   <div class='ocr_carea' id='block_1_86' title="bbox 2219 4256 3729 4347">
    <p class='ocr_par' dir='ltr' id='par_1_86' title="bbox 2219 4256 3729 4347">
     <span class='ocr_line' id='line_1_86' title="bbox 2219 4256 3729 4347; baseline -0.005 -12"><span class='ocrx_word' id='word_1_539' title='bbox 2219 4278 2358 4335; x_wconf 88' lang='lat' dir='ltr'><strong>Vere</strong></span> <span class='ocrx_word' id='word_1_540' title='bbox 2386 4276 2628 4347; x_wconf 81' lang='lat' dir='ltr'><strong>dignum.</strong></span> <span class='ocrx_word' id='word_1_541' title='bbox 2662 4256 2995 4330; x_wconf 80' lang='lat' dir='ltr'><strong>Sacriﬁcium</strong></span> <span class='ocrx_word' id='word_1_542' title='bbox 3026 4273 3222 4343; x_wconf 88' lang='lat' dir='ltr'><strong>quippe</strong></span> <span class='ocrx_word' id='word_1_543' title='bbox 3246 4287 3401 4341; x_wconf 88' lang='lat' dir='ltr'><strong>suum</strong></span> <span class='ocrx_word' id='word_1_544' title='bbox 3423 4270 3591 4327; x_wconf 83' lang='lat' dir='ltr'><strong>hodie</strong></span> <span class='ocrx_word' id='word_1_545' title='bbox 3620 4269 3729 4327; x_wconf 78' lang='lat' dir='ltr'><strong>fre-</strong></span> 
     </span>
    </p>
   </div>
   <div class='ocr_carea' id='block_1_87' title="bbox 2146 4361 3733 4440">
    <p class='ocr_par' dir='ltr' id='par_1_87' title="bbox 2146 4361 3733 4440">
     <span class='ocr_line' id='line_1_87' title="bbox 2146 4361 3733 4440; baseline -0.004 -17"><span class='ocrx_word' id='word_1_546' title='bbox 2146 4376 2367 4440; x_wconf 87' lang='lat' dir='ltr'><strong>quentat</strong></span> <span class='ocrx_word' id='word_1_547' title='bbox 2396 4367 2662 4433; x_wconf 85' lang='lat' dir='ltr'><strong>Ecclesia,</strong></span> <span class='ocrx_word' id='word_1_548' title='bbox 2692 4375 2746 4421; x_wconf 90' lang='lat' dir='ltr'><strong>et</strong></span> <span class='ocrx_word' id='word_1_549' title='bbox 2771 4365 3111 4421; x_wconf 89' lang='lat' dir='ltr'><strong>festivitatem</strong></span> <span class='ocrx_word' id='word_1_550' title='bbox 3138 4363 3335 4419; x_wconf 88' lang='lat' dir='ltr'><strong>dudum</strong></span> <span class='ocrx_word' id='word_1_551' title='bbox 3362 4364 3608 4420; x_wconf 83' lang='lat' dir='ltr'><strong>muneris</strong></span> <span class='ocrx_word' id='word_1_552' title='bbox 3631 4361 3733 4429; x_wconf 82' lang='lat' dir='ltr'><strong>im-</strong></span> 
     </span>
    </p>
   </div>
   <div class='ocr_carea' id='block_1_88' title="bbox 469 4447 3734 4527">
    <p class='ocr_par' dir='ltr' id='par_1_88' title="bbox 469 4447 3734 4527">
     <span class='ocr_line' id='line_1_88' title="bbox 469 4447 3734 4527; baseline 0.002 -26"><span class='ocrx_word' id='word_1_553' title='bbox 469 4461 599 4502; x_wconf 89' lang='lat' dir='ltr'><strong>nere</strong></span> <span class='ocrx_word' id='word_1_554' title='bbox 640 4447 992 4516; x_wconf 84' lang='lat' dir='ltr'><strong>gratulamur,</strong></span> <span class='ocrx_word' id='word_1_555' title='bbox 1032 4463 1154 4503; x_wconf 90' lang='lat' dir='ltr'><strong>cum</strong></span> <span class='ocrx_word' id='word_1_556' title='bbox 1208 4464 1307 4520; x_wconf 81' lang='lat' dir='ltr'><strong>pro</strong></span> <span class='ocrx_word' id='word_1_557' title='bbox 1355 4464 1649 4521; x_wconf 77' lang='lat' dir='ltr'><strong>martyrum</strong></span> <span class='ocrx_word' id='word_1_558' title='bbox 1704 4454 2046 4512; x_wconf 85' lang='lat' dir='ltr'><strong>solemnitate</strong></span> <span class='ocrx_word' id='word_1_559' title='bbox 2070 4509 2124 4527; x_wconf 49' lang='grc' dir='ltr'><strong>λ</strong></span> <span class='ocrx_word' id='word_1_560' title='bbox 2151 4462 2331 4517; x_wconf 89' lang='lat' dir='ltr'><strong>molati</strong></span> <span class='ocrx_word' id='word_1_561' title='bbox 2361 4473 2537 4514; x_wconf 87' lang='lat' dir='ltr'><strong>annua</strong></span> <span class='ocrx_word' id='word_1_562' title='bbox 2568 4457 2862 4514; x_wconf 86' lang='lat' dir='ltr'><strong>festivitate</strong></span> <span class='ocrx_word' id='word_1_563' title='bbox 2886 4456 3254 4525; x_wconf 87' lang='lat' dir='ltr'><strong>concelebrat,</strong></span> <span class='ocrx_word' id='word_1_564' title='bbox 3295 4470 3439 4527; x_wconf 90' lang='lat' dir='ltr'><strong>quo,</strong></span> <span class='ocrx_word' id='word_1_565' title='bbox 3484 4469 3587 4525; x_wconf 88' lang='lat' dir='ltr'><strong>pro</strong></span> <span class='ocrx_word' id='word_1_566' title='bbox 3616 4454 3734 4523; x_wconf 68' lang='lat' dir='ltr'><strong>eiu</strong></span> 
     </span>
    </p>
   </div>
   <div class='ocr_carea' id='block_1_89' title="bbox 470 4509 2045 4619">
    <p class='ocr_par' dir='ltr' id='par_1_89' title="bbox 470 4542 2044 4612">
     <span class='ocr_line' id='line_1_89' title="bbox 470 4542 2044 4612; baseline 0.004 -17"><span class='ocrx_word' id='word_1_567' title='bbox 470 4550 799 4608; x_wconf 89' lang='lat' dir='ltr'><strong>sanctorum,</strong></span> <span class='ocrx_word' id='word_1_568' title='bbox 845 4554 941 4610; x_wconf 90' lang='lat' dir='ltr'><strong>per</strong></span> <span class='ocrx_word' id='word_1_569' title='bbox 979 4554 1114 4611; x_wconf 87' lang='lat' dir='ltr'><strong>quos</strong></span> <span class='ocrx_word' id='word_1_570' title='bbox 1162 4542 1256 4597; x_wconf 91' lang='lat' dir='ltr'><strong>tibi</strong></span> <span class='ocrx_word' id='word_1_571' title='bbox 1305 4546 1774 4612; x_wconf 89' lang='lat' dir='ltr'><strong>commendamur,</strong></span> <span class='ocrx_word' id='word_1_572' title='bbox 1803 4546 2044 4604; x_wconf 82' lang='lat' dir='ltr'><strong>oﬁ‘ertur.</strong></span> 
     </span>
    </p>
   </div>
   <div class='ocr_carea' id='block_1_90' title="bbox 2155 4509 3733 4619">
    <p class='ocr_par' dir='ltr' id='par_1_90' title="bbox 2155 4548 3733 4619">
     <span class='ocr_line' id='line_1_90' title="bbox 2155 4548 3733 4619; baseline -0.006 -8"><span class='ocrx_word' id='word_1_573' title='bbox 2155 4552 2495 4611; x_wconf 86' lang='lat' dir='ltr'><strong>confessione</strong></span> <span class='ocrx_word' id='word_1_574' title='bbox 2522 4550 2605 4606; x_wconf 84' lang='lat' dir='ltr'><strong>vel</strong></span> <span class='ocrx_word' id='word_1_575' title='bbox 2632 4549 2872 4617; x_wconf 91' lang='lat' dir='ltr'><strong>nomine,</strong></span> <span class='ocrx_word' id='word_1_576' title='bbox 2896 4548 2985 4619; x_wconf 89' lang='lat' dir='ltr'><strong>qui</strong></span> <span class='ocrx_word' id='word_1_577' title='bbox 3012 4563 3130 4604; x_wconf 91' lang='lat' dir='ltr'><strong>eam</strong></span> <span class='ocrx_word' id='word_1_578' title='bbox 3162 4548 3419 4619; x_wconf 88' lang='lat' dir='ltr'><strong>sanguine</strong></span> <span class='ocrx_word' id='word_1_579' title='bbox 3440 4561 3544 4603; x_wconf 89' lang='lat' dir='ltr'><strong>suo</strong></span> <span class='ocrx_word' id='word_1_580' title='bbox 3575 4548 3733 4603; x_wconf 88' lang='lat' dir='ltr'><strong>rede-</strong></span> 
     </span>
    </p>
   </div>
   <div class='ocr_carea' id='block_1_91' title="bbox 470 4631 726 4697">
    <p class='ocr_par' dir='ltr' id='par_1_91' title="bbox 470 4631 726 4697">
     <span class='ocr_line' id='line_1_91' title="bbox 470 4631 726 4697; baseline -0.008 -10"><span class='ocrx_word' id='word_1_581' title='bbox 470 4631 592 4697; x_wconf 84' lang='lat' dir='ltr'><strong>Per,</strong></span> <span class='ocrx_word' id='word_1_582' title='bbox 622 4640 726 4688; x_wconf 88' lang='lat' dir='ltr'><strong>etc.</strong></span> 
     </span>
    </p>
   </div>
   <div class='ocr_carea' id='block_1_92' title="bbox 541 4724 2047 4793">
    <p class='ocr_par' dir='ltr' id='par_1_92' title="bbox 541 4724 2047 4793">
     <span class='ocr_line' id='line_1_92' title="bbox 541 4724 2047 4793; baseline 0.007 -14"><span class='ocrx_word' id='word_1_583' title='bbox 541 4724 705 4781; x_wconf 89' lang='lat' dir='ltr'><strong>Donis</strong></span> <span class='ocrx_word' id='word_1_584' title='bbox 734 4724 1061 4793; x_wconf 72' lang='lat' dir='ltr'><strong>orelestibus,</strong></span> <span class='ocrx_word' id='word_1_585' title='bbox 1104 4740 1226 4783; x_wconf 90' lang='lat' dir='ltr'><strong>eum</strong></span> <span class='ocrx_word' id='word_1_586' title='bbox 1270 4737 1577 4786; x_wconf 88' lang='lat' dir='ltr'><strong>sanctorum</strong></span> <span class='ocrx_word' id='word_1_587' title='bbox 1615 4740 1827 4789; x_wconf 88' lang='lat' dir='ltr'><strong>tuorum</strong></span> <span class='ocrx_word' id='word_1_588' title='bbox 1867 4744 2047 4790; x_wconf 86' lang='lat' dir='ltr'><strong>recor-</strong></span> 
     </span>
    </p>
   </div>
   <div class='ocr_carea' id='block_1_93' title="bbox 470 4818 1897 4895">
    <p class='ocr_par' dir='ltr' id='par_1_93' title="bbox 470 4818 1897 4895">
     <span class='ocr_line' id='line_1_93' title="bbox 470 4818 1897 4895; baseline 0.008 -20"><span class='ocrx_word' id='word_1_589' title='bbox 470 4818 704 4888; x_wconf 87' lang='lat' dir='ltr'><strong>datione,</strong></span> <span class='ocrx_word' id='word_1_590' title='bbox 728 4820 905 4875; x_wconf 82' lang='lat' dir='ltr'><strong>satiati</strong></span> <span class='ocrx_word' id='word_1_591' title='bbox 956 4821 1151 4893; x_wconf 76' lang='lat' dir='ltr'><strong>gratias</strong></span> <span class='ocrx_word' id='word_1_592' title='bbox 1180 4821 1272 4879; x_wconf 90' lang='lat' dir='ltr'><strong>tibi</strong></span> <span class='ocrx_word' id='word_1_593' title='bbox 1301 4824 1606 4881; x_wconf 70' lang='lat' dir='ltr'><strong>referimus.</strong></span> <span class='ocrx_word' id='word_1_594' title='bbox 1635 4825 1760 4895; x_wconf 86' lang='lat' dir='ltr'><strong>Per,</strong></span> <span class='ocrx_word' id='word_1_595' title='bbox 1790 4838 1897 4887; x_wconf 88' lang='lat' dir='ltr'><strong>etc.</strong></span> 
     </span>
    </p>
   </div>
   <div class='ocr_carea' id='block_1_94' title="bbox 544 4956 2050 5035">
    <p class='ocr_par' dir='ltr' id='par_1_94' title="bbox 544 4956 2050 5035">
     <span class='ocr_line' id='line_1_94' title="bbox 544 4956 2050 5035; baseline 0.011 -23"><span class='ocrx_word' id='word_1_596' title='bbox 544 4966 569 4995; x_wconf 76' lang='grc' dir='ltr'><strong>ι</strong></span> <span class='ocrx_word' id='word_1_597' title='bbox 591 4956 767 5035; x_wconf 62' lang='lat' dir='ltr'><strong>Habes</strong></span> <span class='ocrx_word' id='word_1_598' title='bbox 793 4956 953 5035; x_wconf 78' lang='lat' dir='ltr'><strong>_ba_nc</strong></span> <span class='ocrx_word' id='word_1_599' title='bbox 1000 4961 1294 5035; x_wconf 53' lang='lat' dir='ltr'><strong>oraiionem</strong></span> <span class='ocrx_word' id='word_1_600' title='bbox 1330 4972 1467 5035; x_wconf 88' lang='lat' dir='ltr'><strong>post</strong></span> <span class='ocrx_word' id='word_1_601' title='bbox 1504 4968 1936 5035; x_wconf 79' lang='lat' dir='ltr'><strong>communionem</strong></span> <span class='ocrx_word' id='word_1_602' title='bbox 1991 4971 2050 5030; x_wconf 87' lang='lat' dir='ltr'><strong>in</strong></span> 
     </span>
    </p>
   </div>
   <div class='ocr_carea' id='block_1_95' title="bbox 474 5024 2045 5111">
    <p class='ocr_par' dir='ltr' id='par_1_95' title="bbox 474 5024 2045 5111">
     <span class='ocr_line' id='line_1_95' title="bbox 474 5024 2045 5111; baseline 0.008 -25"><span class='ocrx_word' id='word_1_603' title='bbox 474 5028 632 5111; x_wconf 69' lang='lat' dir='ltr'><strong>Missa</strong></span> <span class='ocrx_word' id='word_1_604' title='bbox 659 5024 757 5085; x_wconf 79' lang='lat' dir='ltr'><strong>SS.</strong></span> <span class='ocrx_word' id='word_1_605' title='bbox 790 5027 972 5111; x_wconf 40' lang='lat' dir='ltr'><strong>{riu-ti</strong></span> <span class='ocrx_word' id='word_1_606' title='bbox 993 5042 1047 5087; x_wconf 90' lang='lat' dir='ltr'><strong>et</strong></span> <span class='ocrx_word' id='word_1_607' title='bbox 1072 5024 1358 5111; x_wconf 52' lang='lat' dir='ltr'><strong>Feliciani&#39;</strong></span> <span class='ocrx_word' id='word_1_608' title='bbox 1387 5035 1475 5091; x_wconf 90' lang='lat' dir='ltr'><strong>die</strong></span> <span class='ocrx_word' id='word_1_609' title='bbox 1511 5033 1549 5089; x_wconf 72' lang='grc' dir='ltr'>Ξ</span> <span class='ocrx_word' id='word_1_610' title='bbox 1585 5036 1731 5093; x_wconf 83' lang='lat' dir='ltr'><strong>Junii</strong></span> <span class='ocrx_word' id='word_1_611' title='bbox 1764 5024 2045 5111; x_wconf 54' lang='grc' dir='ltr'>’θριάιίιᾶ</span> 
     </span>
    </p>
   </div>
   <div class='ocr_carea' id='block_1_96' title="bbox 470 5100 1397 5166">
    <p class='ocr_par' dir='ltr' id='par_1_96' title="bbox 470 5100 1397 5166">
     <span class='ocr_line' id='line_1_96' title="bbox 470 5100 1397 5166; baseline 0.005 -12"><span class='ocrx_word' id='word_1_612' title='bbox 470 5100 715 5166; x_wconf 87' lang='lat' dir='ltr'><strong>nardum,</strong></span> <span class='ocrx_word' id='word_1_613' title='bbox 749 5101 877 5155; x_wconf 90' lang='lat' dir='ltr'><strong>etin</strong></span> <span class='ocrx_word' id='word_1_614' title='bbox 907 5102 1103 5161; x_wconf 75' lang='lat' dir='ltr'><strong>Missali</strong></span> <span class='ocrx_word' id='word_1_615' title='bbox 1137 5104 1397 5159; x_wconf 82' lang='lat' dir='ltr'><strong>Romano.</strong></span> 
     </span>
    </p>
   </div>
   <div class='ocr_carea' id='block_1_97' title="bbox 542 5168 2043 5241">
    <p class='ocr_par' dir='ltr' id='par_1_97' title="bbox 542 5168 2043 5241">
     <span class='ocr_line' id='line_1_97' title="bbox 542 5168 2043 5241; baseline 0.009 -16"><span class='ocrx_word' id='word_1_616' title='bbox 542 5168 569 5208; x_wconf 68' lang='grc' dir='ltr'>ι’</span> <span class='ocrx_word' id='word_1_617' title='bbox 588 5170 720 5241; x_wconf 68' lang='lat' dir='ltr'><strong>Haec</strong></span> <span class='ocrx_word' id='word_1_618' title='bbox 738 5186 871 5225; x_wconf 84' lang='lat' dir='ltr'><strong>nova</strong></span> <span class='ocrx_word' id='word_1_619' title='bbox 903 5170 1058 5229; x_wconf 82' lang='lat' dir='ltr'><strong>Missa</strong></span> <span class='ocrx_word' id='word_1_620' title='bbox 1083 5172 1313 5241; x_wconf 86' lang='lat' dir='ltr'><strong>videtur,</strong></span> <span class='ocrx_word' id='word_1_621' title='bbox 1347 5175 1431 5231; x_wconf 88' lang='lat' dir='ltr'><strong>cui</strong></span> <span class='ocrx_word' id='word_1_622' title='bbox 1464 5174 1648 5232; x_wconf 86' lang='lat' dir='ltr'><strong>titulus</strong></span> <span class='ocrx_word' id='word_1_623' title='bbox 1676 5192 1799 5235; x_wconf 89' lang='lat' dir='ltr'><strong>esse</strong></span> <span class='ocrx_word' id='word_1_624' title='bbox 1827 5181 2043 5239; x_wconf 87' lang='lat' dir='ltr'><strong>debuis-</strong></span> 
     </span>
    </p>
   </div>
   <div class='ocr_carea' id='block_1_98' title="bbox 471 5238 2041 5322">
    <p class='ocr_par' dir='ltr' id='par_1_98' title="bbox 471 5238 2041 5322">
     <span class='ocr_line' id='line_1_98' title="bbox 471 5238 2041 5322; baseline 0.009 -27"><span class='ocrx_word' id='word_1_625' title='bbox 471 5248 555 5322; x_wconf 79' lang='lat' dir='ltr'><strong>set</strong></span> <span class='ocrx_word' id='word_1_626' title='bbox 581 5256 661 5322; x_wconf 83' lang='lat' dir='ltr'><strong>_xv</strong></span> <span class='ocrx_word' id='word_1_627' title='bbox 702 5238 808 5322; x_wconf 59' lang='lat' dir='ltr'><strong>Ito}.</strong></span> <span class='ocrx_word' id='word_1_628' title='bbox 854 5241 1182 5322; x_wconf 75' lang='lat' dir='ltr'><strong>Septembris.</strong></span> <span class='ocrx_word' id='word_1_629' title='bbox 1217 5238 1407 5322; x_wconf 55' lang='lat' dir='ltr'><strong>Natale</strong></span> <span class='ocrx_word' id='word_1_630' title='bbox 1444 5248 1608 5303; x_wconf 79' lang='lat' dir='ltr'><strong>sancti</strong></span> <span class='ocrx_word' id='word_1_631' title='bbox 1648 5247 1893 5322; x_wconf 78' lang='lat' dir='ltr'><strong>Agapiti;</strong></span> <span class='ocrx_word' id='word_1_632' title='bbox 1933 5238 2041 5322; x_wconf 87' lang='lat' dir='ltr'><strong>quo</strong></span> 
     </span>
    </p>
   </div>
   <div class='ocr_carea' id='block_1_99' title="bbox 469 5312 2039 5437">
    <p class='ocr_par' dir='ltr' id='par_1_99' title="bbox 469 5312 2039 5437">
     <span class='ocr_line' id='line_1_99' title="bbox 469 5312 2039 5437; baseline 0.01 -73"><span class='ocrx_word' id='word_1_633' title='bbox 469 5312 682 5437; x_wconf 57' lang='lat' dir='ltr'><strong>ggidem</strong></span> <span class='ocrx_word' id='word_1_634' title='bbox 722 5312 810 5366; x_wconf 90' lang='lat' dir='ltr'><strong>die</strong></span> <span class='ocrx_word' id='word_1_635' title='bbox 857 5323 1070 5369; x_wconf 87' lang='lat' dir='ltr'><strong>notatur</strong></span> <span class='ocrx_word' id='word_1_636' title='bbox 1114 5316 1214 5369; x_wconf 83' lang='lat' dir='ltr'><strong>hoc</strong></span> <span class='ocrx_word' id='word_1_637' title='bbox 1261 5312 1455 5373; x_wconf 81' lang='lat' dir='ltr'><strong>festum</strong></span> <span class='ocrx_word' id='word_1_638' title='bbox 1490 5332 1613 5374; x_wconf 87' lang='lat' dir='ltr'><strong>cum</strong></span> <span class='ocrx_word' id='word_1_639' title='bbox 1648 5312 1964 5377; x_wconf 62' lang='lat' dir='ltr'><strong>sua&#39;Missa&#39;</strong></span> <span class='ocrx_word' id='word_1_640' title='bbox 1984 5325 2039 5379; x_wconf 90' lang='lat' dir='ltr'><strong>in</strong></span> 
     </span>
     <span class='ocr_line' id='line_1_100' title="bbox 545 5381 2039 5437; baseline 0.001 -2"><span class='ocrx_word' id='word_1_641' title='bbox 545 5396 709 5436; x_wconf 89' lang='lat' dir='ltr'><strong>cram.</strong></span> <span class='ocrx_word' id='word_1_642' title='bbox 746 5381 947 5437; x_wconf 84' lang='lat' dir='ltr'><strong>Gelasii</strong></span> <span class='ocrx_word' id='word_1_643' title='bbox 979 5384 1073 5437; x_wconf 89' lang='lat' dir='ltr'><strong>lib.</strong></span> <span class='ocrx_word' id='word_1_644' title='bbox 1108 5399 1167 5437; x_wconf 86' lang='grc' dir='ltr'>ιι.</span> <span class='ocrx_word' id='word_1_645' title='bbox 1200 5401 1256 5437; x_wconf 85' lang='grc' dir='ltr'>ιι.</span> <span class='ocrx_word' id='word_1_646' title='bbox 1282 5384 1370 5437; x_wconf 68' lang='grc'><strong>48.</strong></span> <span class='ocrx_word' id='word_1_647' title='bbox 1402 5396 1458 5437; x_wconf 88' lang='lat' dir='ltr'><strong>et</strong></span> <span class='ocrx_word' id='word_1_648' title='bbox 1484 5387 1534 5437; x_wconf 91' lang='lat' dir='ltr'><strong>in</strong></span> <span class='ocrx_word' id='word_1_649' title='bbox 1569 5388 1727 5437; x_wconf 82' lang='lat' dir='ltr'><strong>codd-</strong></span> <span class='ocrx_word' id='word_1_650' title='bbox 1756 5389 2039 5437; x_wconf 65' lang='lat' dir='ltr'><strong>armaria.</strong></span> 
     </span>
    </p>
   </div>
   <div class='ocr_carea' id='block_1_100' title="bbox 545 5381 2044 5452">
    <p class='ocr_par' dir='ltr' id='par_1_100' title="bbox 545 5381 2044 5452">
     <span class='ocr_line' id='line_1_101' title="bbox 545 5381 2044 5452; baseline 0.009 -17"><span class='ocrx_word' id='word_1_651' title='bbox 545 5396 709 5436; x_wconf 89' lang='lat' dir='ltr'><strong>cram.</strong></span> <span class='ocrx_word' id='word_1_652' title='bbox 746 5381 947 5437; x_wconf 85' lang='lat' dir='ltr'><strong>Gelasii</strong></span> <span class='ocrx_word' id='word_1_653' title='bbox 979 5384 1073 5441; x_wconf 89' lang='lat' dir='ltr'><strong>lib.</strong></span> <span class='ocrx_word' id='word_1_654' title='bbox 1108 5399 1167 5452; x_wconf 84' lang='grc' dir='ltr'>ιι,</span> <span class='ocrx_word' id='word_1_655' title='bbox 1200 5401 1256 5440; x_wconf 85' lang='grc' dir='ltr'>ιι.</span> <span class='ocrx_word' id='word_1_656' title='bbox 1282 5384 1370 5452; x_wconf 70' lang='grc'><strong>48,</strong></span> <span class='ocrx_word' id='word_1_657' title='bbox 1402 5396 1458 5443; x_wconf 91' lang='lat' dir='ltr'><strong>et</strong></span> <span class='ocrx_word' id='word_1_658' title='bbox 1484 5387 1534 5442; x_wconf 91' lang='lat' dir='ltr'><strong>in</strong></span> <span class='ocrx_word' id='word_1_659' title='bbox 1569 5388 1727 5445; x_wconf 89' lang='lat' dir='ltr'><strong>codd.</strong></span> <span class='ocrx_word' id='word_1_660' title='bbox 1756 5389 2044 5452; x_wconf 66' lang='lat' dir='ltr'><strong>Gregoria-</strong></span> 
     </span>
    </p>
   </div>
   <div class='ocr_carea' id='block_1_101' title="bbox 469 5452 2043 5533">
    <p class='ocr_par' dir='ltr' id='par_1_101' title="bbox 469 5452 2043 5533">
     <span class='ocr_line' id='line_1_102' title="bbox 469 5452 2043 5533; baseline 0.009 -28"><span class='ocrx_word' id='word_1_661' title='bbox 469 5452 572 5505; x_wconf 85' lang='lat' dir='ltr'><strong>nis.</strong></span> <span class='ocrx_word' id='word_1_662' title='bbox 610 5452 714 5506; x_wconf 87' lang='lat' dir='ltr'><strong>Alii</strong></span> <span class='ocrx_word' id='word_1_663' title='bbox 762 5452 1290 5533; x_wconf 46' lang='lat' dir='ltr'><strong>memoriter}!!er</strong></span> <span class='ocrx_word' id='word_1_664' title='bbox 1329 5459 1587 5533; x_wconf 69' lang='lat' dir='ltr'><strong>scriptum</strong></span> <span class='ocrx_word' id='word_1_665' title='bbox 1630 5452 2043 5533; x_wconf 12' lang='lat' dir='ltr'><strong>fuisseifgapiti</strong></span> 
     </span>
    </p>
   </div>
   <div class='ocr_carea' id='block_1_102' title="bbox 471 5522 2042 5603">
    <p class='ocr_par' dir='ltr' id='par_1_102' title="bbox 471 5522 2042 5603">
     <span class='ocr_line' id='line_1_103' title="bbox 471 5522 2042 5603; baseline 0.01 -28"><span class='ocrx_word' id='word_1_666' title='bbox 471 5536 675 5603; x_wconf 63' lang='lat' dir='ltr'><strong>nomen</strong></span> <span class='ocrx_word' id='word_1_667' title='bbox 693 5536 791 5591; x_wconf 87' lang='lat' dir='ltr'><strong>pro</strong></span> <span class='ocrx_word' id='word_1_668' title='bbox 812 5522 1235 5603; x_wconf 56' lang='lat' dir='ltr'><strong>HippolytiCSed</strong></span> <span class='ocrx_word' id='word_1_669' title='bbox 1255 5522 1477 5603; x_wconf 77' lang='lat' dir='ltr'><strong>duarum</strong></span> <span class='ocrx_word' id='word_1_670' title='bbox 1499 5522 1776 5587; x_wconf 76' lang='lat' dir='ltr'><strong>Missurum</strong></span> <span class='ocrx_word' id='word_1_671' title='bbox 1805 5532 1859 5588; x_wconf 90' lang='lat' dir='ltr'><strong>in</strong></span> <span class='ocrx_word' id='word_1_672' title='bbox 1882 5522 2042 5591; x_wconf 68' lang='lat' dir='ltr'><strong>unam</strong></span> 
     </span>
    </p>
   </div>
   <div class='ocr_carea' id='block_1_103' title="bbox 469 5592 2043 5717">
    <p class='ocr_par' dir='ltr' id='par_1_103' title="bbox 469 5592 2043 5717">
     <span class='ocr_line' id='line_1_104' title="bbox 469 5592 2043 5717; baseline 0.013 -76"><span class='ocrx_word' id='word_1_673' title='bbox 469 5592 714 5717; x_wconf 39' lang='lat' dir='ltr'><strong>mmsis:</strong></span> <span class='ocrx_word' id='word_1_674' title='bbox 762 5592 1197 5664; x_wconf 32' lang='lat' dir='ltr'><strong>apud‘nostrnm</strong></span> <span class='ocrx_word' id='word_1_675' title='bbox 1247 5598 1593 5657; x_wconf 86' lang='lat' dir='ltr'><strong>collectoretn</strong></span> <span class='ocrx_word' id='word_1_676' title='bbox 1641 5617 2043 5676; x_wconf 88' lang='lat' dir='ltr'><strong>nonnumquam</strong></span> 
     </span>
     <span class='ocr_line' id='line_1_105' title="bbox 571 5680 727 5716; baseline 0 0"><span class='ocrx_word' id='word_1_677' title='bbox 571 5680 600 5716; x_wconf 86' lang='grc' dir='ltr'>υ</span> <span class='ocrx_word' id='word_1_678' title='bbox 714 5703 727 5716; x_wconf 88' lang='lat'><strong>.</strong></span> 
     </span>
    </p>
   </div>
   <div class='ocr_carea' id='block_1_104' title="bbox 571 5680 727 5716">
    <p class='ocr_par' dir='ltr' id='par_1_104' title="bbox 571 5680 727 5716">
     <span class='ocr_line' id='line_1_106' title="bbox 571 5680 727 5716; baseline 0 0"><span class='ocrx_word' id='word_1_679' title='bbox 571 5680 727 5716; x_wconf 83' lang='grc' dir='ltr'>ιιιτιι.</span> 
     </span>
    </p>
   </div>
   <div class='ocr_carea' id='block_1_105' title="bbox 545 5732 2044 5806">
    <p class='ocr_par' dir='ltr' id='par_1_105' title="bbox 545 5732 2044 5806">
     <span class='ocr_line' id='line_1_107' title="bbox 545 5732 2044 5806; baseline 0.013 -18"><span class='ocrx_word' id='word_1_680' title='bbox 545 5743 566 5771; x_wconf 74' lang='grc' dir='ltr'><strong><em>ο</em></strong></span> <span class='ocrx_word' id='word_1_681' title='bbox 592 5732 703 5790; x_wconf 89' lang='lat' dir='ltr'><strong>Hoc</strong></span> <span class='ocrx_word' id='word_1_682' title='bbox 722 5734 810 5794; x_wconf 89' lang='lat' dir='ltr'><strong>die</strong></span> <span class='ocrx_word' id='word_1_683' title='bbox 830 5733 984 5793; x_wconf 80' lang='lat' dir='ltr'><strong>Missa</strong></span> <span class='ocrx_word' id='word_1_684' title='bbox 1009 5736 1107 5796; x_wconf 89' lang='lat' dir='ltr'><strong>SS.</strong></span> <span class='ocrx_word' id='word_1_685' title='bbox 1135 5737 1359 5797; x_wconf 76' lang='lat' dir='ltr'><strong>Adaucti</strong></span> <span class='ocrx_word' id='word_1_686' title='bbox 1378 5748 1432 5797; x_wconf 91' lang='lat' dir='ltr'><strong>et</strong></span> <span class='ocrx_word' id='word_1_687' title='bbox 1453 5740 1649 5800; x_wconf 79' lang='lat' dir='ltr'><strong>Felicis</strong></span> <span class='ocrx_word' id='word_1_688' title='bbox 1671 5743 1724 5803; x_wconf 92' lang='lat' dir='ltr'><strong>in</strong></span> <span class='ocrx_word' id='word_1_689' title='bbox 1746 5758 1858 5804; x_wconf 85' lang='lat' dir='ltr'><strong>mss</strong></span> <span class='ocrx_word' id='word_1_690' title='bbox 1907 5746 2044 5806; x_wconf 86' lang='lat' dir='ltr'><strong>Gre-</strong></span> 
     </span>
    </p>
   </div>
   <div class='ocr_carea' id='block_1_106' title="bbox 2152 4640 3735 4715">
    <p class='ocr_par' dir='ltr' id='par_1_106' title="bbox 2152 4640 3735 4715">
     <span class='ocr_line' id='line_1_108' title="bbox 2152 4640 3735 4715; baseline -0.004 -13"><span class='ocrx_word' id='word_1_691' title='bbox 2152 4646 2285 4715; x_wconf 91' lang='lat' dir='ltr'><strong>mit,</strong></span> <span class='ocrx_word' id='word_1_692' title='bbox 2313 4645 2593 4715; x_wconf 88' lang='lat' dir='ltr'><strong>impenso,</strong></span> <span class='ocrx_word' id='word_1_693' title='bbox 2623 4641 2945 4713; x_wconf 86' lang='lat' dir='ltr'><strong>obsequium</strong></span> <span class='ocrx_word' id='word_1_694' title='bbox 2982 4640 3185 4713; x_wconf 86' lang='lat' dir='ltr'><strong>proprii</strong></span> <span class='ocrx_word' id='word_1_695' title='bbox 3224 4641 3436 4696; x_wconf 85' lang='lat' dir='ltr'><strong>cruoris</strong></span> <span class='ocrx_word' id='word_1_696' title='bbox 3462 4641 3735 4697; x_wconf 82' lang='lat' dir='ltr'><strong>exhibuit.</strong></span> 
     </span>
    </p>
   </div>
   <div class='ocr_carea' id='block_1_107' title="bbox 2153 4738 3740 4905">
    <p class='ocr_par' dir='ltr' id='par_1_107' title="bbox 2153 4738 3740 4905">
     <span class='ocr_line' id='line_1_109' title="bbox 2153 4738 2410 4795; baseline -0.019 0"><span class='ocrx_word' id='word_1_697' title='bbox 2153 4738 2257 4795; x_wconf 85' lang='lat' dir='ltr'><strong>Per</strong></span> <span class='ocrx_word' id='word_1_698' title='bbox 2306 4747 2410 4792; x_wconf 88' lang='lat' dir='ltr'><strong>etc.</strong></span> 
     </span>
     <span class='ocr_line' id='line_1_110' title="bbox 2220 4778 3740 4905; baseline -0.008 -18"><span class='ocrx_word' id='word_1_699' title='bbox 2220 4778 2333 4903; x_wconf 66' lang='grc' dir='ltr'><strong>ές</strong></span> <span class='ocrx_word' id='word_1_700' title='bbox 2357 4828 2447 4886; x_wconf 91' lang='lat' dir='ltr'><strong>Vl.</strong></span> <span class='ocrx_word' id='word_1_701' title='bbox 2476 4828 2610 4884; x_wconf 68' lang='lat' dir='ltr'><strong>item</strong></span> <span class='ocrx_word' id='word_1_702' title='bbox 2637 4828 2766 4885; x_wconf 84' lang='lat' dir='ltr'><strong>alia.</strong></span> <span class='ocrx_word' id='word_1_703' title='bbox 2788 4856 2858 4869; x_wconf 88' lang='lat'><strong>—</strong></span> <span class='ocrx_word' id='word_1_704' title='bbox 2883 4835 2907 4876; x_wconf 79' lang='grc' dir='ltr'><strong><em>Β</em></strong></span> <span class='ocrx_word' id='word_1_705' title='bbox 2936 4826 3252 4885; x_wconf 89' lang='lat' dir='ltr'><strong>Sanctorum</strong></span> <span class='ocrx_word' id='word_1_706' title='bbox 3298 4832 3512 4905; x_wconf 80' lang='lat' dir='ltr'><strong>tuorum</strong></span> <span class='ocrx_word' id='word_1_707' title='bbox 3544 4826 3704 4880; x_wconf 87' lang='lat' dir='ltr'><strong>nobis</strong></span> <span class='ocrx_word' id='word_1_708' title='bbox 3726 4865 3740 4889; x_wconf 86' lang='lat'><strong>,</strong></span> 
     </span>
    </p>
   </div>
   <div class='ocr_carea' id='block_1_108' title="bbox 2151 4962 3742 5095">
    <p class='ocr_par' dir='ltr' id='par_1_108' title="bbox 2151 4962 3742 5095">
     <span class='ocr_line' id='line_1_111' title="bbox 2151 4962 3742 5095; baseline -0.006 -68"><span class='ocrx_word' id='word_1_709' title='bbox 2151 4968 2627 5095; x_wconf 50' lang='lat' dir='ltr'><strong>goriarltlisblegitnr.</strong></span> <span class='ocrx_word' id='word_1_710' title='bbox 2667 4965 2793 5024; x_wconf 89' lang='lat' dir='ltr'><strong>Sola</strong></span> <span class='ocrx_word' id='word_1_711' title='bbox 2831 4966 3002 5037; x_wconf 89' lang='lat' dir='ltr'><strong>prima</strong></span> <span class='ocrx_word' id='word_1_712' title='bbox 3037 4963 3194 5021; x_wconf 78' lang='lat' dir='ltr'><strong>Missa</strong></span> <span class='ocrx_word' id='word_1_713' title='bbox 3225 4962 3499 5035; x_wconf 89' lang='lat' dir='ltr'><strong>propriam</strong></span> <span class='ocrx_word' id='word_1_714' title='bbox 3537 4964 3742 5021; x_wconf 72' lang='lat' dir='ltr'><strong>oratio-</strong></span> 
     </span>
     <span class='ocr_line' id='line_1_112' title="bbox 2156 5048 2490 5095; baseline -0.006 0"><span class='ocrx_word' id='word_1_715' title='bbox 2156 5058 2279 5095; x_wconf 90' lang='lat' dir='ltr'><strong>nem</strong></span> <span class='ocrx_word' id='word_1_716' title='bbox 2348 5056 2375 5095; x_wconf 90' lang='lat' dir='ltr'><strong>a</strong></span> <span class='ocrx_word' id='word_1_717' title='bbox 2418 5048 2490 5095; x_wconf 73' lang='grc' dir='ltr'><strong>ει.</strong></span> 
     </span>
    </p>
   </div>
   <div class='ocr_carea' id='block_1_109' title="bbox 2156 5048 2490 5098">
    <p class='ocr_par' dir='ltr' id='par_1_109' title="bbox 2156 5048 2490 5098">
     <span class='ocr_line' id='line_1_113' title="bbox 2156 5048 2490 5098; baseline -0.015 0"><span class='ocrx_word' id='word_1_718' title='bbox 2156 5058 2279 5098; x_wconf 90' lang='lat' dir='ltr'><strong>nem</strong></span> <span class='ocrx_word' id='word_1_719' title='bbox 2310 5048 2490 5095; x_wconf 86' lang='lat' dir='ltr'><strong>habet.</strong></span> 
     </span>
    </p>
   </div>
   <div class='ocr_carea' id='block_1_110' title="bbox 2222 5102 3748 5179">
    <p class='ocr_par' dir='ltr' id='par_1_110' title="bbox 2222 5102 3748 5179">
     <span class='ocr_line' id='line_1_114' title="bbox 2222 5102 3748 5179; baseline -0.004 -12"><span class='ocrx_word' id='word_1_720' title='bbox 2222 5111 2250 5151; x_wconf 73' lang='grc' dir='ltr'><strong><em>ἀ</em></strong></span> <span class='ocrx_word' id='word_1_721' title='bbox 2272 5113 2362 5169; x_wconf 87' lang='lat' dir='ltr'><strong>Sic</strong></span> <span class='ocrx_word' id='word_1_722' title='bbox 2386 5109 2542 5166; x_wconf 89' lang='lat' dir='ltr'><strong>codd.</strong></span> <span class='ocrx_word' id='word_1_723' title='bbox 2567 5108 2791 5179; x_wconf 85' lang='lat' dir='ltr'><strong>Gregor.</strong></span> <span class='ocrx_word' id='word_1_724' title='bbox 2832 5117 2886 5164; x_wconf 89' lang='lat' dir='ltr'><strong>et</strong></span> <span class='ocrx_word' id='word_1_725' title='bbox 2928 5105 3141 5179; x_wconf 4' lang='lat' dir='ltr'><strong>Miissale</strong></span> <span class='ocrx_word' id='word_1_726' title='bbox 3168 5104 3324 5179; x_wconf 71' lang='lat' dir='ltr'><strong>liam.</strong></span> <span class='ocrx_word' id='word_1_727' title='bbox 3355 5102 3409 5160; x_wconf 92' lang='lat' dir='ltr'><strong>in</strong></span> <span class='ocrx_word' id='word_1_728' title='bbox 3436 5102 3623 5177; x_wconf 82' lang='lat' dir='ltr'><strong>Natali</strong></span> <span class='ocrx_word' id='word_1_729' title='bbox 3651 5121 3748 5163; x_wconf 54' lang='lat' dir='ltr'><strong>eo.</strong></span> 
     </span>
    </p>
   </div>
   <div class='ocr_carea' id='block_1_111' title="bbox 2149 5174 3678 5260">
    <p class='ocr_par' dir='ltr' id='par_1_111' title="bbox 2149 5174 3678 5260">
     <span class='ocr_line' id='line_1_115' title="bbox 2149 5174 3678 5260; baseline -0.009 -21"><span class='ocrx_word' id='word_1_730' title='bbox 2149 5182 2396 5260; x_wconf 61' lang='lat' dir='ltr'><strong>rumdem</strong></span> <span class='ocrx_word' id='word_1_731' title='bbox 2426 5174 2719 5260; x_wconf 57' lang='lat' dir='ltr'><strong>martyrum</strong></span> <span class='ocrx_word' id='word_1_732' title='bbox 2748 5178 2933 5260; x_wconf 35' lang='lat' dir='ltr'><strong>die-50</strong></span> <span class='ocrx_word' id='word_1_733' title='bbox 2957 5174 3202 5260; x_wconf 78' lang='lat' dir='ltr'><strong>AuguStl.</strong></span> <span class='ocrx_word' id='word_1_734' title='bbox 3554 5174 3557 5177; x_wconf 85' lang='grc'><em>’</em></span> <span class='ocrx_word' id='word_1_735' title='bbox 3664 5247 3678 5260; x_wconf 74' lang='lat'><em>_</em></span> 
     </span>
    </p>
   </div>
   <div class='ocr_carea' id='block_1_112' title="bbox 2222 5248 3750 5308">
    <p class='ocr_par' dir='ltr' id='par_1_112' title="bbox 2222 5248 3750 5308">
     <span class='ocr_line' id='line_1_116' title="bbox 2222 5248 3750 5308; baseline -0.003 0"><span class='ocrx_word' id='word_1_736' title='bbox 2222 5264 2245 5292; x_wconf 76' lang='grc' dir='ltr'><strong>ο</strong></span> <span class='ocrx_word' id='word_1_737' title='bbox 2278 5253 2465 5308; x_wconf 78' lang='lat' dir='ltr'><strong>Exstat</strong></span> <span class='ocrx_word' id='word_1_738' title='bbox 2494 5252 2545 5306; x_wconf 89' lang='lat' dir='ltr'><strong>in</strong></span> <span class='ocrx_word' id='word_1_739' title='bbox 2568 5248 2785 5307; x_wconf 66' lang='lat' dir='ltr'><strong>&#39;Missali</strong></span> <span class='ocrx_word' id='word_1_740' title='bbox 2834 5250 2989 5305; x_wconf 81' lang='lat' dir='ltr'><strong>item.</strong></span> <span class='ocrx_word' id='word_1_741' title='bbox 3029 5248 3171 5304; x_wconf 87' lang='lat' dir='ltr'><strong>inter</strong></span> <span class='ocrx_word' id='word_1_742' title='bbox 3213 5260 3531 5305; x_wconf 79' lang='lat' dir='ltr'><strong>communes</strong></span> <span class='ocrx_word' id='word_1_743' title='bbox 3578 5248 3750 5305; x_wconf 90' lang='lat' dir='ltr'><strong>unius</strong></span> 
     </span>
    </p>
   </div>
   <div class='ocr_carea' id='block_1_113' title="bbox 2146 5321 2913 5391">
    <p class='ocr_par' dir='ltr' id='par_1_113' title="bbox 2146 5321 2913 5391">
     <span class='ocr_line' id='line_1_117' title="bbox 2146 5321 2913 5391; baseline -0.01 -10"><span class='ocrx_word' id='word_1_744' title='bbox 2146 5322 2471 5381; x_wconf 88' lang='lat' dir='ltr'><strong>confessoris</strong></span> <span class='ocrx_word' id='word_1_745' title='bbox 2500 5337 2604 5377; x_wconf 90' lang='lat' dir='ltr'><strong>non</strong></span> <span class='ocrx_word' id='word_1_746' title='bbox 2627 5321 2913 5391; x_wconf 87' lang='lat' dir='ltr'><strong>pontiﬁcis.</strong></span> 
     </span>
    </p>
   </div>
   <div class='ocr_carea' id='block_1_114' title="bbox 2226 5388 3756 5467">
    <p class='ocr_par' dir='ltr' id='par_1_114' title="bbox 2226 5388 3756 5467">
     <span class='ocr_line' id='line_1_118' title="bbox 2226 5388 3756 5467; baseline 0 -20"><span class='ocrx_word' id='word_1_747' title='bbox 2226 5396 2247 5436; x_wconf 77' lang='grc' dir='ltr'>ί</span> <span class='ocrx_word' id='word_1_748' title='bbox 2280 5391 2564 5467; x_wconf 69' lang='lat' dir='ltr'><strong>Orationis</strong></span> <span class='ocrx_word' id='word_1_749' title='bbox 2585 5388 2742 5467; x_wconf 62' lang='lat' dir='ltr'><strong>liuius</strong></span> <span class='ocrx_word' id='word_1_750' title='bbox 2776 5392 3296 5467; x_wconf 60' lang='lat' dir='ltr'><strong>lrequensestusns</strong></span> <span class='ocrx_word' id='word_1_751' title='bbox 3333 5388 3389 5467; x_wconf 67' lang='lat' dir='ltr'><strong>in</strong></span> <span class='ocrx_word' id='word_1_752' title='bbox 3421 5401 3561 5467; x_wconf 75' lang='lat' dir='ltr'><strong>mss.</strong></span> <span class='ocrx_word' id='word_1_753' title='bbox 3613 5388 3756 5447; x_wconf 84' lang='lat' dir='ltr'><strong>Gre-</strong></span> 
     </span>
    </p>
   </div>
   <div class='ocr_carea' id='block_1_115' title="bbox 2144 5456 3755 5537">
    <p class='ocr_par' dir='ltr' id='par_1_115' title="bbox 2144 5456 3755 5537">
     <span class='ocr_line' id='line_1_119' title="bbox 2144 5456 3755 5537; baseline -0.003 -16"><span class='ocrx_word' id='word_1_754' title='bbox 2144 5479 2266 5537; x_wconf 82' lang='lat' dir='ltr'><strong>gor.</strong></span> <span class='ocrx_word' id='word_1_755' title='bbox 2296 5463 2567 5537; x_wconf 70' lang='lat' dir='ltr'><strong>Muratorii</strong></span> <span class='ocrx_word' id='word_1_756' title='bbox 2591 5456 2677 5537; x_wconf 71' lang='lat' dir='ltr'><strong>die</strong></span> <span class='ocrx_word' id='word_1_757' title='bbox 2696 5456 2978 5537; x_wconf 66' lang='lat' dir='ltr'><strong>8_Aqg&#39;usti</strong></span> <span class='ocrx_word' id='word_1_758' title='bbox 3002 5456 3175 5516; x_wconf 84' lang='lat' dir='ltr'><strong>Natali</strong></span> <span class='ocrx_word' id='word_1_759' title='bbox 3197 5457 3295 5537; x_wconf 62' lang='grc' dir='ltr'><strong>εξ.</strong></span> <span class='ocrx_word' id='word_1_760' title='bbox 3327 5456 3538 5537; x_wconf 54' lang='lat' dir='ltr'><strong>{Syriaci</strong></span> <span class='ocrx_word' id='word_1_761' title='bbox 3570 5470 3633 5537; x_wconf 90' lang='lat' dir='ltr'><strong>e_t</strong></span> <span class='ocrx_word' id='word_1_762' title='bbox 3661 5475 3755 5516; x_wconf 89' lang='lat' dir='ltr'><strong>so-</strong></span> 
     </span>
    </p>
   </div>
   <div class='ocr_carea' id='block_1_116' title="bbox 2146 5528 3754 5603">
    <p class='ocr_par' dir='ltr' id='par_1_116' title="bbox 2146 5528 3754 5603">
     <span class='ocr_line' id='line_1_120' title="bbox 2146 5528 3754 5603; baseline -0.002 -12"><span class='ocrx_word' id='word_1_763' title='bbox 2146 5528 2375 5600; x_wconf 69' lang='lat' dir='ltr'><strong>ciorum,</strong></span> <span class='ocrx_word' id='word_1_764' title='bbox 2404 5532 2474 5588; x_wconf 72' lang='lat'><strong>28</strong></span> <span class='ocrx_word' id='word_1_765' title='bbox 2503 5532 2700 5603; x_wconf 84' lang='lat' dir='ltr'><strong>Aprilis</strong></span> <span class='ocrx_word' id='word_1_766' title='bbox 2728 5532 2785 5603; x_wconf 80' lang='lat' dir='ltr'><strong>S.</strong></span> <span class='ocrx_word' id='word_1_767' title='bbox 2819 5528 3006 5587; x_wconf 79' lang='lat' dir='ltr'><strong>Vital‘is</strong></span> <span class='ocrx_word' id='word_1_768' title='bbox 3027 5574 3041 5597; x_wconf 96' lang='lat'><strong>,</strong></span> <span class='ocrx_word' id='word_1_769' title='bbox 3075 5541 3178 5586; x_wconf 91' lang='lat' dir='ltr'><strong>etc.</strong></span> <span class='ocrx_word' id='word_1_770' title='bbox 3228 5529 3287 5586; x_wconf 87' lang='lat' dir='ltr'><strong>In</strong></span> <span class='ocrx_word' id='word_1_771' title='bbox 3333 5528 3535 5603; x_wconf 78' lang='lat' dir='ltr'><strong>Missali</strong></span> <span class='ocrx_word' id='word_1_772' title='bbox 3580 5531 3754 5590; x_wconf 80' lang='lat' dir='ltr'><strong>Rom.</strong></span> 
     </span>
    </p>
   </div>
   <div class='ocr_carea' id='block_1_117' title="bbox 2147 5600 3519 5673">
    <p class='ocr_par' dir='ltr' id='par_1_117' title="bbox 2147 5600 3519 5673">
     <span class='ocr_line' id='line_1_121' title="bbox 2147 5600 3519 5673; baseline -0.007 -9"><span class='ocrx_word' id='word_1_773' title='bbox 2147 5616 2231 5664; x_wconf 84' lang='lat' dir='ltr'><strong>est</strong></span> <span class='ocrx_word' id='word_1_774' title='bbox 2253 5610 2394 5663; x_wconf 89' lang='lat' dir='ltr'><strong>inter</strong></span> <span class='ocrx_word' id='word_1_775' title='bbox 2418 5600 2730 5673; x_wconf 81' lang='lat' dir='ltr'><strong>communes</strong></span> <span class='ocrx_word' id='word_1_776' title='bbox 2757 5602 2825 5659; x_wconf 92' lang='lat' dir='ltr'><strong>de</strong></span> <span class='ocrx_word' id='word_1_777' title='bbox 2854 5612 3090 5673; x_wconf 78' lang='lat' dir='ltr'><strong>martyre</strong></span> <span class='ocrx_word' id='word_1_778' title='bbox 3111 5617 3215 5673; x_wconf 89' lang='lat' dir='ltr'><strong>non</strong></span> <span class='ocrx_word' id='word_1_779' title='bbox 3245 5600 3519 5673; x_wconf 77' lang='lat' dir='ltr'><strong>pontiﬁce.</strong></span> 
     </span>
    </p>
   </div>
   <div class='ocr_carea' id='block_1_118' title="bbox 2220 5671 3755 5755">
    <p class='ocr_par' dir='ltr' id='par_1_118' title="bbox 2220 5671 3755 5755">
     <span class='ocr_line' id='line_1_122' title="bbox 2220 5671 3755 5755; baseline 0.001 -29"><span class='ocrx_word' id='word_1_780' title='bbox 2220 5686 2245 5726; x_wconf 87' lang='lat' dir='ltr'><strong>s</strong></span> <span class='ocrx_word' id='word_1_781' title='bbox 2278 5675 2374 5732; x_wconf 85' lang='lat' dir='ltr'><strong>Est</strong></span> <span class='ocrx_word' id='word_1_782' title='bbox 2415 5677 2490 5755; x_wconf 34' lang='lat' dir='ltr'><strong>in“</strong></span> <span class='ocrx_word' id='word_1_783' title='bbox 2505 5672 2859 5755; x_wconf 42' lang='lat' dir='ltr'><strong>codd..Greg.</strong></span> <span class='ocrx_word' id='word_1_784' title='bbox 2905 5683 2960 5729; x_wconf 93' lang='lat' dir='ltr'><strong>et</strong></span> <span class='ocrx_word' id='word_1_785' title='bbox 2985 5671 3050 5755; x_wconf 70' lang='lat' dir='ltr'><strong>in</strong></span> <span class='ocrx_word' id='word_1_786' title='bbox 3089 5671 3484 5755; x_wconf 50' lang='lat' dir='ltr'><strong>biissalinlioin.</strong></span> <span class='ocrx_word' id='word_1_787' title='bbox 3519 5672 3755 5755; x_wconf 41' lang='lat' dir='ltr'><strong>diemSS.</strong></span> 
     </span>
    </p>
   </div>
   <div class='ocr_carea' id='block_1_119' title="bbox 2148 5734 3761 5815">
    <p class='ocr_par' dir='ltr' id='par_1_119' title="bbox 2148 5734 3761 5815">
     <span class='ocr_line' id='line_1_123' title="bbox 2148 5734 3761 5815; baseline 0.001 -11"><span class='ocrx_word' id='word_1_788' title='bbox 2148 5745 2357 5805; x_wconf 69' lang='lat' dir='ltr'><strong>Cosmus</strong></span> <span class='ocrx_word' id='word_1_789' title='bbox 2379 5753 2433 5804; x_wconf 90' lang='lat' dir='ltr'><strong>et</strong></span> <span class='ocrx_word' id='word_1_790' title='bbox 2456 5734 2713 5815; x_wconf 85' lang='lat' dir='ltr'><strong>Damiani,</strong></span> <span class='ocrx_word' id='word_1_791' title='bbox 2740 5734 2874 5802; x_wconf 69' lang='lat' dir='ltr'><strong>acin</strong></span> <span class='ocrx_word' id='word_1_792' title='bbox 2900 5744 3090 5802; x_wconf 87' lang='lat' dir='ltr'><strong>eodem</strong></span> <span class='ocrx_word' id='word_1_793' title='bbox 3112 5736 3314 5803; x_wconf 80' lang='lat' dir='ltr'><strong>Missali</strong></span> <span class='ocrx_word' id='word_1_794' title='bbox 3337 5751 3559 5812; x_wconf 85' lang='lat' dir='ltr'><strong>aptatur</strong></span> <span class='ocrx_word' id='word_1_795' title='bbox 3586 5734 3761 5805; x_wconf 67' lang='lat' dir='ltr'><strong>eliam</strong></span> 
     </span>
    </p>
   </div>
  </div>
