4018 6314
235 349 332 408 lOI

1052 338 1253 399 LIBER
1291 331 1905 397 SACRAMENTORUM
1947 332 2302 393 ECCLESI/E
2339 328 2675 393 ROMANE.

3391 323 3496 390 Ill!

232 459 476 525 Domine,
502 459 587 530 pia
616 472 723 514 non
749 457 1106 521 desit-oratio,
1139 469 1259 526 quae
1288 463 1343 510 et
1371 467 1593 508 munera
1621 461 1805 508 nostra
1832 460 1888 519 Α
1910 460 1971 508 ut
1993 467 2115 510 eum
2137 467 2245 508 non
2268 453 2438 507 solum
2458 451 2632 508 virilis
2660 463 2818 507 sexus
2843 456 3058 504 tuorum
3085 447 3340 518 deinceps
3361 448 3496 506 fide-

229 551 511 619 eonciliet,
540 560 597 607 et
633 561 776 610 tuam
804 551 958 606 nobis
1000 546 1384 618 indulgentiam
1411 559 1630 617 semper
1665 544 1811 600 obti-

232 657 372 703 neat.
407 647 527 712 Per,
557 654 664 701 etc.

304 738 438 793 Vere
463 737 708 807 dignum.
735 735 839 804 Qui
865 734 1120 790 Ecclesia:
1148 741 1253 790 tate
1271 773 1287 800 ,
1315 739 1430 787 toto
1454 730 1587 786 orbe
1612 743 1812 800 propa-

229 829 451 901 gandae,
479 843 591 884 non
630 828 803 883 solum
845 825 924 882 tui
965 823 1236 894 Unigenlti
1265 821 1566 892 passionem
1607 819 1809 889 sempi-

228 932 379 979 terna
412 921 749 992 providentia
769 917 1065 983 contulisti,
1090 916 1184 972 sed
1210 914 1276 970 ad
1296 913 1557 984 majorem
1587 912 1813 982 gloriam

227 1013 610 1071 conferendam
643 1018 1089 1068 mutuas‘mortes
1119 1007 1212 1062 tibi
1239 1004 1552 1076 impendere
1575 1003 1816 1073 pretiosa

228 1107 515 1162 devotione
545 1105 802 1160 tribuisti.
836 1102 961 1170 Per,
991 1111 1096 1157 etc.

300 1209 328 1236 λ
359 1198 578 1263 Votiva,
611 1196 858 1264 Domine,
887 1193 1028 1249 dona
1056 1190 1400 1264 percepimus
1421 1229 1436 1255 ,
1457 1200 1578 1256 quae
1607 1192 1821 1240 saneto-

225 1302 345 1342 rum
372 1289 528 1343 nobis
569 1287 822 1357 precibus
849 1294 906 1341 et
941 1284 1258 1355 prasentis,
1287 1291 1632 1351 quaesumus,
1665 1277 1816 1344 vitae,

227 1379 432 1449 pariter
451 1389 508 1435 et
525 1377 941 1433 aeternae'tribne
955 1375 1207 1431 conferre
1220 1372 1549 1442 praesidium.
1569 1369 1692 1437 Per,
1709 1376 1812 1423 etc.

301 1472 416 1526 illi.
451 1469 592 1523 Item
621 1470 748 1523 alia.
781 1496 854 1509 -—
879 1467 1102 1531 Adesto,
1127 1464 1372 1527 Domine,
1395 1461 1592 1532 populo
1620 1468 1735 1524 tuo,
1761 1465 1816 1513 et

229 1562 475 1619 concede
506 1561 933 1617 misericordiam
963 1568 1104 1613 tuam
1128 1572 1247 1612 cum
1269 1564 1572 1610 sanctorum
1600 1561 1814 1605 tuorum

233 1654 552 1725 patrociniis
574 1651 914 1722 supplicanti,
941 1661 1000 1704 ut
1025 1650 1252 1717 quia'tua
1271 1645 1655 1716 gubernatione
1680 1657 1812 1698 con-

231 1749 376 1814 lidit,
421 1747 583 1801 nullis
611 1739 1406 1810 adversitatibus-opprimatur.
1442 1739 1563 1807 Per,
1595 1747 1701 1794 etc.

1914 549 2045 605 lium
2097 547 2436 618 subjugaret,
2481 547 2575 602 sed
2622 547 2785 602 etiam
2834 545 3067 600 feminea
3106 551 3385 613 superaret
3411 545 3498 600 itt-

1913 641 2173 705 ﬂrrnitas,
2223 649 2278 695 et
2324 653 2446 708 quae
2493 648 2574 693 est
2615 639 2672 693 in
2721 655 2816 696 sua
2867 638 3178 694 conditione
3224 638 3495 710 fragilior,

1911 733 2231 790 substantia:
2257 731 2515 802 spiritalis
2543 730 2758 787 inimico
2796 731 2986 788 fortior
3011 729 3361 797 redderetur;
3403 731 3500 787 de-

1913 827 2326 898 ceptionemque
2355 825 2483 880 Eva
2503 825 2690 878 matris
2710 824 2989 893 ulciscens,
3018 825 3086 882 de
3107 825 3261 882 hoste
3285 825 3499 897 generis

1913 919 2155 986 humani,
2179 918 2268 990 qui
2287 918 2490 972 aditum
2516 931 2610 986 per
2627 915 2775 970 illam
2797 918 2983 972 mortis
3000 918 3298 986 invenerat,
3320 918 3500 973 trium-

1915 1013 2137 1082 pharet;
2175 1026 2308 1082 quas
2352 1009 2641 1065 ineﬁ'abilis
2683 1008 2865 1079 gloriae
2903 1017 3008 1064 tute
3033 1011 3177 1067 vices
3213 1012 3269 1066 in
3299 1019 3500 1066 sanctae

1917 1103 2169 1175 martyris
2199 1101 2511 1172 Euphemire
2542 1100 2792 1170 passione
2822 1097 2840 1137 ί
2871 1110 3205 1156 venerantes.
3233 1101 3359 1166 Per,
3390 1113 3496 1158 etc.

1993 1194 2214 1264 Accipe,
2245 1193 2500 1257 Domine,
2534 1203 2859 1262 quassumus,
2893 1198 3094 1246 nostra:
3123 1193 3392 1247 servitutis
3420 1193 3481 1248 of

1919 1285 2068 1353 licia,
2101 1296 2188 1353 ut,
2229 1284 2642 1356 suffragantibus
2683 1283 2909 1351 sanctis,
2954 1283 3098 1355 quod
3136 1283 3203 1339 ad
3243 1285 3500 1342 honorent

1919 1384 2026 1431 tua:
2051 1377 2347 1446 maiestatis
2373 1376 2668 1445 offerimus,
2703 1384 3018 1446 perpetuam
3043 1375 3200 1432 nobis
3227 1375 3506 1432 conferant

1916 1467 2102 1523 vitam.
2134 1467 2255 1532 Per,
2281 1477 2387 1524 etc.

1987 1559 2262 1631 Perccptis
2282 1604 2295 1628 ,
2333 1560 2562 1616 Domine
2583 1603 2596 1626 ,
2629 1559 2940 1617 caelestibus
2969 1562 3349 1625 sacramentis,
3383 1576 3506 1633 gra-

1915 1651 2018 1707 tias
2047 1652 2254 1722 agimus
2285 1653 2373 1723 pio
2400 1653 2603 1708 nomini
2635 1661 2726 1708 tuo
2754 1653 2842 1724 qui
2867 1663 2922 1709 et
2950 1661 3257 1708 sanctorum
3290 1663 3502 1709 tuorum

1918 1760 2017 1800 nos
2042 1745 2254 1801 assidua
2282 1746 2570 1802 festivitate
2590 1747 2888 1814 comitaris,
2909 1754 2964 1802 et
2981 1745 3165 1802 divino
3183 1761 3405 1802 munere
3430 1747 3505 1801 vi-

299 1838 328 1876 δ
363 1837 501 1892 Vere
529 1836 770 1905 dignum.
799 1833 938 1888 Ecce
966 1832 1132 1900 enim,
1159 1832 1295 1887 sicut
1313 1845 1468 1887 sacer
1484 1847 1663 1887 sermo
1687 1846 1815 1903 pro-
1844 1843 1890 1906 Β
1921 1838 2140 1894 vilicare
2166 1853 2274 1893 non
2300 1837 2520 1894 desinis.
2556 1837 2679 1904 Per,
2712 1848 2818 1894 etc.

224 1930 464 1994 nuntiat,
494 1929 719 2000 pretiosa
745 1937 818 1982 est
840 1928 891 1979 in
920 1935 1189 1997 conspectu
1214 1924 1423 1981 Domini
1450 1941 1586 1979 mors
1615 1935 1818 1980 sancto-

222 2039 341 2076 rum
375 2025 509 2092 ejus.
535 2020 645 2075 Nec
668 2027 845 2089 potest
866 2019 1139 2074 ullatenus
1169 2018 1449 2088 explicari,
1483 2019 1672 2088 quibus
1701 2034 1818 2073 mo-

223 2113 308 2167 dis
366 2112 486 2165 ltzec
537 2108 840 2164 interfectio
887 2109 1118 2179 gloriosa
1166 2117 1446 2178 pensetur.
1517 2109 1819 2164 Moriuntur

223 2201 424 2271 abiecti
445 2242 459 2265 ,
491 2209 545 2255 et
575 2200 722 2254 orbis
754 2209 1016 2254 terrarum
1046 2198 1268 2268 capiunt
1299 2199 1676 2268 principatum.
1709 2198 1822 2254 Ilo-

225 2299 444 2352 riuntur
489 2294 778 2350 mundanae
821 2292 1140 2354 eruditionis
1169 2294 1372 2363 ignari,
1415 2301 1470 2350 et
1500 2303 1696 2349 exeunt
1725 2291 1822 2348 do-

225 2391 418 2445 ctrinae
435 2387 675 2443 cmlestis
693 2396 965 2442 auctores.
987 2386 1286 2442 Moriuntur
1307 2395 1551 2456 captores
1569 2385 1818 2454 piscium,

231 2491 281 2537 et
313 2480 633 2536 efliciuntur
664 2479 940 2534 hominum
987 2479 1300 2548 piscatores.
1339 2479 1636 2534 Moriuntur
1677 2478 1820 2534 soliti

233 2575 400 2630 maria
429 2573 755 2643 perscrutari
785 2573 1073 2627 mediocris
1099 2573 1232 2628 artis
1259 2572 1469 2636 officio,
1502 2580 1556 2628 et
1586 2570 1817 2627 reddun-

238 2679 316 2722 tur
347 2667 535 2722 saeculi
566 2666 962 2723 examinatores
988 2675 1042 2721 et
1064 2665 1294 2736 iudices.
1325 2666 1390 2720 Et
1415 2665 1536 2721 ideo
1575 2679 1695 2720 cum
1728 2677 1820 2719 an-

239 2763 384 2831 gelis,
416 2772 526 2817 etc.

940 2829 1127 2884 XXIV.

692 2921 920 2980 IIENSE
957 2921 1366 2978 SEPTEIIBRI.

629 3025 652 3054 ⁸
682 3029 810 3069 XVIII
849 3029 1121 3070 IALENDAS
1159 3028 1435 3070 οστοιιιδ.

450 3107 632 3162 Natale
669 3115 965 3162 sanctorum
1002 3104 1229 3159 Cornelii
1267 3113 1313 3158 et
1352 3103 1624 3172 Cypriani.

1992 1931 2221 1999 Respice
2250 1929 2537 2000 propitius,
2565 1929 2807 1998 Domine,
2838 1928 2905 1984 ad
2930 1927 3166 1984 debitam
3191 1927 3282 1983 tibi
3308 1929 3380 1983 tui
3413 1943 3508 1998 po-

1919 2022 2032 2093 puli
2060 2025 2376 2077 servitutem
2397 2064 2412 2089 ,
2444 2030 2500 2075 ut
2530 2021 2668 2076 inter
2701 2022 2949 2076 humana:
2979 2019 3277 2091 fragilitatis
3307 2021 3508 2076 incerta

1920 2115 2084 2170 nullis
2124 2113 2542 2170 adversitatibus
2578 2115 2933 2186 Opprimatur,
2967 2115 3059 2185 qui
3103 2115 3170 2170 de
3199 2123 3286 2169 tua
3331 2122 3510 2185 prote-

1921 2207 2100 2262 aionc
2125 2205 2364 2260 conlidit.
2395 2204 2519 2275 Per,
2549 2215 2652 2261 etc.

1993 2299 2018 2352 I
2029 2308 2127 2352 lem
2144 2298 2267 2351 alia.
2282 2328 2352 2339 —
2367 2308 2391 2346 κ
2414 2298 2695 2354 Beatorum
2715 2307 3033 2370 martyrum,
3053 2296 3357 2370 pariterque
3377 2313 3479 2369 pon

1921 2390 2124 2446 tilicum
2143 2390 2380 2446 Cornelii
2401 2401 2454 2447 et
2475 2391 2726 2462 Cypriani
2754 2405 2872 2457 nos,
2904 2390 3150 2459 Domine,
3180 2405 3510 2462 quaesumus,

1921 2485 2059 2543 festa
2105 2496 2390 2555 tueantur,
2433 2497 2487 2542 et
2524 2501 2710 2542 eorum
2764 2485 3104 2542 commendet
3144 2485 3314 2539 oratio
3353 2497 3512 2538 vcuc-

1923 2580 2089 2636 randa
2122 2590 2281 2651 atque
2303 2580 2560 2637 laetificet.
2594 2579 2718 2645 Per,
2750 2591 2854 2635 etc.

1995 2671 2172 2726 Plebis
2213 2679 2346 2738 tuae,
2381 2671 2642 2738 Domine,
2690 2685 2911 2726 munera
2956 2669 3219 2740 benignus
3261 2666 3510 2734 intends,

1922 2777 2043 2834 quae
2071 2764 2337 2832 maiestati
2369 2772 2470 2818 tum
2494 2778 2591 2833 pro
2615 2773 2923 2818 sanctorum
2952 2771 3248 2833 martyrum
3277 2760 3512 2817 Cornelii

1922 2863 1977 2910 et
1999 2853 2252 2924 Cypriani
2280 2855 2714 2910 solemnitatibus
2736 2866 2859 2909 sunt
2882 2854 3077 2910 dicata.
3111 2854 3235 2919 Per,
3260 2863 3366 2908 etc.

1998 2942 2026 2980 ιι
2057 2944 2194 2999 Vere
2237 2945 2478 3014 dignum.
2527 2943 2805 3016 Tuamque
2851 2946 2904 2999 In
2953 2945 3153 2999 sanctis
3194 2945 3516 3014 martyribus

1927 3034 2183 3089 Cornelio
2211 3035 2370 3088 simul
2399 3036 2561 3088 etiam
2588 3035 2883 3104 Cypriane,
2919 3034 3213 3104 prmdicare
3243 3032 3516 3102 virtutem,

1931 3140 2067 3194 quos
2096 3123 2341 3179 discretis
2365 3135 2627 3179 terrarum
2653 3125 2892 3193 partibus
2919 3138 3109 3195 greges
3131 3139 3310 3179 sacros
3339 3124 3520 3179 divino

335 3199 660 3268 Omnipotens
691 3197 1020 3266 sempiterne
1062 3196 1235 3259 Deus,
1282 3195 1371 3264 qui
1410 3208 1507 3247 nos
1549 3191 1826 3262 multiplici

1943 3191 2073 3287 pane
2096 3225 2394 3286 pascentes,
2419 3230 2523 3270 una
2547 3191 2670 3284 fide,
2697 3191 2993 3286 eademque
3016 3191 3123 3282 die,
3148 3215 3374 3271 diversis
3396 3215 3518 3272 licet

273 3299 551 3348 sanctorum
567 3300 780 3347 tuorum
803 3289 1088 3344 festivitate
1107 3286 1367 3352 lmtiﬁcas,
1399 3295 1597 3356 praesta
1615 3295 1672 3340 ut
1695 3299 1827 3355 quo-

267 3395 369 3436 rum
403 3380 910 3438 commemoratione
943 3378 1273 3449 gaudemus,
1323 3377 1576 3448 prasidio
1619 3375 1830 3432 munia-

263 3489 388 3530 mur.
412 3475 537 3542 Per,
563 3483 667 3530 etc.

322 3567 632 3623 Oblationes
660 3565 843 3637 populi
875 3565 969 3629 tui,
1001 3564 1248 3631 Domine,
1279 3577 1619 3633 quaesumus,
1649 3562 1829 3632 placa-

259 3669 335 3717 tus
362 3661 598 3726 intende,
635 3660 831 3730 quibus
857 3669 912 3714 et
937 3667 1242 3714 sanctorum
1273 3665 1566 3728 martyrum
1593 3657 1830 3713 celebra-

258 3750 365 3810 mu's
395 3755 448 3810 in
482 3755 740 3811 honorem
769 3753 842 3808 tui
875 3753 1106 3807 nominis
1129 3752 1454 3820 passionem,
1485 3759 1540 3805 et
1570 3751 1725 3806 nobis
1748 3751 1832 3804 in-

256 3843 576 3917 dulgentiam
605 3845 914 3916 suppliciter
945 3843 1317 3913 imploramus.
1351 3843 1473 3910 Per,
1511 3851 1616 3897 etc.

463 3961 570 4031 97
611 3957 638 3996 ⁸
678 3957 865 4014 Preces
901 3943 949 4014 II
984 3960 1036 4012 in
1075 3965 1250 4012 sancta
1289 3957 1596 4026 Euphemia.

325 4054 460 4108 Vere
485 4053 726 4123 dignum.
769 4051 1032 4107 Immensa
1076 4061 1202 4108 sunt
1237 4052 1380 4107 enim
1420 4067 1583 4122 opera
1623 4060 1742 4118 tua,
1775 4062 1830 4110 et

253 4157 370 4200 vere
398 4158 590 4214 magna
622 4143 731 4213 (Al.
761 4142 1068 4212 mirabilia).
1096 4143 1215 4198 'I‘ibi
1246 4143 1537 4210 hominem,
1565 4143 1827 4198 diabolica

253 4237 521 4304 quondam
546 4234 733 4289 fraude
759 4244 1104 4304 proetratum,
1132 4234 1210 4289 sic
1233 4248 1327 4304 per
1348 4234 1529 4289 Jesum
1556 4234 1828 4289 Christum

253 4324 443 4380 Filium
472 4334 641 4391 tuum,
672 4325 955 4379 Dominum
982 4332 1252 4389 nostrum,
1285 4324 1365 4378 sui
1398 4325 1633 4379 tribuisti
1664 4326 1832 4379 victo-

251 4416 322 4471 ris
341 4431 468 4473 esse
501 4425 526 4453 ⁸
551 4416 826 4482 victorem,
860 4415 1004 4470 hunc
1024 4415 1274 4471 eumdem
1297 4415 1415 4486 ejus
1436 4416 1828 4483 adversarium,

248 4618 382 4675 festo
412 4618 518 4676 SS.
553 4617 918 4674 Innocentium
950 4627 1003 4672 et
1029 4617 1149 4672 aliis
1180 4617 1623 4673 solemnitatibus.

314 4700 342 4729 ι
371 4690 590 4745 Missale
622 4690 777 4743 Rom.
830 4691 965 4743 hanc
1000 4690 1294 4744 orationem
1334 4689 1560 4744 exhibet
1601 4689 1655 4744 in
1694 4687 1831 4744 festo

247 4760 344 4817 SS.
381 4760 746 4816 Innocentium
777 4768 832 4815 et
865 4760 1010 4814 alibi.
1344 4785 1348 4789 ~

313 4832 341 4870 ι’
377 4833 508 4886 Haec
533 4830 770 4898 praelatio
798 4830 864 4884 ad
895 4830 1164 4900 apostolos
1197 4830 1446 4900 pertinet.

319 4913 343 4940 ο
375 4903 432 4956 In
465 4901 704 4954 lndiculo
729 4899 1061 4955 Bucheriano
1082 4900 1180 4954 hac
1202 4899 1290 4954 die
1314 4909 1545 4954 notatur.
1573 4916 1697 4955 xvnt
1723 4901 1828 4956 kal.

251 4972 488 5027 Octobris
530 4969 775 5042 Cypriani
816 4972 1036 5041 Africte,
1090 4971 1262 5025 Roma:
1300 4973 1582 5025 celebratur
1613 4973 1666 5024 in
1709 4970 1830 5026 Col-

246 5043 390 5105 listi;
421 5042 516 5096 ubi
546 5043 745 5095 excidit
770 5042 991 5094 Cornelii
1022 5055 1244 5106 nomen,
1278 5041 1417 5111 quod
1446 5059 1547 5095 una
1577 5058 1698 5097 cum
1725 5044 1830 5112 Cy-

248 5115 439 5182 priauo
470 5114 568 5178 hac
590 5112 774 5167 eadem
808 5112 893 5166 die
918 5112 1206 5182 praeferunt
1237 5121 1339 5165 tam
1370 5122 1606 5166 nostrum
1638 5112 1832 5168 Sacra-

248 5181 574 5254 mentarium
597 5224 611 5248 ,
644 5197 800 5254 quam
828 5181 1180 5254 Gelasianumi
1210 5191 1263 5236 et
1289 5182 1835 5254 Gregorianutn.llo-

245 5268 366 5308 rum
399 5253 618 5322 quidem
658 5253 947 5323 martyrum
979 5253 1336 5320 antiquiorem
1365 5255 1568 5323 cultum
1601 5253 1836 5309 declarat

247 5326 412 5450 [etiam
443 5325 629 5378 Canon
663 5322 861 5393 Missae,
894 5323 982 5378 ubi
1017 5323 1242 5378 Cornelii
1271 5333 1316 5377 et
1344 5322 1590 5396 Cypriani
1619 5325 1836 5382 nomina

269 5405 522 5450 eeunatr.

269 5405 522 5464 egonatr.

318 5465 346 5503 ά
383 5465 570 5524 Preces
603 5463 674 5519 Η.
704 5464 807 5520 hoc
844 5475 924 5520 est
965 5465 1239 5532 habenda,
1276 5464 1642 5522 describendae
1683 5474 1836 5524 erant

247 5536 388 5592 infra
418 5538 472 5591 in
502 5536 661 5591 Missa
686 5543 883 5591 sanctae
910 5536 1237 5606 Euphemite,
1270 5540 1352 5597 cui
1386 5545 1525 5594 totus
1554 5547 1834 5596 contextus

246 5608 542 5673 convenit;
574 5615 722 5661 extra
752 5619 906 5660 suum
932 5607 1106 5675 itaque
1140 5607 1312 5662 locum
1337 5608 1420 5664 hic
1448 5610 1659 5666 insertae
1687 5619 1828 5666 sunt.

323 5689 348 5718 ο
381 5679 586 5732 Locum
615 5678 754 5734 hunc
781 5678 848 5731 ita
882 5677 1265 5733 restituendum
1290 5690 1471 5735 censet
1497 5679 1558 5736 P.
1585 5679 1835 5736 Blanchi-

246 5748 428 5804 nius‘.
456 5747 740 5820 Victorem,
787 5758 839 5801 ut
875 5747 1012 5801 hunc
1053 5752 1280 5803 eumdem
1328 5752 1438 5820 ejus
1479 5753 1834 5809 adversarium

247 5834 358 5874 non
389 5819 556 5873 solum
585 5820 744 5873 uirilis
773 5835 920 5872 sexus
943 5861 956 5886 ,
983 5828 1087 5874 etc.

1931 3308 2285 3378 temporibus,
2320 3318 2677 3375 consonante,
2710 3309 2931 3380 parique
2953 3307 3183 3364 nominis
3211 3307 3282 3364 tui
3311 3307 3520 3365 confes»

1929 3402 2080 3457 sione
2110 3402 2402 3457 coronasti.
2439 3401 2562 3469 Per,
2597 3412 2702 3458 etc.

2003 3495 2169 3551 Sacro
2189 3509 2410 3550 munere
2433 3503 2713 3564 vegetatos
2739 3502 3046 3550 sanctorum
3071 3502 3364 3566 martyrum
3387 3491 3521 3549 Cor-

1931 3587 2057 3643 nelii
2085 3595 2139 3641 et
2161 3584 2411 3658 Cypriani
2439 3586 2682 3642 natalitia
2713 3601 2808 3642 nos
2828 3587 2939 3658 98
2959 3585 3076 3655 tibi,
3105 3587 3350 3654 Domine,
3378 3601 3522 3656 qua:-

1931 3692 2140 3743 sumus,
2170 3677 2514 3734 commendet
2543 3677 2736 3733 oratio.
2771 3678 2894 3742 Per,
2927 3688 3032 3733 etc.

2004 3771 2086 3826 Ad
2127 3771 2500 3827 defensionem
2554 3771 2827 3838 fidelium,
2881 3769 3136 3842 Domine,
3180 3783 3521 3842 qutesumus,

1932 3867 2211 3922 dexteram
2239 3874 2342 3921 tua:
2366 3865 2661 3935 maiestatis
2688 3864 2948 3930 extende;
2981 3873 3033 3921 et
3057 3872 3115 3919 ut
3137 3874 3388 3935 perpetua
3411 3863 3523 3933 pie-

1934 3959 2057 4014 tatis
2096 3967 2200 4014 tuae
2229 3959 2563 4029 protectione
2593 3959 2927 4025 muniantur,
2959 3957 3276 4014 intercessio
3308 3972 3403 4028 pro
3435 3955 3519 4012 bis

1936 4067 2042 4108 non
2073 4051 2214 4108 desit
2238 4063 2532 4124 martyrum
2555 4053 2865 4107 continuata
2893 4059 3224 4106 sanctorum.
3257 4049 3378 4116 Per,
3411 4057 3519 4104 etc.

2642 4142 2810 4196 XXV.

2347 4235 2362 4272 ί
2405 4250 2499 4289 xvi
2533 4246 2804 4288 KALENDAS
2842 4244 3117 4286 ocrosnts.

2304 4325 2373 4378 In
2415 4324 2598 4378 Natali
2636 4334 2824 4377 sanctte
2861 4321 3180 4396 Euphemite.

2010 4417 2048 4473 l.
2085 4447 2152 4459 -—
2187 4415 2201 4468 i
2243 4416 2440 4474 Praesta
2463 4458 2478 4486 ,
2505 4416 2760 4486 Domine,
2791 4431 3122 4488 quaesumus,
3152 4422 3212 4474 ut
3237 4416 3376 4475 sicut
3403 4432 3525 4478 san-

1858 4620 1914 4682 D
2016 4617 2033 4657 ί
2067 4619 2231 4747 Magis
2255 4619 2491 4692 placeret
2517 4634 2830 4676 veneramur.

2013 4699 2038 4737 ε
2071 4690 2124 4744 In
2190 4705 2384 4745 acram.
2412 4690 2608 4745 Gelasii
2633 4689 2724 4744 Iib.
2749 4705 2810 4747 ll.

2190 4688 2384 4745 acram.
2412 4690 2608 4745 Gelasii
2633 4689 2724 4744 lib.
2749 4705 2810 4758 ll,
2839 4705 2893 4743 n.
2918 4689 3008 4757 57,
3038 4697 3146 4744 tres
3178 4688 3380 4756 priores
3400 4703 3527 4744 ora-

1941 4763 2115 4817 tiones
2142 4761 2298 4830 hujus
2318 4761 2492 4816 Missae
2520 4761 2860 4816 invenientur
2886 4778 2900 4815 :
2931 4759 3052 4816 dua:
3086 4759 3290 4829 priores
3317 4769 3523 4816 tantum

1940 4847 2059 4888 cum
2093 4831 2401 4900 prmfatione
2443 4841 2568 4887 sunt
2613 4831 2817 4900 incod.
2864 4830 3090 4900 Gregor.
3129 4831 3374 4900 Mettardi
3419 4831 3520 4885 boc

1942 4899 2132 4959 eodem
2161 4904 2245 4957 die
2275 4902 2438 4966 festo;
2471 4903 2640 4971 prima
2669 4899 2784 4957 haec
2812 4901 2865 4957 in
2896 4899 3097 4962 Missali
3122 4899 3280 4957 Rom.

2013 4971 2042 5010 ιι
2074 4974 2197 5098 Illzlec
2228 4969 2486 5098 pgﬁfgtio
2502 4971 2692 5042 legitur
2722 4973 2777 5030 in
2805 4971 2961 5029 codd.
2992 4971 3220 5042 Gregor.
3254 4969 3524 5026 Muratorii

2013 5060 2073 5098 ru.
2156 5087 2170 5098 .
2201 5059 2251 5098 ι).
2392 5083 2404 5097 .

1941 5051 2073 5099 tom.
2106 5043 2170 5110 II,
2201 5059 2251 5110 p.
2279 5043 2404 5098 555.

2021 5059 2621 5183 ξ’δέιιῆειίᾧοὲῗιῇὺθηιίπ
2651 5114 2851 5174 mentio
2889 5113 3042 5170 deest
3068 5113 3121 5168 in
3151 5109 3524 5183 Indiculo_Bu-

1940 5183 2213 5249 citeriano.
2247 5185 2358 5240 IIoc
2381 5180 2556 5242 tamen
2579 5183 2667 5240 die
2691 5185 2850 5310 buéus
2872 5193 3070 5244 sancta:
3094 5180 3341 5251 martyris
3362 5181 3520 5236 Missa

1940 5254 2172 5310 refertur
2203 5257 2255 5309 in
2285 5255 2729 5310 Sacramentariis
2804 5253 3130 5310 reaoriaais;
3163 5254 3213 5306 in
3239 5251 3520 5306 Gclasiano

1940 5254 2172 5310 refertur
2203 5257 2255 5309 in
2285 5255 2729 5312 Sacramentariis
2753 5251 3130 5323 Gregoriaais;
3163 5254 3213 5323 in
3239 5251 3524 5306 Gclasiano

1941 5341 2070 5402 gero
2099 5336 2410 5402 recensetur
2441 5325 2617 5402 idibus
2646 5322 3058 5402 AprilisiForte
3086 5322 3245 5390 hujus
3274 5323 3523 5402 martyris

1941 5395 2280 5478 Chalcedone
2325 5397 2552 5478 celebris
2580 5391 2709 5466 post
2725 5394 3165 5478 Chalcedonensis
3186 5391 3483 5478 concilium
3507 5432 3523 5459 ,

1943 5467 1997 5522 in
2021 5483 2125 5539 quo
2149 5465 2207 5526 S.
2237 5465 2550 5537 Euphemim
2576 5461 2768 5524 nomen
2801 5464 2983 5522 multis
3012 5465 3064 5520 in
3097 5461 3228 5520 locis
3258 5461 3524 5526 laudatur,

1940 5539 2117 5596 cultus
2150 5541 2199 5594 in
2239 5535 2536 5596 Romanam
2572 5538 2862 5594 Ecclesiam
2903 5534 3154 5590 inductus
3194 5531 3290 5586 fuit
3318 5531 3525 5588 vivente

1939 5607 1999 5679 S.
2045 5609 2260 5677 Leone,
2300 5610 2453 5679 cujus
2498 5609 2712 5679 quidem
2750 5605 2964 5676 ingenio
3008 5613 3293 5674 sequentes
3335 5603 3524 5673 praefa-

1941 5678 2112 5750 tiones
2141 5678 2376 5750 indignae,
2392 5696 2497 5736 non
2515 5678 2667 5750 sunt.

2017 5748 2029 5787 ⁵
2066 5750 2159 5804 Est
2190 5742 2480 5810 in'Missali
2511 5749 2662 5806 Rom.
2706 5747 2794 5806 die
2833 5744 2898 5804 I2
2927 5745 3052 5804 lulii
3083 5748 3254 5806 Natali
3295 5747 3390 5803 SS.
3426 5742 3529 5798 Na-

1940 5819 2086 5875 boris
2110 5828 2162 5874 et
2185 5817 2403 5876 Felicis.
