4018 6314
248 389 355 447 105

1069 384 1274 442 LIBER
1310 378 1925 442 SACRAMENTORUM
1964 377 2318 438 ECCLESIIE
2354 376 2681 436 ΚΟΜΔΝᾹΞ.

3420 380 3522 435 106

248 505 435 561 mundi
465 510 615 577 parte
642 502 966 567 laborantes,
988 515 1343 573 supernorum
1367 515 1486 567 nos,
1503 511 1832 571 quaesumus,
1860 499 1911 561 Α
2012 497 2183 566 Super
2207 494 2678 551 obium—Praesta
2704 493 2880 565 nobis,
2904 493 3247 565 omnipotens
3274 494 3433 563 Deus,
3467 506 3527 550 ut

249 600 513 672 prasidiis
536 598 719 656 refove
746 597 1007 669 propitius
1031 597 1422 654 ministrorum.
1458 593 1580 661 Per,
1618 604 1721 651 etc.

322 693 378 748 In
397 692 657 749 honorem
673 691 817 748 beati
845 690 1151 761 archangeli
1170 690 1467 756 Michaelis,
1492 688 1609 745 loca
1630 687 1831 743 nomini

247 798 339 843 tuo
368 786 562 852 dicata,
594 785 825 860 mystico
856 786 1257 857 frequentamus
1285 784 1563 855 obsequio.
1607 783 1833 848 Praesta,

242 878 577 953 quasumus,
617 896 805 937 eorum
849 895 949 936 nos
994 880 1227 951 gaudere
1265 878 1553 950 suffragiis,
1607 892 1833 949 quorum

242 973 491 1029 sublimia
524 974 720 1029 merita
742 988 1110 1030 recensemus.
1142 973 1265 1041 Per,
1299 982 1407 1028 etc.

320 1065 458 1122 Vere
469 1066 709 1136 dignum.
727 1066 828 1134 Qui
852 1081 961 1121 non
982 1066 1157 1121 solum
1176 1081 1273 1122 nos
1290 1074 1600 1121 sanctorum
1624 1074 1836 1121 tuorum

241 1160 680 1218 confessionibus
710 1158 1092 1232 benignissime
1117 1160 1437 1223 consolaris,
1468 1158 1563 1214 sed
1585 1160 1747 1213 etiam
1773 1157 1839 1212 ad

240 1253 542 1309 caelestium
580 1250 1002 1308 familiaritatem
1044 1250 1299 1322 provehis
1340 1259 1693 1320 potestatum,
1734 1264 1843 1304 non

241 1353 453 1401 tantum
500 1356 798 1416 martyrum
846 1342 1246 1399 intercessione
1274 1342 1539 1411 sustollis,
1571 1341 1666 1397 sed
1699 1341 1843 1411 ipso-

241 1454 366 1495 rum
389 1453 606 1509 quoque
632 1437 949 1507 patrociniis
979 1434 1142 1505 erigis
1181 1434 1515 1505 angelorum.
1548 1432 1671 1499 Per,
1696 1443 1802 1488 etc.

325 1531 483 1604 101
510 1529 579 1585 V.
613 1527 751 1584 Item
776 1529 900 1583 alia.
920 1557 989 1569 -
1008 1528 1349 1595 Sanctorum,
1382 1527 1624 1592 Domine,
1657 1534 1837 1581 sancta

247 1622 573 1692 deferimus,
603 1638 747 1693 quae,
778 1636 897 1677 cum
930 1622 981 1675 in
1005 1620 1242 1676 omnium
1268 1620 1532 1690 justorum
1566 1618 1659 1673 tibi
1690 1633 1838 1673 com-

248 1716 645 1768 memoratione
686 1713 793 1769 sint
834 1712 1048 1782 placita,
1098 1712 1264 1765 multo
1292 1710 1458 1780 magis
1488 1712 1539 1765 in
1582 1710 1838 1781 angelicae

245 1805 596 1860 veneratione
608 1803 923 1859 substantiae
941 1811 1094 1873 grata
1115 1804 1219 1858 tuis
1239 1802 1545 1875 aspectibus
1566 1817 1688 1859 esse
1708 1817 1837 1858 con-

241 1898 485 1953 fidimus.
508 1896 633 1964 Per,
661 1906 767 1953 etc.

322 1990 463 2047 Vere
490 1990 731 2062 dignum.
775 1991 877 2060 Qui
908 1990 1045 2047 sicut
1076 2006 1175 2047 nos
1217 2005 1314 2062 per
1342 1992 1661 2063 Apostolum
1691 2002 1840 2048 tuum

242 2085 542 2157 dignanter
571 2087 850 2155 informas,
873 2086 982 2157 jam
1012 2086 1481 2142 conversationem
1515 2097 1755 2143 nostram
1787 2088 1841 2143 in

238 2184 404 2241 cmlis
450 2200 596 2248 esse,
648 2184 910 2253 benignus
950 2181 1210 2249 instituis,
1254 2191 1311 2238 ut
1353 2183 1479 2237 illuc
1532 2182 1844 2239 attollamur

240 2287 455 2343 mente,
487 2276 578 2333 ubi
614 2292 749 2348 quos
787 2286 1127 2333 veneramur
1152 2276 1431 2341 assistunt,
1460 2287 1513 2330 et
1546 2275 1597 2330 in
1629 2276 1844 2331 excelsa

241 2369 569 2436 tendamus,
600 2385 721 2441 quae
748 2368 802 2423 in
834 2369 976 2425 beati
1008 2368 1319 2439 archangeli
1351 2368 1626 2424 Michaelis
1654 2370 1848 2441 festivi-

244 2471 356 2516 tate
381 2462 811 2530 contemplamur
838 2460 1054 2516 affectu.
1093 2460 1217 2527 Per,
1251 2469 1357 2515 etc.

328 2556 357 2586 ⁸
382 2555 535 2610 Beati
560 2552 870 2625 archangeli
894 2552 1171 2609 Michaelis
1194 2553 1593 2609 interventione
1615 2553 1841 2620 sufl‘ulti,

248 2648 547 2719 supplices,
596 2646 844 2710 Domine,
893 2658 943 2702 te
992 2661 1299 2717 precamur,
1347 2658 1427 2713 ut,
1476 2662 1609 2717 quos
1641 2647 1848 2703 honore

254 2743 657 2813 prosequimur,
691 2742 1066 2812 contingamus
1096 2750 1149 2797 et
1179 2750 1379 2797 mente.
1406 2740 1531 2807 Per,
1560 2750 1663 2797 etc.

326 2834 549 2891 Plebem
590 2843 756 2900 tuam,
803 2848 1129 2905 quaesumus,
1166 2834 1410 2900 Domine,
1448 2844 1706 2903 perpetua
1737 2834 1851 2905 pie-

266 2938 370 2985 tate
399 2929 643 2995 custodi;
671 2938 727 2983 ut
753 2944 940 2984 secura
972 2944 1187 3000 semper
1213 2939 1268 2985 et
1299 2929 1618 2985 necessariis
1668 2929 1847 2999 adjuta

273 3022 515 3077 subsidiis
558 3021 844 3092 spirituum
893 3021 1103 3078 tibimet
1140 3022 1463 3091 placitorum
1514 3022 1599 3093 pia
1638 3038 1853 3094 semper

280 3117 607 3173 veneratione
637 3115 872 3172 laetetur.
904 3116 1029 3183 Per,
1061 3126 1169 3171 etc.

956 3228 1173 3285 XXVII.

290 3343 562 3399 “monitio
579 3343 767 3417 iejum'i
788 3343 977 3399 mensis
1000 3342 1202 3412 septimi
1216 3348 1297 3409 ;et
1323 3341 1579 3397 orationes
1599 3349 1647 3396 et
1664 3357 1858 3414 preces.

346 3455 372 3495 δ
398 3458 585 3514 Annua
626 3458 783 3515 nobis
812 3466 917 3524 est,
948 3456 1319 3527 dilectissimi,
1360 3456 1688 3527 jejuniorum
1720 3457 1861 3514 cele-

282 3550 478 3607 branda
508 3551 802 3619 festivitas,
835 3566 994 3622 quam
1020 3550 1223 3607 mensis
1250 3551 1464 3622 septimi
1491 3550 1744 3607 solemnis
1768 3566 1857 3609 re-

275 3659 463 3701 cursus
479 3645 694 3703 indicit.
710 3645 908 3713 Quarta
928 3644 1086 3715 igitur
1106 3652 1161 3699 et
1184 3653 1336 3699 sexta
1358 3642 1491 3699 feria
1514 3644 1856 3713 succedente,

278 3740 448 3796 solitis
471 3740 717 3797 eamdem
734 3739 1090 3796 conventibus
1106 3754 1497 3809 exsequamur;
1515 3740 1857 3797 sabbatorum

272 3834 353 3890 die
382 3833 477 3891 hic
504 3848 689 3890 sacras
730 3834 899 3890 acturi
947 3832 1179 3904 vigilias,
1223 3844 1281 3889 ut
1324 3848 1419 3903 per
1460 3835 1859 3891 observantiam

269 3936 690 4000 competentem,
734 3926 962 3983 Domino
997 3926 1294 3997 purificatis
1338 3928 1610 3984 mentibus
1657 3930 1863 4001 suppli-

270 4030 490 4089 cantes,
539 4020 851 4077 beatissimo
899 4020 1059 4075 Petro
1107 4020 1353 4090 apostolo
1411 4021 1763 4093 suffragante,
1807 4033 1863 4080 et

273 4112 631 4183 praesentibus
656 4112 911 4183 periculis
930 4112 1053 4167 exui
1076 4126 1400 4181 mereamur,
1425 4116 1624 4184 pariter
1646 4124 1699 4170 et
1722 4116 1863 4172 futu-

269 4206 361 4265 ris.
394 4205 525 4273 Per,
558 4215 664 4261 etc.

338 4297 381 4353 ι.
406 4327 483 4340 -
510 4307 533 4336 ε
560 4295 727 4364 Deus,
766 4297 857 4369 qui
887 4296 1263 4369 delinquentes
1292 4298 1468 4369 perire
1500 4315 1606 4355 non
1636 4299 1860 4370 pateris,

272 4386 451 4446 donec
487 4396 877 4445 convertantur
904 4398 960 4444 et
1000 4389 1199 4457 vivant,
1244 4390 1505 4457 debitam,
1532 4405 1859 4462 quaesumus,

271 4482 511 4551 peccatis
544 4483 746 4537 nostris
782 4482 1055 4553 suspende
1085 4482 1396 4549 vindictam,
1428 4491 1483 4538 et
1512 4496 1705 4552 prmsta
1740 4498 1867 4553 pro-

273 4578 441 4647 pitius
464 4592 533 4633 ne
557 4575 917 4632 dissimulatio
937 4577 1173 4635 cumulet
1195 4578 1475 4645 ultionem,
1492 4581 1587 4636 sed
1606 4587 1667 4636 ιιι
1688 4581 1865 4652 potius

273 4670 589 4728 emendatio
620 4671 789 4741 prosit
813 4670 880 4726 ad
912 4673 1145 4727 veniam.
1180 4673 1299 4741 Per,
1332 4682 1439 4729 etc.

345 4761 549 4833 Populi
578 4764 675 4829 tui,
703 4762 868 4834 Deus,
897 4762 1149 4820 defensor
1178 4776 1231 4821 et
1259 4778 1461 4834 rector,
1484 4769 1721 4825 concede
1744 4786 1867 4839 pro-

275 4857 446 4927 pitius
478 4865 536 4911 ut
563 4872 593 4912 a
623 4857 834 4914 delictis
863 4858 1115 4916 omnibus
1142 4860 1499 4929 abstinentes,
1537 4873 1592 4920 et
1622 4879 1872 4921 necessa-

276 4951 372 5007 riis
400 4951 690 5007 foveamur
717 4952 1015 5022 alimentis,
1047 4962 1103 5011 et
1129 4955 1197 5011 ab
1228 4954 1441 5013 infestis
1464 4957 1711 5017 hostibus
1738 4959 1871 5019 libe-

271 5058 485 5101 remur.
515 5042 642 5111 Per,
670 5054 775 5101 etc.

411 5250 474 5327 In
495 5248 749 5327 omnibus
776 5250 1429 5327 SacramentariisGelas.
1462 5265 1516 5313 et
1552 5256 1779 5327 Gregor.
1806 5274 1871 5317 ac

279 5322 334 5378 in
350 5321 843 5399 _M_i_ssali_Romano
859 5323 1180 5399 hacAeadem
1205 5325 1499 5399 festivitate
1527 5321 1741 5399 legitur.

283 5465 294 5477 .
334 5391 381 5479 ,ι
412 5393 543 5478 liae
569 5392 921 5480 habeturin.
955 5394 1156 5453 Ordine
1203 5397 1447 5455 Romano
1477 5400 1531 5454 in
1579 5391 1874 5459 indictione

277 5466 474 5535 jejunii
499 5466 701 5520 mensis
729 5466 943 5523 decimi.

311 5608 324 5619 θ
359 5547 384 5575 ο
414 5535 517 5623 His
562 5536 833 5623 prioribus
868 5538 1046 5623 verbis
1073 5539 1261 5623 incipit
1300 5541 1351 5597 in
1378 5556 1481 5623 rus.
1510 5541 1632 5600 Vat.
1655 5544 1874 5623 _Grego_-

280 5608 446 5687 rianp
467 5607 609 5687 apud
651 5608 1000 5687 Muratorium
1029 5607 1215 5687 quinta
1260 5612 1504 5687 prafatio
1530 5607 1878 5687 quadragEsi-

285 5678 473 5761 nialis.
510 5679 870 5761 Missae-hujus
895 5678 1091 5761 jejun’ii
1133 5678 1336 5761 mensis
1372 5678 1567 5761 decimi
1612 5678 1773 5761 etiam
1821 5689 1876 5743 in

283 5748 583 5824 Getasiano
608 5748 803 5824 codice,
828 5748 1182 5824 subjiciuntur
1212 5756 1387 5812 Missa:
1416 5756 1473 5813 S.
1505 5756 1799 5815 Michaelis.

357 5819 387 5859 ἀ
422 5821 731 5892 Legendum
760 5819 969 5881 videtur
996 5826 1251 5882 indixisti.

364 5902 387 5929 ο
420 5892 565 5950 Fere
606 5895 792 5950 eadem
840 5905 918 5954 est
969 5899 1022 5953 in
1070 5897 1228 5955 codd.
1260 5898 1422 5969 Greg.
1478 5908 1533 5955 et
1589 5900 1642 5954 in
1675 5900 1877 5959 Missali

581 5990 856 6053 Panos.
912 5998 1031 6055 LV.

1142 6078 1178 6095 ρ

1936 590 2171 647 dicatum
2221 589 2424 644 nomini
2473 598 2565 645 tuo
2611 588 2933 646 sacrificium
2991 589 3234 660 purgatis
3282 581 3527 645 moribus

1934 682 2245 739 oﬂeramus.
2276 682 2398 748 Per,
2436 691 2541 737 etc.
3540 749 3547 758 ⁸

2010 775 2149 832 Vere
2178 775 2427 847 dignum.
2458 774 2595 842 Quia
2628 782 2684 830 tu
2714 775 2931 847 quidem
2953 775 3112 832 nobis
3135 774 3339 847 jejunis
3372 778 3529 849 ιω

1936 868 2227 925 salubriter
2265 865 2605 934 d‘indidisti,
2655 868 2877 938 quibus,
2919 870 3097 926 carnis
3146 869 3266 940 lege
3316 868 3523 931 sedata,

1938 962 2126 1033 purior
2166 960 2380 1017 animus
2422 961 2709 1017 emineret.
2749 961 2854 1016 Sed
2898 978 3015 1017 cum
3058 964 3113 1018 in
3160 963 3292 1031 ipsis
3330 961 3530 1017 nostris

1940 1055 2414 1111 observationibus
2437 1070 2465 1108 a
2490 1054 2671 1111 noxiis
2691 1062 2746 1108 et
2770 1052 2968 1108 illicitis
2991 1070 3097 1109 non
3121 1068 3393 1120 vacamus,
3420 1068 3528 1108 non

1944 1150 2047 1205 hoc
2076 1161 2126 1207 te
2151 1152 2413 1221 jejunium
2445 1149 2714 1220 delegisse
2763 1148 3073 1219 prophetica
3121 1164 3251 1204 voce
3291 1149 3527 1203 testaris.

1946 1241 2207 1309 Quoniam
2252 1259 2357 1297 non
2390 1242 2563 1297 solum
2597 1239 2853 1309 prodesse
2880 1254 2987 1295 non
3033 1240 3229 1310 poterit
3254 1241 3533 1309 castigatio

1945 1336 2269 1406 corporalis,
2294 1335 2338 1390 si
2368 1334 2587 1404 Spiritus
2618 1342 2806 1389 noster
2834 1332 3084 1390 nefandis
3125 1333 3533 1404 cogitationibus

1942 1428 2281 1497 implicetur;
2324 1426 2417 1481 sed
2453 1426 2555 1481 hoc
2590 1433 2803 1481 constat
2839 1440 2961 1480 esse
3004 1424 3266 1491 deterius,
3300 1426 3343 1477 si
3373 1425 3535 1479 etiam

1945 1533 2157 1577 terrena
2200 1520 2509 1576 conditione
2543 1520 2816 1591 mitigata,
2858 1535 3013 1575 mens
3048 1520 3117 1575 ab
3166 1520 3537 1589 iniquitatibus

1943 1627 2049 1668 non
2081 1612 2331 1683 quiescit.
2366 1611 2433 1667 Et
2465 1612 2587 1668 ideo
2619 1621 2672 1667 tu
2697 1612 2874 1677 nobis,
2906 1611 3155 1675 Domine,
3198 1610 3393 1682 largire
3425 1612 3538 1681 pla-

1940 1715 2111 1773 catus,
2146 1716 2201 1760 ut
2228 1706 2470 1761 exterius
2498 1706 2823 1777 parcimonia
2857 1705 3242 1761 convenienter
3269 1704 3533 1769 adhibita,

1944 1798 2271 1854 intrinsecus
2309 1814 2337 1852 a
2385 1798 2565 1869 pravis
2619 1796 3011 1853 intentionibus
3051 1806 3435 1866 temperemus,
3480 1805 3538 1851 ut

1869 1887 1920 1949 B
1945 1891 2334 1946 continentiam
2365 1892 2637 1946 valeamus
2663 1903 2923 1946 exercere
2948 1887 3262 1959 perfectam.
3285 1889 3409 1956 Per,
3426 1898 3533 1943 etc.

1969 1987 1983 2001 '
2020 1984 2751 2050 Postcommunio.—Annue,
2778 2000 3109 2057 quaesumus,
3135 1984 3381 2050 Domine,
3409 1992 3540 2040 utet

1949 2080 2053 2135 tuis
2102 2095 2318 2149 semper
2363 2079 2794 2135 solemnitatibus
2845 2094 3202 2149 occupemur,
3238 2088 3293 2133 et
3333 2087 3537 2149 myste-

1947 2172 2041 2229 riis
2085 2187 2272 2229 eorum
2319 2182 2502 2228 mente
2553 2172 2757 2243 pariter
2789 2184 3145 2240 congruamus
3194 2178 3246 2224 et
3278 2182 3529 2239 corpore.

1948 2264 2070 2331 Per,
2110 2274 2215 2320 etc.

2026 2357 2197 2425 Super
2250 2357 2520 2429 populum.
2546 2386 2618 2398 —
2645 2365 2666 2393 ε
2689 2355 3034 2412 Sanctificata
3080 2354 3286 2425 jejunio
3329 2364 3540 2408 tuorum

1950 2448 2111 2503 corda
2160 2448 2417 2513 filiorum,
2474 2448 2616 2503 Deus
2658 2447 2948 2513 habitator,
2994 2447 3226 2514 illustra,
3266 2457 3319 2502 et
3347 2446 3541 2516 quibus

1951 2548 2179 2612 prestas
2219 2542 2521 2597 devotionis
2568 2540 2839 2606 affectum,
2892 2539 3074 2611 prazhe
3115 2539 3539 2611 supplicantibus

1951 2636 2101 2705 pium
2132 2634 2396 2703 benignus
2424 2633 2687 2687 auditum.
2721 2632 2848 2699 Per,
2879 2642 2984 2689 elc.

2021 2726 2087 2783 Il.
2120 2726 2254 2782 Item
2275 2728 2400 2783 alia.
2425 2758 2496 2769 —
2523 2728 2747 2792 Exaudi,
2782 2728 3028 2792 Domine,
3077 2741 3267 2798 preces
3306 2734 3539 2793 nostras,

1952 2831 2011 2875 ut
2056 2822 2109 2875 in
2146 2822 2289 2875 omni
2334 2821 2572 2887 natione,
2618 2820 2762 2891 quod
2811 2819 2967 2875 Verbi
3008 2819 3082 2874 tui
3113 2821 3438 2889 promissum
3465 2826 3548 2873 est

1954 2913 2267 2985 Evangelio,
2298 2904 2634 2983 compleatur
2657 2929 2671 2979 ;
2696 2923 2749 2967 et
2778 2912 3054 2981 plenitudo
3078 2914 3382 2982 adoptionis
3408 2911 3547 2967 obti-

1955 3019 2100 3075 neat,
2134 3009 2275 3080 quod
2304 3008 2551 3079 praedixit
2581 3008 2891 3063 testificatio
2915 3009 3180 3063 veritatis.
3217 3010 3337 3071 Per,
3370 3020 3476 3063 etc.

2036 3098 2054 3136 ι
2084 3098 2307 3153 Intende
2330 3140 2343 3163 ,
2372 3112 2703 3168 quaesumus,
2739 3098 2985 3161 Domine,
3020 3099 3341 3151 sacrificium
3366 3085 3546 3165 singu-

1961 3191 2096 3255 lare,
2126 3199 2183 3244 ut
2211 3189 2369 3258 hujus
2397 3188 2811 3258 participatione
2843 3188 3107 3258 mysterii,
3138 3203 3255 3256 qua:
3287 3188 3551 3257 speranda

1884 3271 1931 3336 C
1964 3283 2255 3349 credimus,
2285 3289 2595 3353 exspectata
2618 3294 2915 3335 sumamus.
2946 3281 3068 3348 Per,
3098 3292 3203 3337 etc.

2038 3379 2173 3436 Vere
2196 3380 2435 3450 dignum.
2470 3376 2641 3432 Tuum
2666 3385 2748 3433 est
2772 3376 2916 3431 enim
2938 3391 3098 3431 omne
3121 3376 3263 3447 quod
3294 3376 3550 3445 vivimus,

1960 3473 2083 3544 quia
2130 3474 2260 3529 licet
2300 3470 2508 3543 peccati
2542 3471 2766 3527 vulnere
2808 3478 2996 3525 natura
3030 3480 3211 3526 nostra
3257 3472 3434 3526 vitiata
3459 3473 3549 3539 sit,

1963 3566 2038 3620 tui
2072 3576 2247 3621 tamen
2280 3576 2360 3619 est
2392 3562 2593 3635 operis,
2623 3572 2681 3618 ut
2708 3561 2775 3617 ad
2808 3570 3019 3618 terrena
3053 3562 3314 3631 generati,
3348 3564 3413 3619 ad
3443 3578 3556 3621 ca-

1961 3660 2116 3715 lestia
2139 3669 2511 3715 renascantur.
2562 3718 2577 3739 ο

2035 3752 2226 3818 Visita,
2274 3764 2604 3823 quaesumus,
2661 3750 2906 3817 Domine,
2965 3748 3217 3804 familiam
3279 3757 3445 3811 tuam.
3502 3760 3557 3803 et

1961 3847 2125 3904 corda
2154 3846 2323 3903 sacris
2356 3845 2531 3899 dicata
2572 3845 2847 3915 mysteriis
2872 3843 3114 3914 pervigili
3154 3852 3302 3897 tuere
3334 3841 3553 3911 pietate,

1963 3950 2020 3995 ut
2042 3938 2281 3995 remedia
2309 3937 2497 3993 salutis
2530 3946 2768 4003 :nlernre,
2815 3952 2935 4005 qua:
2964 3942 3017 3989 te
3060 3934 3353 3990 miserante
3384 3935 3559 4003 perci-

1964 4032 2137 4103 piunt,
2174 4041 2225 4085 te
2253 4037 2567 4100 protegente
2600 4027 2925 4084 custodiant.
2956 4027 3079 4091 Per,
3116 4035 3220 4081 etc.

2036 4121 2124 4178 Ill.
2158 4121 2286 4176 Item
2327 4121 2453 4175 alia.
2482 4149 2551 4161 -—
2575 4119 2927 4187 Omnipotens
2959 4116 3284 4186 sempiterno
3312 4116 3471 4185 Deus,
3506 4118 3558 4171 in

1967 4214 2121 4283 cujus
2166 4213 2389 4267 arbitrio
2439 4226 2723 4281 regnorum
2772 4210 3014 4264 omnium
3058 4210 3181 4276 jura
3230 4208 3554 4271 consistunt,

1969 4314 2193 4374 protege
2222 4302 2452 4357 Romani
2503 4302 2735 4355 nominis
2767 4299 2966 4368 ubique
2996 4308 3257 4363 rectores,
3300 4308 3358 4352 ut
3405 4299 3565 4371 103

1970 4410 2159 4451 eorum
2209 4395 2387 4449 votiva
2427 4392 2779 4465 prosperitas,
2824 4405 2925 4462 pax
2953 4399 3167 4446 tuorum
3216 4390 3388 4460 possit
3437 4406 3561 4447 esse

1970 4487 2314 4560 populorum.
2349 4489 2471 4557 Per,
2514 4494 2620 4543 etc.

2043 4594 2068 4632 ε
2094 4584 2314 4651 Adesto,
2342 4583 2584 4648 Domine,
2614 4581 2861 4639 fidelibus
2889 4582 3015 4649 tuis,
3065 4592 3118 4639 et
3144 4597 3277 4654 quos
3315 4583 3562 4641 coelesti-

1891 4666 1947 4727 Ῑ)
1974 4681 2073 4736 bus
2122 4680 2357 4736 instituis
2401 4676 2826 4745 sacramentis,h
2870 4686 2924 4732 et
2971 4678 3163 4747 quibus
3211 4680 3562 4733 sub5tantiam

1977 4776 2166 4831 tribuis
2214 4776 2572 4846 corporalem,
2630 4788 2659 4827 a
2706 4771 2931 4828 terrenis
2978 4785 3236 4828 conserva
3287 4772 3563 4842 periculis.

1978 4868 2099 4936 Per,
2131 4876 2238 4924 etc.

2051 4960 2281 5031 Exaudi,
2313 4960 2559 5028 Domine,
2591 4958 2889 5031 supplicum
2923 4973 3129 5028 preces,
3160 4966 3214 5013 et
3240 4956 3440 5012 devoto
3472 4954 3568 5009 tibi

1982 5064 2200 5126 pectore
2226 5054 2545 5111 famulantes
2590 5044 2851 5127 perpetua
2879 5052 3193 5109 defensione
3229 5051 3471 5115 custodi,
3512 5059 3569 5103 ut

1980 5260 2139 5315 Rom.
2168 5258 2267 5314 fer.
2308 5259 2343 5313 4
2371 5267 2491 5328 post
2524 5256 2851 5313 Dominicam
2880 5251 3175 5309 Passionis.
3221 5246 3376 5320 Apud
3405 5247 3569 5304 Gela-

1982 5334 2122 5388 sium
2148 5330 2375 5385 habetur
2400 5330 2531 5385 feria
2566 5329 2617 5381 7.

2058 5402 2077 5440 ί
2114 5402 2456 5472 Exstatapud
2482 5399 2793 5473 Menardum
2812 5392 3145 5453 hebdomada
3168 5392 3200 5447 ι
3232 5398 3357 5447 ante
3381 5390 3573 5448 Natale

1982 5474 2217 5530 Domini.

2058 5555 2083 5626 ξ
2111 5544 2174 5626 I_n_
2198 5545 2439 5626 margine
2468 5542 2711 5626 codicis;
2736 5540 2869 5626 Anter
2890 5536 3114 5626 cibosb

2057 5614 2086 5653 ιι
2121 5604 2460 5670 Βιιιιιςιιῖιιὶιιε
2509 5613 2714 5667 monuit
2754 5610 2909 5665 verba
2939 5619 2987 5662 et
3030 5606 3207 5676 quibus
3238 5604 3577 5662 substantiam

1985 5687 2166 5741 tribuis
2188 5686 2505 5757 corporalem
2546 5698 2651 5737 non
2680 5696 2799 5736 esse
2825 5680 3117 5757 variantem
3143 5679 3455 5757 lectionem,
3495 5677 3581 5757 uti

1985 5760 2176 5828 primis
2202 5749 2345 5828 curis
2389 5762 2786 5828 notaverat,__ac
2814 5766 2878 5828 es
2912 5749 3102 5805 iisdem
3131 5751 3461 5828 _Murator_ins
3495 5751 3580 5828 in-

1987 5821 2137 5893 nuit;
2172 5844 2294 5882 nam
2320 5827 2435 5879 haec
2466 5825 2636 5879 oratio
2664 5822 2889 5880 dicenda
2921 5831 3037 5878 erat
3065 5823 3238 5879 soluta
3270 5821 3499 5877 statione
3524 5821 3582 5873 in

1987 5899 2075 5955 die
2095 5896 2285 5968 jejuuii
2311 5904 2427 5950 ante
2456 5896 2613 5950 cibos.

2987 5990 3022 6048 ι
