4018 6314
285 412 392 471 109

1112 416 1314 475 LIBER
1352 416 1965 475 SACRAMENTORUM
2009 408 2363 474 ECCLESUE
2405 419 2729 475 ltOMAN/E.

3459 417 3565 478 ΗΟ

283 532 519 603 templis,
568 549 675 591 non
718 535 886 592 solum
935 536 1151 607 percelli
1191 537 1547 593 mediocribus
1576 536 1864 604 alimentis,
1895 536 1948 597 Δ
1976 535 2392 607 suffragantibus
2413 538 2631 603 meritis,
2666 536 3093 609 propitiationem
3118 535 3215 593 Dei
3244 538 3413 593 nostri
3436 554 3559 611 ρει-υ

280 625 375 682 sed
406 629 656 685 universa
706 645 1007 686 mereamur
1056 630 1441 687 sustentatione
1488 631 1715 703 privari;
1766 630 1868 687 nisi
1972 632 2273 687 severantia
2305 630 2497 687 debite
2528 632 2795 688 servitutis
2825 631 3081 688 obtineat.
3118 631 3240 700 Per,
3273 641 3378 689 etc.

275 720 420 791 quod
452 721 571 778 ideo
601 733 689 780 tua
716 739 815 781 nos
839 725 1120 782 clementia
1151 741 1256 782 non
1282 726 1502 796 deserit,
1535 737 1593 782 ut
1620 726 1788 782 simus
1815 734 1869 782 et

275 813 346 870 de
371 815 673 886 exiguitatis
714 820 1063 891 castigatione
1093 821 1328 890 solliciti,
1380 831 1435 880 et
1464 823 1533 881 de
1561 838 1669 882 non
1696 823 1865 882 abno-

268 916 399 977 gata
430 910 628 978 pietate
658 912 856 969 devoti.
887 914 1007 981 Per,
1042 924 1146 972 etc.

349 1010 375 1038 ι
407 1001 634 1072 Vegetst
676 1021 799 1075 nos,
846 1006 1092 1078 Domine,
1143 1024 1357 1082 semper
1403 1020 1458 1068 et
1501 1012 1721 1069 innovet
1764 1022 1871 1069 tua

272 1108 474 1150 mensa:
496 1111 651 1154 sacra
672 1098 877 1169 libatio,
898 1116 1017 1173 qua:
1034 1101 1376 1174 fragilitatem
1399 1114 1639 1161 nostram
1666 1114 1720 1161 et
1735 1106 1873 1161 inter

268 1190 459 1247 mundi
483 1201 830 1263 tempestates
853 1197 1115 1267 gubernet
1140 1209 1195 1255 et
1215 1207 1482 1272 protegat,
1510 1208 1565 1257 et
1586 1200 1639 1256 in
1664 1208 1872 1270 portum

277 1294 558 1354 perpetua:
581 1287 770 1343 salutis
793 1288 1028 1346 inducat.
1057 1290 1182 1358 Per,
1213 1302 1318 1347 etc.

348 1374 375 1413 δ
401 1376 663 1446 Tueatur,
713 1380 965 1449 Domine,
1016 1382 1237 1439 dextera
1287 1394 1374 1439 tua
1406 1386 1659 1456 populum
1687 1386 1873 1456 depre—

263 1479 504 1527 cantem.
544 1472 821 1537 Purificet,
848 1482 1115 1531 sustentet
1153 1483 1209 1531 et
1230 1477 1456 1543 erudiat,
1486 1486 1540 1534 ut
1561 1477 1865 1535 consolatus

264 1560 331 1618 in
358 1563 635 1635 praesenti,
661 1564 730 1621 ad
762 1564 900 1621 bona
930 1565 1106 1623 futura
1137 1568 1397 1637 proficiat.
1432 1566 1554 1639 Per,
1588 1578 1692 1625 etc.

920 1657 988 1712 In
1001 1661 1227 1732 jejunio.

354 1745 487 1803 Vill.
526 1747 658 1802 Item
694 1750 819 1804 alia.
850 1777 921 1791 —
949 1750 1296 1821 Omnipotens
1333 1752 1663 1824 sempiterna
1692 1753 1862 1825 Deus,

269 1840 374 1911 qui
398 1855 498 1896 nos
523 1839 588 1895 ad
619 1840 972 1899 observantia:
1019 1842 1177 1913 huius
1206 1860 1380 1900 annua
1411 1844 1547 1900 festa
1594 1846 1866 1917 perducis,

2044 723 2138 780 IX.
2163 723 2299 779 Item
2328 741 2518 795 preces.
2551 754 2613 765 --
2646 725 2993 797 Omnipotens
3041 726 3367 799 sempiterne
3393 726 3559 794 Deus.

1973 818 2065 890 qui
2108 834 2209 877 nos
2234 828 2288 877 et
2313 819 2789 876 sustentationihus
2810 820 2998 878 annuis
3028 830 3085 879 et
3126 821 3563 879 solemnitatibus

1973 912 2295 979 consolaris,
2338 922 2556 984 praesta.
2602 928 2923 981 quaesumus,
2968 925 3024 972 ut
3070 915 3211 987 quod
3241 932 3306 973 ex
3339 916 3423 972 bis
3461 929 3564 989 pro

1974 1016 2176 1063 nostra:
2204 1006 2626 1064 conversationis
2654 1008 2907 1079 qualitate
2931 1010 3281 1079 subtrahitur,
3312 1010 3562 1082 omnipo-

1979 1103 2160 1157 tentis:
2192 1112 2295 1158 tua:
2321 1103 2473 1175 c0pia
2502 1102 2832 1174 suppleatur.
2867 1102 2984 1172 Per,
3008 1114 3112 1161 etc.

2051 1195 2320 1265 Concede,
2353 1210 2679 1266 quaesumus,
2718 1196 2964 1263 Domine,
3007 1212 3213 1253 morum
3256 1213 3353 1256 nos
3380 1212 3562 1256 corre-

1980 1288 2160 1344 ctione
2186 1287 2432 1354 relevari,
2463 1287 2586 1357 quia
2611 1301 2732 1341 cum
2764 1286 2879 1343 haec
2911 1286 3062 1362 107
3090 1288 3226 1345 dona
3248 1290 3560 1362 contuleris,

1978 1388 2167 1433 cuncta
2199 1380 2350 1434 nobis
2377 1378 2520 1434 utilia
2550 1393 2652 1433 non
2680 1381 2921 1450 negabis.
2956 1381 3076 1449 Per,
3110 1391 3217 1439 etc.

2049 1469 2220 1541 Super
2250 1468 2538 1525 oblata.—‘
2565 1470 2727 1536 Deus,
2757 1471 2846 1543 qui
2875 1472 3092 1529 humani
3116 1474 3331 1545 generis
3364 1485 3566 1533 utram:

1974 1576 2079 1634 que
2109 1563 2465 1620 substantiam
2496 1564 2839 1634 prmsentium
2880 1582 3163 1623 munerum
3214 1579 3269 1624 et
3307 1570 3567 1628 alimento

1973 1663 2212 1726 vegetas,
2244 1666 2298 1712 et
2336 1672 2563 1714 renovas
2614 1665 2977 1724 sacramento,
3003 1658 3198 1729 tribue,
3232 1676 3562 1731 qumsumus,

1973 1760 2035 1805 ut
2059 1765 2244 1805 eorum
2277 1759 2330 1807 et
2356 1750 2673 1822 corporibus
2711 1751 2909 1808 nostris
2951 1752 3251 1811 subsidium
3284 1769 3394 1812 non
3425 1756 3566 1812 desit

1975 1851 2031 1901 et
2055 1843 2348 1900 mentibus.
2378 1844 2502 1913 Per,
2527 1854 2632 1903 etc.

252 1932 501 1989 concede
530 1932 793 2003 propitius
817 1943 873 1990 ut
905 1935 1009 2004 piae
1036 1935 1337 1993 devotionis
1368 1936 1591 1995 effectus
1616 1940 1869 1998 substan-
1898 1935 1947 1997 B
2051 1936 2185 1993 Vere
2208 1938 2448 2009 dignum.
2478 1939 2580 2007 Qui
2606 1942 2940 2010 sempiterno
2965 1938 3194 1999 consilio
3220 1956 3324 1997 non
3354 1940 3557 1998 desinis

264 2026 407 2083 tiam
438 2028 594 2084 nobis
613 2036 670 2086 et
694 2031 956 2087 mentium
981 2040 1199 2102 praestet
1217 2043 1593 2104 etcorpurum.
1614 2034 1740 2101 Per,
1759 2045 1863 2093 etc.

334 2130 359 2158 ε
394 2119 568 2190 Deus,
630 2120 721 2191 qui
763 2138 859 2192 pro
906 2132 1212 2181 nostrorum
1257 2123 1515 2183 fructibus
1553 2128 1855 2188 animarum

252 2214 484 2285 prodire
504 2216 640 2271 facis
667 2216 1048 2274 sufﬁcientiam
1090 2220 1451 2290 corporalem,
1480 2238 1550 2279 ne
1580 2224 1861 2281 exteriori-

250 2306 359 2364 bus
392 2324 701 2369 mereamur
730 2326 890 2383 egere
934 2312 1206 2383 subsidiis,
1263 2315 1422 2387 ιω
1460 2326 1683 2386 praesta,
1712 2332 1862 2388 qua-

256 2414 478 2470 sumus,
510 2412 571 2459 ut
596 2404 756 2461 donis
778 2406 1124 2463 interioribus
1154 2407 1518 2465 fecundemur.
1552 2409 1674 2477 Per,
1702 2418 1809 2468 etc.

330 2494 364 2533 ἀ
405 2496 632 2554 Domine
660 2498 801 2555 Deus
830 2510 1030 2567 noster,
1061 2502 1150 2571 qui
1182 2502 1234 2557 in
1262 2500 1347 2557 his
1376 2503 1552 2572 potius
1577 2504 1862 2573 creaturis,

259 2604 399 2661 quas
430 2590 497 2645 ad
528 2590 831 2661 fragilitatis
863 2602 1059 2648 nostra:
1092 2594 1397 2663 presidium
1432 2596 1742 2664 condidisti,
1769 2606 1861 2653 tuo

262 2696 484 2754 quoque
508 2682 713 2739 nomini
740 2699 961 2741 munera
981 2685 1187 2755 iussisti
1213 2686 1435 2743 dicanda
1464 2688 1737 2754 constitui,
1765 2690 1863 2744 tri-

261 2774 390 2846 bue,
421 2792 755 2847 quaesumus,
790 2788 849 2834 ut
872 2788 926 2834 et
950 2780 1070 2835 vitae
1097 2782 1253 2837 nobis
1274 2783 1556 2850 praesentis
1575 2782 1855 2854 auxilium,

268 2876 317 2922 et
344 2870 665 2924 aeternitatis
694 2869 930 2927 efﬁciant
969 2882 1384 2930 sacramentum.
1418 2874 1541 2942 Per,
1568 2887 1674 2932 etc.

334 2960 479 3018 Vere
500 2961 739 3033 dignum.
764 2964 998 3020 Pascunt
1021 2967 1164 3022 enim
1196 2976 1282 3022 tua
1308 2978 1489 3024 sancta
1518 2969 1743 3039 ieiunia,
1765 2980 1787 3009 ο
1809 2980 1864 3026 et

276 3053 466 3111 esuries
489 3065 697 3111 sacrata
728 3072 827 3113 nos
852 3058 1020 3112 reiicit
1040 3099 1053 3123 ,
1089 3060 1132 3115 si
1164 3075 1259 3127 per
1288 3061 1615 3117 continentia
1634 3077 1686 3115 m
1714 3061 1860 3117 salu-

293 3154 448 3202 tarem
476 3151 815 3207 couscientite
845 3161 1043 3207 nostrae
1072 3152 1255 3207 tribuli
1282 3154 1559 3223 spinaque
1585 3154 1856 3223 deﬁciant,

298 3248 346 3295 et
364 3238 531 3313 fruges
544 3257 672 3313 pura
696 3244 982 3309 succedat;
1012 3245 1055 3299 si
1083 3244 1328 3300 vitiorum
1350 3245 1605 3301 stérilitas
1627 3245 1856 3316 optanda

1974 2045 2164 2101 regere
2194 2031 2333 2102 quod
2365 2032 2580 2088 creasti.
2612 2032 2827 2104 Nosque
2865 2031 3179 2105 delinquere
3210 2034 3559 2090 manifestum

1972 2134 2075 2187 est.
2106 2141 2227 2182 cum
2254 2140 2507 2197 superate
2537 2125 2905 2197 dispositionis
2929 2126 3120 2197 ignari,
3139 2125 3205 2183 de
3225 2135 3559 2182 secretorum

1973 2226 2187 2273 tuorum
2215 2216 2615 2287 dispensatione
2639 2232 2944 2286 causamur,
2973 2231 3037 2273 ac
3065 2227 3191 2274 tunc
3215 2218 3388 2289 potius
3412 2228 3560 2274 recte

1971 2313 2176 2368 sentire
2202 2312 2600 2382 cognoscimur,
2635 2326 2755 2369 cum
2795 2327 2903 2368 non
2948 2320 3152 2380 nostra,
3187 2310 3281 2366 sed
3313 2320 3400 2365 tua
3429 2328 3556 2383 pro~

1970 2403 2205 2461 videntis
2244 2404 2594 2467 confidentes,
2628 2405 2879 2475 pietatem
2905 2402 3274 2473 iustitiamque
3304 2413 3446 2457 tuam
3466 2402 3557 2471 ju-
3622 2410 3631 2421 ‘

1965 2499 2107 2571 giter
2138 2500 2521 2571 perpendimus
2540 2500 2868 2557 exorandam
2907 2517 2918 2552 :
2946 2498 3078 2555 certi
3100 2497 3242 2571 quod
3271 2497 3361 2568 qui
3393 2497 3559 2568 inius-

1970 2602 2053 2649 tos
2103 2594 2381 2665 malosque
2431 2608 2541 2649 non
2588 2593 2815 2661 deseris,
2841 2591 3011 2648 multo
3056 2592 3225 2663 magis
3270 2606 3407 2662 quos
3438 2599 3559 2646 tuos

1970 2701 2091 2744 esse
2133 2687 2389 2758 tribuisti,
2414 2686 2669 2746 clementi
2710 2687 3017 2745 nullatenus
3047 2686 3437 2759 gubernatione
3463 2684 3557 2741 de-

1963 2781 2161 2839 stituis.
2192 2781 2314 2851 Per,
2344 2791 2450 2839 etc.

2039 2874 2477 2930 Postcommtinio.
2507 2903 2579 2916 —
2602 2882 2625 2921 8
2649 2872 2920 2942 Guberna,
2946 2888 3276 2944 quaesumus,
3306 2870 3554 2939 Domine,

1967 2967 2355 3037 temporalibus
2404 2965 2753 3037 adiumentis,
2786 2980 2923 3038 quos
2964 2964 3205 3037 dignaris
3236 2964 3558 3022 :eternisin-

1968 3055 2206 3111 formare
2237 3056 2526 3127 mysteriis.
2559 3056 2680 3120 Per,
2712 3066 2819 3111 etc.
3506 3118 3507 3121 η

2042 3150 2213 3220 Super
2244 3151 2515 3219 pupulum.
2545 3177 2614 3187 —
2642 3147 2809 3218 Rege,
2837 3146 3084 3213 Domine,
3103 3146 3357 3218 populum
3384 3154 3554 3216 tuum,

1968 3250 2023 3300 et
2044 3243 2231 3313 gratia:
2272 3252 2395 3309 tuae,
2426 3254 2758 3313 qumsumus,
2791 3238 2845 3296 in
2878 3254 2943 3296 eo
2977 3237 3114 3295 dona
3154 3236 3469 3308 multiplica,
3497 3249 3559 3294 ut

290 3336 565 3405 proveniat,
596 3350 651 3415 et
680 3340 902 3396 ubertas
923 3339 1066 3395 adsit
1089 3339 1323 3409 iucunda
1354 3340 1633 3397 virtutum.
1669 3340 1852 3411 Inopia
1884 3322 1931 3386 C
1962 3344 2020 3392 et
2068 3334 2136 3390 ab
2184 3334 2435 3391 omnibus
2470 3332 2606 3389 liber
2644 3330 2893 3399 offensis,
2929 3340 2982 3387 et
3031 3327 3415 3400 temporalibus
3448 3345 3557 3385 non

281 3430 464 3504 quippe
480 3434 758 3503 culparum
778 3443 996 3504 praestat
1022 3433 1429 3495 redundantiam
1453 3449 1851 3505 prosperorum.

276 3523 399 3581 llinc
427 3536 513 3583 est
541 3528 683 3599 quod
710 3528 1081 3598 restringendo
1111 3528 1312 3598 copias,
1345 3538 1399 3584 et
1430 3527 1720 3586 mediocria
1748 3544 1855 3586 non

270 3620 530 3691 negando,
560 3621 641 3676 sic
663 3636 761 3677 nos
785 3633 873 3677 tua
907 3622 1271 3677 moderatione
1296 3620 1557 3691 disponis,
1590 3632 1647 3677 ut
1672 3621 1739 3679 ad
1764 3637 1855 3678 su-

270 3726 428 3781 perna
453 3713 761 3782 tendentes,
810 3725 864 3769 et
895 3714 1280 3784 temporalibus
1324 3728 1704 3785 usquequaque
1746 3731 1852 3773 non

266 3803 579 3861 deseramur
608 3794 896 3872 alimentis,
925 3815 980 3861 et
1014 3805 1395 3863 sustentaculis
1424 3806 1502 3861 sic
1529 3807 1854 3863 transeunti-

262 3894 354 3953 bus
383 3897 773 3969 gubernemur,
806 3908 865 3955 ut
899 3914 1085 3955 eorum
1118 3900 1375 3956 tenuitate
1402 3902 1635 3973 correpti
1676 3900 1852 3972 proﬁ-

262 3989 464 4046 ciamus
494 3993 734 4047 teternis.
769 3993 887 4059 Per,
920 4003 1024 4049 etc.

326 4085 621 4155 Perpetuo,
667 4087 914 4155 Domine,
967 4088 1147 4144 favore
1182 4104 1544 4165 piosequere,
1594 4104 1729 4160 quos
1766 4104 1852 4145 re-

260 4180 371 4237 ficis
400 4182 590 4237 divino
621 4184 899 4253 mysterio,
927 4191 984 4238 et
1009 4198 1143 4253 quos
1166 4182 1404 4240 imbuisti
1431 4184 1742 4240 calestihus
1769 4183 1851 4239 in-

264 4278 488 4344 etitutis,
520 4276 849 4333 salutaribus
878 4279 1139 4333 comitare
1159 4278 1382 4333 solatiis.
1414 4279 1538 4344 Per,
1566 4287 1670 4333 etc.

334 4370 602 4427 Defensio
627 4379 741 4437 tua,
770 4372 1009 4437 Domine,
1028 4386 1358 4441 quaesumus,
1376 4372 1512 4426 adsit
1546 4369 1852 4437 humilibus,

262 4472 316 4520 et
335 4466 546 4537 iugiter
567 4476 810 4536 protegat
842 4466 896 4520 in
930 4473 1015 4520 tua
1032 4465 1400 4522 misericordia
1424 4465 1777 4533 confidentes,
1798 4474 1855 4521 ut

1964 3427 2289 3486 destituatur
2313 3424 2550 3496 auxiliis,
2570 3434 2623 3482 et
2653 3425 2997 3498 sempiternis
3017 3422 3249 3498 gaudeat
3274 3421 3551 3482 institutis.

1960 3520 2085 3589 Per,
2116 3528 2219 3577 etc.

2030 3612 2099 3669 Χ.
2132 3612 2265 3668 Item
2286 3612 2412 3669 alia.
2439 3643 2508 3653 —
2533 3612 2887 3684 Omnipotens
2914 3611 3250 3680 sempiterne
3282 3610 3445 3678 Deus,
3463 3613 3552 3683 qui

1957 3706 2038 3765 sic
2078 3708 2355 3764 hominem
2399 3707 2687 3763 condidisti
2743 3717 2801 3762 ut
2850 3708 3232 3778 temporalibus
3274 3708 3553 3766 beneﬁciis

1959 3809 2334 3871 competenter
2376 3800 2698 3857 instructum
2730 3798 2797 3855 ad
2827 3799 3068 3857 cmlestia
3102 3802 3243 3856 dona
3285 3803 3552 3873 provehe-

1956 3908 2067 3961 res,
2099 3904 2317 3964 praesta,
2346 3908 2679 3964 quzesumus,
2705 3902 2763 3946 ut
2810 3893 2950 3949 sicut
2991 3908 3086 3963 per
3136 3893 3353 3949 illicitos
3388 3910 3552 3967 appe-

1957 3990 2086 4046 titus
2115 3989 2183 4045 de
2224 3988 2446 4045 indultte
2496 3986 2843 4043 beatitudinis
2872 3990 3093 4059 regione
3122 3986 3443 4059 decidimus,
3472 3994 3551 4048 sic

1959 4098 2057 4154 per
2083 4083 2393 4138 alimoniam
2424 4089 2515 4136 tuo
2542 4095 2766 4137 munere
2784 4068 3147 4149 distributam‘,
3173 4090 3228 4138 et
3245 4085 3549 4140 transitoria

1958 4184 2289 4231 sustentetur
2317 4173 2646 4240 humanitas,
2678 4180 2733 4227 et
2763 4172 2962 4231 amissa
3002 4186 3351 4244 recuperatur
3387 4187 3547 4234 mter.

1954 4264 2115 4323 nitas.
2150 4266 2270 4330 Per,
2296 4273 2404 4321 etc.
3495 4313 3503 4321 .

2036 4358 2174 4414 Vere
2196 4358 2432 4428 dignum.
2462 4356 2835 4413 Glorificantes
2873 4364 2929 4411 et
2970 4354 3037 4411 de
3062 4356 3347 4426 praeteritis
3381 4356 3548 4415 Crea-

1961 4463 2155 4519 torem,
2179 4452 2322 4509 etde
2350 4450 2593 4507 venturis
2623 4449 2888 4508 fructibus
2913 4458 3219 4517 exorantes,
3246 4460 3303 4508 ut
3332 4466 3451 4508 cum
3477 4453 3545 4510 de

257 4559 585 4616 necessariis
609 4559 800 4629 quibus
822 4558 1024 4629 indiget
1038 4559 1535 4625 bumanaconditio,
1549 4568 1857 4628 competen-
1960 4545 2228 4619 perceptis
2257 4560 2362 4601 non
2385 4542 2688 4600 invenimur
2711 4545 2928 4615 ingrati,
2959 4544 3026 4601 de
3056 4544 3414 4617 percipiendis
3438 4564 3544 4605 non

259 4653 626 4725 teradiuti,ad
659 4653 1071 4708 immortalitatis
1097 4654 1233 4710 dona
1258 4654 1717 4725 pervettiatiuPet‘,
1748 4665 1853 4713 etc.

462 4746 708 4803 Iuitatio
735 4746 892 4818 plebis
919 4748 971 4801 in
991 4749 1196 4819 jejunio
1228 4749 1414 4805 mensis
1444 4749 1650 4804 decimi.

319 4838 437 4896 Hoc
463 4838 800 4895 hebdomade
826 4839 983 4895 nobis
1028 4839 1231 4895 mensis
1272 4840 1468 4897 decimi
1500 4849 1628 4898 sunt
1656 4855 1845 4899 recen-

251 4934 415 4989 senda
468 4932 691 5002 ieiunia.
743 4935 1078 5002 QuaprOpter
1111 4934 1267 4989 [idem
1312 4944 1505 4990 vestrae
1546 4934 1848 4993 dilectionis

251 5027 534 5084 hortamur
564 5037 620 5083 nt
648 5028 834 5083 eadem
866 5038 1052 5098 quarta
1092 5038 1145 5083 et
1194 5038 1341 5084 sexta
1373 5030 1497 5084 feria
1526 5030 1698 5085 solitis
1727 5046 1848 5097 pro-

250 5126 593 5181 cessionibus
621 5135 999 5193 exsequentes,
1046 5124 1388 5179 sabbatorum
1422 5125 1510 5180 die
1544 5126 1644 5178 hoc
1673 5124 1845 5194 ipsum

249 5218 451 5291 vigiliis
495 5218 832 5277 solemnibus
858 5216 1199 5288 expleamus,
1249 5228 1511 5292 quatenus
1540 5216 1847 5292 apostolicis

320 5406 347 5436 ι
374 5397 526 5471 [lane
546 5398 789 5471 reperies
816 5398 868 5453 in
894 5396 1019 5455 eod.
1048 5398 1212 5469 Greg,
1255 5396 1494 5456 Mardi
1522 5398 1625 5456 fer.
1655 5397 1689 5456 ὅ
1722 5407 1842 5471 post

249 5466 588 5524 Dominicant
622 5469 917 5525 Passionis.

320 5539 695 5626 h‘C'pnsnnant
1060 5542 1333 5599 “uiator-ii
1366 5544 1417 5599 in
1446 5544 1603 5599 Missa
1628 5541 1839 5597 sabbati

246 5620 373 5683 post
400 5612 733 5668 Dominicam
760 5616 1050 5669 Passionis.

322 5694 348 5769 ξ
373 5683 519 5769 ginta
544 5686 852 5769 marginalia
882 5685 1275 5769 inﬁcodquAnte
1300 5686 1460 5769 cibos.

319 5752 349 5792 δ
372 5754 593 5827 Legitur
623 5752 687 5812 in'
713 5756 872 5814 codd.
918 5755 1079 5825 Greg.
1114 5756 1385 5813 Muratorii
1427 5773 1490 5812 ac
1535 5758 1588 5812 in
1636 5756 1839 5812 Mtssali

249 5826 412 5887 BM.
449 5830 545 5883 ter.
566 5829 603 5883 Ξ
631 5839 750 5899 post
782 5828 992 5883 Domin.
1025 5829 1313 5884 Passionis.

326 5910 350 5937 ο
374 5899 557 5955 Codex
591 5898 769 5967 habet,
802 5911 847 5955 et
871 5902 1113 5955 esuriens.
1139 5898 1243 5954 Sed
1267 5900 1467 5953 notavit
1492 5899 1835 5953 Blancliinius

251 5974 484 6032 esuriens
514 5973 769 6043 scriptum
800 5972 960 6031 fuisse
992 5987 1089 6043 pro
1113 5970 1321 6037 esuries,
1354 5970 1427 6025 uti
1458 5971 1585 6028 alibi
1614 5968 1835 6041 praeier-

1955 4640 2259 4713 iudicemur
2284 4637 2519 4707 indigni;
2548 4636 2640 4693 sed
2680 4636 2919 4693 exhibita
2958 4636 3139 4709 potius
3185 4638 3413 4696 solemni
3452 4638 3547 4696 de-

1880 4723 1936 4785 D
1965 4737 2177 4792 votione
2194 4734 2406 4806 ieiunii,
2432 4748 2552 4789 cum
2574 4732 2825 4788 subsidiis
2846 4733 3223 4803 corporalibus
3239 4735 3541 4809 profectum

1956 4830 2228 4902 capiamus
2258 4828 2579 4883 animarum.
2605 4825 2727 4895 Per,
2753 4834 2857 4881 etc.

2028 4923 2397 4993 Percepimus,
2434 4918 2932 4991 Domine,gloriosa
2962 4923 3244 4993 mysteria,
3270 4924 3465 4996 quibus
3486 4924 3543 4979 in

1954 5020 2115 5075 terris
2144 5017 2368 5087 positos,
2393 5016 2502 5086 iam
2532 5016 2832 5079 caelestium
2878 5015 3040 5071 facias
3082 5032 3201 5073 esse
3236 5029 3535 5075 consortes.

1954 5116 2030 5171 'I‘u
2065 5116 2202 5169 inter
2230 5113 2354 5177 ista,
2386 5109 2412 5147 ιι
2443 5126 2537 5181 per
2569 5126 2689 5181 quas
2714 5110 2969 5176 vivimus,
2997 5110 3236 5181 guberna
3266 5128 3386 5181 nos,
3434 5113 3539 5170 Do.

1952 5211 2115 5277 mine,
2144 5220 2473 5279 quaesumus,
2503 5214 2560 5261 ut
2587 5202 2655 5263 ad
2684 5203 2777 5263 illa
2802 5206 3085 5279 perducas.
3118 5204 3241 5273 Per,
3270 5213 3377 5265 etc.

1950 5407 2037 5453 tur
2060 5394 2349 5450 thensauris
2372 5408 2468 5464 pro
2496 5390 2771 5455 thesauris,
2800 5390 3029 5464 obtunsis
3054 5403 3149 5458 pro
3166 5388 3380 5455 obtusis,
3404 5405 3533 5464 gun-

1948 5470 2077 5524 tiens
2103 5482 2199 5538 pro
2223 5459 2439 5538 quoties.
2470 5464 2617 5538 Hine
2635 5460 2937 5538 necessaria
2964 5476 3067 5515 non
3109 5468 3193 5515 est
3229 5459 3532 5538 emendatio

1947 5531 2119 5612 quam'
2138 5531 2343 5611 recepit
2367 5537 2690 5594 Muratoritas
2711 5534 2988 5591 esurientes
3016 5541 3220 5587 sacrate
3244 5531 3418 5587 tibatio
3439 5548 3528 5586 nos

1946 5613 2131 5683 reﬁcit.

2023 5683 2041 5721 ι
2072 5684 2195 5738 Haec
2223 5682 2507 5739 exhibetur
2536 5680 2591 5736 in
2612 5676 2810 5735 Missali
2831 5676 2991 5734 Rom.
3025 5677 3163 5734 inter
3189 5691 3525 5745 communes,

1948 5765 2172 5826 tempore
2198 5755 2366 5826 famis.

2019 5822 2276 5881 s'lbidetn
2305 5827 2358 5880 in
2390 5822 2578 5879 eodem
2602 5824 2871 5878 communi
2901 5823 3114 5893 legitur.

2016 5896 2042 5933 h
2060 5899 2238 5953 Codex
2265 5912 2379 5966 quis
2401 5896 2517 5949 sine
2539 5911 2645 5962 per.
2680 5892 3023 5954 Blancltinius
3047 5896 3229 5954 mallet
3258 5910 3376 5965 quo.
3404 5892 3523 5950 Mtt-

1947 5970 2134 6028 ratorii
2166 5967 2593 6027 emendationem
2624 5968 2973 6039 praetulimus.
