4018 6314
473 354 565 415 Ml

1454 340 1684 402 OPERA
1724 342 1779 399 S.
1822 336 2028 398 LEONI
2066 336 2303 399 MAGNO
2340 335 2751 397 ATTRIBUTA.

3640 339 3769 397 112

540 464 763 534 Adesto,
794 462 1040 530 Domine,
1066 459 1400 534 supplicibus
1451 460 1577 525 tuis,
1608 468 1661 513 et
1700 472 1851 526 spem
1898 470 2050 510 suam
2077 457 2130 517 Δ
2156 457 2424 527 pulorum,
2457 465 2512 513 et
2544 456 2687 528 quod
2718 466 2742 496 ο
2771 440 3071 511 mortalitas
3106 453 3376 511 contrahit
3407 455 3566 529 109
3585 455 3767 529 fragi-

468 560 525 616 in
557 568 644 614 tua
688 554 1058 613 misericordia
1107 554 1430 610 collocantes
1485 559 1638 606 tuere
1673 550 1834 622 108
1877 548 2057 619 propi-

468 652 602 719 tius;
629 658 689 706 ut
726 664 756 704 a
789 657 1128 720 peccatorum
1168 647 1288 702 labe
1325 643 1559 700 mundati
1586 643 1641 697 in
1698 654 1882 697 sancta
1927 655 2057 696 con-

463 743 773 801 versatione
795 748 1164 813 permaneant,
1182 750 1237 795 et
1260 747 1655 807 consequentes
1678 733 2056 790 sufﬁcientiam

467 835 846 907 temporalem,
878 832 1252 904 promissionis
1279 838 1384 885 tuae
1405 828 1756 899 perficiantur
1783 825 2050 882 heredes.

464 928 592 997 Per,
623 940 731 985 etc.

535 1024 629 1080 χι.
656 1022 792 1080 Item
807 1026 933 1080 alia.
955 1050 1028 1065 ——
1048 1016 1318 1083 Concede,
1348 1030 1677 1086 quaesumus,
1709 1013 1959 1077 Domine,
1996 1019 2055 1065 ut

462 1117 531 1173 ad
576 1132 765 1188 preces
803 1128 917 1173 tuas
952 1113 1113 1170 corda
1155 1121 1335 1167 nostra
1378 1109 1680 1174 ﬂectamus,
1710 1120 1765 1162 et
1804 1122 1925 1162 esse
1958 1103 2056 1161 tibi

462 1211 747 1282 possibilia
768 1219 956 1266 cuncta
997 1207 1252 1273 ﬁdentes,
1279 1220 1386 1260 non
1412 1204 1483 1259 de
1505 1204 1895 1258 elementorum
1930 1215 2055 1270 pro-

463 1305 633 1359 futura
658 1304 810 1358 nobis
836 1316 1118 1372 speremus
1146 1298 1362 1365 eﬁ‘ectu,
1386 1297 1481 1352 sed
1505 1295 1575 1351 de
1605 1304 1692 1349 tua
1714 1294 1909 1350 virtute
1928 1308 2055 1363 sup-

450 1396 673 1466 pliciter
697 1394 1067 1464 imploremus.
1102 1393 1228 1459 Per,
1256 1399 1362 1447 etc.

528 1489 799 1545 Virtutum
823 1488 1154 1552 cmlestium,
1177 1488 1337 1553 Deus,
1356 1487 1447 1556 qui
1480 1484 1631 1555 plura
1653 1493 1878 1553 praestas
1890 1498 2049 1553 quam

456 1580 689 1652 petimus
716 1590 813 1635 aut
836 1595 1131 1640 meremur,
1162 1579 1355 1643 tribue,
1378 1591 1705 1646 quaesumus,
1742 1584 1799 1628 ut
1826 1585 1913 1628 tua
1957 1589 2052 1628 no-

456 1674 541 1731 bis
591 1673 959 1730 misericordia
1008 1671 1347 1736 conferatur,
1393 1668 1536 1737 quod
1587 1679 1894 1723 nostrorum
1943 1681 2048 1721 non

458 1766 625 1821 habet
653 1765 842 1820 ﬁducia
872 1764 1208 1819 meritorum.
1252 1762 1375 1829 Per,
1416 1772 1523 1816 etc.

2160 550 2329 618 litate,
2361 550 2601 620 purifica,
2619 558 2676 605 ut
2696 558 2884 605 cuncta
2906 548 3142 621 pericula
3176 549 3371 604 mentis
3400 557 3456 604 et
3477 551 3764 619 corporis,

2162 652 2213 700 te
2242 644 2597 714 propellente,
2629 642 2929 711 declinans,
2956 654 3040 698 tua
3071 642 3439 699 consolatione
3466 642 3761 710 subsistat,

2158 750 2221 791 ac
2281 746 2367 791 tua
2441 737 2610 807 gratia
2667 736 2945 808 promissae
3003 734 3390 805 redemptionis
3438 734 3765 805 perﬁciatur

2157 826 2185 864 ἀ
2218 828 2519 883 ὴωτθάἰιεε.
2547 827 2667 891 Per,
2696 837 2802 883 etc.

2228 919 2345 978 Xll.
2378 918 2510 975 Item
2534 919 2753 975 alia.”
2772 920 3114 988 Quaesumus,
3137 918 3479 990 omnipotens
3507 919 3680 987 Deus,
3699 927 3765 974 ut

2157 1023 2212 1068 et
2257 1022 2465 1068 mentes
2501 1023 2714 1069 nostras
2748 1014 3057 1070 coelestibus
3102 1014 3340 1085 corrigas
3376 1012 3666 1081 institutis,
3703 1023 3764 1069 et

2156 1108 2415 1163 beneﬁcia
2442 1118 2528 1163 tua
2553 1124 2659 1163 non
2677 1108 2891 1163 desinas
2912 1117 3170 1178 praestare
3198 1107 3476 1163 correctis.
3495 1107 3618 1174 Per,
3639 1117 3735 1163 etc

2228 1202 2308 1257 Ad
2346 1204 2528 1259 hostes
2563 1212 2801 1274 nostros,
2845 1203 3094 1271 Domine,
3136 1202 3488 1274 superandos,
3522 1212 3758 1273 praesta,

2155 1312 2483 1369 quazsumus,
2512 1308 2567 1353 ut
2594 1299 2853 1353 auxilium
2888 1306 3035 1352 tuum
3061 1297 3280 1367 jejuniis
3310 1296 3405 1352 tibi
3448 1296 3664 1367 placitis
3701 1304 3761 1352 et

2154 1390 2308 1446 bonis
2332 1390 2585 1459 operibus
2612 1392 2978 1462 impetremus.
3016 1392 3134 1457 Per,
3166 1384 3273 1447 etc.

2225 1483 2305 1539 Ad
2328 1484 2541 1549 altaria,
2574 1483 2823 1549 Domine,
2849 1483 3155 1539 veneranda
3185 1498 3306 1539 cum
3353 1483 3544 1539 hostiis
3569 1484 3760 1542 laudis

2153 1574 2482 1631 accedimus.
2507 1576 2637 1642 Fac,
2662 1592 2994 1647 quaesumus,
3020 1586 3078 1631 ut
3106 1587 3161 1632 et
3186 1576 3572 1648 indulgentiam
3598 1588 3756 1636 tuam

2152 1666 2310 1722 nobis
2339 1668 2629 1724 concilient
2656 1679 2711 1725 et
2741 1669 2998 1726 favorem.
3025 1668 3147 1735 Per,
3172 1680 3278 1725 etc.

2228 1768 2251 1797 °
2276 1759 2415 1816 Vere
2443 1762 2685 1831 dignum.
2717 1761 2819 1830 Qui
2860 1777 2958 1817 nos
2981 1762 3123 1828 ideo,
3153 1762 3395 1818 collectis
3431 1771 3593 1819 terrae
3632 1763 3760 1819 fru-

530 1869 555 1898 ι
604 1859 767 1927 Deus,
810 1859 899 1929 qui
941 1858 1205 1927 praevenis
1255 1866 1377 1910 vota
1433 1853 1788 1923 poscentium,
1843 1851 2042 1919 tribue,
2074 1841 2124 1903 Β
2149 1854 2345 1924 ctibus,
2374 1871 2470 1926 per
2497 1857 2878 1913 abstinentiam
2906 1857 2999 1912 tibi
3039 1856 3235 1926 gratias
3262 1856 3467 1913 referre
3490 1859 3739 1925 voluisti,

455 1964 781 2024 quaesumus,
815 1960 873 2005 ut
903 1958 957 2003 et
995 1946 1269 2018 corporeis
1299 1960 1401 2000 non
1436 1945 1792 2000 destituamur
1820 1942 2045 1997 alimen-

456 2044 545 2111 tis,
574 2054 627 2098 et
656 2042 723 2098 ab
755 2042 987 2095 hostium
1022 2038 1308 2094 formidine
1340 2037 1650 2091 liberemur.
1678 2034 1798 2098 Per,
1827 2042 1932 2089 etc.

527 2137 754 2193 Domine
773 2136 937 2202 Deus,
957 2135 1047 2205 qui
1074 2133 1343 2202 fragilitati
1370 2140 1565 2186 nostrai
1582 2146 1699 2200 quae
1724 2138 2040 2200 congruant,

455 2240 508 2287 et
538 2229 800 2301 praavides
822 2228 967 2283 solus
984 2235 1036 2281 et
1051 2226 1322 2296 provides,
1338 2230 1532 2293 praesta
1552 2232 1674 2277 utet
1688 2220 2043 2291 praesentibus

454 2323 739 2380 fulciamur
766 2321 1001 2386 auxiliis,
1032 2330 1087 2374 et
1134 2322 1459 2374 instruamur
1499 2318 1736 2371 aeternis.
1779 2315 1902 2383 Per,
1932 2324 2038 2370 etc.

526 2418 643 2473 Tua
687 2431 804 2482 nos,
835 2413 1090 2477 Domine,
1131 2427 1472 2482 quaesumus,
1534 2410 1733 2481 pietate
1777 2408 2035 2478 dispone,

453 2512 577 2582 quia
611 2510 769 2564 nullis
802 2508 1079 2578 egebimus
1107 2504 1451 2575 adjumentis,
1476 2502 1523 2559 si
1556 2512 1659 2557 tuae
1690 2499 2042 2572 providentia:

454 2604 741 2661 clementia
764 2605 1148 2673 gubernemur.
1171 2600 1296 2670 Per,
1327 2610 1432 2655 etc.

532 2698 730 2769 Dirige,
762 2694 1013 2758 Domine,
1041 2705 1369 2763 quaesumus,
1415 2690 1713 2746 Ecclesiam
1754 2698 1897 2743 tuam
1928 2686 2040 2742 dis-

455 2791 771 2862 pensatione
805 2789 1034 2855 coelesti,
1072 2798 1129 2842 ut
1158 2802 1279 2858 qua:
1317 2796 1441 2841 ante
1485 2785 1669 2840 mundi
1707 2785 2057 2859 principium.

451 2887 506 2941 in
535 2892 624 2940 tua
668 2899 883 2955 semper
926 2892 1010 2938 est
1052 2882 1339 2951 praesentia
1385 2888 1700 2949 praeparata,
1747 2892 1918 2945 usque
1967 2877 2035 2931 ad

452 2976 837 3048 plenitudinem
868 2974 1205 3046 gloriamque
1240 2971 1582 3042 promissam,
1617 2980 1669 3025 te
1698 2968 2034 3035 moderante,

452 3068 750 3138 perveniat.
779 3068 904 3134 Per,
936 3074 1042 3123 etc.

2148 1956 2209 2003 ut
2238 1963 2306 2003 ex
2334 1948 2500 2018 ipsius
2531 1948 2828 2005 devotionis
2867 1965 3066 2020 genere
3110 1965 3452 2005 nosceremus
3482 1966 3587 2005 non
3623 1951 3750 2007 haec

2151 2039 2218 2093 ad
2249 2040 2652 2096 exuberantiam
2698 2043 3055 2112 corporalem,
3081 2041 3175 2097 sed
3203 2041 3269 2097 ad
3305 2042 3607 2113 fragilitatis
3636 2058 3751 2099 nos

2145 2130 2528 2188 sufﬁcientiam
2558 2133 2887 2203 percepisse,
2930 2142 2983 2188 et
3012 2134 3154 2204 quod
3184 2149 3249 2188 ex
3282 2133 3367 2189 his
3397 2135 3608 2202 parcius
3644 2149 3750 2189 su-

2144 2238 2437 2289 meremus,
2461 2225 2732 2295 egentium
2756 2226 3043 2295 proﬁceret
3071 2226 3348 2296 alimento,
3373 2234 3505 2282 utet
3531 2226 3747 2280 saluta-

2142 2315 2221 2369 ris
2245 2317 2527 2387 castigatio
2572 2318 2912 2373 mortalitatis
2960 2318 3303 2373 insolentiam
3352 2317 3638 2389 mitigaret,
3676 2328 3743 2375 et

2143 2409 2316 2478 pietas
2352 2410 2653 2468 imitatores
2682 2427 2781 2468 nos
2823 2420 2927 2466 tua:
2953 2412 3303 2482 benignitatis
3325 2412 3598 2479 efﬁceret;
3628 2412 3743 2468 sic-

2142 2518 2248 2573 que
2277 2503 2435 2558 donis
2461 2506 2845 2575 temporalibus
2884 2516 3183 2573 uteremur,
3211 2514 3268 2561 ut
3294 2506 3621 2563 disceremus
3649 2505 3737 2562 in-

2142 2592 2294 2649 hiare
2318 2597 2609 2665 perpetuis.
2640 2597 2761 2661 Per,
2799 2608 2904 2654 etc.

2218 2686 2239 2726 ί
2273 2687 2491 2745 Prosint
2516 2691 2691 2759 nobis,
2719 2692 2962 2757 Domine,
2995 2708 3321 2763 quzesumus,
3348 2701 3559 2764 sumpta
3586 2706 3734 2766 mys-

2142 2781 2299 2849 teria,
2333 2785 2641 2855 pariterque
2672 2800 2767 2839 nos
2791 2794 2845 2839 et
2873 2800 2900 2839 a
2934 2787 3169 2856 peccatis
3206 2797 3430 2854 exuant,
3454 2799 3509 2844 et
3542 2790 3735 2860 prasi-

2139 2876 2241 2931 diis
2274 2887 2378 2933 tua:
2411 2876 2809 2946 propitiationis
2837 2877 3105 2933 attollant.
3141 2879 3262 2946 Per,
3288 2890 3395 2936 etc.

2209 2970 2458 3041 Respice,
2486 2969 2733 3039 Domine,
2757 2970 2971 3027 familiae
3004 2982 3108 3027 tua:
3137 2988 3340 3044 preces,
3364 2982 3417 3028 et
3441 2990 3603 3042 opem
3634 2977 3735 3033 tri-

2139 3064 2242 3119 bue
2288 3064 2598 3135 suppliciter
2633 3064 2968 3135 imploranti;
2994 3075 3051 3121 ut
3078 3067 3327 3137 congruis
3357 3067 3620 3125 subsidiis
3670 3072 3730 3130 in

520 3164 714 3227 Tanto,
744 3158 1330 3232 quaesumus,Domine,
1350 3156 1588 3227 placatus
1608 3168 1843 3221 assume,
1863 3168 2037 3224 quan-
2135 3156 2475 3213 confessione
2503 3157 2579 3212 tui
2609 3158 2839 3213 nominis
2874 3168 3207 3227 perseveret.
3236 3158 3358 3224 Per,
3391 3170 3500 3217 etc.

450 3266 506 3311 to
526 3256 819 3311 sacrandas
856 3253 1059 3308 nomini
1091 3262 1182 3307 tuo
1210 3252 1304 3307 has
1337 3249 1640 3321 specialiter
1672 3248 1873 3303 hostias
1900 3246 1929 3286 δ
1951 3246 2035 3301 in-
2060 3235 2106 3299 C
2210 3246 2351 3304 Xlll.
2401 3247 2538 3302 Item
2574 3250 2782 3303 alia.——
2811 3249 2987 3305 Mores
3033 3258 3269 3318 nostros,
3302 3250 3552 3321 Domine,
3578 3270 3723 3325 quae-

452 3348 658 3413 didisti,
688 3354 750 3401 ut
788 3344 1045 3415 quidquid
1092 3352 1295 3398 nostrae
1339 3358 1446 3396 non
1477 3341 1725 3411 expletur
1758 3338 2035 3395 servitutis

450 3437 1012 3507 ofﬁcio,iudulgentim
1034 3445 1135 3490 tuae
1162 3434 1469 3505 dignatione
1496 3443 1769 3504 pensetur.
1787 3432 2032 3500 Per,etc.

523 3531 662 3587 Vere
694 3530 935 3600 dignum.
957 3528 1091 3596 Quia
1130 3536 1234 3582 tua:
1274 3526 1493 3581 rationis
1533 3526 1842 3595 imaginem,
1874 3539 2033 3579 mun-

450 3624 605 3679 danis
633 3621 941 3694 regionibus
979 3620 1345 3687 constitutam,
1380 3629 1434 3688 et
1459 3619 1710 3674 humanis
1756 3634 1862 3674 non
1895 3618 2037 3674 desi-

449 3717 533 3772 nis
561 3716 740 3772 fovero
761 3714 1038 3782 subsidiis,
1063 3722 1116 3770 et
1142 3711 1435 3769 reformare
1456 3710 1669 3766 divinis.
1686 3709 2034 3780 Consequens

449 3810 593 3865 enim
621 3809 720 3865 fuit
746 3817 805 3863 ut
849 3806 1135 3863 transactis
1180 3815 1338 3862 terrae
1380 3804 1667 3870 fructibus,
1696 3803 1919 3859 cmleste
1949 3817 2035 3857 se-

451 3919 570 3959 men
598 3903 855 3969 oriretur,
878 3910 933 3957 et
963 3899 1217 3956 alimonia
1244 3899 1369 3955 vita:
1394 3897 1638 3954 mortalis
1662 3897 2035 3967 expleta,ger-

449 4013 574 4053 men
610 3994 1026 4051 immortalitatis
1053 3995 1328 4050 existeret.
1361 3995 1536 4063 Atque
1565 3993 1705 4048 escis
1729 3991 2033 4048 carnalibus

449 4087 741 4160 expeditis,
773 4087 924 4143 cibus
957 4095 1267 4143 nasceretur
1291 4085 1606 4141 mirabiliter
1626 4084 1949 4151 animarum,
1968 4099 2031 4141 ac

449 4190 690 4250 tempore
715 4178 985 4246 frumenti,
1018 4180 1127 4234 vini
1154 4188 1209 4235 et
1234 4178 1341 4234 olei
1365 4192 1489 4234 mox
1512 4188 1754 4249 peracto,
1784 4177 2032 4234 ineﬁ'ahi-

447 4273 569 4329 liter
597 4274 872 4341 ederetur,
900 4273 995 4345 qui
1030 4274 1153 4330 ﬁliis
1186 4274 1301 4341 Dei,
1328 4272 1395 4329 ttd
1421 4273 1827 4329 similitudinem
1860 4275 2026 4344 proﬁ-

448 4366 714 4421 cientibus
743 4365 1076 4435 angelorum,
1109 4364 1212 4421 hoc
1239 4373 1431 4435 totum,
1455 4379 1561 4421 non
1593 4367 1765 4421 solum
1796 4366 1863 4421 de
1894 4368 2031 4423 ctelo

448 4456 747 4511 substantia
775 4454 1010 4511 deferret
1048 4466 1102 4511 et
1140 4456 1376 4523 nomine,
1407 4456 1503 4513 sed
1535 4472 1729 4526 panem
1764 4459 2031 4528 praeberet

449 4555 731 4604 aeternum.
764 4548 888 4617 Per,
919 4556 1024 4604 etc.

2138 3354 2342 3406 sumus,
2375 3349 2465 3395 tua
2505 3340 2703 3412 pietate
2749 3356 3033 3412 compone,
3063 3352 3119 3397 ut
3160 3353 3216 3399 et
3258 3344 3405 3399 nulla
3435 3346 3582 3401 nobis
3609 3346 3707 3400 do-

2139 3436 2410 3491 minentur
2438 3434 2689 3505 adversa,
2722 3443 2779 3492 et
2820 3436 3075 3493 salutaria
3118 3447 3311 3495 cuncta
3365 3453 3464 3495 non
3508 3438 3705 3495 desint.

2137 3528 2262 3598 Per,
2292 3538 2397 3585 etc.

2208 3630 2234 3670 8
2263 3619 2335 3678 Ut
2360 3621 2567 3678 cunctis
2597 3636 2717 3689 nos,
2751 3622 2999 3690 Domine,
3025 3622 3210 3680 foveas
3249 3625 3592 3696 adjumentis,
3611 3625 3719 3682 tuis

2134 3725 2259 3788 apta
2292 3717 2553 3788 propitius
2575 3710 2893 3789 discipdinis.
2926 3719 3051 3788 Per,
3078 3730 3184 3777 etc.

2207 3808 2548 3867 Sacriﬁcium
2603 3812 2895 3867 deferimus
2945 3812 3013 3869 de
3067 3813 3415 3885 perceptione
3462 3823 3677 3870 tuorum
3706 3855 3721 3880 ,

2134 3903 2383 3971 Domine,
2414 3906 2796 3975 praestitorum,
2825 3914 2884 3961 ut
2919 3906 3268 3977 percipienda
3312 3908 3558 3964 securius
3595 3908 3727 3966 ube-

2132 3999 2354 4070 riusque
2379 4015 2681 4056 sumamus.
2707 3999 2835 4067 Per,
2867 4008 2971 4057 etc.

2208 4092 2367 4164 110
2393 4091 2534 4148 Vere
2581 4092 2818 4163 dignum.
2847 4091 3126 4165 Simulque
3155 4109 3255 4165 pro
3291 4109 3519 4151 munere
3559 4110 3726 4166 gene-

2131 4185 2229 4241 rali
2260 4201 2367 4257 quo
2393 4186 2724 4253 vivimus,_et
2748 4201 2846 4259 pro
2887 4187 3112 4258 singulis
3137 4188 3436 4259 quibusque
3467 4188 3724 4244 subsidiis

2133 4290 2276 4336 tuam
2305 4280 2729 4337 muniﬁcentiam
2768 4280 3091 4351 pradicare;
3120 4278 3151 4319 δ
3177 4297 3243 4336 ne
3271 4282 3498 4337 conlatis
3526 4281 3723 4351 ingrati

2131 4373 2430 4439 beneficiis,
2455 4373 2798 4431 conferendis
2826 4374 3119 4445 probemur
3155 4374 3381 4445 indigni,
3414 4375 3721 4446 meritoque

2132 4466 2524 4523 transeuntium
2568 4482 2746 4524 rerum
2778 4468 2955 4537 potius
2990 4467 3453 4524 consolationibus
3492 4467 3720 4538 adjuve-

2130 4574 2274 4624 mur,
2309 4558 2356 4614 si
2400 4559 2540 4614 bona
2589 4574 2846 4615 mansura
2897 4574 3002 4616 non
3043 4561 3282 4631 segnius,
3310 4574 3467 4617 sacro
3508 4558 3723 4630 jejunio

520 4639 758 4696 Gratiam
808 4649 951 4696 tuam
996 4641 1170 4708 nobis,
1204 4642 1452 4710 Domine,
1478 4658 1692 4715 semper
1729 4647 2032 4703 accumulet
2052 4614 2109 4676 D
2134 4614 2371 4724 purgatis
2396 4652 2667 4721 sensibus,
2694 4662 3030 4725 appetamus.
3064 4614 3190 4722 921-,
3213 4614 3322 4711 etc.

449 4731 619 4788 divini
660 4734 993 4805 participatio
1047 4736 1409 4805 sacramenti,
1454 4748 1508 4792 et
1557 4753 1651 4793 sua
1691 4754 1790 4795 nos
1832 4740 2030 4798 virtute

448 4824 774 4896 mundando,
808 4830 939 4883 tanti
978 4829 1215 4884 muneris
1259 4844 1485 4895 capaces
1514 4829 1732 4887 efficiat.
1763 4833 1887 4899 Per,
1918 4842 2024 4891 etc.

516 4918 774 5005 Absolve,
796 4918 1041 4988 Domine,
1082 4935 1409 4993 qumsumus,
1439 4931 1654 4981 tuorum
1695 4925 1888 4985 delicta
1932 4943 2029 5000 po-

515 5164 542 5225 !
572 5151 629 5225 In
658 5152 898 5225 margine
922 5154 1067 5222 cod.,
1100 5154 1231 5209 Ante
1257 5154 1415 5211 cibos.

514 5224 544 5265 δ
576 5223 744 5295 Magis
771 5223 1004 5293 placeret
1035 5226 1289 5281 indixisti.

517 5308 539 5335 ε
568 5294 750 5385 Clade:
798 5297 1058 5385 mendose
1092 5298 1581 5385 mortalitatis,_nisi
1633 5302 1917 5385 legendum
1957 5304 2031 5361 sit

444 5369 642 5495 pgnrali
675 5384 897 5423 numero
944 5370 1273 5438 contrahunt,
1316 5381 1371 5425 et
1420 5372 1667 5430 similiter
1691 5369 1749 5429 in
1792 5390 2026 5446 sequen-

444 5448 484 5494 ιι
526 5456 605 5494 us.
1798 5475 1804 5481 .

443 5441 605 5494 tibus.
1798 5475 1804 5481 .

514 5509 542 5551 ά
570 5511 658 5566 Sic
683 5512 871 5567 codex.
896 5512 1235 5581 Muratorius,
1261 5512 1442 5569 haeres.

520 5591 544 5619 θ
570 5581 664 5656 Est
698 5583 941 5656 praefatio
994 5586 1140 5640 feriae
1180 5586 1213 5640 4
1254 5586 1456 5642 mensis
1502 5587 1715 5656 septimi
1758 5587 1812 5644 in
1860 5588 2022 5646 codd.

445 5651 807 5731 Gregoriani.s.
836 5654 1071 5731 I_._eonina
1112 5657 1363 5731 dictioin
1416 5658 1513 5713 hac
1542 5651 1595 5713 εἰ
1625 5660 1743 5716 aliis
1772 5660 1930 5731 hujus
1960 5662 2025 5717 ti-

446 5724 538 5795 tuli
569 5723 962 5795 praefationibus
990 5729 1228 5795 praeferri
1254 5729 1484 5784 videtur.

445 5867 476 5922 ὁ
522 5792 631 5876 {in
666 5792 1093 5852 Sacramentario
1136 5800 1293 5870 Greg.
1331 5801 1565 5857 Menardi
1616 5801 1718 5857 fer.
1744 5802 1776 5859 6
1824 5804 2024 5862 mensis

482 5881 656 5922 OCIIHI.

482 5881 656 5922 οειηιι.

2202 4746 2425 4813 Praesta,
2456 4745 2704 4812 Domine,
2738 4761 3068 4816 quaesumus,
3098 4754 3160 4803 ut
3196 4745 3582 4817 temporalibus
3607 4758 3720 4802 non

2130 4838 2486 4897 destituamur
2517 4839 2754 4910 auxiliis,
2782 4854 2919 4911 quos
2951 4840 3220 4898 alimoniis
3265 4841 3443 4913 pascis
3471 4838 3715 4897 aeternis.

2130 4934 2257 5005 Per,
2278 4943 2383 4992 etc.

2208 5172 2235 5212 τ
2260 5163 2319 5220 in
2340 5164 2499 5221 codd.
2529 5164 2753 5235 Gregor.
2781 5163 3056 5222 Muratorii
3084 5174 3261 5222 exstat
3279 5166 3418 5223 inter
3438 5165 3720 5223 orationes

2133 5237 2468 5305 vespertinas
2496 5245 2552 5292 et
2577 5235 2892 5309 matutinas;
2920 5236 3062 5309 apud
3080 5237 3389 5295 Menardum
3416 5252 3546 5295 vero
3576 5238 3720 5293 inter

2133 5310 2405 5379 orationes
2426 5307 2787 5379 quotidianas.

2207 5374 2237 5415 ιι
2263 5374 2467 5443 Codex,
2499 5396 2560 5433 ne
2580 5396 2681 5434 non
2701 5378 2843 5447 latis,
2866 5379 3145 5437 mendose.
3182 5381 3505 5437 Muratorius
3532 5394 3725 5435 emen-

2135 5448 2301 5517 davit,
2334 5460 2389 5503 ut
2411 5467 2512 5504 non
2541 5449 2680 5504 latis.
2709 5450 3003 5507 Blanchinii
3048 5454 3439 5509 correctionem
3466 5452 3726 5509 secundis

2134 5524 2280 5577 curis
2321 5521 2751 5595 Sacramentario
2789 5522 3122 5595 praemissam
3164 5526 3490 5595 recepimus,
3520 5522 3726 5593 quippe

2133 5591 2563 5664 qttaepraifertur
2589 5595 2644 5648 in
2686 5591 3006 5650 hac'eadem
3036 5591 3728 5664 oratione’inferius‘repe-

2129 5661 2227 5717 tita
2256 5661 2283 5737 ς
2311 5663 2402 5731 29,
2433 5665 2590 5737 Missa
2619 5679 2723 5737 Ali,
2764 5680 2833 5721 ex
2852 5736 2859 5737 ί
2879 5679 3003 5737 qua
3031 5666 3191 5735 paulo
3231 5677 3355 5737 post
3399 5661 3726 5737 scripsimus

2127 5736 2351 5809 segnius
2371 5749 2468 5806 pro
2494 5735 2710 5809 signina,
2743 5737 2819 5792 uti
2848 5735 2952 5795 hoc
2988 5735 3110 5793 loco
3150 5735 3324 5795 codex
3360 5735 3591 5795 erronee
3619 5752 3724 5793 ex-

2332 5802 2390 5864 iti
2413 5802 2602 5865 eadem
2639 5802 2801 5867 Missa
2844 5825 2899 5866 ιι
2934 5823 3033 5880 pro
3058 5810 3288 5868 sensibus
3310 5810 3540 5868 habetur
3568 5824 3733 5865 m-
