  <div class='ocr_page' id='page_1' title='image "/cluster/home/n/w/nwhite01/storage/ocr_20150623/55/hvd.32044015471592/062.png"; bbox 0 0 4018 6314; ppageno 0'>
   <div class='ocr_carea' id='block_1_1' title="bbox 271 411 378 468">
    <p class='ocr_par' dir='ltr' id='par_1_1' title="bbox 271 411 378 468">
     <span class='ocr_line' id='line_1_1' title="bbox 271 411 378 468; baseline 0.019 -2"><span class='ocrx_word' id='word_1_1' title='bbox 271 411 378 468; x_wconf 73' lang='grc' dir='ltr'><strong>1ίῦ</strong></span> 
     </span>
    </p>
   </div>
   <div class='ocr_carea' id='block_1_2' title="bbox 1110 401 2717 465">
    <p class='ocr_par' dir='ltr' id='par_1_2' title="bbox 1110 401 2717 465">
     <span class='ocr_line' id='line_1_2' title="bbox 1110 401 2717 465; baseline 0.004 -5"><span class='ocrx_word' id='word_1_2' title='bbox 1110 403 1304 461; x_wconf 80' lang='lat' dir='ltr'><strong>LIBER</strong></span> <span class='ocrx_word' id='word_1_3' title='bbox 1344 401 1950 460; x_wconf 70' lang='lat' dir='ltr'><strong>SACRAMEN&#39;I‘OHUM</strong></span> <span class='ocrx_word' id='word_1_4' title='bbox 1996 402 2349 461; x_wconf 61' lang='lat' dir='ltr'><strong>ECCLESIJE</strong></span> <span class='ocrx_word' id='word_1_5' title='bbox 2387 407 2717 465; x_wconf 55' lang='lat' dir='ltr'><strong>ROMANI.</strong></span> 
     </span>
    </p>
   </div>
   <div class='ocr_carea' id='block_1_3' title="bbox 3446 410 3547 467">
    <p class='ocr_par' dir='ltr' id='par_1_3' title="bbox 3446 410 3547 467">
     <span class='ocr_line' id='line_1_3' title="bbox 3446 410 3547 467; baseline 0 -2"><span class='ocrx_word' id='word_1_6' title='bbox 3446 410 3547 467; x_wconf 72' lang='grc' dir='ltr'><strong>ιιι</strong></span> 
     </span>
    </p>
   </div>
   <div class='ocr_carea' id='block_1_4' title="bbox 348 522 3547 601">
    <p class='ocr_par' dir='ltr' id='par_1_4' title="bbox 348 522 3547 601">
     <span class='ocr_line' id='line_1_4' title="bbox 348 522 3547 601; baseline 0.001 -15"><span class='ocrx_word' id='word_1_7' title='bbox 348 539 375 568; x_wconf 76' lang='grc' dir='ltr'><strong>ι</strong></span> <span class='ocrx_word' id='word_1_8' title='bbox 408 530 655 595; x_wconf 87' lang='lat' dir='ltr'><strong>Sucurre,</strong></span> <span class='ocrx_word' id='word_1_9' title='bbox 682 530 923 598; x_wconf 88' lang='lat' dir='ltr'><strong>Domine,</strong></span> <span class='ocrx_word' id='word_1_10' title='bbox 938 540 1267 599; x_wconf 62' lang='lat' dir='ltr'><strong>quaesumus,</strong></span> <span class='ocrx_word' id='word_1_11' title='bbox 1290 526 1489 596; x_wconf 91' lang='lat' dir='ltr'><strong>populo</strong></span> <span class='ocrx_word' id='word_1_12' title='bbox 1510 522 1851 595; x_wconf 73' lang='lat' dir='ltr'><strong>supplicanti,</strong></span> <span class='ocrx_word' id='word_1_13' title='bbox 1883 522 1937 582; x_wconf 76' lang='grc' dir='ltr'><strong>Δ</strong></span> <span class='ocrx_word' id='word_1_14' title='bbox 1965 530 2067 579; x_wconf 81' lang='lat' dir='ltr'><strong>tuae</strong></span> <span class='ocrx_word' id='word_1_15' title='bbox 2093 524 2186 579; x_wconf 88' lang='lat' dir='ltr'><strong>ulli</strong></span> <span class='ocrx_word' id='word_1_16' title='bbox 2215 525 2427 581; x_wconf 86' lang='lat' dir='ltr'><strong>deesset</strong></span> <span class='ocrx_word' id='word_1_17' title='bbox 2458 531 2634 595; x_wconf 64' lang='lat' dir='ltr'><strong>atati;</strong></span> <span class='ocrx_word' id='word_1_18' title='bbox 2664 546 2783 585; x_wconf 86' lang='lat' dir='ltr'><strong>cum</strong></span> <span class='ocrx_word' id='word_1_19' title='bbox 2805 539 2861 586; x_wconf 91' lang='lat' dir='ltr'><strong>et</strong></span> <span class='ocrx_word' id='word_1_20' title='bbox 2891 531 3031 601; x_wconf 86' lang='lat' dir='ltr'><strong>apud</strong></span> <span class='ocrx_word' id='word_1_21' title='bbox 3063 540 3271 587; x_wconf 84' lang='lat' dir='ltr'><strong>veteres</strong></span> <span class='ocrx_word' id='word_1_22' title='bbox 3296 546 3547 589; x_wconf 82' lang='lat' dir='ltr'><strong>reveren-</strong></span> 
     </span>
    </p>
   </div>
   <div class='ocr_carea' id='block_1_5' title="bbox 269 617 1853 692">
    <p class='ocr_par' dir='ltr' id='par_1_5' title="bbox 269 617 1853 692">
     <span class='ocr_line' id='line_1_5' title="bbox 269 617 1853 692; baseline -0.006 -13"><span class='ocrx_word' id='word_1_23' title='bbox 269 632 329 679; x_wconf 91' lang='lat' dir='ltr'><strong>et</strong></span> <span class='ocrx_word' id='word_1_24' title='bbox 352 637 508 692; x_wconf 92' lang='lat' dir='ltr'><strong>opem</strong></span> <span class='ocrx_word' id='word_1_25' title='bbox 554 630 698 676; x_wconf 88' lang='lat' dir='ltr'><strong>tuam</strong></span> <span class='ocrx_word' id='word_1_26' title='bbox 739 621 914 677; x_wconf 93' lang='lat' dir='ltr'><strong>tribue</strong></span> <span class='ocrx_word' id='word_1_27' title='bbox 964 620 1224 692; x_wconf 87' lang='lat' dir='ltr'><strong>benignus</strong></span> <span class='ocrx_word' id='word_1_28' title='bbox 1270 619 1521 685; x_wconf 90' lang='lat' dir='ltr'><strong>inﬁrmis,</strong></span> <span class='ocrx_word' id='word_1_29' title='bbox 1557 627 1613 673; x_wconf 91' lang='lat' dir='ltr'><strong>ut</strong></span> <span class='ocrx_word' id='word_1_30' title='bbox 1644 617 1853 673; x_wconf 89' lang='lat' dir='ltr'><strong>sincera</strong></span> 
     </span>
    </p>
   </div>
   <div class='ocr_carea' id='block_1_6' title="bbox 271 711 1855 785">
    <p class='ocr_par' dir='ltr' id='par_1_6' title="bbox 271 711 1855 785">
     <span class='ocr_line' id='line_1_6' title="bbox 271 711 1855 785; baseline -0.006 -13"><span class='ocrx_word' id='word_1_31' title='bbox 271 717 371 773; x_wconf 90' lang='lat' dir='ltr'><strong>tibi</strong></span> <span class='ocrx_word' id='word_1_32' title='bbox 402 726 581 772; x_wconf 92' lang='lat' dir='ltr'><strong>mente</strong></span> <span class='ocrx_word' id='word_1_33' title='bbox 624 715 833 782; x_wconf 89' lang='lat' dir='ltr'><strong>devoti,</strong></span> <span class='ocrx_word' id='word_1_34' title='bbox 858 725 914 771; x_wconf 90' lang='lat' dir='ltr'><strong>et</strong></span> <span class='ocrx_word' id='word_1_35' title='bbox 942 715 1224 785; x_wconf 64' lang='lat' dir='ltr'><strong>praesentis</strong></span> <span class='ocrx_word' id='word_1_36' title='bbox 1264 714 1388 769; x_wconf 74' lang='lat' dir='ltr'><strong>vita:</strong></span> <span class='ocrx_word' id='word_1_37' title='bbox 1432 711 1687 768; x_wconf 79' lang='lat' dir='ltr'><strong>remediis</strong></span> <span class='ocrx_word' id='word_1_38' title='bbox 1726 724 1855 781; x_wconf 86' lang='lat' dir='ltr'><strong>gau-</strong></span> 
     </span>
    </p>
   </div>
   <div class='ocr_carea' id='block_1_7' title="bbox 266 808 1033 874">
    <p class='ocr_par' dir='ltr' id='par_1_7' title="bbox 266 808 1033 874">
     <span class='ocr_line' id='line_1_7' title="bbox 266 808 1033 874; baseline -0.003 -11"><span class='ocrx_word' id='word_1_39' title='bbox 266 808 438 864; x_wconf 86' lang='lat' dir='ltr'><strong>deant</strong></span> <span class='ocrx_word' id='word_1_40' title='bbox 463 818 517 864; x_wconf 91' lang='lat' dir='ltr'><strong>et</strong></span> <span class='ocrx_word' id='word_1_41' title='bbox 539 808 754 865; x_wconf 71' lang='lat' dir='ltr'><strong>futurae.</strong></span> <span class='ocrx_word' id='word_1_42' title='bbox 780 808 905 874; x_wconf 88' lang='lat' dir='ltr'><strong>Per,</strong></span> <span class='ocrx_word' id='word_1_43' title='bbox 926 819 1033 865; x_wconf 86' lang='lat' dir='ltr'><strong>etc.</strong></span> 
     </span>
    </p>
   </div>
   <div class='ocr_carea' id='block_1_8' title="bbox 342 900 1853 966">
    <p class='ocr_par' dir='ltr' id='par_1_8' title="bbox 342 900 1853 966">
     <span class='ocr_line' id='line_1_8' title="bbox 342 900 1853 966; baseline -0.003 -10"><span class='ocrx_word' id='word_1_44' title='bbox 342 901 481 958; x_wconf 81' lang='lat' dir='ltr'><strong>XIV.</strong></span> <span class='ocrx_word' id='word_1_45' title='bbox 514 902 647 957; x_wconf 81' lang='lat' dir='ltr'><strong>Item</strong></span> <span class='ocrx_word' id='word_1_46' title='bbox 671 902 797 958; x_wconf 84' lang='lat' dir='ltr'><strong>alia.</strong></span> <span class='ocrx_word' id='word_1_47' title='bbox 820 932 888 944; x_wconf 96' lang='lat'><strong><em>—</em></strong></span> <span class='ocrx_word' id='word_1_48' title='bbox 906 902 985 958; x_wconf 81' lang='lat' dir='ltr'><strong>Ad</strong></span> <span class='ocrx_word' id='word_1_49' title='bbox 1012 911 1064 958; x_wconf 91' lang='lat' dir='ltr'><strong>te</strong></span> <span class='ocrx_word' id='word_1_50' title='bbox 1090 901 1249 957; x_wconf 81' lang='lat' dir='ltr'><strong>corda</strong></span> <span class='ocrx_word' id='word_1_51' title='bbox 1280 908 1485 966; x_wconf 90' lang='lat' dir='ltr'><strong>nostra,</strong></span> <span class='ocrx_word' id='word_1_52' title='bbox 1512 900 1671 954; x_wconf 89' lang='lat' dir='ltr'><strong>Pater</strong></span> <span class='ocrx_word' id='word_1_53' title='bbox 1698 903 1853 953; x_wconf 65' lang='lat' dir='ltr'><strong>atter-</strong></span> 
     </span>
    </p>
   </div>
   <div class='ocr_carea' id='block_1_9' title="bbox 264 992 1856 1065">
    <p class='ocr_par' dir='ltr' id='par_1_9' title="bbox 264 992 1856 1065">
     <span class='ocr_line' id='line_1_9' title="bbox 264 992 1856 1065; baseline -0.003 -17"><span class='ocrx_word' id='word_1_54' title='bbox 264 1010 359 1060; x_wconf 87' lang='lat' dir='ltr'><strong>ne,</strong></span> <span class='ocrx_word' id='word_1_55' title='bbox 392 1004 672 1061; x_wconf 84' lang='lat' dir='ltr'><strong>converte,</strong></span> <span class='ocrx_word' id='word_1_56' title='bbox 691 995 814 1065; x_wconf 83' lang='lat' dir='ltr'><strong>quia</strong></span> <span class='ocrx_word' id='word_1_57' title='bbox 838 994 998 1051; x_wconf 91' lang='lat' dir='ltr'><strong>nullis</strong></span> <span class='ocrx_word' id='word_1_58' title='bbox 1025 994 1342 1050; x_wconf 74' lang='lat' dir='ltr'><strong>necessariis</strong></span> <span class='ocrx_word' id='word_1_59' title='bbox 1366 992 1704 1063; x_wconf 89' lang='lat' dir='ltr'><strong>indigebunt,</strong></span> <span class='ocrx_word' id='word_1_60' title='bbox 1719 1004 1856 1061; x_wconf 87' lang='lat' dir='ltr'><strong>quos</strong></span> 
     </span>
    </p>
   </div>
   <div class='ocr_carea' id='block_1_10' title="bbox 266 1086 1641 1158">
    <p class='ocr_par' dir='ltr' id='par_1_10' title="bbox 266 1086 1641 1158">
     <span class='ocr_line' id='line_1_10' title="bbox 266 1086 1641 1158; baseline -0.003 -17"><span class='ocrx_word' id='word_1_61' title='bbox 266 1098 360 1141; x_wconf 91' lang='lat' dir='ltr'><strong>luo</strong></span> <span class='ocrx_word' id='word_1_62' title='bbox 381 1087 549 1141; x_wconf 93' lang='lat' dir='ltr'><strong>cultui</strong></span> <span class='ocrx_word' id='word_1_63' title='bbox 574 1089 888 1158; x_wconf 66' lang='lat' dir='ltr'><strong>praestiteris</strong></span> <span class='ocrx_word' id='word_1_64' title='bbox 912 1103 1033 1144; x_wconf 88' lang='lat' dir='ltr'><strong>esse</strong></span> <span class='ocrx_word' id='word_1_65' title='bbox 1058 1088 1348 1158; x_wconf 87' lang='lat' dir='ltr'><strong>subjectos.</strong></span> <span class='ocrx_word' id='word_1_66' title='bbox 1380 1086 1507 1151; x_wconf 87' lang='lat' dir='ltr'><strong>Per,</strong></span> <span class='ocrx_word' id='word_1_67' title='bbox 1536 1095 1641 1139; x_wconf 89' lang='lat' dir='ltr'><strong>etc.</strong></span> 
     </span>
    </p>
   </div>
   <div class='ocr_carea' id='block_1_11' title="bbox 344 1176 1861 1250">
    <p class='ocr_par' dir='ltr' id='par_1_11' title="bbox 344 1176 1861 1250">
     <span class='ocr_line' id='line_1_11' title="bbox 344 1176 1861 1250; baseline -0.002 -19"><span class='ocrx_word' id='word_1_68' title='bbox 344 1178 502 1245; x_wconf 83' lang='lat' dir='ltr'><strong>Deus,</strong></span> <span class='ocrx_word' id='word_1_69' title='bbox 538 1181 625 1250; x_wconf 90' lang='lat' dir='ltr'><strong>qui</strong></span> <span class='ocrx_word' id='word_1_70' title='bbox 669 1180 924 1250; x_wconf 91' lang='lat' dir='ltr'><strong>populum</strong></span> <span class='ocrx_word' id='word_1_71' title='bbox 957 1190 1104 1235; x_wconf 88' lang='lat' dir='ltr'><strong>tuum</strong></span> <span class='ocrx_word' id='word_1_72' title='bbox 1136 1180 1214 1236; x_wconf 90' lang='lat' dir='ltr'><strong>sic</strong></span> <span class='ocrx_word' id='word_1_73' title='bbox 1262 1178 1496 1247; x_wconf 79' lang='lat' dir='ltr'><strong>corripis</strong></span> <span class='ocrx_word' id='word_1_74' title='bbox 1543 1176 1861 1244; x_wconf 86' lang='lat' dir='ltr'><strong>delinquen-</strong></span> 
     </span>
    </p>
   </div>
   <div class='ocr_carea' id='block_1_12' title="bbox 265 1267 1862 1342">
    <p class='ocr_par' dir='ltr' id='par_1_12' title="bbox 265 1267 1862 1342">
     <span class='ocr_line' id='line_1_12' title="bbox 265 1267 1862 1342; baseline -0.003 -17"><span class='ocrx_word' id='word_1_75' title='bbox 265 1279 401 1336; x_wconf 89' lang='lat' dir='ltr'><strong>tem,</strong></span> <span class='ocrx_word' id='word_1_76' title='bbox 436 1284 490 1326; x_wconf 93' lang='lat' dir='ltr'><strong>ut</strong></span> <span class='ocrx_word' id='word_1_77' title='bbox 532 1272 762 1342; x_wconf 88' lang='lat' dir='ltr'><strong>benigna</strong></span> <span class='ocrx_word' id='word_1_78' title='bbox 798 1273 1169 1328; x_wconf 83' lang='lat' dir='ltr'><strong>consolatione</strong></span> <span class='ocrx_word' id='word_1_79' title='bbox 1194 1286 1300 1325; x_wconf 91' lang='lat' dir='ltr'><strong>non</strong></span> <span class='ocrx_word' id='word_1_80' title='bbox 1331 1270 1574 1333; x_wconf 80' lang='lat' dir='ltr'><strong>deseras,</strong></span> <span class='ocrx_word' id='word_1_81' title='bbox 1599 1267 1687 1332; x_wconf 90' lang='lat' dir='ltr'><strong>da,</strong></span> <span class='ocrx_word' id='word_1_82' title='bbox 1716 1281 1862 1336; x_wconf 69' lang='lat' dir='ltr'><strong>quae-</strong></span> 
     </span>
    </p>
   </div>
   <div class='ocr_carea' id='block_1_13' title="bbox 263 1357 1861 1434">
    <p class='ocr_par' dir='ltr' id='par_1_13' title="bbox 263 1357 1861 1434">
     <span class='ocr_line' id='line_1_13' title="bbox 263 1357 1861 1434; baseline -0.003 -15"><span class='ocrx_word' id='word_1_83' title='bbox 263 1379 477 1427; x_wconf 89' lang='lat' dir='ltr'><strong>sumus,</strong></span> <span class='ocrx_word' id='word_1_84' title='bbox 504 1374 565 1419; x_wconf 94' lang='lat' dir='ltr'><strong>ut</strong></span> <span class='ocrx_word' id='word_1_85' title='bbox 592 1364 891 1434; x_wconf 72' lang='lat' dir='ltr'><strong>indignatio</strong></span> <span class='ocrx_word' id='word_1_86' title='bbox 917 1365 1099 1420; x_wconf 90' lang='lat' dir='ltr'><strong>debita</strong></span> <span class='ocrx_word' id='word_1_87' title='bbox 1130 1364 1237 1419; x_wconf 89' lang='lat' dir='ltr'><strong>reis</strong></span> <span class='ocrx_word' id='word_1_88' title='bbox 1267 1362 1612 1433; x_wconf 85' lang='lat' dir='ltr'><strong>precantibus</strong></span> <span class='ocrx_word' id='word_1_89' title='bbox 1636 1357 1861 1415; x_wconf 82' lang='lat' dir='ltr'><strong>transfe-</strong></span> 
     </span>
    </p>
   </div>
   <div class='ocr_carea' id='block_1_14' title="bbox 260 1456 1053 1523">
    <p class='ocr_par' dir='ltr' id='par_1_14' title="bbox 260 1456 1053 1523">
     <span class='ocr_line' id='line_1_14' title="bbox 260 1456 1053 1523; baseline -0.003 -10"><span class='ocrx_word' id='word_1_90' title='bbox 260 1466 424 1513; x_wconf 81' lang='lat' dir='ltr'><strong>ratur</strong></span> <span class='ocrx_word' id='word_1_91' title='bbox 453 1459 520 1511; x_wconf 90' lang='lat' dir='ltr'><strong>ad</strong></span> <span class='ocrx_word' id='word_1_92' title='bbox 554 1458 793 1512; x_wconf 78' lang='lat' dir='ltr'><strong>veniam.</strong></span> <span class='ocrx_word' id='word_1_93' title='bbox 816 1456 938 1523; x_wconf 90' lang='lat' dir='ltr'><strong>Per,</strong></span> <span class='ocrx_word' id='word_1_94' title='bbox 967 1467 1053 1511; x_wconf 85' lang='lat' dir='ltr'><strong>etc</strong></span> 
     </span>
    </p>
   </div>
   <div class='ocr_carea' id='block_1_15' title="bbox 345 1548 1856 1620">
    <p class='ocr_par' dir='ltr' id='par_1_15' title="bbox 345 1548 1856 1620">
     <span class='ocr_line' id='line_1_15' title="bbox 345 1548 1856 1620; baseline -0.005 -11"><span class='ocrx_word' id='word_1_95' title='bbox 345 1554 428 1609; x_wconf 83' lang='lat' dir='ltr'><strong>Ad</strong></span> <span class='ocrx_word' id='word_1_96' title='bbox 452 1569 641 1619; x_wconf 86' lang='lat' dir='ltr'><strong>preces</strong></span> <span class='ocrx_word' id='word_1_97' title='bbox 663 1564 898 1620; x_wconf 88' lang='lat' dir='ltr'><strong>nostras,</strong></span> <span class='ocrx_word' id='word_1_98' title='bbox 925 1553 1166 1619; x_wconf 89' lang='lat' dir='ltr'><strong>Domine,</strong></span> <span class='ocrx_word' id='word_1_99' title='bbox 1192 1566 1516 1620; x_wconf 76' lang='lat' dir='ltr'><strong>quaesumus,</strong></span> <span class='ocrx_word' id='word_1_100' title='bbox 1540 1548 1856 1619; x_wconf 84' lang='lat' dir='ltr'><strong>propitiatus</strong></span> 
     </span>
    </p>
   </div>
   <div class='ocr_carea' id='block_1_16' title="bbox 267 1643 1850 1714">
    <p class='ocr_par' dir='ltr' id='par_1_16' title="bbox 267 1643 1850 1714">
     <span class='ocr_line' id='line_1_16' title="bbox 267 1643 1850 1714; baseline -0.004 -12"><span class='ocrx_word' id='word_1_101' title='bbox 267 1647 515 1714; x_wconf 87' lang='lat' dir='ltr'><strong>intende,</strong></span> <span class='ocrx_word' id='word_1_102' title='bbox 552 1658 608 1702; x_wconf 92' lang='lat' dir='ltr'><strong>ut</strong></span> <span class='ocrx_word' id='word_1_103' title='bbox 652 1649 817 1702; x_wconf 91' lang='lat' dir='ltr'><strong>sacris</strong></span> <span class='ocrx_word' id='word_1_104' title='bbox 852 1647 1111 1702; x_wconf 83' lang='lat' dir='ltr'><strong>altaribus</strong></span> <span class='ocrx_word' id='word_1_105' title='bbox 1140 1646 1456 1710; x_wconf 85' lang='lat' dir='ltr'><strong>servientes,</strong></span> <span class='ocrx_word' id='word_1_106' title='bbox 1486 1653 1541 1699; x_wconf 90' lang='lat' dir='ltr'><strong>et</strong></span> <span class='ocrx_word' id='word_1_107' title='bbox 1586 1643 1706 1697; x_wconf 87' lang='lat' dir='ltr'><strong>ﬁdei</strong></span> <span class='ocrx_word' id='word_1_108' title='bbox 1759 1656 1850 1696; x_wconf 87' lang='lat' dir='ltr'><strong>ve-</strong></span> 
     </span>
    </p>
   </div>
   <div class='ocr_carea' id='block_1_17' title="bbox 267 1736 1847 1807">
    <p class='ocr_par' dir='ltr' id='par_1_17' title="bbox 267 1736 1847 1807">
     <span class='ocr_line' id='line_1_17' title="bbox 267 1736 1847 1807; baseline -0.003 -14"><span class='ocrx_word' id='word_1_109' title='bbox 267 1740 433 1795; x_wconf 81' lang='lat' dir='ltr'><strong>ritate</strong></span> <span class='ocrx_word' id='word_1_110' title='bbox 484 1739 724 1806; x_wconf 88' lang='lat' dir='ltr'><strong>fundati,</strong></span> <span class='ocrx_word' id='word_1_111' title='bbox 762 1748 816 1795; x_wconf 92' lang='lat' dir='ltr'><strong>et</strong></span> <span class='ocrx_word' id='word_1_112' title='bbox 859 1740 1055 1795; x_wconf 90' lang='lat' dir='ltr'><strong>mentis</strong></span> <span class='ocrx_word' id='word_1_113' title='bbox 1110 1739 1216 1793; x_wconf 91' lang='lat' dir='ltr'><strong>sint</strong></span> <span class='ocrx_word' id='word_1_114' title='bbox 1271 1738 1503 1807; x_wconf 86' lang='lat' dir='ltr'><strong>puritate</strong></span> <span class='ocrx_word' id='word_1_115' title='bbox 1550 1736 1847 1807; x_wconf 85' lang='lat' dir='ltr'><strong>conspicui.</strong></span> 
     </span>
    </p>
   </div>
   <div class='ocr_carea' id='block_1_18' title="bbox 259 1829 532 1897">
    <p class='ocr_par' dir='ltr' id='par_1_18' title="bbox 259 1829 532 1897">
     <span class='ocr_line' id='line_1_18' title="bbox 259 1829 532 1897; baseline 0 -14"><span class='ocrx_word' id='word_1_116' title='bbox 259 1829 393 1897; x_wconf 86' lang='lat' dir='ltr'><strong>Per,</strong></span> <span class='ocrx_word' id='word_1_117' title='bbox 427 1838 532 1886; x_wconf 87' lang='lat' dir='ltr'><strong>etc.</strong></span> 
     </span>
    </p>
   </div>
   <div class='ocr_carea' id='block_1_19' title="bbox 1966 616 3549 695">
    <p class='ocr_par' dir='ltr' id='par_1_19' title="bbox 1966 616 3549 695">
     <span class='ocr_line' id='line_1_19' title="bbox 1966 616 3549 695; baseline 0.008 -25"><span class='ocrx_word' id='word_1_118' title='bbox 1966 616 2091 671; x_wconf 89' lang='lat' dir='ltr'><strong>tiam</strong></span> <span class='ocrx_word' id='word_1_119' title='bbox 2132 619 2246 688; x_wconf 89' lang='lat' dir='ltr'><strong>ipsa</strong></span> <span class='ocrx_word' id='word_1_120' title='bbox 2276 618 2723 689; x_wconf 86' lang='lat' dir='ltr'><strong>signiﬁcationum</strong></span> <span class='ocrx_word' id='word_1_121' title='bbox 2751 623 2961 693; x_wconf 89' lang='lat' dir='ltr'><strong>species</strong></span> <span class='ocrx_word' id='word_1_122' title='bbox 3001 623 3290 691; x_wconf 88' lang='lat' dir='ltr'><strong>obtineret,</strong></span> <span class='ocrx_word' id='word_1_123' title='bbox 3324 633 3379 680; x_wconf 91' lang='lat' dir='ltr'><strong>et</strong></span> <span class='ocrx_word' id='word_1_124' title='bbox 3406 622 3549 695; x_wconf 82' lang='lat' dir='ltr'><strong>apud</strong></span> 
     </span>
    </p>
   </div>
   <div class='ocr_carea' id='block_1_20' title="bbox 1960 711 3549 783">
    <p class='ocr_par' dir='ltr' id='par_1_20' title="bbox 1960 711 3549 783">
     <span class='ocr_line' id='line_1_20' title="bbox 1960 711 3549 783; baseline 0.006 -19"><span class='ocrx_word' id='word_1_125' title='bbox 1960 724 2061 764; x_wconf 91' lang='lat' dir='ltr'><strong>nos</strong></span> <span class='ocrx_word' id='word_1_126' title='bbox 2098 711 2330 765; x_wconf 85' lang='lat' dir='ltr'><strong>certiora</strong></span> <span class='ocrx_word' id='word_1_127' title='bbox 2375 721 2558 767; x_wconf 89' lang='lat' dir='ltr'><strong>essent</strong></span> <span class='ocrx_word' id='word_1_128' title='bbox 2587 715 2949 783; x_wconf 85' lang='lat' dir='ltr'><strong>experimenta</strong></span> <span class='ocrx_word' id='word_1_129' title='bbox 2978 731 3180 782; x_wconf 90' lang='lat' dir='ltr'><strong>rerum,</strong></span> <span class='ocrx_word' id='word_1_130' title='bbox 3224 730 3384 783; x_wconf 89' lang='lat' dir='ltr'><strong>quam</strong></span> <span class='ocrx_word' id='word_1_131' title='bbox 3412 716 3549 772; x_wconf 59' lang='lat' dir='ltr'><strong>aani-</strong></span> 
     </span>
    </p>
   </div>
   <div class='ocr_carea' id='block_1_21' title="bbox 1959 802 3551 879">
    <p class='ocr_par' dir='ltr' id='par_1_21' title="bbox 1959 802 3551 879">
     <span class='ocr_line' id='line_1_21' title="bbox 1959 802 3551 879; baseline 0.006 -23"><span class='ocrx_word' id='word_1_132' title='bbox 1959 813 2136 872; x_wconf 89' lang='lat' dir='ltr'><strong>gmata</strong></span> <span class='ocrx_word' id='word_1_133' title='bbox 2167 802 2477 873; x_wconf 88' lang='lat' dir='ltr'><strong>ﬁgurarum.</strong></span> <span class='ocrx_word' id='word_1_134' title='bbox 2507 804 2654 861; x_wconf 81' lang='lat' dir='ltr'><strong>Illius</strong></span> <span class='ocrx_word' id='word_1_135' title='bbox 2684 822 2909 879; x_wconf 86' lang='lat' dir='ltr'><strong>namque</strong></span> <span class='ocrx_word' id='word_1_136' title='bbox 2941 810 3231 866; x_wconf 79' lang='lat' dir='ltr'><strong>sacerdotii</strong></span> <span class='ocrx_word' id='word_1_137' title='bbox 3262 810 3551 867; x_wconf 90' lang='lat' dir='ltr'><strong>anterioris</strong></span> 
     </span>
    </p>
   </div>
   <div class='ocr_carea' id='block_1_22' title="bbox 1961 893 3548 970">
    <p class='ocr_par' dir='ltr' id='par_1_22' title="bbox 1961 893 3548 970">
     <span class='ocr_line' id='line_1_22' title="bbox 1961 893 3548 970; baseline 0.006 -23"><span class='ocrx_word' id='word_1_138' title='bbox 1961 893 2177 949; x_wconf 83' lang='lat' dir='ltr'><strong>habitus</strong></span> <span class='ocrx_word' id='word_1_139' title='bbox 2218 905 2419 949; x_wconf 50' lang='lat' dir='ltr'><strong>nostra).</strong></span> <span class='ocrx_word' id='word_1_140' title='bbox 2450 896 2649 951; x_wconf 91' lang='lat' dir='ltr'><strong>mentis</strong></span> <span class='ocrx_word' id='word_1_141' title='bbox 2691 907 2906 953; x_wconf 89' lang='lat' dir='ltr'><strong>ornatus</strong></span> <span class='ocrx_word' id='word_1_142' title='bbox 2952 908 3053 966; x_wconf 90' lang='lat' dir='ltr'><strong>est,</strong></span> <span class='ocrx_word' id='word_1_143' title='bbox 3094 911 3150 956; x_wconf 91' lang='lat' dir='ltr'><strong>et</strong></span> <span class='ocrx_word' id='word_1_144' title='bbox 3188 900 3548 970; x_wconf 86' lang='lat' dir='ltr'><strong>pontiﬁcalem</strong></span> 
     </span>
    </p>
   </div>
   <div class='ocr_carea' id='block_1_23' title="bbox 1959 988 3546 1059">
    <p class='ocr_par' dir='ltr' id='par_1_23' title="bbox 1959 988 3546 1059">
     <span class='ocr_line' id='line_1_23' title="bbox 1959 988 3546 1059; baseline 0.004 -19"><span class='ocrx_word' id='word_1_145' title='bbox 1959 988 2185 1057; x_wconf 75' lang='lat' dir='ltr'><strong>gloriam</strong></span> <span class='ocrx_word' id='word_1_146' title='bbox 2220 1004 2325 1043; x_wconf 93' lang='lat' dir='ltr'><strong>non</strong></span> <span class='ocrx_word' id='word_1_147' title='bbox 2362 990 2472 1058; x_wconf 86' lang='lat' dir='ltr'><strong>jam</strong></span> <span class='ocrx_word' id='word_1_148' title='bbox 2514 990 2669 1045; x_wconf 90' lang='lat' dir='ltr'><strong>nobis</strong></span> <span class='ocrx_word' id='word_1_149' title='bbox 2700 990 2871 1045; x_wconf 88' lang='lat' dir='ltr'><strong>honor</strong></span> <span class='ocrx_word' id='word_1_150' title='bbox 2911 993 3251 1049; x_wconf 87' lang='lat' dir='ltr'><strong>commendat</strong></span> <span class='ocrx_word' id='word_1_151' title='bbox 3291 996 3546 1059; x_wconf 86' lang='lat' dir='ltr'><strong>vestium,</strong></span> 
     </span>
    </p>
   </div>
   <div class='ocr_carea' id='block_1_24' title="bbox 1964 1079 3548 1156">
    <p class='ocr_par' dir='ltr' id='par_1_24' title="bbox 1964 1079 3548 1156">
     <span class='ocr_line' id='line_1_24' title="bbox 1964 1079 3548 1156; baseline 0.005 -24"><span class='ocrx_word' id='word_1_152' title='bbox 1964 1079 2061 1134; x_wconf 89' lang='lat' dir='ltr'><strong>sed</strong></span> <span class='ocrx_word' id='word_1_153' title='bbox 2088 1080 2345 1149; x_wconf 88' lang='lat' dir='ltr'><strong>splendor</strong></span> <span class='ocrx_word' id='word_1_154' title='bbox 2375 1082 2682 1137; x_wconf 85' lang='lat' dir='ltr'><strong>animorum</strong></span> <span class='ocrx_word' id='word_1_155' title='bbox 2714 1101 2725 1135; x_wconf 90' lang='lat'><strong>:</strong></span> <span class='ocrx_word' id='word_1_156' title='bbox 2754 1084 2877 1154; x_wconf 87' lang='lat' dir='ltr'><strong>quia</strong></span> <span class='ocrx_word' id='word_1_157' title='bbox 2909 1093 2963 1139; x_wconf 94' lang='lat' dir='ltr'><strong>et</strong></span> <span class='ocrx_word' id='word_1_158' title='bbox 2991 1085 3077 1140; x_wconf 88' lang='lat' dir='ltr'><strong>illa</strong></span> <span class='ocrx_word' id='word_1_159' title='bbox 3109 1102 3228 1156; x_wconf 73' lang='lat' dir='ltr'><strong>qua:</strong></span> <span class='ocrx_word' id='word_1_160' title='bbox 3259 1097 3384 1143; x_wconf 88' lang='lat' dir='ltr'><strong>tunc</strong></span> <span class='ocrx_word' id='word_1_161' title='bbox 3425 1101 3548 1141; x_wconf 84' lang='lat' dir='ltr'><strong>car-</strong></span> 
     </span>
    </p>
   </div>
   <div class='ocr_carea' id='block_1_25' title="bbox 1969 1170 3549 1249">
    <p class='ocr_par' dir='ltr' id='par_1_25' title="bbox 1969 1170 3549 1249">
     <span class='ocr_line' id='line_1_25' title="bbox 1969 1170 3549 1249; baseline 0.005 -24"><span class='ocrx_word' id='word_1_162' title='bbox 1969 1170 2183 1226; x_wconf 89' lang='lat' dir='ltr'><strong>nalibus</strong></span> <span class='ocrx_word' id='word_1_163' title='bbox 2226 1172 2640 1229; x_wconf 84' lang='lat' dir='ltr'><strong>blandiebantur</strong></span> <span class='ocrx_word' id='word_1_164' title='bbox 2682 1175 2978 1241; x_wconf 87' lang='lat' dir='ltr'><strong>obtutibus,</strong></span> <span class='ocrx_word' id='word_1_165' title='bbox 3027 1191 3088 1232; x_wconf 90' lang='lat' dir='ltr'><strong>ea</strong></span> <span class='ocrx_word' id='word_1_166' title='bbox 3125 1178 3301 1246; x_wconf 86' lang='lat' dir='ltr'><strong>potius</strong></span> <span class='ocrx_word' id='word_1_167' title='bbox 3344 1194 3463 1249; x_wconf 69' lang='lat' dir='ltr'><strong>quae</strong></span> <span class='ocrx_word' id='word_1_168' title='bbox 3492 1178 3549 1233; x_wconf 89' lang='lat' dir='ltr'><strong>in</strong></span> 
     </span>
    </p>
   </div>
   <div class='ocr_carea' id='block_1_26' title="bbox 1974 1262 3004 1337">
    <p class='ocr_par' dir='ltr' id='par_1_26' title="bbox 1974 1262 3004 1337">
     <span class='ocr_line' id='line_1_26' title="bbox 1974 1262 3004 1337; baseline 0.008 -21"><span class='ocrx_word' id='word_1_169' title='bbox 1974 1262 2108 1333; x_wconf 91' lang='lat' dir='ltr'><strong>ipsis</strong></span> <span class='ocrx_word' id='word_1_170' title='bbox 2140 1266 2659 1336; x_wconf 89' lang='lat' dir='ltr'><strong>erantintelligenda</strong></span> <span class='ocrx_word' id='word_1_171' title='bbox 2690 1269 3004 1337; x_wconf 90' lang='lat' dir='ltr'><strong>poscebant.</strong></span> 
     </span>
    </p>
   </div>
   <div class='ocr_carea' id='block_1_27' title="bbox 2042 1355 3552 1431">
    <p class='ocr_par' dir='ltr' id='par_1_27' title="bbox 2042 1355 3552 1431">
     <span class='ocr_line' id='line_1_27' title="bbox 2042 1355 3552 1431; baseline 0.005 -21"><span class='ocrx_word' id='word_1_172' title='bbox 2042 1355 2117 1410; x_wconf 83' lang='lat' dir='ltr'><strong>Et</strong></span> <span class='ocrx_word' id='word_1_173' title='bbox 2143 1358 2345 1413; x_wconf 89' lang='lat' dir='ltr'><strong>idcirco</strong></span> <span class='ocrx_word' id='word_1_174' title='bbox 2373 1358 2453 1413; x_wconf 92' lang='lat' dir='ltr'><strong>his</strong></span> <span class='ocrx_word' id='word_1_175' title='bbox 2484 1358 2695 1413; x_wconf 88' lang='lat' dir='ltr'><strong>famulis</strong></span> <span class='ocrx_word' id='word_1_176' title='bbox 2726 1361 2852 1423; x_wconf 89' lang='lat' dir='ltr'><strong>tuis,</strong></span> <span class='ocrx_word' id='word_1_177' title='bbox 2890 1376 3025 1431; x_wconf 90' lang='lat' dir='ltr'><strong>quos</strong></span> <span class='ocrx_word' id='word_1_178' title='bbox 3054 1362 3121 1417; x_wconf 83' lang='lat' dir='ltr'><strong>ad</strong></span> <span class='ocrx_word' id='word_1_179' title='bbox 3155 1364 3348 1417; x_wconf 88' lang='lat' dir='ltr'><strong>summi</strong></span> <span class='ocrx_word' id='word_1_180' title='bbox 3375 1378 3552 1419; x_wconf 90' lang='lat' dir='ltr'><strong>sacer-</strong></span> 
     </span>
    </p>
   </div>
   <div class='ocr_carea' id='block_1_28' title="bbox 1962 1448 3552 1527">
    <p class='ocr_par' dir='ltr' id='par_1_28' title="bbox 1962 1448 3552 1527">
     <span class='ocr_line' id='line_1_28' title="bbox 1962 1448 3552 1527; baseline 0.005 -24"><span class='ocrx_word' id='word_1_181' title='bbox 1962 1448 2095 1503; x_wconf 91' lang='lat' dir='ltr'><strong>dotii</strong></span> <span class='ocrx_word' id='word_1_182' title='bbox 2142 1450 2496 1506; x_wconf 83' lang='lat' dir='ltr'><strong>ministerium</strong></span> <span class='ocrx_word' id='word_1_183' title='bbox 2537 1452 2810 1522; x_wconf 90' lang='lat' dir='ltr'><strong>delegisti,</strong></span> <span class='ocrx_word' id='word_1_184' title='bbox 2854 1453 3014 1521; x_wconf 89' lang='lat' dir='ltr'><strong>hanc,</strong></span> <span class='ocrx_word' id='word_1_185' title='bbox 3064 1470 3394 1527; x_wconf 67' lang='lat' dir='ltr'><strong>quaesumus,</strong></span> <span class='ocrx_word' id='word_1_186' title='bbox 3445 1457 3552 1511; x_wconf 82' lang='lat' dir='ltr'><strong>Do-</strong></span> 
     </span>
    </p>
   </div>
   <div class='ocr_carea' id='block_1_29' title="bbox 1961 1542 3552 1616">
    <p class='ocr_par' dir='ltr' id='par_1_29' title="bbox 1961 1542 3552 1616">
     <span class='ocr_line' id='line_1_29' title="bbox 1961 1542 3552 1616; baseline 0.005 -21"><span class='ocrx_word' id='word_1_187' title='bbox 1961 1542 2125 1611; x_wconf 89' lang='lat' dir='ltr'><strong>mine,</strong></span> <span class='ocrx_word' id='word_1_188' title='bbox 2160 1543 2385 1612; x_wconf 84' lang='lat' dir='ltr'><strong>gratiam</strong></span> <span class='ocrx_word' id='word_1_189' title='bbox 2434 1544 2716 1615; x_wconf 83' lang='lat' dir='ltr'><strong>largiaris,</strong></span> <span class='ocrx_word' id='word_1_190' title='bbox 2760 1555 2817 1599; x_wconf 92' lang='lat' dir='ltr'><strong>ut</strong></span> <span class='ocrx_word' id='word_1_191' title='bbox 2853 1546 3112 1616; x_wconf 84' lang='lat' dir='ltr'><strong>quidquid</strong></span> <span class='ocrx_word' id='word_1_192' title='bbox 3155 1547 3245 1601; x_wconf 88' lang='lat' dir='ltr'><strong>illa</strong></span> <span class='ocrx_word' id='word_1_193' title='bbox 3287 1548 3552 1603; x_wconf 82' lang='lat' dir='ltr'><strong>velamina</strong></span> 
     </span>
    </p>
   </div>
   <div class='ocr_carea' id='block_1_30' title="bbox 1958 1631 3554 1707">
    <p class='ocr_par' dir='ltr' id='par_1_30' title="bbox 1958 1631 3554 1707">
     <span class='ocr_line' id='line_1_30' title="bbox 1958 1631 3554 1707; baseline 0.005 -20"><span class='ocrx_word' id='word_1_194' title='bbox 1958 1632 2011 1687; x_wconf 91' lang='lat' dir='ltr'><strong>in</strong></span> <span class='ocrx_word' id='word_1_195' title='bbox 2049 1631 2259 1703; x_wconf 81' lang='lat' dir='ltr'><strong>fulgore</strong></span> <span class='ocrx_word' id='word_1_196' title='bbox 2296 1635 2435 1701; x_wconf 87' lang='lat' dir='ltr'><strong>auri,</strong></span> <span class='ocrx_word' id='word_1_197' title='bbox 2473 1635 2528 1690; x_wconf 93' lang='lat' dir='ltr'><strong>in</strong></span> <span class='ocrx_word' id='word_1_198' title='bbox 2560 1635 2731 1691; x_wconf 91' lang='lat' dir='ltr'><strong>nitore</strong></span> <span class='ocrx_word' id='word_1_199' title='bbox 2766 1652 3124 1707; x_wconf 89' lang='lat' dir='ltr'><strong>gemmarum,</strong></span> <span class='ocrx_word' id='word_1_200' title='bbox 3167 1640 3219 1693; x_wconf 90' lang='lat' dir='ltr'><strong>in</strong></span> <span class='ocrx_word' id='word_1_201' title='bbox 3252 1640 3554 1695; x_wconf 86' lang='lat' dir='ltr'><strong>multimodi</strong></span> 
     </span>
    </p>
   </div>
   <div class='ocr_carea' id='block_1_31' title="bbox 1956 1728 3555 1801">
    <p class='ocr_par' dir='ltr' id='par_1_31' title="bbox 1956 1728 3555 1801">
     <span class='ocr_line' id='line_1_31' title="bbox 1956 1728 3555 1801; baseline 0.004 -19"><span class='ocrx_word' id='word_1_202' title='bbox 1956 1728 2139 1798; x_wconf 89' lang='lat' dir='ltr'><strong>operis</strong></span> <span class='ocrx_word' id='word_1_203' title='bbox 2183 1728 2443 1784; x_wconf 82' lang='lat' dir='ltr'><strong>varietate</strong></span> <span class='ocrx_word' id='word_1_204' title='bbox 2481 1731 2785 1801; x_wconf 87' lang='lat' dir='ltr'><strong>signabant,</strong></span> <span class='ocrx_word' id='word_1_205' title='bbox 2834 1731 2936 1786; x_wconf 91' lang='lat' dir='ltr'><strong>hoc</strong></span> <span class='ocrx_word' id='word_1_206' title='bbox 2982 1732 3034 1785; x_wconf 92' lang='lat' dir='ltr'><strong>in</strong></span> <span class='ocrx_word' id='word_1_207' title='bbox 3073 1732 3262 1787; x_wconf 89' lang='lat' dir='ltr'><strong>borum</strong></span> <span class='ocrx_word' id='word_1_208' title='bbox 3311 1732 3555 1789; x_wconf 84' lang='lat' dir='ltr'><strong>moribus</strong></span> 
     </span>
    </p>
   </div>
   <div class='ocr_carea' id='block_1_32' title="bbox 1956 1824 3554 1896">
    <p class='ocr_par' dir='ltr' id='par_1_32' title="bbox 1956 1824 3554 1896">
     <span class='ocr_line' id='line_1_32' title="bbox 1956 1824 3554 1896; baseline 0.002 -18"><span class='ocrx_word' id='word_1_209' title='bbox 1956 1824 2275 1896; x_wconf 89' lang='lat' dir='ltr'><strong>actibusque</strong></span> <span class='ocrx_word' id='word_1_210' title='bbox 2319 1826 2605 1881; x_wconf 79' lang='lat' dir='ltr'><strong>clarescat.</strong></span> <span class='ocrx_word' id='word_1_211' title='bbox 2661 1824 2883 1895; x_wconf 89' lang='lat' dir='ltr'><strong>Comple</strong></span> <span class='ocrx_word' id='word_1_212' title='bbox 2925 1828 2977 1880; x_wconf 84' lang='lat' dir='ltr'><strong>in</strong></span> <span class='ocrx_word' id='word_1_213' title='bbox 3031 1826 3401 1881; x_wconf 88' lang='lat' dir='ltr'><strong>sacerdotibus</strong></span> <span class='ocrx_word' id='word_1_214' title='bbox 3445 1826 3554 1881; x_wconf 83' lang='lat' dir='ltr'><strong>tuis</strong></span> 
     </span>
    </p>
   </div>
   <div class='ocr_carea' id='block_1_33' title="bbox 343 1913 3553 1994">
    <p class='ocr_par' dir='ltr' id='par_1_33' title="bbox 343 1913 3553 1994">
     <span class='ocr_line' id='line_1_33' title="bbox 343 1913 3553 1994; baseline -0 -17"><span class='ocrx_word' id='word_1_215' title='bbox 343 1922 488 1978; x_wconf 80' lang='lat' dir='ltr'><strong>Vere</strong></span> <span class='ocrx_word' id='word_1_216' title='bbox 517 1922 758 1994; x_wconf 90' lang='lat' dir='ltr'><strong>dignum.</strong></span> <span class='ocrx_word' id='word_1_217' title='bbox 784 1922 885 1992; x_wconf 88' lang='lat' dir='ltr'><strong>Qui</strong></span> <span class='ocrx_word' id='word_1_218' title='bbox 920 1922 1119 1979; x_wconf 85' lang='lat' dir='ltr'><strong>Christi</strong></span> <span class='ocrx_word' id='word_1_219' title='bbox 1149 1922 1223 1978; x_wconf 92' lang='lat' dir='ltr'><strong>tui</strong></span> <span class='ocrx_word' id='word_1_220' title='bbox 1271 1924 1421 1979; x_wconf 89' lang='lat' dir='ltr'><strong>beata</strong></span> <span class='ocrx_word' id='word_1_221' title='bbox 1465 1930 1716 1993; x_wconf 81' lang='lat' dir='ltr'><strong>passione</strong></span> <span class='ocrx_word' id='word_1_222' title='bbox 1758 1937 1855 1978; x_wconf 93' lang='lat' dir='ltr'><strong>nos</strong></span> <span class='ocrx_word' id='word_1_223' title='bbox 1887 1913 1931 1975; x_wconf 86' lang='grc' dir='ltr'><strong><em>Β</em></strong></span> <span class='ocrx_word' id='word_1_224' title='bbox 1960 1920 2201 1992; x_wconf 87' lang='lat' dir='ltr'><strong>mysterii</strong></span> <span class='ocrx_word' id='word_1_225' title='bbox 2225 1920 2301 1975; x_wconf 91' lang='lat' dir='ltr'><strong>tui</strong></span> <span class='ocrx_word' id='word_1_226' title='bbox 2324 1936 2613 1987; x_wconf 83' lang='lat' dir='ltr'><strong>summam,</strong></span> <span class='ocrx_word' id='word_1_227' title='bbox 2653 1929 2708 1977; x_wconf 92' lang='lat' dir='ltr'><strong>et</strong></span> <span class='ocrx_word' id='word_1_228' title='bbox 2734 1923 3069 1977; x_wconf 87' lang='lat' dir='ltr'><strong>ornamentis</strong></span> <span class='ocrx_word' id='word_1_229' title='bbox 3094 1922 3257 1977; x_wconf 90' lang='lat' dir='ltr'><strong>totius</strong></span> <span class='ocrx_word' id='word_1_230' title='bbox 3286 1921 3553 1991; x_wconf 79' lang='lat' dir='ltr'><strong>gloriﬁca-</strong></span> 
     </span>
    </p>
   </div>
   <div class='ocr_carea' id='block_1_34' title="bbox 253 2014 1852 2085">
    <p class='ocr_par' dir='ltr' id='par_1_34' title="bbox 253 2014 1852 2085">
     <span class='ocr_line' id='line_1_34' title="bbox 253 2014 1852 2085; baseline 0 -14"><span class='ocrx_word' id='word_1_231' title='bbox 253 2030 523 2085; x_wconf 75' lang='lat' dir='ltr'><strong>repares,</strong></span> <span class='ocrx_word' id='word_1_232' title='bbox 566 2015 928 2071; x_wconf 70' lang='lat' dir='ltr'><strong>conserta-in</strong></span> <span class='ocrx_word' id='word_1_233' title='bbox 979 2016 1134 2071; x_wconf 90' lang='lat' dir='ltr'><strong>nobis</strong></span> <span class='ocrx_word' id='word_1_234' title='bbox 1186 2029 1406 2085; x_wconf 86' lang='lat' dir='ltr'><strong>operam</strong></span> <span class='ocrx_word' id='word_1_235' title='bbox 1462 2014 1852 2071; x_wconf 74' lang='lat' dir='ltr'><strong>misericordia:</strong></span> 
     </span>
    </p>
   </div>
   <div class='ocr_carea' id='block_1_35' title="bbox 254 2106 1854 2179">
    <p class='ocr_par' dir='ltr' id='par_1_35' title="bbox 254 2106 1854 2179">
     <span class='ocr_line' id='line_1_35' title="bbox 254 2106 1854 2179; baseline 0.001 -18"><span class='ocrx_word' id='word_1_236' title='bbox 254 2116 393 2173; x_wconf 66' lang='lat' dir='ltr'><strong>tum,</strong></span> <span class='ocrx_word' id='word_1_237' title='bbox 419 2118 476 2161; x_wconf 92' lang='lat' dir='ltr'><strong>ut</strong></span> <span class='ocrx_word' id='word_1_238' title='bbox 504 2108 556 2162; x_wconf 89' lang='lat' dir='ltr'><strong>in</strong></span> <span class='ocrx_word' id='word_1_239' title='bbox 584 2108 743 2177; x_wconf 82' lang='lat' dir='ltr'><strong>hujus</strong></span> <span class='ocrx_word' id='word_1_240' title='bbox 764 2106 1077 2163; x_wconf 85' lang='lat' dir='ltr'><strong>celebritate</strong></span> <span class='ocrx_word' id='word_1_241' title='bbox 1105 2106 1371 2179; x_wconf 86' lang='lat' dir='ltr'><strong>mysterii,</strong></span> <span class='ocrx_word' id='word_1_242' title='bbox 1406 2117 1662 2179; x_wconf 88' lang='lat' dir='ltr'><strong>perpetua</strong></span> <span class='ocrx_word' id='word_1_243' title='bbox 1690 2108 1854 2164; x_wconf 77' lang='lat' dir='ltr'><strong>devo-</strong></span> 
     </span>
    </p>
   </div>
   <div class='ocr_carea' id='block_1_36' title="bbox 255 2200 987 2269">
    <p class='ocr_par' dir='ltr' id='par_1_36' title="bbox 255 2200 987 2269">
     <span class='ocr_line' id='line_1_36' title="bbox 255 2200 987 2269; baseline -0.003 -13"><span class='ocrx_word' id='word_1_244' title='bbox 255 2202 409 2256; x_wconf 89' lang='lat' dir='ltr'><strong>tione</strong></span> <span class='ocrx_word' id='word_1_245' title='bbox 434 2204 695 2256; x_wconf 79' lang='lat' dir='ltr'><strong>vivamus.</strong></span> <span class='ocrx_word' id='word_1_246' title='bbox 730 2200 851 2269; x_wconf 84' lang='lat' dir='ltr'><strong>Per,</strong></span> <span class='ocrx_word' id='word_1_247' title='bbox 881 2210 987 2257; x_wconf 89' lang='lat' dir='ltr'><strong>etc.</strong></span> 
     </span>
    </p>
   </div>
   <div class='ocr_carea' id='block_1_37' title="bbox 944 2312 1182 2369">
    <p class='ocr_par' dir='ltr' id='par_1_37' title="bbox 944 2312 1182 2369">
     <span class='ocr_line' id='line_1_37' title="bbox 944 2312 1182 2369; baseline 0 0"><span class='ocrx_word' id='word_1_248' title='bbox 944 2312 1182 2369; x_wconf 74' lang='lat' dir='ltr'><strong>XXVIII.</strong></span> 
     </span>
    </p>
   </div>
   <div class='ocr_carea' id='block_1_38' title="bbox 697 2426 1505 2514">
    <p class='ocr_par' dir='ltr' id='par_1_38' title="bbox 697 2426 1505 2514">
     <span class='ocr_line' id='line_1_38' title="bbox 697 2426 1505 2514; baseline 0.002 -32"><span class='ocrx_word' id='word_1_249' title='bbox 697 2426 1025 2483; x_wconf 83' lang='lat' dir='ltr'><strong>Consecratio</strong></span> <span class='ocrx_word' id='word_1_250' title='bbox 1053 2429 1421 2500; x_wconf 81' lang='lat' dir='ltr'><strong>episcoporum.</strong></span> <span class='ocrx_word' id='word_1_251' title='bbox 1498 2507 1505 2514; x_wconf 78' lang='lat'><strong>_</strong></span> 
     </span>
    </p>
   </div>
   <div class='ocr_carea' id='block_1_39' title="bbox 328 2566 1855 2639">
    <p class='ocr_par' dir='ltr' id='par_1_39' title="bbox 328 2566 1855 2639">
     <span class='ocr_line' id='line_1_39' title="bbox 328 2566 1855 2639; baseline 0 -15"><span class='ocrx_word' id='word_1_252' title='bbox 328 2567 365 2608; x_wconf 67' lang='grc' dir='ltr'><strong>ιι</strong></span> <span class='ocrx_word' id='word_1_253' title='bbox 398 2568 630 2633; x_wconf 78' lang='lat' dir='ltr'><strong>Exaudi,</strong></span> <span class='ocrx_word' id='word_1_254' title='bbox 663 2566 913 2634; x_wconf 87' lang='lat' dir='ltr'><strong>Domine,</strong></span> <span class='ocrx_word' id='word_1_255' title='bbox 943 2567 1243 2638; x_wconf 88' lang='lat' dir='ltr'><strong>supplicum</strong></span> <span class='ocrx_word' id='word_1_256' title='bbox 1268 2581 1489 2638; x_wconf 87' lang='lat' dir='ltr'><strong>preces;</strong></span> <span class='ocrx_word' id='word_1_257' title='bbox 1515 2575 1571 2623; x_wconf 94' lang='lat' dir='ltr'><strong>ut</strong></span> <span class='ocrx_word' id='word_1_258' title='bbox 1598 2567 1739 2639; x_wconf 92' lang='lat' dir='ltr'><strong>quod</strong></span> <span class='ocrx_word' id='word_1_259' title='bbox 1761 2583 1855 2624; x_wconf 83' lang='lat' dir='ltr'><strong>no-</strong></span> 
     </span>
    </p>
   </div>
   <div class='ocr_carea' id='block_1_40' title="bbox 256 2658 1853 2731">
    <p class='ocr_par' dir='ltr' id='par_1_40' title="bbox 256 2658 1853 2731">
     <span class='ocr_line' id='line_1_40' title="bbox 256 2658 1853 2731; baseline -0.001 -15"><span class='ocrx_word' id='word_1_260' title='bbox 256 2677 378 2717; x_wconf 85' lang='lat' dir='ltr'><strong>stro</strong></span> <span class='ocrx_word' id='word_1_261' title='bbox 406 2660 705 2731; x_wconf 88' lang='lat' dir='ltr'><strong>gerendum</strong></span> <span class='ocrx_word' id='word_1_262' title='bbox 738 2670 823 2715; x_wconf 90' lang='lat' dir='ltr'><strong>est</strong></span> <span class='ocrx_word' id='word_1_263' title='bbox 863 2658 1190 2726; x_wconf 88' lang='lat' dir='ltr'><strong>ministerio,</strong></span> <span class='ocrx_word' id='word_1_264' title='bbox 1220 2671 1305 2714; x_wconf 93' lang='lat' dir='ltr'><strong>tua</strong></span> <span class='ocrx_word' id='word_1_265' title='bbox 1330 2660 1507 2731; x_wconf 83' lang='lat' dir='ltr'><strong>potius</strong></span> <span class='ocrx_word' id='word_1_266' title='bbox 1539 2660 1735 2717; x_wconf 86' lang='lat' dir='ltr'><strong>virtute</strong></span> <span class='ocrx_word' id='word_1_267' title='bbox 1763 2662 1853 2715; x_wconf 86' lang='lat' dir='ltr'><strong>ﬁr-</strong></span> 
     </span>
    </p>
   </div>
   <div class='ocr_carea' id='block_1_41' title="bbox 261 2749 1224 2823">
    <p class='ocr_par' dir='ltr' id='par_1_41' title="bbox 261 2749 1224 2823">
     <span class='ocr_line' id='line_1_41' title="bbox 261 2749 1224 2823; baseline -0.004 -14"><span class='ocrx_word' id='word_1_268' title='bbox 261 2764 440 2809; x_wconf 76' lang='lat' dir='ltr'><strong>metur</strong></span> <span class='ocrx_word' id='word_1_269' title='bbox 466 2750 577 2822; x_wconf 80' lang='grc' dir='ltr'><strong>(Αι.</strong></span> <span class='ocrx_word' id='word_1_270' title='bbox 611 2749 941 2823; x_wconf 87' lang='lat' dir='ltr'><strong>peragatur).</strong></span> <span class='ocrx_word' id='word_1_271' title='bbox 968 2750 1090 2815; x_wconf 89' lang='lat' dir='ltr'><strong>Per,</strong></span> <span class='ocrx_word' id='word_1_272' title='bbox 1120 2760 1224 2805; x_wconf 92' lang='lat' dir='ltr'><strong>etc.</strong></span> 
     </span>
    </p>
   </div>
   <div class='ocr_carea' id='block_1_42' title="bbox 333 2842 1851 2914">
    <p class='ocr_par' dir='ltr' id='par_1_42' title="bbox 333 2842 1851 2914">
     <span class='ocr_line' id='line_1_42' title="bbox 333 2842 1851 2914; baseline -0.001 -14"><span class='ocrx_word' id='word_1_273' title='bbox 333 2854 357 2883; x_wconf 71' lang='grc' dir='ltr'><strong>ε</strong></span> <span class='ocrx_word' id='word_1_274' title='bbox 390 2842 645 2913; x_wconf 91' lang='lat' dir='ltr'><strong>Suscipe,</strong></span> <span class='ocrx_word' id='word_1_275' title='bbox 680 2842 928 2907; x_wconf 88' lang='lat' dir='ltr'><strong>Domine,</strong></span> <span class='ocrx_word' id='word_1_276' title='bbox 953 2858 1285 2914; x_wconf 67' lang='lat' dir='ltr'><strong>quaesumus,</strong></span> <span class='ocrx_word' id='word_1_277' title='bbox 1308 2858 1529 2899; x_wconf 89' lang='lat' dir='ltr'><strong>munera</strong></span> <span class='ocrx_word' id='word_1_278' title='bbox 1559 2843 1743 2899; x_wconf 89' lang='lat' dir='ltr'><strong>famuli</strong></span> <span class='ocrx_word' id='word_1_279' title='bbox 1778 2845 1851 2899; x_wconf 91' lang='lat' dir='ltr'><strong>tui</strong></span> 
     </span>
    </p>
   </div>
   <div class='ocr_carea' id='block_1_43' title="bbox 271 2936 1850 3005">
    <p class='ocr_par' dir='ltr' id='par_1_43' title="bbox 271 2936 1850 3005">
     <span class='ocr_line' id='line_1_43' title="bbox 271 2936 1850 3005; baseline 0.002 -14"><span class='ocrx_word' id='word_1_280' title='bbox 271 2936 432 3003; x_wconf 89' lang='lat' dir='ltr'><strong>illius,</strong></span> <span class='ocrx_word' id='word_1_281' title='bbox 463 2948 517 2991; x_wconf 89' lang='lat' dir='ltr'><strong>et</strong></span> <span class='ocrx_word' id='word_1_282' title='bbox 543 2936 804 3005; x_wconf 83' lang='lat' dir='ltr'><strong>prOpilius</strong></span> <span class='ocrx_word' id='word_1_283' title='bbox 837 2936 887 2991; x_wconf 95' lang='lat' dir='ltr'><strong>in</strong></span> <span class='ocrx_word' id='word_1_284' title='bbox 915 2936 1105 2991; x_wconf 90' lang='lat' dir='ltr'><strong>eodem</strong></span> <span class='ocrx_word' id='word_1_285' title='bbox 1148 2937 1288 2991; x_wconf 88' lang='lat' dir='ltr'><strong>dona</strong></span> <span class='ocrx_word' id='word_1_286' title='bbox 1316 2937 1547 2991; x_wconf 92' lang='lat' dir='ltr'><strong>custodi.</strong></span> <span class='ocrx_word' id='word_1_287' title='bbox 1584 2937 1708 3004; x_wconf 83' lang='lat' dir='ltr'><strong>Per,</strong></span> <span class='ocrx_word' id='word_1_288' title='bbox 1743 2947 1850 2994; x_wconf 89' lang='lat' dir='ltr'><strong>etc.</strong></span> 
     </span>
    </p>
   </div>
   <div class='ocr_carea' id='block_1_44' title="bbox 338 3028 1853 3099">
    <p class='ocr_par' dir='ltr' id='par_1_44' title="bbox 338 3028 1853 3099">
     <span class='ocr_line' id='line_1_44' title="bbox 338 3028 1853 3099; baseline 0.001 -16"><span class='ocrx_word' id='word_1_289' title='bbox 338 3029 485 3083; x_wconf 79' lang='lat' dir='ltr'><strong>Hanc</strong></span> <span class='ocrx_word' id='word_1_290' title='bbox 513 3028 677 3099; x_wconf 86' lang='lat' dir='ltr'><strong>igitur</strong></span> <span class='ocrx_word' id='word_1_291' title='bbox 701 3028 1053 3097; x_wconf 88' lang='lat' dir='ltr'><strong>oblationem,</strong></span> <span class='ocrx_word' id='word_1_292' title='bbox 1088 3044 1247 3099; x_wconf 88' lang='lat' dir='ltr'><strong>quam</strong></span> <span class='ocrx_word' id='word_1_293' title='bbox 1291 3029 1389 3083; x_wconf 89' lang='lat' dir='ltr'><strong>tibi</strong></span> <span class='ocrx_word' id='word_1_294' title='bbox 1434 3028 1709 3083; x_wconf 82' lang='lat' dir='ltr'><strong>offerimus</strong></span> <span class='ocrx_word' id='word_1_295' title='bbox 1757 3046 1853 3099; x_wconf 90' lang='lat' dir='ltr'><strong>pro</strong></span> 
     </span>
    </p>
   </div>
   <div class='ocr_carea' id='block_1_45' title="bbox 284 3119 1855 3202">
    <p class='ocr_par' dir='ltr' id='par_1_45' title="bbox 284 3119 1855 3202">
     <span class='ocr_line' id='line_1_45' title="bbox 284 3119 1855 3202; baseline 0.001 -28"><span class='ocrx_word' id='word_1_296' title='bbox 284 3119 372 3174; x_wconf 89' lang='lat' dir='ltr'><strong>illo</strong></span> <span class='ocrx_word' id='word_1_297' title='bbox 397 3122 589 3177; x_wconf 84' lang='lat' dir='ltr'><strong>famulo</strong></span> <span class='ocrx_word' id='word_1_298' title='bbox 617 3132 709 3176; x_wconf 88' lang='lat' dir='ltr'><strong>tuo</strong></span> <span class='ocrx_word' id='word_1_299' title='bbox 736 3137 894 3192; x_wconf 86' lang='lat' dir='ltr'><strong>quem</strong></span> <span class='ocrx_word' id='word_1_300' title='bbox 919 3122 984 3175; x_wconf 91' lang='lat' dir='ltr'><strong>ad</strong></span> <span class='ocrx_word' id='word_1_301' title='bbox 1016 3121 1368 3191; x_wconf 91' lang='lat' dir='ltr'><strong>pontiﬁcalem</strong></span> <span class='ocrx_word' id='word_1_302' title='bbox 1392 3121 1615 3202; x_wconf 81' lang='lat' dir='ltr'><strong>gloriam</strong></span> <span class='ocrx_word' id='word_1_303' title='bbox 1642 3136 1855 3190; x_wconf 89' lang='lat' dir='ltr'><strong>promo-</strong></span> 
     </span>
    </p>
   </div>
   <div class='ocr_carea' id='block_1_46' title="bbox 292 3214 1853 3287">
    <p class='ocr_par' dir='ltr' id='par_1_46' title="bbox 292 3214 1853 3287">
     <span class='ocr_line' id='line_1_46' title="bbox 292 3214 1853 3287; baseline -0.001 -20"><span class='ocrx_word' id='word_1_304' title='bbox 292 3230 409 3270; x_wconf 80' lang='lat' dir='ltr'><strong>vere</strong></span> <span class='ocrx_word' id='word_1_305' title='bbox 436 3216 668 3286; x_wconf 87' lang='lat' dir='ltr'><strong>dignatus</strong></span> <span class='ocrx_word' id='word_1_306' title='bbox 694 3232 774 3284; x_wconf 91' lang='lat' dir='ltr'><strong>es,</strong></span> <span class='ocrx_word' id='word_1_307' title='bbox 808 3231 1134 3287; x_wconf 55' lang='lat' dir='ltr'><strong>quaesumus,</strong></span> <span class='ocrx_word' id='word_1_308' title='bbox 1170 3215 1415 3278; x_wconf 87' lang='lat' dir='ltr'><strong>Domine,</strong></span> <span class='ocrx_word' id='word_1_309' title='bbox 1444 3215 1683 3283; x_wconf 88' lang='lat' dir='ltr'><strong>placatus</strong></span> <span class='ocrx_word' id='word_1_310' title='bbox 1712 3214 1853 3269; x_wconf 87' lang='lat' dir='ltr'><strong>acci-</strong></span> 
     </span>
    </p>
   </div>
   <div class='ocr_carea' id='block_1_47' title="bbox 1960 2014 3544 2086">
    <p class='ocr_par' dir='ltr' id='par_1_47' title="bbox 1960 2014 3544 2086">
     <span class='ocr_line' id='line_1_47' title="bbox 1960 2014 3544 2086; baseline -0.001 -15"><span class='ocrx_word' id='word_1_311' title='bbox 1960 2016 2125 2071; x_wconf 91' lang='lat' dir='ltr'><strong>tionis</strong></span> <span class='ocrx_word' id='word_1_312' title='bbox 2156 2016 2473 2083; x_wconf 92' lang='lat' dir='ltr'><strong>instructos,</strong></span> <span class='ocrx_word' id='word_1_313' title='bbox 2506 2015 2746 2072; x_wconf 73' lang='lat' dir='ltr'><strong>cmlestis</strong></span> <span class='ocrx_word' id='word_1_314' title='bbox 2774 2016 3032 2086; x_wconf 89' lang='lat' dir='ltr'><strong>unguenti</strong></span> <span class='ocrx_word' id='word_1_315' title='bbox 3057 2014 3224 2069; x_wconf 85' lang='lat' dir='ltr'><strong>ﬂuore</strong></span> <span class='ocrx_word' id='word_1_316' title='bbox 3248 2014 3544 2070; x_wconf 87' lang='lat' dir='ltr'><strong>sanctiﬁca.</strong></span> 
     </span>
    </p>
   </div>
   <div class='ocr_carea' id='block_1_48' title="bbox 1957 2106 3551 2180">
    <p class='ocr_par' dir='ltr' id='par_1_48' title="bbox 1957 2106 3551 2180">
     <span class='ocr_line' id='line_1_48' title="bbox 1957 2106 3551 2180; baseline -0.001 -16"><span class='ocrx_word' id='word_1_317' title='bbox 1957 2108 2093 2174; x_wconf 81' lang='lat' dir='ltr'><strong>Hoc,</strong></span> <span class='ocrx_word' id='word_1_318' title='bbox 2122 2108 2373 2177; x_wconf 91' lang='lat' dir='ltr'><strong>Domine,</strong></span> <span class='ocrx_word' id='word_1_319' title='bbox 2404 2110 2621 2180; x_wconf 88' lang='lat' dir='ltr'><strong>copiose</strong></span> <span class='ocrx_word' id='word_1_320' title='bbox 2650 2110 2703 2164; x_wconf 93' lang='lat' dir='ltr'><strong>in</strong></span> <span class='ocrx_word' id='word_1_321' title='bbox 2736 2124 2925 2165; x_wconf 92' lang='lat' dir='ltr'><strong>eorum</strong></span> <span class='ocrx_word' id='word_1_322' title='bbox 2968 2116 3129 2179; x_wconf 90' lang='lat' dir='ltr'><strong>caput</strong></span> <span class='ocrx_word' id='word_1_323' title='bbox 3178 2106 3400 2173; x_wconf 87' lang='lat' dir='ltr'><strong>inﬁuat;</strong></span> <span class='ocrx_word' id='word_1_324' title='bbox 3448 2108 3551 2163; x_wconf 88' lang='lat' dir='ltr'><strong>hoc</strong></span> 
     </span>
    </p>
   </div>
   <div class='ocr_carea' id='block_1_49' title="bbox 1956 2199 3549 2270">
    <p class='ocr_par' dir='ltr' id='par_1_49' title="bbox 1956 2199 3549 2270">
     <span class='ocr_line' id='line_1_49' title="bbox 1956 2199 3549 2270; baseline -0.001 -15"><span class='ocrx_word' id='word_1_325' title='bbox 1956 2201 2009 2255; x_wconf 92' lang='lat' dir='ltr'><strong>in</strong></span> <span class='ocrx_word' id='word_1_326' title='bbox 2051 2201 2162 2255; x_wconf 90' lang='lat' dir='ltr'><strong>oris</strong></span> <span class='ocrx_word' id='word_1_327' title='bbox 2188 2200 2429 2270; x_wconf 87' lang='lat' dir='ltr'><strong>subjecta</strong></span> <span class='ocrx_word' id='word_1_328' title='bbox 2456 2200 2739 2267; x_wconf 89' lang='lat' dir='ltr'><strong>decurrat;</strong></span> <span class='ocrx_word' id='word_1_329' title='bbox 2774 2200 2875 2255; x_wconf 92' lang='lat' dir='ltr'><strong>hoc</strong></span> <span class='ocrx_word' id='word_1_330' title='bbox 2904 2202 2955 2254; x_wconf 92' lang='lat' dir='ltr'><strong>in</strong></span> <span class='ocrx_word' id='word_1_331' title='bbox 2989 2200 3151 2256; x_wconf 85' lang='lat' dir='ltr'><strong>totius</strong></span> <span class='ocrx_word' id='word_1_332' title='bbox 3184 2199 3429 2270; x_wconf 89' lang='lat' dir='ltr'><strong>corporis</strong></span> <span class='ocrx_word' id='word_1_333' title='bbox 3453 2214 3549 2255; x_wconf 86' lang='lat' dir='ltr'><strong>ex-</strong></span> 
     </span>
    </p>
   </div>
   <div class='ocr_carea' id='block_1_50' title="bbox 1958 2290 3547 2362">
    <p class='ocr_par' dir='ltr' id='par_1_50' title="bbox 1958 2290 3547 2362">
     <span class='ocr_line' id='line_1_50' title="bbox 1958 2290 3547 2362; baseline -0.003 -15"><span class='ocrx_word' id='word_1_334' title='bbox 1958 2303 2127 2349; x_wconf 88' lang='lat' dir='ltr'><strong>trema</strong></span> <span class='ocrx_word' id='word_1_335' title='bbox 2158 2291 2480 2360; x_wconf 88' lang='lat' dir='ltr'><strong>descendat;</strong></span> <span class='ocrx_word' id='word_1_336' title='bbox 2522 2302 2583 2348; x_wconf 90' lang='lat' dir='ltr'><strong>ut</strong></span> <span class='ocrx_word' id='word_1_337' title='bbox 2615 2293 2686 2347; x_wconf 90' lang='lat' dir='ltr'><strong>tui</strong></span> <span class='ocrx_word' id='word_1_338' title='bbox 2730 2293 2953 2362; x_wconf 88' lang='lat' dir='ltr'><strong>spiritus</strong></span> <span class='ocrx_word' id='word_1_339' title='bbox 2996 2292 3167 2347; x_wconf 91' lang='lat' dir='ltr'><strong>virtus</strong></span> <span class='ocrx_word' id='word_1_340' title='bbox 3193 2301 3247 2347; x_wconf 91' lang='lat' dir='ltr'><strong>et</strong></span> <span class='ocrx_word' id='word_1_341' title='bbox 3287 2290 3547 2347; x_wconf 85' lang='lat' dir='ltr'><strong>interiora</strong></span> 
     </span>
    </p>
   </div>
   <div class='ocr_carea' id='block_1_51' title="bbox 1957 2382 3544 2456">
    <p class='ocr_par' dir='ltr' id='par_1_51' title="bbox 1957 2382 3544 2456">
     <span class='ocr_line' id='line_1_51' title="bbox 1957 2382 3544 2456; baseline -0.003 -16"><span class='ocrx_word' id='word_1_342' title='bbox 1957 2384 2150 2440; x_wconf 87' lang='lat' dir='ltr'><strong>borum</strong></span> <span class='ocrx_word' id='word_1_343' title='bbox 2175 2386 2398 2455; x_wconf 89' lang='lat' dir='ltr'><strong>repleat,</strong></span> <span class='ocrx_word' id='word_1_344' title='bbox 2432 2393 2488 2441; x_wconf 92' lang='lat' dir='ltr'><strong>et</strong></span> <span class='ocrx_word' id='word_1_345' title='bbox 2514 2386 2780 2441; x_wconf 82' lang='lat' dir='ltr'><strong>exteriora</strong></span> <span class='ocrx_word' id='word_1_346' title='bbox 2814 2385 3185 2456; x_wconf 89' lang='lat' dir='ltr'><strong>circumtegat.</strong></span> <span class='ocrx_word' id='word_1_347' title='bbox 3219 2382 3470 2439; x_wconf 80' lang='lat' dir='ltr'><strong>Abundet</strong></span> <span class='ocrx_word' id='word_1_348' title='bbox 3492 2384 3544 2436; x_wconf 91' lang='lat' dir='ltr'><strong>in</strong></span> 
     </span>
    </p>
   </div>
   <div class='ocr_carea' id='block_1_52' title="bbox 1959 2476 3551 2549">
    <p class='ocr_par' dir='ltr' id='par_1_52' title="bbox 1959 2476 3551 2549">
     <span class='ocr_line' id='line_1_52' title="bbox 1959 2476 3551 2549; baseline -0.001 -18"><span class='ocrx_word' id='word_1_349' title='bbox 1959 2476 2046 2533; x_wconf 89' lang='lat' dir='ltr'><strong>his</strong></span> <span class='ocrx_word' id='word_1_350' title='bbox 2087 2479 2386 2533; x_wconf 85' lang='lat' dir='ltr'><strong>constantia</strong></span> <span class='ocrx_word' id='word_1_351' title='bbox 2435 2477 2590 2546; x_wconf 88' lang='lat' dir='ltr'><strong>ﬁdei,</strong></span> <span class='ocrx_word' id='word_1_352' title='bbox 2648 2479 2855 2549; x_wconf 87' lang='lat' dir='ltr'><strong>puritas</strong></span> <span class='ocrx_word' id='word_1_353' title='bbox 2898 2478 3229 2543; x_wconf 70' lang='lat' dir='ltr'><strong>dilectionis,</strong></span> <span class='ocrx_word' id='word_1_354' title='bbox 3270 2476 3551 2531; x_wconf 84' lang='lat' dir='ltr'><strong>sinceritas</strong></span> 
     </span>
    </p>
   </div>
   <div class='ocr_carea' id='block_1_53' title="bbox 1958 2568 3548 2641">
    <p class='ocr_par' dir='ltr' id='par_1_53' title="bbox 1958 2568 3548 2641">
     <span class='ocr_line' id='line_1_53' title="bbox 1958 2568 3548 2641; baseline 0 -18"><span class='ocrx_word' id='word_1_355' title='bbox 1958 2570 2123 2639; x_wconf 87' lang='lat' dir='ltr'><strong>pacis.</strong></span> <span class='ocrx_word' id='word_1_356' title='bbox 2161 2568 2181 2607; x_wconf 73' lang='grc' dir='ltr'>ί</span> <span class='ocrx_word' id='word_1_357' title='bbox 2213 2569 2446 2625; x_wconf 89' lang='lat' dir='ltr'><strong>Tribuas</strong></span> <span class='ocrx_word' id='word_1_358' title='bbox 2489 2571 2569 2627; x_wconf 88' lang='lat' dir='ltr'><strong>eis</strong></span> <span class='ocrx_word' id='word_1_359' title='bbox 2606 2571 2926 2626; x_wconf 87' lang='lat' dir='ltr'><strong>cathedram</strong></span> <span class='ocrx_word' id='word_1_360' title='bbox 2968 2570 3323 2641; x_wconf 88' lang='lat' dir='ltr'><strong>episcopalem</strong></span> <span class='ocrx_word' id='word_1_361' title='bbox 3362 2568 3428 2623; x_wconf 88' lang='lat' dir='ltr'><strong>ad</strong></span> <span class='ocrx_word' id='word_1_362' title='bbox 3457 2584 3548 2623; x_wconf 87' lang='lat' dir='ltr'><strong>re-</strong></span> 
     </span>
    </p>
   </div>
   <div class='ocr_carea' id='block_1_54' title="bbox 1953 2659 3539 2733">
    <p class='ocr_par' dir='ltr' id='par_1_54' title="bbox 1953 2659 3539 2733">
     <span class='ocr_line' id='line_1_54' title="bbox 1953 2659 3539 2733; baseline -0.001 -17"><span class='ocrx_word' id='word_1_363' title='bbox 1953 2661 2181 2732; x_wconf 86' lang='lat' dir='ltr'><strong>gendam</strong></span> <span class='ocrx_word' id='word_1_364' title='bbox 2215 2660 2510 2718; x_wconf 83' lang='lat' dir='ltr'><strong>Ecclesiam</strong></span> <span class='ocrx_word' id='word_1_365' title='bbox 2542 2671 2686 2717; x_wconf 90' lang='lat' dir='ltr'><strong>tuam</strong></span> <span class='ocrx_word' id='word_1_366' title='bbox 2718 2672 2771 2717; x_wconf 92' lang='lat' dir='ltr'><strong>et</strong></span> <span class='ocrx_word' id='word_1_367' title='bbox 2802 2662 3012 2733; x_wconf 89' lang='lat' dir='ltr'><strong>plebem</strong></span> <span class='ocrx_word' id='word_1_368' title='bbox 3061 2662 3392 2715; x_wconf 81' lang='lat' dir='ltr'><strong>universam.</strong></span> <span class='ocrx_word' id='word_1_369' title='bbox 3451 2659 3539 2715; x_wconf 89' lang='lat' dir='ltr'><strong>Sis</strong></span> 
     </span>
    </p>
   </div>
   <div class='ocr_carea' id='block_1_55' title="bbox 1958 2744 3550 2825">
    <p class='ocr_par' dir='ltr' id='par_1_55' title="bbox 1958 2744 3550 2825">
     <span class='ocr_line' id='line_1_55' title="bbox 1958 2744 3550 2825; baseline 0 -17"><span class='ocrx_word' id='word_1_370' title='bbox 1958 2754 2035 2808; x_wconf 87' lang='lat' dir='ltr'><strong>eis</strong></span> <span class='ocrx_word' id='word_1_371' title='bbox 2078 2755 2391 2821; x_wconf 89' lang='lat' dir='ltr'><strong>auctoritas,</strong></span> <span class='ocrx_word' id='word_1_372' title='bbox 2424 2744 2501 2811; x_wconf 83' lang='lat' dir='ltr'><strong>sis</strong></span> <span class='ocrx_word' id='word_1_373' title='bbox 2523 2756 2602 2810; x_wconf 90' lang='lat' dir='ltr'><strong>eis</strong></span> <span class='ocrx_word' id='word_1_374' title='bbox 2629 2764 2889 2825; x_wconf 86' lang='lat' dir='ltr'><strong>potestas,</strong></span> <span class='ocrx_word' id='word_1_375' title='bbox 2917 2756 2992 2810; x_wconf 90' lang='lat' dir='ltr'><strong>sis</strong></span> <span class='ocrx_word' id='word_1_376' title='bbox 3020 2754 3101 2809; x_wconf 89' lang='lat' dir='ltr'><strong>eis</strong></span> <span class='ocrx_word' id='word_1_377' title='bbox 3130 2752 3378 2809; x_wconf 85' lang='lat' dir='ltr'><strong>ﬁrmitas.</strong></span> <span class='ocrx_word' id='word_1_378' title='bbox 3412 2752 3550 2808; x_wconf 68' lang='lat' dir='ltr'><strong>Mul-</strong></span> 
     </span>
    </p>
   </div>
   <div class='ocr_carea' id='block_1_56' title="bbox 1958 2848 3552 2920">
    <p class='ocr_par' dir='ltr' id='par_1_56' title="bbox 1958 2848 3552 2920">
     <span class='ocr_line' id='line_1_56' title="bbox 1958 2848 3552 2920; baseline 0.001 -19"><span class='ocrx_word' id='word_1_379' title='bbox 1958 2849 2169 2917; x_wconf 90' lang='lat' dir='ltr'><strong>tiplices</strong></span> <span class='ocrx_word' id='word_1_380' title='bbox 2193 2864 2358 2920; x_wconf 88' lang='lat' dir='ltr'><strong>super</strong></span> <span class='ocrx_word' id='word_1_381' title='bbox 2386 2865 2479 2906; x_wconf 89' lang='lat' dir='ltr'><strong>eos</strong></span> <span class='ocrx_word' id='word_1_382' title='bbox 2510 2850 2939 2905; x_wconf 83' lang='lat' dir='ltr'><strong>benedictionem</strong></span> <span class='ocrx_word' id='word_1_383' title='bbox 2963 2858 3014 2905; x_wconf 92' lang='lat' dir='ltr'><strong>et</strong></span> <span class='ocrx_word' id='word_1_384' title='bbox 3040 2848 3266 2919; x_wconf 88' lang='lat' dir='ltr'><strong>gratiam</strong></span> <span class='ocrx_word' id='word_1_385' title='bbox 3301 2858 3467 2913; x_wconf 90' lang='lat' dir='ltr'><strong>tuam,</strong></span> <span class='ocrx_word' id='word_1_386' title='bbox 3492 2854 3552 2902; x_wconf 88' lang='lat' dir='ltr'><strong>ut</strong></span> 
     </span>
    </p>
   </div>
   <div class='ocr_carea' id='block_1_57' title="bbox 1962 2940 3553 3012">
    <p class='ocr_par' dir='ltr' id='par_1_57' title="bbox 1962 2940 3553 3012">
     <span class='ocr_line' id='line_1_57' title="bbox 1962 2940 3553 3012; baseline -0.001 -18"><span class='ocrx_word' id='word_1_387' title='bbox 1962 2940 2029 2995; x_wconf 88' lang='lat' dir='ltr'><strong>ad</strong></span> <span class='ocrx_word' id='word_1_388' title='bbox 2059 2944 2391 2997; x_wconf 82' lang='lat' dir='ltr'><strong>exorandam</strong></span> <span class='ocrx_word' id='word_1_389' title='bbox 2417 2957 2633 3012; x_wconf 87' lang='lat' dir='ltr'><strong>semper</strong></span> <span class='ocrx_word' id='word_1_390' title='bbox 2657 2940 3084 2997; x_wconf 88' lang='lat' dir='ltr'><strong>misericordiam</strong></span> <span class='ocrx_word' id='word_1_391' title='bbox 3116 2950 3283 3006; x_wconf 91' lang='lat' dir='ltr'><strong>tuam,</strong></span> <span class='ocrx_word' id='word_1_392' title='bbox 3315 2949 3408 2994; x_wconf 89' lang='lat' dir='ltr'><strong>tuo</strong></span> <span class='ocrx_word' id='word_1_393' title='bbox 3434 2954 3553 2993; x_wconf 83' lang='lat' dir='ltr'><strong>mu-</strong></span> 
     </span>
    </p>
   </div>
   <div class='ocr_carea' id='block_1_58' title="bbox 1957 3032 3546 3104">
    <p class='ocr_par' dir='ltr' id='par_1_58' title="bbox 1957 3032 3546 3104">
     <span class='ocr_line' id='line_1_58' title="bbox 1957 3032 3546 3104; baseline -0.001 -17"><span class='ocrx_word' id='word_1_394' title='bbox 1957 3048 2087 3087; x_wconf 90' lang='lat' dir='ltr'><strong>nere</strong></span> <span class='ocrx_word' id='word_1_395' title='bbox 2114 3032 2317 3100; x_wconf 89' lang='lat' dir='ltr'><strong>idonei,</strong></span> <span class='ocrx_word' id='word_1_396' title='bbox 2350 3044 2439 3088; x_wconf 87' lang='lat' dir='ltr'><strong>tua</strong></span> <span class='ocrx_word' id='word_1_397' title='bbox 2468 3035 2640 3104; x_wconf 88' lang='lat' dir='ltr'><strong>gratia</strong></span> <span class='ocrx_word' id='word_1_398' title='bbox 2662 3034 2872 3104; x_wconf 90' lang='lat' dir='ltr'><strong>possint</strong></span> <span class='ocrx_word' id='word_1_399' title='bbox 2896 3048 3017 3086; x_wconf 80' lang='lat' dir='ltr'><strong>esse</strong></span> <span class='ocrx_word' id='word_1_400' title='bbox 3048 3032 3254 3085; x_wconf 90' lang='lat' dir='ltr'><strong>devoti.</strong></span> <span class='ocrx_word' id='word_1_401' title='bbox 3288 3032 3411 3099; x_wconf 84' lang='lat' dir='ltr'><strong>Per,</strong></span> <span class='ocrx_word' id='word_1_402' title='bbox 3438 3040 3546 3086; x_wconf 80' lang='lat' dir='ltr'><strong>etc.</strong></span> 
     </span>
    </p>
   </div>
   <div class='ocr_carea' id='block_1_59' title="bbox 2282 3122 3228 3195">
    <p class='ocr_par' dir='ltr' id='par_1_59' title="bbox 2282 3122 3228 3195">
     <span class='ocr_line' id='line_1_59' title="bbox 2282 3122 3228 3195; baseline -0.006 -14"><span class='ocrx_word' id='word_1_403' title='bbox 2282 3128 2438 3195; x_wconf 74' lang='grc' dir='ltr'>ιι2</span> <span class='ocrx_word' id='word_1_404' title='bbox 2466 3122 2758 3177; x_wconf 83' lang='lat' dir='ltr'><strong>Benedictio</strong></span> <span class='ocrx_word' id='word_1_405' title='bbox 2786 3140 2939 3194; x_wconf 80' lang='lat' dir='ltr'><strong>super</strong></span> <span class='ocrx_word' id='word_1_406' title='bbox 2965 3122 3228 3175; x_wconf 83' lang='lat' dir='ltr'><strong>diaconos.</strong></span> 
     </span>
    </p>
   </div>
   <div class='ocr_carea' id='block_1_60' title="bbox 2034 3212 3551 3284">
    <p class='ocr_par' dir='ltr' id='par_1_60' title="bbox 2034 3212 3551 3284">
     <span class='ocr_line' id='line_1_60' title="bbox 2034 3212 3551 3284; baseline 0.001 -16"><span class='ocrx_word' id='word_1_407' title='bbox 2034 3221 2059 3262; x_wconf 76' lang='grc' dir='ltr'><strong>ι</strong></span> <span class='ocrx_word' id='word_1_408' title='bbox 2103 3212 2332 3270; x_wconf 92' lang='lat' dir='ltr'><strong>Domine</strong></span> <span class='ocrx_word' id='word_1_409' title='bbox 2365 3218 2527 3284; x_wconf 86' lang='lat' dir='ltr'><strong>Deus,</strong></span> <span class='ocrx_word' id='word_1_410' title='bbox 2559 3230 2746 3283; x_wconf 87' lang='lat' dir='ltr'><strong>preces</strong></span> <span class='ocrx_word' id='word_1_411' title='bbox 2775 3221 2990 3269; x_wconf 90' lang='lat' dir='ltr'><strong>nostras</strong></span> <span class='ocrx_word' id='word_1_412' title='bbox 3010 3214 3307 3269; x_wconf 90' lang='lat' dir='ltr'><strong>clementer</strong></span> <span class='ocrx_word' id='word_1_413' title='bbox 3334 3214 3551 3284; x_wconf 89' lang='lat' dir='ltr'><strong>exaudi,</strong></span> 
     </span>
    </p>
   </div>
   <div class='ocr_carea' id='block_1_61' title="bbox 288 3302 3555 3380">
    <p class='ocr_par' dir='ltr' id='par_1_61' title="bbox 288 3302 3555 3380">
     <span class='ocr_line' id='line_1_61' title="bbox 288 3302 3555 3380; baseline 0.001 -21"><span class='ocrx_word' id='word_1_414' title='bbox 288 3308 416 3377; x_wconf 81' lang='lat' dir='ltr'><strong>pias,</strong></span> <span class='ocrx_word' id='word_1_415' title='bbox 449 3318 500 3363; x_wconf 92' lang='lat' dir='ltr'><strong>ut</strong></span> <span class='ocrx_word' id='word_1_416' title='bbox 524 3310 662 3380; x_wconf 89' lang='lat' dir='ltr'><strong>quod</strong></span> <span class='ocrx_word' id='word_1_417' title='bbox 704 3310 885 3365; x_wconf 86' lang='lat' dir='ltr'><strong>divino</strong></span> <span class='ocrx_word' id='word_1_418' title='bbox 916 3326 1139 3364; x_wconf 90' lang='lat' dir='ltr'><strong>munere</strong></span> <span class='ocrx_word' id='word_1_419' title='bbox 1175 3319 1498 3365; x_wconf 87' lang='lat' dir='ltr'><strong>consecutus</strong></span> <span class='ocrx_word' id='word_1_420' title='bbox 1530 3319 1629 3374; x_wconf 90' lang='lat' dir='ltr'><strong>est,</strong></span> <span class='ocrx_word' id='word_1_421' title='bbox 1663 3307 1858 3364; x_wconf 86' lang='lat' dir='ltr'><strong>divinis</strong></span> <span class='ocrx_word' id='word_1_422' title='bbox 1887 3302 1933 3367; x_wconf 94' lang='lat' dir='ltr'><strong>C</strong></span> <span class='ocrx_word' id='word_1_423' title='bbox 1965 3315 2024 3361; x_wconf 90' lang='lat' dir='ltr'><strong>ut</strong></span> <span class='ocrx_word' id='word_1_424' title='bbox 2046 3322 2165 3375; x_wconf 69' lang='lat' dir='ltr'><strong>qua:</strong></span> <span class='ocrx_word' id='word_1_425' title='bbox 2191 3317 2375 3363; x_wconf 89' lang='lat' dir='ltr'><strong>nostro</strong></span> <span class='ocrx_word' id='word_1_426' title='bbox 2405 3316 2531 3361; x_wconf 88' lang='lat' dir='ltr'><strong>sunt</strong></span> <span class='ocrx_word' id='word_1_427' title='bbox 2554 3307 2790 3378; x_wconf 88' lang='lat' dir='ltr'><strong>gerenda</strong></span> <span class='ocrx_word' id='word_1_428' title='bbox 2820 3307 3061 3371; x_wconf 84' lang='lat' dir='ltr'><strong>servitio,</strong></span> <span class='ocrx_word' id='word_1_429' title='bbox 3092 3314 3183 3361; x_wconf 91' lang='lat' dir='ltr'><strong>tuo</strong></span> <span class='ocrx_word' id='word_1_430' title='bbox 3209 3308 3555 3377; x_wconf 81' lang='lat' dir='ltr'><strong>prosequaris</strong></span> 
     </span>
    </p>
   </div>
   <div class='ocr_carea' id='block_1_62' title="bbox 283 3398 1213 3471">
    <p class='ocr_par' dir='ltr' id='par_1_62' title="bbox 283 3398 1213 3471">
     <span class='ocr_line' id='line_1_62' title="bbox 283 3398 1213 3471; baseline 0.003 -18"><span class='ocrx_word' id='word_1_431' title='bbox 283 3398 542 3456; x_wconf 80' lang='lat' dir='ltr'><strong>eﬁectibus</strong></span> <span class='ocrx_word' id='word_1_432' title='bbox 570 3411 913 3471; x_wconf 84' lang='lat' dir='ltr'><strong>exsequatur.</strong></span> <span class='ocrx_word' id='word_1_433' title='bbox 950 3403 1074 3468; x_wconf 87' lang='lat' dir='ltr'><strong>Per,</strong></span> <span class='ocrx_word' id='word_1_434' title='bbox 1107 3411 1213 3457; x_wconf 89' lang='lat' dir='ltr'><strong>etc.</strong></span> 
     </span>
    </p>
   </div>
   <div class='ocr_carea' id='block_1_63' title="bbox 345 3495 1857 3569">
    <p class='ocr_par' dir='ltr' id='par_1_63' title="bbox 345 3495 1857 3569">
     <span class='ocr_line' id='line_1_63' title="bbox 345 3495 1857 3569; baseline 0.001 -18"><span class='ocrx_word' id='word_1_435' title='bbox 345 3497 499 3569; x_wconf 94' lang='grc' dir='ltr'><strong>ιιι</strong></span> <span class='ocrx_word' id='word_1_436' title='bbox 532 3496 754 3563; x_wconf 83' lang='lat' dir='ltr'><strong>Adesto,</strong></span> <span class='ocrx_word' id='word_1_437' title='bbox 789 3496 1095 3551; x_wconf 85' lang='lat' dir='ltr'><strong>misericors</strong></span> <span class='ocrx_word' id='word_1_438' title='bbox 1126 3496 1287 3561; x_wconf 91' lang='lat' dir='ltr'><strong>Deus,</strong></span> <span class='ocrx_word' id='word_1_439' title='bbox 1322 3505 1379 3550; x_wconf 94' lang='lat' dir='ltr'><strong>ut</strong></span> <span class='ocrx_word' id='word_1_440' title='bbox 1401 3495 1543 3566; x_wconf 91' lang='lat' dir='ltr'><strong>quod</strong></span> <span class='ocrx_word' id='word_1_441' title='bbox 1568 3506 1743 3550; x_wconf 90' lang='lat' dir='ltr'><strong>actum</strong></span> <span class='ocrx_word' id='word_1_442' title='bbox 1775 3505 1857 3551; x_wconf 92' lang='lat' dir='ltr'><strong>est</strong></span> 
     </span>
    </p>
   </div>
   <div class='ocr_carea' id='block_1_64' title="bbox 275 3588 1853 3656">
    <p class='ocr_par' dir='ltr' id='par_1_64' title="bbox 275 3588 1853 3656">
     <span class='ocr_line' id='line_1_64' title="bbox 275 3588 1853 3656; baseline 0.004 -18"><span class='ocrx_word' id='word_1_443' title='bbox 275 3597 467 3641; x_wconf 73' lang='lat' dir='ltr'><strong>nostrae</strong></span> <span class='ocrx_word' id='word_1_444' title='bbox 504 3588 777 3644; x_wconf 86' lang='lat' dir='ltr'><strong>servitutis</strong></span> <span class='ocrx_word' id='word_1_445' title='bbox 807 3588 1007 3656; x_wconf 87' lang='lat' dir='ltr'><strong>ofﬁcio,</strong></span> <span class='ocrx_word' id='word_1_446' title='bbox 1044 3598 1130 3643; x_wconf 90' lang='lat' dir='ltr'><strong>tua</strong></span> <span class='ocrx_word' id='word_1_447' title='bbox 1167 3589 1543 3644; x_wconf 87' lang='lat' dir='ltr'><strong>benedictione</strong></span> <span class='ocrx_word' id='word_1_448' title='bbox 1589 3590 1853 3645; x_wconf 88' lang='lat' dir='ltr'><strong>ﬁrmetur.</strong></span> 
     </span>
    </p>
   </div>
   <div class='ocr_carea' id='block_1_65' title="bbox 272 3674 525 3742">
    <p class='ocr_par' dir='ltr' id='par_1_65' title="bbox 272 3674 525 3742">
     <span class='ocr_line' id='line_1_65' title="bbox 272 3674 525 3742; baseline 0.012 -13"><span class='ocrx_word' id='word_1_449' title='bbox 272 3674 389 3742; x_wconf 84' lang='lat' dir='ltr'><strong>Per,</strong></span> <span class='ocrx_word' id='word_1_450' title='bbox 419 3687 525 3732; x_wconf 92' lang='lat' dir='ltr'><strong>etc.</strong></span> 
     </span>
    </p>
   </div>
   <div class='ocr_carea' id='block_1_66' title="bbox 333 3768 1855 3842">
    <p class='ocr_par' dir='ltr' id='par_1_66' title="bbox 333 3768 1855 3842">
     <span class='ocr_line' id='line_1_66' title="bbox 333 3768 1855 3842; baseline 0.004 -19"><span class='ocrx_word' id='word_1_451' title='bbox 333 3768 360 3805; x_wconf 74' lang='grc' dir='ltr'>ά</span> <span class='ocrx_word' id='word_1_452' title='bbox 403 3768 724 3839; x_wconf 88' lang='lat' dir='ltr'><strong>Propitiare,</strong></span> <span class='ocrx_word' id='word_1_453' title='bbox 759 3770 1009 3837; x_wconf 93' lang='lat' dir='ltr'><strong>Domine,</strong></span> <span class='ocrx_word' id='word_1_454' title='bbox 1036 3772 1511 3842; x_wconf 75' lang='lat' dir='ltr'><strong>supplicationibus</strong></span> <span class='ocrx_word' id='word_1_455' title='bbox 1542 3774 1760 3841; x_wconf 91' lang='lat' dir='ltr'><strong>nostris,</strong></span> <span class='ocrx_word' id='word_1_456' title='bbox 1802 3784 1855 3829; x_wconf 93' lang='lat' dir='ltr'><strong>et</strong></span> 
     </span>
    </p>
   </div>
   <div class='ocr_carea' id='block_1_67' title="bbox 273 3863 1855 3935">
    <p class='ocr_par' dir='ltr' id='par_1_67' title="bbox 273 3863 1855 3935">
     <span class='ocr_line' id='line_1_67' title="bbox 273 3863 1855 3935; baseline 0.004 -20"><span class='ocrx_word' id='word_1_457' title='bbox 273 3863 529 3917; x_wconf 90' lang='lat' dir='ltr'><strong>inclinato</strong></span> <span class='ocrx_word' id='word_1_458' title='bbox 553 3878 715 3933; x_wconf 92' lang='lat' dir='ltr'><strong>super</strong></span> <span class='ocrx_word' id='word_1_459' title='bbox 740 3865 835 3919; x_wconf 89' lang='lat' dir='ltr'><strong>hos</strong></span> <span class='ocrx_word' id='word_1_460' title='bbox 862 3864 1090 3919; x_wconf 81' lang='lat' dir='ltr'><strong>famulos</strong></span> <span class='ocrx_word' id='word_1_461' title='bbox 1127 3874 1244 3919; x_wconf 83' lang='lat' dir='ltr'><strong>tuos</strong></span> <span class='ocrx_word' id='word_1_462' title='bbox 1269 3880 1436 3921; x_wconf 92' lang='lat' dir='ltr'><strong>cornu</strong></span> <span class='ocrx_word' id='word_1_463' title='bbox 1467 3868 1649 3935; x_wconf 68' lang='lat' dir='ltr'><strong>gratiae</strong></span> <span class='ocrx_word' id='word_1_464' title='bbox 1674 3883 1855 3922; x_wconf 89' lang='lat' dir='ltr'><strong>sacer-</strong></span> 
     </span>
    </p>
   </div>
   <div class='ocr_carea' id='block_1_68' title="bbox 268 3954 1850 4022">
    <p class='ocr_par' dir='ltr' id='par_1_68' title="bbox 268 3954 1850 4022">
     <span class='ocr_line' id='line_1_68' title="bbox 268 3954 1850 4022; baseline 0.005 -15"><span class='ocrx_word' id='word_1_465' title='bbox 268 3954 483 4022; x_wconf 77' lang='lat' dir='ltr'><strong>dotalis,</strong></span> <span class='ocrx_word' id='word_1_466' title='bbox 526 3955 916 4012; x_wconf 91' lang='lat' dir='ltr'><strong>benedictionis</strong></span> <span class='ocrx_word' id='word_1_467' title='bbox 949 3966 1053 4011; x_wconf 83' lang='lat' dir='ltr'><strong>tuae</strong></span> <span class='ocrx_word' id='word_1_468' title='bbox 1079 3958 1133 4012; x_wconf 93' lang='lat' dir='ltr'><strong>in</strong></span> <span class='ocrx_word' id='word_1_469' title='bbox 1175 3974 1269 4013; x_wconf 89' lang='lat' dir='ltr'><strong>eos</strong></span> <span class='ocrx_word' id='word_1_470' title='bbox 1315 3958 1529 4013; x_wconf 81' lang='lat' dir='ltr'><strong>effunde</strong></span> <span class='ocrx_word' id='word_1_471' title='bbox 1578 3961 1850 4016; x_wconf 88' lang='lat' dir='ltr'><strong>virtutem.</strong></span> 
     </span>
    </p>
   </div>
   <div class='ocr_carea' id='block_1_69' title="bbox 265 4047 537 4114">
    <p class='ocr_par' dir='ltr' id='par_1_69' title="bbox 265 4047 537 4114">
     <span class='ocr_line' id='line_1_69' title="bbox 265 4047 537 4114; baseline -0.007 -9"><span class='ocrx_word' id='word_1_472' title='bbox 265 4047 365 4105; x_wconf 76' lang='lat' dir='ltr'><strong>l’er</strong></span> <span class='ocrx_word' id='word_1_473' title='bbox 382 4092 398 4114; x_wconf 93' lang='lat'><strong>,</strong></span> <span class='ocrx_word' id='word_1_474' title='bbox 432 4059 537 4104; x_wconf 93' lang='lat' dir='ltr'><strong>etc.</strong></span> 
     </span>
    </p>
   </div>
   <div class='ocr_carea' id='block_1_70' title="bbox 339 4140 1855 4215">
    <p class='ocr_par' dir='ltr' id='par_1_70' title="bbox 339 4140 1855 4215">
     <span class='ocr_line' id='line_1_70' title="bbox 339 4140 1855 4215; baseline 0.002 -20"><span class='ocrx_word' id='word_1_475' title='bbox 339 4151 364 4179; x_wconf 78' lang='grc' dir='ltr'><strong>ο</strong></span> <span class='ocrx_word' id='word_1_476' title='bbox 409 4142 549 4196; x_wconf 85' lang='lat' dir='ltr'><strong>Deus</strong></span> <span class='ocrx_word' id='word_1_477' title='bbox 582 4141 845 4197; x_wconf 90' lang='lat' dir='ltr'><strong>honorum</strong></span> <span class='ocrx_word' id='word_1_478' title='bbox 876 4143 1137 4206; x_wconf 88' lang='lat' dir='ltr'><strong>omnium,</strong></span> <span class='ocrx_word' id='word_1_479' title='bbox 1174 4140 1316 4197; x_wconf 89' lang='lat' dir='ltr'><strong>Deus</strong></span> <span class='ocrx_word' id='word_1_480' title='bbox 1350 4144 1587 4198; x_wconf 91' lang='lat' dir='ltr'><strong>omnium</strong></span> <span class='ocrx_word' id='word_1_481' title='bbox 1626 4144 1855 4215; x_wconf 90' lang='lat' dir='ltr'><strong>dignita-</strong></span> 
     </span>
    </p>
   </div>
   <div class='ocr_carea' id='block_1_71' title="bbox 264 4234 1850 4305">
    <p class='ocr_par' dir='ltr' id='par_1_71' title="bbox 264 4234 1850 4305">
     <span class='ocr_line' id='line_1_71' title="bbox 264 4234 1850 4305; baseline 0 -16"><span class='ocrx_word' id='word_1_482' title='bbox 264 4245 403 4303; x_wconf 92' lang='lat' dir='ltr'><strong>tum,</strong></span> <span class='ocrx_word' id='word_1_483' title='bbox 437 4251 555 4304; x_wconf 73' lang='lat' dir='ltr'><strong>qute</strong></span> <span class='ocrx_word' id='word_1_484' title='bbox 578 4235 762 4305; x_wconf 76' lang='lat' dir='ltr'><strong>gloriae</strong></span> <span class='ocrx_word' id='word_1_485' title='bbox 797 4244 899 4288; x_wconf 75' lang='lat' dir='ltr'><strong>tua:</strong></span> <span class='ocrx_word' id='word_1_486' title='bbox 926 4236 1152 4289; x_wconf 83' lang='lat' dir='ltr'><strong>sacratis</strong></span> <span class='ocrx_word' id='word_1_487' title='bbox 1179 4234 1506 4290; x_wconf 89' lang='lat' dir='ltr'><strong>famulantur</strong></span> <span class='ocrx_word' id='word_1_488' title='bbox 1534 4236 1811 4290; x_wconf 89' lang='lat' dir='ltr'><strong>ordinibus</strong></span> <span class='ocrx_word' id='word_1_489' title='bbox 1838 4254 1850 4289; x_wconf 89' lang='lat'>:</span> 
     </span>
    </p>
   </div>
   <div class='ocr_carea' id='block_1_72' title="bbox 264 4326 1853 4399">
    <p class='ocr_par' dir='ltr' id='par_1_72' title="bbox 264 4326 1853 4399">
     <span class='ocr_line' id='line_1_72' title="bbox 264 4326 1853 4399; baseline 0.001 -18"><span class='ocrx_word' id='word_1_490' title='bbox 264 4327 436 4396; x_wconf 89' lang='lat' dir='ltr'><strong>Deus,</strong></span> <span class='ocrx_word' id='word_1_491' title='bbox 460 4328 549 4398; x_wconf 93' lang='lat' dir='ltr'><strong>qui</strong></span> <span class='ocrx_word' id='word_1_492' title='bbox 582 4326 798 4399; x_wconf 76' lang='lat' dir='ltr'><strong>Moysen</strong></span> <span class='ocrx_word' id='word_1_493' title='bbox 844 4326 1101 4381; x_wconf 83' lang='lat' dir='ltr'><strong>famulum</strong></span> <span class='ocrx_word' id='word_1_494' title='bbox 1134 4338 1303 4393; x_wconf 90' lang='lat' dir='ltr'><strong>tuum,</strong></span> <span class='ocrx_word' id='word_1_495' title='bbox 1338 4328 1531 4383; x_wconf 81' lang='lat' dir='ltr'><strong>secreti</strong></span> <span class='ocrx_word' id='word_1_496' title='bbox 1578 4329 1853 4383; x_wconf 73' lang='lat' dir='ltr'><strong>faniiliaris</strong></span> 
     </span>
    </p>
   </div>
   <div class='ocr_carea' id='block_1_73' title="bbox 265 4420 1855 4489">
    <p class='ocr_par' dir='ltr' id='par_1_73' title="bbox 265 4420 1855 4489">
     <span class='ocr_line' id='line_1_73' title="bbox 265 4420 1855 4489; baseline 0.001 -15"><span class='ocrx_word' id='word_1_497' title='bbox 265 4422 454 4489; x_wconf 82' lang='lat' dir='ltr'><strong>affatu,</strong></span> <span class='ocrx_word' id='word_1_498' title='bbox 496 4423 634 4475; x_wconf 92' lang='lat' dir='ltr'><strong>inter</strong></span> <span class='ocrx_word' id='word_1_499' title='bbox 672 4432 865 4475; x_wconf 74' lang='lat' dir='ltr'><strong>etetera</strong></span> <span class='ocrx_word' id='word_1_500' title='bbox 894 4423 1130 4476; x_wconf 61' lang='lat' dir='ltr'><strong>caelestis</strong></span> <span class='ocrx_word' id='word_1_501' title='bbox 1158 4420 1477 4475; x_wconf 87' lang='lat' dir='ltr'><strong>documenta</strong></span> <span class='ocrx_word' id='word_1_502' title='bbox 1510 4421 1757 4488; x_wconf 70' lang='lat' dir='ltr'><strong>culturte,</strong></span> <span class='ocrx_word' id='word_1_503' title='bbox 1787 4422 1855 4477; x_wconf 90' lang='lat' dir='ltr'><strong>de</strong></span> 
     </span>
    </p>
   </div>
   <div class='ocr_carea' id='block_1_74' title="bbox 265 4513 1855 4584">
    <p class='ocr_par' dir='ltr' id='par_1_74' title="bbox 265 4513 1855 4584">
     <span class='ocr_line' id='line_1_74' title="bbox 265 4513 1855 4584; baseline 0.003 -17"><span class='ocrx_word' id='word_1_504' title='bbox 265 4513 449 4569; x_wconf 87' lang='lat' dir='ltr'><strong>habitu</strong></span> <span class='ocrx_word' id='word_1_505' title='bbox 476 4529 690 4584; x_wconf 91' lang='lat' dir='ltr'><strong>quoque</strong></span> <span class='ocrx_word' id='word_1_506' title='bbox 720 4513 1018 4569; x_wconf 86' lang='lat' dir='ltr'><strong>indumenti</strong></span> <span class='ocrx_word' id='word_1_507' title='bbox 1040 4514 1388 4569; x_wconf 71' lang='lat' dir='ltr'><strong>sncerdotalis</strong></span> <span class='ocrx_word' id='word_1_508' title='bbox 1412 4515 1717 4580; x_wconf 89' lang='lat' dir='ltr'><strong>instituens,</strong></span> <span class='ocrx_word' id='word_1_509' title='bbox 1745 4518 1855 4571; x_wconf 87' lang='lat' dir='ltr'><strong>ele-</strong></span> 
     </span>
    </p>
   </div>
   <div class='ocr_carea' id='block_1_75' title="bbox 264 4607 1853 4679">
    <p class='ocr_par' dir='ltr' id='par_1_75' title="bbox 264 4607 1853 4679">
     <span class='ocr_line' id='line_1_75' title="bbox 264 4607 1853 4679; baseline 0.003 -18"><span class='ocrx_word' id='word_1_510' title='bbox 264 4621 411 4662; x_wconf 77' lang='lat' dir='ltr'><strong>Ctum</strong></span> <span class='ocrx_word' id='word_1_511' title='bbox 444 4610 623 4661; x_wconf 84' lang='lat' dir='ltr'><strong>Aaron</strong></span> <span class='ocrx_word' id='word_1_512' title='bbox 658 4610 884 4679; x_wconf 76' lang='lat' dir='ltr'><strong>mystico</strong></span> <span class='ocrx_word' id='word_1_513' title='bbox 911 4608 1108 4662; x_wconf 90' lang='lat' dir='ltr'><strong>amictu</strong></span> <span class='ocrx_word' id='word_1_514' title='bbox 1154 4607 1340 4662; x_wconf 80' lang='lat' dir='ltr'><strong>veStiri</strong></span> <span class='ocrx_word' id='word_1_515' title='bbox 1381 4609 1519 4663; x_wconf 84' lang='lat' dir='ltr'><strong>inter</strong></span> <span class='ocrx_word' id='word_1_516' title='bbox 1550 4624 1699 4663; x_wconf 83' lang='lat' dir='ltr'><strong>sacra</strong></span> <span class='ocrx_word' id='word_1_517' title='bbox 1739 4611 1853 4679; x_wconf 89' lang='lat' dir='ltr'><strong>jus-</strong></span> 
     </span>
    </p>
   </div>
   <div class='ocr_carea' id='block_1_76' title="bbox 1964 3400 3553 3470">
    <p class='ocr_par' dir='ltr' id='par_1_76' title="bbox 1964 3400 3553 3470">
     <span class='ocr_line' id='line_1_76' title="bbox 1964 3400 3553 3470; baseline 0.002 -16"><span class='ocrx_word' id='word_1_518' title='bbox 1964 3400 2228 3469; x_wconf 88' lang='lat' dir='ltr'><strong>benignus</strong></span> <span class='ocrx_word' id='word_1_519' title='bbox 2276 3402 2498 3469; x_wconf 77' lang='lat' dir='ltr'><strong>auxilio,</strong></span> <span class='ocrx_word' id='word_1_520' title='bbox 2546 3410 2601 3456; x_wconf 95' lang='lat' dir='ltr'><strong>et</strong></span> <span class='ocrx_word' id='word_1_521' title='bbox 2644 3417 2778 3470; x_wconf 83' lang='lat' dir='ltr'><strong>quos</strong></span> <span class='ocrx_word' id='word_1_522' title='bbox 2821 3401 2989 3457; x_wconf 83' lang='lat' dir='ltr'><strong>sacris</strong></span> <span class='ocrx_word' id='word_1_523' title='bbox 3032 3400 3347 3457; x_wconf 90' lang='lat' dir='ltr'><strong>ministeriis</strong></span> <span class='ocrx_word' id='word_1_524' title='bbox 3395 3417 3553 3458; x_wconf 84' lang='lat' dir='ltr'><strong>exse-</strong></span> 
     </span>
    </p>
   </div>
   <div class='ocr_carea' id='block_1_77' title="bbox 1961 3492 3549 3566">
    <p class='ocr_par' dir='ltr' id='par_1_77' title="bbox 1961 3492 3549 3566">
     <span class='ocr_line' id='line_1_77' title="bbox 1961 3492 3549 3566; baseline 0.004 -21"><span class='ocrx_word' id='word_1_525' title='bbox 1961 3492 2191 3563; x_wconf 90' lang='lat' dir='ltr'><strong>quendis</strong></span> <span class='ocrx_word' id='word_1_526' title='bbox 2220 3508 2315 3563; x_wconf 89' lang='lat' dir='ltr'><strong>pro</strong></span> <span class='ocrx_word' id='word_1_527' title='bbox 2339 3504 2523 3549; x_wconf 72' lang='lat' dir='ltr'><strong>nosua</strong></span> <span class='ocrx_word' id='word_1_528' title='bbox 2550 3495 2898 3565; x_wconf 88' lang='lat' dir='ltr'><strong>intelligentia</strong></span> <span class='ocrx_word' id='word_1_529' title='bbox 2926 3495 3200 3551; x_wconf 83' lang='lat' dir='ltr'><strong>credimus</strong></span> <span class='ocrx_word' id='word_1_530' title='bbox 3221 3494 3549 3566; x_wconf 82' lang='lat' dir='ltr'><strong>oﬁ‘erendos,</strong></span> 
     </span>
    </p>
   </div>
   <div class='ocr_carea' id='block_1_78' title="bbox 1959 3586 3144 3656">
    <p class='ocr_par' dir='ltr' id='par_1_78' title="bbox 1959 3586 3144 3656">
     <span class='ocr_line' id='line_1_78' title="bbox 1959 3586 3144 3656; baseline 0.003 -17"><span class='ocrx_word' id='word_1_531' title='bbox 1959 3595 2045 3639; x_wconf 90' lang='lat' dir='ltr'><strong>tua</strong></span> <span class='ocrx_word' id='word_1_532' title='bbox 2072 3586 2247 3655; x_wconf 86' lang='lat' dir='ltr'><strong>potius</strong></span> <span class='ocrx_word' id='word_1_533' title='bbox 2276 3586 2544 3642; x_wconf 80' lang='lat' dir='ltr'><strong>eleCIione</strong></span> <span class='ocrx_word' id='word_1_534' title='bbox 2566 3588 2848 3656; x_wconf 89' lang='lat' dir='ltr'><strong>justilices.</strong></span> <span class='ocrx_word' id='word_1_535' title='bbox 2885 3588 3003 3654; x_wconf 88' lang='lat' dir='ltr'><strong>Per,</strong></span> <span class='ocrx_word' id='word_1_536' title='bbox 3037 3598 3144 3643; x_wconf 87' lang='lat' dir='ltr'><strong>etc.</strong></span> 
     </span>
    </p>
   </div>
   <div class='ocr_carea' id='block_1_79' title="bbox 2031 3676 3555 3752">
    <p class='ocr_par' dir='ltr' id='par_1_79' title="bbox 2031 3676 3555 3752">
     <span class='ocr_line' id='line_1_79' title="bbox 2031 3676 3555 3752; baseline 0.002 -18"><span class='ocrx_word' id='word_1_537' title='bbox 2031 3676 2058 3716; x_wconf 66' lang='grc' dir='ltr'><strong>ιι</strong></span> <span class='ocrx_word' id='word_1_538' title='bbox 2098 3679 2347 3745; x_wconf 89' lang='lat' dir='ltr'><strong>Oremus,</strong></span> <span class='ocrx_word' id='word_1_539' title='bbox 2380 3681 2739 3750; x_wconf 88' lang='lat' dir='ltr'><strong>dilectissimi,</strong></span> <span class='ocrx_word' id='word_1_540' title='bbox 2774 3683 2941 3737; x_wconf 90' lang='lat' dir='ltr'><strong>Deum</strong></span> <span class='ocrx_word' id='word_1_541' title='bbox 2970 3683 3183 3738; x_wconf 85' lang='lat' dir='ltr'><strong>Patrem</strong></span> <span class='ocrx_word' id='word_1_542' title='bbox 3215 3681 3555 3752; x_wconf 87' lang='lat' dir='ltr'><strong>omnipoten-</strong></span> 
     </span>
    </p>
   </div>
   <div class='ocr_carea' id='block_1_80' title="bbox 1956 3771 3551 3844">
    <p class='ocr_par' dir='ltr' id='par_1_80' title="bbox 1956 3771 3551 3844">
     <span class='ocr_line' id='line_1_80' title="bbox 1956 3771 3551 3844; baseline 0.001 -17"><span class='ocrx_word' id='word_1_543' title='bbox 1956 3780 2087 3839; x_wconf 91' lang='lat' dir='ltr'><strong>tem,</strong></span> <span class='ocrx_word' id='word_1_544' title='bbox 2122 3782 2179 3825; x_wconf 93' lang='lat' dir='ltr'><strong>ut</strong></span> <span class='ocrx_word' id='word_1_545' title='bbox 2228 3788 2391 3841; x_wconf 87' lang='lat' dir='ltr'><strong>super</strong></span> <span class='ocrx_word' id='word_1_546' title='bbox 2416 3772 2516 3827; x_wconf 91' lang='lat' dir='ltr'><strong>hos</strong></span> <span class='ocrx_word' id='word_1_547' title='bbox 2553 3772 2783 3827; x_wconf 89' lang='lat' dir='ltr'><strong>famulos</strong></span> <span class='ocrx_word' id='word_1_548' title='bbox 2820 3788 2977 3838; x_wconf 88' lang='lat' dir='ltr'><strong>suos,</strong></span> <span class='ocrx_word' id='word_1_549' title='bbox 3022 3788 3158 3844; x_wconf 89' lang='lat' dir='ltr'><strong>quos</strong></span> <span class='ocrx_word' id='word_1_550' title='bbox 3202 3771 3268 3827; x_wconf 91' lang='lat' dir='ltr'><strong>ad</strong></span> <span class='ocrx_word' id='word_1_551' title='bbox 3312 3772 3551 3828; x_wconf 87' lang='lat' dir='ltr'><strong>ofﬁcium</strong></span> 
     </span>
    </p>
   </div>
   <div class='ocr_carea' id='block_1_81' title="bbox 1956 3864 3551 3936">
    <p class='ocr_par' dir='ltr' id='par_1_81' title="bbox 1956 3864 3551 3936">
     <span class='ocr_line' id='line_1_81' title="bbox 1956 3864 3551 3936; baseline 0.003 -17"><span class='ocrx_word' id='word_1_552' title='bbox 1956 3864 2187 3919; x_wconf 91' lang='lat' dir='ltr'><strong>diaconii</strong></span> <span class='ocrx_word' id='word_1_553' title='bbox 2223 3880 2413 3920; x_wconf 83' lang='lat' dir='ltr'><strong>vocare</strong></span> <span class='ocrx_word' id='word_1_554' title='bbox 2443 3866 2717 3936; x_wconf 85' lang='lat' dir='ltr'><strong>dignatur,</strong></span> <span class='ocrx_word' id='word_1_555' title='bbox 2756 3866 3182 3921; x_wconf 85' lang='lat' dir='ltr'><strong>benedictionem</strong></span> <span class='ocrx_word' id='word_1_556' title='bbox 3215 3867 3399 3936; x_wconf 70' lang='lat' dir='ltr'><strong>gratia:</strong></span> <span class='ocrx_word' id='word_1_557' title='bbox 3436 3881 3551 3923; x_wconf 69' lang='lat' dir='ltr'><strong>sua</strong></span> 
     </span>
    </p>
   </div>
   <div class='ocr_carea' id='block_1_82' title="bbox 1955 3958 3553 4031">
    <p class='ocr_par' dir='ltr' id='par_1_82' title="bbox 1955 3958 3553 4031">
     <span class='ocr_line' id='line_1_82' title="bbox 1955 3958 3553 4031; baseline 0.001 -17"><span class='ocrx_word' id='word_1_558' title='bbox 1955 3958 2250 4014; x_wconf 88' lang='lat' dir='ltr'><strong>clementer</strong></span> <span class='ocrx_word' id='word_1_559' title='bbox 2275 3958 2533 4025; x_wconf 79' lang='lat' dir='ltr'><strong>effundat,</strong></span> <span class='ocrx_word' id='word_1_560' title='bbox 2576 3970 2629 4015; x_wconf 90' lang='lat' dir='ltr'><strong>et</strong></span> <span class='ocrx_word' id='word_1_561' title='bbox 2662 3960 3089 4015; x_wconf 87' lang='lat' dir='ltr'><strong>consecrationis</strong></span> <span class='ocrx_word' id='word_1_562' title='bbox 3119 3958 3343 4015; x_wconf 77' lang='lat' dir='ltr'><strong>indulta:</strong></span> <span class='ocrx_word' id='word_1_563' title='bbox 3370 3959 3553 4031; x_wconf 86' lang='lat' dir='ltr'><strong>propi-</strong></span> 
     </span>
    </p>
   </div>
   <div class='ocr_carea' id='block_1_83' title="bbox 1954 4053 2868 4118">
    <p class='ocr_par' dir='ltr' id='par_1_83' title="bbox 1954 4053 2868 4118">
     <span class='ocr_line' id='line_1_83' title="bbox 1954 4053 2868 4118; baseline 0 -11"><span class='ocrx_word' id='word_1_564' title='bbox 1954 4054 2064 4108; x_wconf 90' lang='lat' dir='ltr'><strong>tius</strong></span> <span class='ocrx_word' id='word_1_565' title='bbox 2098 4053 2237 4108; x_wconf 93' lang='lat' dir='ltr'><strong>dona</strong></span> <span class='ocrx_word' id='word_1_566' title='bbox 2264 4062 2568 4108; x_wconf 79' lang='lat' dir='ltr'><strong>conservet.</strong></span> <span class='ocrx_word' id='word_1_567' title='bbox 2605 4053 2729 4118; x_wconf 88' lang='lat' dir='ltr'><strong>Per,</strong></span> <span class='ocrx_word' id='word_1_568' title='bbox 2762 4062 2868 4109; x_wconf 92' lang='lat' dir='ltr'><strong>etc.</strong></span> 
     </span>
    </p>
   </div>
   <div class='ocr_carea' id='block_1_84' title="bbox 2028 4146 3549 4214">
    <p class='ocr_par' dir='ltr' id='par_1_84' title="bbox 2028 4146 3549 4214">
     <span class='ocr_line' id='line_1_84' title="bbox 2028 4146 3549 4214; baseline 0 -15"><span class='ocrx_word' id='word_1_569' title='bbox 2028 4146 2189 4211; x_wconf 91' lang='lat' dir='ltr'><strong>Deus,</strong></span> <span class='ocrx_word' id='word_1_570' title='bbox 2237 4148 2545 4201; x_wconf 90' lang='lat' dir='ltr'><strong>consolator</strong></span> <span class='ocrx_word' id='word_1_571' title='bbox 2589 4161 2861 4199; x_wconf 88' lang='lat' dir='ltr'><strong>sacrarum</strong></span> <span class='ocrx_word' id='word_1_572' title='bbox 2886 4146 3169 4214; x_wconf 90' lang='lat' dir='ltr'><strong>magniﬁce</strong></span> <span class='ocrx_word' id='word_1_573' title='bbox 3194 4146 3511 4214; x_wconf 85' lang='lat' dir='ltr'><strong>dignitatum</strong></span> <span class='ocrx_word' id='word_1_574' title='bbox 3532 4185 3549 4211; x_wconf 92' lang='lat'><strong>,</strong></span> 
     </span>
    </p>
   </div>
   <div class='ocr_carea' id='block_1_85' title="bbox 1958 4236 3553 4310">
    <p class='ocr_par' dir='ltr' id='par_1_85' title="bbox 1958 4236 3553 4310">
     <span class='ocr_line' id='line_1_85' title="bbox 1958 4236 3553 4310; baseline 0 -17"><span class='ocrx_word' id='word_1_575' title='bbox 1958 4254 2269 4310; x_wconf 63' lang='lat' dir='ltr'><strong>quat-sumus</strong></span> <span class='ocrx_word' id='word_1_576' title='bbox 2314 4247 2371 4291; x_wconf 92' lang='lat' dir='ltr'><strong>ut</strong></span> <span class='ocrx_word' id='word_1_577' title='bbox 2402 4239 2498 4292; x_wconf 89' lang='lat' dir='ltr'><strong>hos</strong></span> <span class='ocrx_word' id='word_1_578' title='bbox 2530 4238 2757 4291; x_wconf 85' lang='lat' dir='ltr'><strong>famulos</strong></span> <span class='ocrx_word' id='word_1_579' title='bbox 2783 4248 2903 4291; x_wconf 91' lang='lat' dir='ltr'><strong>tuos</strong></span> <span class='ocrx_word' id='word_1_580' title='bbox 2933 4254 3067 4307; x_wconf 91' lang='lat' dir='ltr'><strong>quos</strong></span> <span class='ocrx_word' id='word_1_581' title='bbox 3107 4237 3173 4290; x_wconf 90' lang='lat' dir='ltr'><strong>ad</strong></span> <span class='ocrx_word' id='word_1_582' title='bbox 3206 4236 3437 4289; x_wconf 87' lang='lat' dir='ltr'><strong>ofﬁcium</strong></span> <span class='ocrx_word' id='word_1_583' title='bbox 3470 4238 3553 4293; x_wconf 82' lang='lat' dir='ltr'><strong>le-</strong></span> 
     </span>
    </p>
   </div>
   <div class='ocr_carea' id='block_1_86' title="bbox 1956 4326 3551 4397">
    <p class='ocr_par' dir='ltr' id='par_1_86' title="bbox 1956 4326 3551 4397">
     <span class='ocr_line' id='line_1_86' title="bbox 1956 4326 3551 4397; baseline 0 -14"><span class='ocrx_word' id='word_1_584' title='bbox 1956 4336 2184 4385; x_wconf 87' lang='lat' dir='ltr'><strong>vitarum</strong></span> <span class='ocrx_word' id='word_1_585' title='bbox 2232 4343 2424 4383; x_wconf 87' lang='lat' dir='ltr'><strong>vocare</strong></span> <span class='ocrx_word' id='word_1_586' title='bbox 2471 4328 2730 4397; x_wconf 89' lang='lat' dir='ltr'><strong>dignaris,</strong></span> <span class='ocrx_word' id='word_1_587' title='bbox 2763 4327 2949 4381; x_wconf 82' lang='lat' dir='ltr'><strong>altaris</strong></span> <span class='ocrx_word' id='word_1_588' title='bbox 2991 4329 3160 4381; x_wconf 88' lang='lat' dir='ltr'><strong>sancti</strong></span> <span class='ocrx_word' id='word_1_589' title='bbox 3192 4326 3551 4383; x_wconf 85' lang='lat' dir='ltr'><strong>ministerium</strong></span> 
     </span>
    </p>
   </div>
   <div class='ocr_carea' id='block_1_87' title="bbox 1956 4418 3552 4492">
    <p class='ocr_par' dir='ltr' id='par_1_87' title="bbox 1956 4418 3552 4492">
     <span class='ocr_line' id='line_1_87' title="bbox 1956 4418 3552 4492; baseline -0.003 -13"><span class='ocrx_word' id='word_1_590' title='bbox 1956 4424 2158 4479; x_wconf 90' lang='lat' dir='ltr'><strong>tribuas</strong></span> <span class='ocrx_word' id='word_1_591' title='bbox 2190 4422 2518 4478; x_wconf 87' lang='lat' dir='ltr'><strong>sufﬁcienter</strong></span> <span class='ocrx_word' id='word_1_592' title='bbox 2548 4421 2801 4492; x_wconf 89' lang='lat' dir='ltr'><strong>implere,</strong></span> <span class='ocrx_word' id='word_1_593' title='bbox 2832 4421 3149 4488; x_wconf 88' lang='lat' dir='ltr'><strong>cunctisque</strong></span> <span class='ocrx_word' id='word_1_594' title='bbox 3178 4418 3335 4473; x_wconf 89' lang='lat' dir='ltr'><strong>donis</strong></span> <span class='ocrx_word' id='word_1_595' title='bbox 3361 4418 3552 4489; x_wconf 74' lang='lat' dir='ltr'><strong>gratia</strong></span> 
     </span>
    </p>
   </div>
   <div class='ocr_carea' id='block_1_88' title="bbox 1960 4515 3554 4589">
    <p class='ocr_par' dir='ltr' id='par_1_88' title="bbox 1960 4515 3554 4589">
     <span class='ocr_line' id='line_1_88' title="bbox 1960 4515 3554 4589; baseline -0.001 -14"><span class='ocrx_word' id='word_1_596' title='bbox 1960 4518 2347 4585; x_wconf 87' lang='lat' dir='ltr'><strong>redundantes,</strong></span> <span class='ocrx_word' id='word_1_597' title='bbox 2378 4527 2431 4573; x_wconf 92' lang='lat' dir='ltr'><strong>et</strong></span> <span class='ocrx_word' id='word_1_598' title='bbox 2454 4516 2700 4572; x_wconf 85' lang='lat' dir='ltr'><strong>ﬁduciam</strong></span> <span class='ocrx_word' id='word_1_599' title='bbox 2746 4515 2850 4571; x_wconf 89' lang='lat' dir='ltr'><strong>sibi</strong></span> <span class='ocrx_word' id='word_1_600' title='bbox 2892 4524 2993 4571; x_wconf 72' lang='lat' dir='ltr'><strong>tuae</strong></span> <span class='ocrx_word' id='word_1_601' title='bbox 3033 4516 3329 4586; x_wconf 72' lang='lat' dir='ltr'><strong>maiestatis</strong></span> <span class='ocrx_word' id='word_1_602' title='bbox 3369 4519 3554 4589; x_wconf 83' lang='lat' dir='ltr'><strong>acqui-</strong></span> 
     </span>
    </p>
   </div>
   <div class='ocr_carea' id='block_1_89' title="bbox 1956 4607 3544 4682">
    <p class='ocr_par' dir='ltr' id='par_1_89' title="bbox 1956 4607 3544 4682">
     <span class='ocr_line' id='line_1_89' title="bbox 1956 4607 3544 4682; baseline 0.001 -14"><span class='ocrx_word' id='word_1_603' title='bbox 1956 4628 2104 4678; x_wconf 91' lang='lat' dir='ltr'><strong>rere,</strong></span> <span class='ocrx_word' id='word_1_604' title='bbox 2161 4621 2213 4667; x_wconf 93' lang='lat' dir='ltr'><strong>et</strong></span> <span class='ocrx_word' id='word_1_605' title='bbox 2256 4612 2375 4666; x_wconf 89' lang='lat' dir='ltr'><strong>aliis</strong></span> <span class='ocrx_word' id='word_1_606' title='bbox 2420 4611 2662 4682; x_wconf 72' lang='lat' dir='ltr'><strong>praebere</strong></span> <span class='ocrx_word' id='word_1_607' title='bbox 2710 4607 2874 4665; x_wconf 89' lang='lat' dir='ltr'><strong>facias</strong></span> <span class='ocrx_word' id='word_1_608' title='bbox 2932 4608 3183 4681; x_wconf 76' lang='lat' dir='ltr'><strong>perfecta:</strong></span> <span class='ocrx_word' id='word_1_609' title='bbox 3234 4610 3544 4669; x_wconf 86' lang='lat' dir='ltr'><strong>devotionis</strong></span> 
     </span>
    </p>
   </div>
   <div class='ocr_carea' id='block_1_90' title="bbox 264 4684 2574 4776">
    <p class='ocr_par' dir='ltr' id='par_1_90' title="bbox 264 4684 2574 4776">
     <span class='ocr_line' id='line_1_90' title="bbox 264 4684 2574 4776; baseline 0.003 -23"><span class='ocrx_word' id='word_1_610' title='bbox 264 4700 415 4765; x_wconf 85' lang='lat' dir='ltr'><strong>sisti;</strong></span> <span class='ocrx_word' id='word_1_611' title='bbox 449 4707 506 4753; x_wconf 94' lang='lat' dir='ltr'><strong>ut</strong></span> <span class='ocrx_word' id='word_1_612' title='bbox 551 4700 916 4769; x_wconf 68' lang='lat' dir='ltr'><strong>intelligentiae</strong></span> <span class='ocrx_word' id='word_1_613' title='bbox 957 4714 1176 4755; x_wconf 90' lang='lat' dir='ltr'><strong>sensum</strong></span> <span class='ocrx_word' id='word_1_614' title='bbox 1216 4700 1283 4755; x_wconf 91' lang='lat' dir='ltr'><strong>de</strong></span> <span class='ocrx_word' id='word_1_615' title='bbox 1312 4701 1571 4771; x_wconf 84' lang='lat' dir='ltr'><strong>exemplis</strong></span> <span class='ocrx_word' id='word_1_616' title='bbox 1611 4704 1850 4773; x_wconf 91' lang='lat' dir='ltr'><strong>priorum</strong></span> <span class='ocrx_word' id='word_1_617' title='bbox 1878 4684 1932 4746; x_wconf 81' lang='grc' dir='ltr'><strong>Ῑ)</strong></span> <span class='ocrx_word' id='word_1_618' title='bbox 1957 4705 2283 4776; x_wconf 90' lang='lat' dir='ltr'><strong>exemplum.</strong></span> <span class='ocrx_word' id='word_1_619' title='bbox 2316 4704 2441 4771; x_wconf 88' lang='lat' dir='ltr'><strong>Per,</strong></span> <span class='ocrx_word' id='word_1_620' title='bbox 2468 4714 2574 4761; x_wconf 93' lang='lat' dir='ltr'><strong>etc.</strong></span> 
     </span>
    </p>
   </div>
   <div class='ocr_carea' id='block_1_91' title="bbox 264 4792 1851 4862">
    <p class='ocr_par' dir='ltr' id='par_1_91' title="bbox 264 4792 1851 4862">
     <span class='ocr_line' id='line_1_91' title="bbox 264 4792 1851 4862; baseline 0.006 -17"><span class='ocrx_word' id='word_1_621' title='bbox 264 4800 487 4862; x_wconf 89' lang='lat' dir='ltr'><strong>caperet</strong></span> <span class='ocrx_word' id='word_1_622' title='bbox 533 4802 785 4846; x_wconf 86' lang='lat' dir='ltr'><strong>secutura</strong></span> <span class='ocrx_word' id='word_1_623' title='bbox 839 4792 1159 4862; x_wconf 88' lang='lat' dir='ltr'><strong>posteritas;</strong></span> <span class='ocrx_word' id='word_1_624' title='bbox 1206 4807 1275 4849; x_wconf 90' lang='lat' dir='ltr'><strong>ne</strong></span> <span class='ocrx_word' id='word_1_625' title='bbox 1308 4793 1541 4849; x_wconf 87' lang='lat' dir='ltr'><strong>eruditio</strong></span> <span class='ocrx_word' id='word_1_626' title='bbox 1592 4794 1851 4855; x_wconf 72' lang='lat' dir='ltr'><strong>doctrinae</strong></span> 
     </span>
    </p>
   </div>
   <div class='ocr_carea' id='block_1_92' title="bbox 389 4974 1856 5051">
    <p class='ocr_par' dir='ltr' id='par_1_92' title="bbox 389 4974 1856 5051">
     <span class='ocr_line' id='line_1_92' title="bbox 389 4974 1856 5051; baseline 0.005 -22"><span class='ocrx_word' id='word_1_627' title='bbox 389 4974 467 5051; x_wconf 88' lang='lat' dir='ltr'><strong>ln_</strong></span> <span class='ocrx_word' id='word_1_628' title='bbox 482 4974 639 5051; x_wconf 76' lang='lat' dir='ltr'><strong>codd.</strong></span> <span class='ocrx_word' id='word_1_629' title='bbox 665 4974 892 5051; x_wconf 63' lang='lat' dir='ltr'><strong>Gregor.</strong></span> <span class='ocrx_word' id='word_1_630' title='bbox 914 4978 1147 5051; x_wconf 86' lang='lat' dir='ltr'><strong>refertur</strong></span> <span class='ocrx_word' id='word_1_631' title='bbox 1173 4978 1310 5033; x_wconf 87' lang='lat' dir='ltr'><strong>inter</strong></span> <span class='ocrx_word' id='word_1_632' title='bbox 1332 4979 1603 5051; x_wconf 75' lang='lat' dir='ltr'><strong>orationes</strong></span> <span class='ocrx_word' id='word_1_633' title='bbox 1624 4996 1717 5051; x_wconf 84' lang='lat' dir='ltr'><strong>pro</strong></span> <span class='ocrx_word' id='word_1_634' title='bbox 1740 4998 1856 5050; x_wconf 80' lang='lat' dir='ltr'><strong>pec-</strong></span> 
     </span>
    </p>
   </div>
   <div class='ocr_carea' id='block_1_93' title="bbox 265 5045 1855 5119">
    <p class='ocr_par' dir='ltr' id='par_1_93' title="bbox 265 5045 1855 5119">
     <span class='ocr_line' id='line_1_93' title="bbox 265 5045 1855 5119; baseline 0.006 -20"><span class='ocrx_word' id='word_1_635' title='bbox 265 5045 413 5101; x_wconf 77' lang='lat' dir='ltr'><strong>catis.</strong></span> <span class='ocrx_word' id='word_1_636' title='bbox 446 5045 503 5101; x_wconf 87' lang='lat' dir='ltr'><strong>In</strong></span> <span class='ocrx_word' id='word_1_637' title='bbox 538 5046 644 5101; x_wconf 80' lang='lat' dir='ltr'><strong>ﬁne</strong></span> <span class='ocrx_word' id='word_1_638' title='bbox 673 5045 1012 5119; x_wconf 78' lang='lat' dir='ltr'><strong>Mnratorius,</strong></span> <span class='ocrx_word' id='word_1_639' title='bbox 1040 5060 1085 5102; x_wconf 85' lang='lat' dir='ltr'><strong>et</strong></span> <span class='ocrx_word' id='word_1_640' title='bbox 1123 5052 1330 5119; x_wconf 77' lang='lat' dir='ltr'><strong>futuris.</strong></span> <span class='ocrx_word' id='word_1_641' title='bbox 1368 5045 1673 5104; x_wconf 77' lang='lat' dir='ltr'><strong>Lectionein</strong></span> <span class='ocrx_word' id='word_1_642' title='bbox 1707 5045 1855 5109; x_wconf 82' lang='lat' dir='ltr'><strong>codi-</strong></span> 
     </span>
    </p>
   </div>
   <div class='ocr_carea' id='block_1_94' title="bbox 267 5118 1779 5188">
    <p class='ocr_par' dir='ltr' id='par_1_94' title="bbox 267 5118 1779 5188">
     <span class='ocr_line' id='line_1_94' title="bbox 267 5118 1779 5188; baseline 0.003 -16"><span class='ocrx_word' id='word_1_643' title='bbox 267 5121 366 5178; x_wconf 87' lang='lat' dir='ltr'><strong>cis,</strong></span> <span class='ocrx_word' id='word_1_644' title='bbox 399 5132 557 5184; x_wconf 81' lang='lat' dir='ltr'><strong>quam</strong></span> <span class='ocrx_word' id='word_1_645' title='bbox 588 5125 643 5173; x_wconf 87' lang='lat' dir='ltr'><strong>et</strong></span> <span class='ocrx_word' id='word_1_646' title='bbox 662 5118 887 5188; x_wconf 86' lang='lat' dir='ltr'><strong>Gregor.</strong></span> <span class='ocrx_word' id='word_1_647' title='bbox 911 5120 1069 5175; x_wconf 90' lang='lat' dir='ltr'><strong>codd.</strong></span> <span class='ocrx_word' id='word_1_648' title='bbox 1101 5121 1353 5185; x_wconf 88' lang='lat' dir='ltr'><strong>retinent,</strong></span> <span class='ocrx_word' id='word_1_649' title='bbox 1374 5124 1542 5175; x_wconf 87' lang='lat' dir='ltr'><strong>secuti</strong></span> <span class='ocrx_word' id='word_1_650' title='bbox 1574 5136 1779 5178; x_wconf 91' lang='lat' dir='ltr'><strong>sumus.</strong></span> 
     </span>
    </p>
   </div>
   <div class='ocr_carea' id='block_1_95' title="bbox 338 5188 1851 5259">
    <p class='ocr_par' dir='ltr' id='par_1_95' title="bbox 338 5188 1851 5259">
     <span class='ocr_line' id='line_1_95' title="bbox 338 5188 1851 5259; baseline 0.005 -17"><span class='ocrx_word' id='word_1_651' title='bbox 338 5188 366 5227; x_wconf 71' lang='grc' dir='ltr'>ι’</span> <span class='ocrx_word' id='word_1_652' title='bbox 400 5189 547 5243; x_wconf 86' lang='lat' dir='ltr'><strong>Hanc</strong></span> <span class='ocrx_word' id='word_1_653' title='bbox 573 5189 871 5246; x_wconf 71' lang='lat' dir='ltr'><strong>orationem</strong></span> <span class='ocrx_word' id='word_1_654' title='bbox 920 5193 1081 5245; x_wconf 85' lang='lat' dir='ltr'><strong>habet</strong></span> <span class='ocrx_word' id='word_1_655' title='bbox 1123 5192 1363 5246; x_wconf 90' lang='lat' dir='ltr'><strong>Sacram.</strong></span> <span class='ocrx_word' id='word_1_656' title='bbox 1399 5192 1577 5247; x_wconf 87' lang='lat' dir='ltr'><strong>Gelas.</strong></span> <span class='ocrx_word' id='word_1_657' title='bbox 1610 5194 1703 5247; x_wconf 88' lang='lat' dir='ltr'><strong>lib.</strong></span> <span class='ocrx_word' id='word_1_658' title='bbox 1728 5210 1767 5259; x_wconf 82' lang='grc' dir='ltr'>ι,</span> <span class='ocrx_word' id='word_1_659' title='bbox 1797 5212 1851 5250; x_wconf 93' lang='lat' dir='ltr'><strong>n.</strong></span> 
     </span>
    </p>
   </div>
   <div class='ocr_carea' id='block_1_96' title="bbox 268 5258 1851 5325">
    <p class='ocr_par' dir='ltr' id='par_1_96' title="bbox 268 5258 1851 5325">
     <span class='ocr_line' id='line_1_96' title="bbox 268 5258 1851 5325; baseline 0.005 -10"><span class='ocrx_word' id='word_1_660' title='bbox 268 5258 359 5325; x_wconf 76' lang='lat'><strong>99,</strong></span> <span class='ocrx_word' id='word_1_661' title='bbox 394 5269 450 5314; x_wconf 88' lang='lat' dir='ltr'><strong>et</strong></span> <span class='ocrx_word' id='word_1_662' title='bbox 493 5261 614 5315; x_wconf 91' lang='lat' dir='ltr'><strong>cod.</strong></span> <span class='ocrx_word' id='word_1_663' title='bbox 646 5260 927 5317; x_wconf 84' lang='lat' dir='ltr'><strong>Remensis</strong></span> <span class='ocrx_word' id='word_1_664' title='bbox 956 5278 985 5316; x_wconf 93' lang='lat' dir='ltr'><strong>a</strong></span> <span class='ocrx_word' id='word_1_665' title='bbox 1018 5262 1271 5318; x_wconf 82' lang='lat' dir='ltr'><strong>Menardo</strong></span> <span class='ocrx_word' id='word_1_666' title='bbox 1313 5264 1555 5317; x_wconf 80' lang='lat' dir='ltr'><strong>laudatus</strong></span> <span class='ocrx_word' id='word_1_667' title='bbox 1584 5273 1694 5319; x_wconf 90' lang='lat' dir='ltr'><strong>not.</strong></span> <span class='ocrx_word' id='word_1_668' title='bbox 1727 5267 1851 5322; x_wconf 84' lang='lat'><strong>765.</strong></span> 
     </span>
    </p>
   </div>
   <div class='ocr_carea' id='block_1_97' title="bbox 344 5330 1860 5399">
    <p class='ocr_par' dir='ltr' id='par_1_97' title="bbox 344 5330 1860 5399">
     <span class='ocr_line' id='line_1_97' title="bbox 344 5330 1860 5399; baseline 0.005 -13"><span class='ocrx_word' id='word_1_669' title='bbox 344 5343 366 5369; x_wconf 76' lang='grc' dir='ltr'><strong>ε</strong></span> <span class='ocrx_word' id='word_1_670' title='bbox 403 5330 496 5386; x_wconf 87' lang='lat' dir='ltr'><strong>Est</strong></span> <span class='ocrx_word' id='word_1_671' title='bbox 530 5332 667 5399; x_wconf 89' lang='lat' dir='ltr'><strong>apud</strong></span> <span class='ocrx_word' id='word_1_672' title='bbox 706 5332 883 5387; x_wconf 88' lang='lat' dir='ltr'><strong>Gelas.</strong></span> <span class='ocrx_word' id='word_1_673' title='bbox 909 5332 1126 5399; x_wconf 89' lang='lat' dir='ltr'><strong>ibidem,</strong></span> <span class='ocrx_word' id='word_1_674' title='bbox 1156 5341 1211 5388; x_wconf 92' lang='lat' dir='ltr'><strong>et</strong></span> <span class='ocrx_word' id='word_1_675' title='bbox 1252 5336 1303 5389; x_wconf 92' lang='lat' dir='ltr'><strong>in</strong></span> <span class='ocrx_word' id='word_1_676' title='bbox 1338 5334 1632 5391; x_wconf 85' lang='lat' dir='ltr'><strong>Pontillcali</strong></span> <span class='ocrx_word' id='word_1_677' title='bbox 1663 5334 1860 5393; x_wconf 85' lang='lat' dir='ltr'><strong>Roma-</strong></span> 
     </span>
    </p>
   </div>
   <div class='ocr_carea' id='block_1_98' title="bbox 270 5399 1261 5476">
    <p class='ocr_par' dir='ltr' id='par_1_98' title="bbox 270 5399 1261 5476">
     <span class='ocr_line' id='line_1_98' title="bbox 270 5399 1261 5476; baseline 0 -18"><span class='ocrx_word' id='word_1_678' title='bbox 270 5417 364 5476; x_wconf 76' lang='lat' dir='ltr'><strong>no,</strong></span> <span class='ocrx_word' id='word_1_679' title='bbox 387 5404 451 5476; x_wconf 66' lang='lat' dir='ltr'><strong>de</strong></span> <span class='ocrx_word' id='word_1_680' title='bbox 479 5399 870 5476; x_wconf 63' lang='lat' dir='ltr'><strong>Conseoration</strong></span> <span class='ocrx_word' id='word_1_681' title='bbox 890 5405 1261 5476; x_wconf 75' lang='lat' dir='ltr'><strong>episwporum.</strong></span> 
     </span>
    </p>
   </div>
   <div class='ocr_carea' id='block_1_99' title="bbox 271 5472 1853 5599">
    <p class='ocr_par' dir='ltr' id='par_1_99' title="bbox 271 5472 1853 5599">
     <span class='ocr_line' id='line_1_99' title="bbox 342 5472 1853 5545; baseline 0.007 -19"><span class='ocrx_word' id='word_1_682' title='bbox 342 5472 371 5511; x_wconf 69' lang='grc' dir='ltr'>ἀ</span> <span class='ocrx_word' id='word_1_683' title='bbox 413 5472 616 5528; x_wconf 79' lang='lat' dir='ltr'><strong>Ibidem</strong></span> <span class='ocrx_word' id='word_1_684' title='bbox 669 5476 860 5545; x_wconf 90' lang='lat' dir='ltr'><strong>legitur</strong></span> <span class='ocrx_word' id='word_1_685' title='bbox 919 5472 1065 5545; x_wconf 82' lang='lat' dir='ltr'><strong>apud</strong></span> <span class='ocrx_word' id='word_1_686' title='bbox 1104 5476 1378 5532; x_wconf 89' lang='lat' dir='ltr'><strong>Gelasium</strong></span> <span class='ocrx_word' id='word_1_687' title='bbox 1417 5487 1471 5532; x_wconf 93' lang='lat' dir='ltr'><strong>et</strong></span> <span class='ocrx_word' id='word_1_688' title='bbox 1509 5479 1563 5533; x_wconf 92' lang='lat' dir='ltr'><strong>in</strong></span> <span class='ocrx_word' id='word_1_689' title='bbox 1611 5478 1853 5536; x_wconf 82' lang='lat' dir='ltr'><strong>Romano</strong></span> 
     </span>
     <span class='ocr_line' id='line_1_100' title="bbox 271 5543 596 5599; baseline 0 0"><span class='ocrx_word' id='word_1_690' title='bbox 271 5543 596 5599; x_wconf 85' lang='lat' dir='ltr'><strong>Pontiﬁcali.</strong></span> 
     </span>
    </p>
   </div>
   <div class='ocr_carea' id='block_1_100' title="bbox 316 5546 596 5601">
    <p class='ocr_par' dir='ltr' id='par_1_100' title="bbox 316 5546 596 5601">
     <span class='ocr_line' id='line_1_101' title="bbox 316 5546 596 5601; baseline 0.007 -2"><span class='ocrx_word' id='word_1_691' title='bbox 316 5546 596 5601; x_wconf 87' lang='lat' dir='ltr'><strong>ontiﬁcali.</strong></span> 
     </span>
    </p>
   </div>
   <div class='ocr_carea' id='block_1_101' title="bbox 349 5615 1857 5688">
    <p class='ocr_par' dir='ltr' id='par_1_101' title="bbox 349 5615 1857 5688">
     <span class='ocr_line' id='line_1_102' title="bbox 349 5615 1857 5688; baseline 0.007 -19"><span class='ocrx_word' id='word_1_692' title='bbox 349 5624 386 5688; x_wconf 70' lang='lat'><strong>&#39;_</strong></span> <span class='ocrx_word' id='word_1_693' title='bbox 412 5615 563 5671; x_wconf 85' lang='lat' dir='ltr'><strong>Hanc</strong></span> <span class='ocrx_word' id='word_1_694' title='bbox 587 5617 909 5682; x_wconf 89' lang='lat' dir='ltr'><strong>orationem,</strong></span> <span class='ocrx_word' id='word_1_695' title='bbox 937 5632 1056 5688; x_wconf 65' lang='lat' dir='ltr'><strong>qum</strong></span> <span class='ocrx_word' id='word_1_696' title='bbox 1088 5618 1139 5688; x_wconf 85' lang='lat' dir='ltr'><strong>in</strong></span> <span class='ocrx_word' id='word_1_697' title='bbox 1169 5617 1355 5673; x_wconf 89' lang='lat' dir='ltr'><strong>iisdem</strong></span> <span class='ocrx_word' id='word_1_698' title='bbox 1392 5619 1542 5677; x_wconf 90' lang='lat' dir='ltr'><strong>libris</strong></span> <span class='ocrx_word' id='word_1_699' title='bbox 1569 5619 1857 5679; x_wconf 86' lang='lat' dir='ltr'><strong>Gelasiano</strong></span> 
     </span>
    </p>
   </div>
   <div class='ocr_carea' id='block_1_102' title="bbox 272 5686 1859 5759">
    <p class='ocr_par' dir='ltr' id='par_1_102' title="bbox 272 5686 1859 5759">
     <span class='ocr_line' id='line_1_103' title="bbox 272 5686 1859 5759; baseline 0.005 -18"><span class='ocrx_word' id='word_1_700' title='bbox 272 5695 331 5759; x_wconf 85' lang='lat' dir='ltr'><strong>et</strong></span> <span class='ocrx_word' id='word_1_701' title='bbox 362 5686 684 5752; x_wconf 86' lang='lat' dir='ltr'><strong>Pontilicali,</strong></span> <span class='ocrx_word' id='word_1_702' title='bbox 717 5703 815 5744; x_wconf 91' lang='lat' dir='ltr'><strong>nec</strong></span> <span class='ocrx_word' id='word_1_703' title='bbox 843 5686 1030 5743; x_wconf 51' lang='lat' dir='ltr'><strong>non&#39;in</strong></span> <span class='ocrx_word' id='word_1_704' title='bbox 1071 5687 1407 5759; x_wconf 85' lang='lat' dir='ltr'><strong>Gregoriano</strong></span> <span class='ocrx_word' id='word_1_705' title='bbox 1433 5691 1675 5747; x_wconf 89' lang='lat' dir='ltr'><strong>Menardi</strong></span> <span class='ocrx_word' id='word_1_706' title='bbox 1710 5695 1859 5749; x_wconf 89' lang='lat' dir='ltr'><strong>inve-</strong></span> 
     </span>
    </p>
   </div>
   <div class='ocr_carea' id='block_1_103' title="bbox 272 5758 1860 5886">
    <p class='ocr_par' dir='ltr' id='par_1_103' title="bbox 272 5758 1860 5886">
     <span class='ocr_line' id='line_1_104' title="bbox 272 5758 1860 5886; baseline 0.005 -75"><span class='ocrx_word' id='word_1_707' title='bbox 272 5758 437 5886; x_wconf 57' lang='lat' dir='ltr'><strong>?itur,</strong></span> <span class='ocrx_word' id='word_1_708' title='bbox 470 5760 795 5883; x_wconf 43' lang='lat' dir='ltr'><strong>tiuesnellus</strong></span> <span class='ocrx_word' id='word_1_709' title='bbox 816 5760 889 5814; x_wconf 91' lang='lat' dir='ltr'><strong>uti</strong></span> <span class='ocrx_word' id='word_1_710' title='bbox 912 5758 1206 5815; x_wconf 81' lang='lat' dir='ltr'><strong>Leoninani</strong></span> <span class='ocrx_word' id='word_1_711' title='bbox 1238 5762 1581 5818; x_wconf 88' lang='lat' dir='ltr'><strong>sermonibus</strong></span> <span class='ocrx_word' id='word_1_712' title='bbox 1601 5764 1657 5819; x_wconf 90' lang='lat' dir='ltr'><strong>S.</strong></span> <span class='ocrx_word' id='word_1_713' title='bbox 1683 5764 1860 5835; x_wconf 81' lang='lat' dir='ltr'><strong>ponti-</strong></span> 
     </span>
     <span class='ocr_line' id='line_1_105' title="bbox 300 5841 673 5886; baseline 0 -3"><span class='ocrx_word' id='word_1_714' title='bbox 300 5843 396 5883; x_wconf 83' lang='lat' dir='ltr'><strong>IClS</strong></span> <span class='ocrx_word' id='word_1_715' title='bbox 426 5845 485 5884; x_wconf 86' lang='lat' dir='ltr'><strong>su</strong></span> <span class='ocrx_word' id='word_1_716' title='bbox 526 5841 673 5886; x_wconf 76' lang='lat' dir='ltr'><strong>iecit.</strong></span> 
     </span>
    </p>
   </div>
   <div class='ocr_carea' id='block_1_104' title="bbox 300 5841 673 5899">
    <p class='ocr_par' dir='ltr' id='par_1_104' title="bbox 300 5841 673 5899">
     <span class='ocr_line' id='line_1_106' title="bbox 300 5841 673 5899; baseline 0 -16"><span class='ocrx_word' id='word_1_717' title='bbox 300 5843 396 5899; x_wconf 76' lang='lat' dir='ltr'><strong>tcts</strong></span> <span class='ocrx_word' id='word_1_718' title='bbox 426 5845 485 5884; x_wconf 85' lang='lat' dir='ltr'><strong>su</strong></span> <span class='ocrx_word' id='word_1_719' title='bbox 495 5841 673 5899; x_wconf 72' lang='grc' dir='ltr'><strong>ῐῃεοιι.</strong></span> 
     </span>
    </p>
   </div>
   <div class='ocr_carea' id='block_1_105' title="bbox 359 5898 1907 5987">
    <p class='ocr_par' dir='ltr' id='par_1_105' title="bbox 359 5898 1907 5987">
     <span class='ocr_line' id='line_1_107' title="bbox 359 5898 1907 5987; baseline 0.006 -31"><span class='ocrx_word' id='word_1_720' title='bbox 359 5898 376 5937; x_wconf 71' lang='grc' dir='ltr'><strong>ι</strong></span> <span class='ocrx_word' id='word_1_721' title='bbox 419 5902 472 5956; x_wconf 92' lang='lat' dir='ltr'><strong>lu</strong></span> <span class='ocrx_word' id='word_1_722' title='bbox 501 5898 623 5957; x_wconf 85' lang='lat' dir='ltr'><strong>cod.</strong></span> <span class='ocrx_word' id='word_1_723' title='bbox 653 5901 852 5958; x_wconf 85' lang='lat' dir='ltr'><strong>Gelasii</strong></span> <span class='ocrx_word' id='word_1_724' title='bbox 879 5903 980 5959; x_wconf 85' lang='lat' dir='ltr'><strong>hoc</strong></span> <span class='ocrx_word' id='word_1_725' title='bbox 1002 5902 1120 5959; x_wconf 87' lang='lat' dir='ltr'><strong>loco</strong></span> <span class='ocrx_word' id='word_1_726' title='bbox 1144 5900 1411 5959; x_wconf 83' lang='lat' dir='ltr'><strong>adduntur</strong></span> <span class='ocrx_word' id='word_1_727' title='bbox 1431 5902 1633 5977; x_wconf 86' lang='lat' dir='ltr'><strong>aliquot</strong></span> <span class='ocrx_word' id='word_1_728' title='bbox 1653 5905 1907 5987; x_wconf 26' lang='lat' dir='ltr'><strong>periodi”</strong></span> 
     </span>
    </p>
   </div>
   <div class='ocr_carea' id='block_1_106' title="bbox 2037 4797 3552 4871">
    <p class='ocr_par' dir='ltr' id='par_1_106' title="bbox 2037 4797 3552 4871">
     <span class='ocr_line' id='line_1_108' title="bbox 2037 4797 3552 4871; baseline -0.001 -15"><span class='ocrx_word' id='word_1_729' title='bbox 2037 4798 2054 4838; x_wconf 71' lang='grc' dir='ltr'><strong>ί</strong></span> <span class='ocrx_word' id='word_1_730' title='bbox 2098 4800 2324 4869; x_wconf 80' lang='lat' dir='ltr'><strong>Adesto,</strong></span> <span class='ocrx_word' id='word_1_731' title='bbox 2368 4812 2700 4871; x_wconf 63' lang='lat' dir='ltr'><strong>quesumus,</strong></span> <span class='ocrx_word' id='word_1_732' title='bbox 2746 4797 3088 4868; x_wconf 89' lang='lat' dir='ltr'><strong>omnipotens</strong></span> <span class='ocrx_word' id='word_1_733' title='bbox 3118 4798 3326 4868; x_wconf 87' lang='lat' dir='ltr'><strong>Deus,l</strong></span> <span class='ocrx_word' id='word_1_734' title='bbox 3378 4799 3552 4856; x_wconf 85' lang='lat' dir='ltr'><strong>hono-</strong></span> 
     </span>
    </p>
   </div>
   <div class='ocr_carea' id='block_1_107' title="bbox 1964 4983 3552 5052">
    <p class='ocr_par' dir='ltr' id='par_1_107' title="bbox 1964 4983 3552 5052">
     <span class='ocr_line' id='line_1_109' title="bbox 1964 4983 3552 5052; baseline 0.003 -14"><span class='ocrx_word' id='word_1_735' title='bbox 1964 5000 2085 5051; x_wconf 71' lang='lat' dir='ltr'><strong>quae</strong></span> <span class='ocrx_word' id='word_1_736' title='bbox 2113 4985 2273 5039; x_wconf 91' lang='lat' dir='ltr'><strong>etiam</strong></span> <span class='ocrx_word' id='word_1_737' title='bbox 2304 4984 2355 5038; x_wconf 94' lang='lat' dir='ltr'><strong>in</strong></span> <span class='ocrx_word' id='word_1_738' title='bbox 2385 4999 2517 5041; x_wconf 90' lang='lat' dir='ltr'><strong>mss.</strong></span> <span class='ocrx_word' id='word_1_739' title='bbox 2556 4984 2771 5039; x_wconf 82' lang='lat' dir='ltr'><strong>Ratold.</strong></span> <span class='ocrx_word' id='word_1_740' title='bbox 2810 4992 2865 5039; x_wconf 93' lang='lat' dir='ltr'><strong>et</strong></span> <span class='ocrx_word' id='word_1_741' title='bbox 2890 4983 3165 5052; x_wconf 81' lang='lat' dir='ltr'><strong>Remensi,</strong></span> <span class='ocrx_word' id='word_1_742' title='bbox 3192 5000 3292 5041; x_wconf 92' lang='lat' dir='ltr'><strong>nec</strong></span> <span class='ocrx_word' id='word_1_743' title='bbox 3332 5002 3438 5040; x_wconf 90' lang='lat' dir='ltr'><strong>non</strong></span> <span class='ocrx_word' id='word_1_744' title='bbox 3494 4988 3552 5043; x_wconf 88' lang='lat' dir='ltr'><strong>in</strong></span> 
     </span>
    </p>
   </div>
   <div class='ocr_carea' id='block_1_108' title="bbox 1965 5054 3551 5125">
    <p class='ocr_par' dir='ltr' id='par_1_108' title="bbox 1965 5054 3551 5125">
     <span class='ocr_line' id='line_1_110' title="bbox 1965 5054 3551 5125; baseline 0.002 -15"><span class='ocrx_word' id='word_1_745' title='bbox 1965 5054 2264 5111; x_wconf 84' lang='lat' dir='ltr'><strong>Pontiﬁcali</strong></span> <span class='ocrx_word' id='word_1_746' title='bbox 2311 5056 2584 5123; x_wconf 86' lang='lat' dir='ltr'><strong>Romano,</strong></span> <span class='ocrx_word' id='word_1_747' title='bbox 2622 5065 2677 5111; x_wconf 92' lang='lat' dir='ltr'><strong>et</strong></span> <span class='ocrx_word' id='word_1_748' title='bbox 2715 5055 2769 5110; x_wconf 92' lang='lat' dir='ltr'><strong>in</strong></span> <span class='ocrx_word' id='word_1_749' title='bbox 2808 5056 3011 5111; x_wconf 88' lang='lat' dir='ltr'><strong>Ordine</strong></span> <span class='ocrx_word' id='word_1_750' title='bbox 3056 5058 3271 5125; x_wconf 84' lang='lat' dir='ltr'><strong>vulgato</strong></span> <span class='ocrx_word' id='word_1_751' title='bbox 3316 5068 3551 5120; x_wconf 65' lang='lat' dir='ltr'><strong>recepta:</strong></span> 
     </span>
    </p>
   </div>
   <div class='ocr_carea' id='block_1_109' title="bbox 1964 5126 3556 5197">
    <p class='ocr_par' dir='ltr' id='par_1_109' title="bbox 1964 5126 3556 5197">
     <span class='ocr_line' id='line_1_111' title="bbox 1964 5126 3556 5197; baseline 0.001 -17"><span class='ocrx_word' id='word_1_752' title='bbox 1964 5126 2201 5181; x_wconf 84' lang='lat' dir='ltr'><strong>fuerunt.</strong></span> <span class='ocrx_word' id='word_1_753' title='bbox 2234 5127 2303 5181; x_wconf 87' lang='lat' dir='ltr'><strong>At</strong></span> <span class='ocrx_word' id='word_1_754' title='bbox 2329 5129 2525 5183; x_wconf 89' lang='lat' dir='ltr'><strong>absunt</strong></span> <span class='ocrx_word' id='word_1_755' title='bbox 2545 5128 2613 5183; x_wconf 88' lang='lat' dir='ltr'><strong>ab</strong></span> <span class='ocrx_word' id='word_1_756' title='bbox 2642 5126 2909 5197; x_wconf 86' lang='lat' dir='ltr'><strong>aliquibus</strong></span> <span class='ocrx_word' id='word_1_757' title='bbox 2936 5126 3226 5182; x_wconf 90' lang='lat' dir='ltr'><strong>Ordinibus</strong></span> <span class='ocrx_word' id='word_1_758' title='bbox 3247 5128 3385 5195; x_wconf 90' lang='lat' dir='ltr'><strong>apud</strong></span> <span class='ocrx_word' id='word_1_759' title='bbox 3415 5126 3556 5182; x_wconf 80' lang='lat' dir='ltr'><strong>Mar-</strong></span> 
     </span>
    </p>
   </div>
   <div class='ocr_carea' id='block_1_110' title="bbox 1966 5197 3553 5268">
    <p class='ocr_par' dir='ltr' id='par_1_110' title="bbox 1966 5197 3553 5268">
     <span class='ocr_line' id='line_1_112' title="bbox 1966 5197 3553 5268; baseline 0.001 -16"><span class='ocrx_word' id='word_1_760' title='bbox 1966 5207 2111 5261; x_wconf 88' lang='lat' dir='ltr'><strong>tene,</strong></span> <span class='ocrx_word' id='word_1_761' title='bbox 2144 5213 2173 5251; x_wconf 85' lang='lat' dir='ltr'><strong>a</strong></span> <span class='ocrx_word' id='word_1_762' title='bbox 2212 5198 2545 5268; x_wconf 87' lang='lat' dir='ltr'><strong>Gregoriano</strong></span> <span class='ocrx_word' id='word_1_763' title='bbox 2586 5198 2858 5263; x_wconf 84' lang='lat' dir='ltr'><strong>Menardi,</strong></span> <span class='ocrx_word' id='word_1_764' title='bbox 2908 5205 2965 5253; x_wconf 88' lang='lat' dir='ltr'><strong>et</strong></span> <span class='ocrx_word' id='word_1_765' title='bbox 3000 5213 3029 5251; x_wconf 92' lang='lat' dir='ltr'><strong>a</strong></span> <span class='ocrx_word' id='word_1_766' title='bbox 3080 5198 3267 5268; x_wconf 79' lang='lat' dir='ltr'><strong>codice</strong></span> <span class='ocrx_word' id='word_1_767' title='bbox 3315 5197 3553 5253; x_wconf 80' lang='lat' dir='ltr'><strong>Rodradi</strong></span> 
     </span>
    </p>
   </div>
   <div class='ocr_carea' id='block_1_111' title="bbox 1967 5266 3550 5326">
    <p class='ocr_par' dir='ltr' id='par_1_111' title="bbox 1967 5266 3550 5326">
     <span class='ocr_line' id='line_1_113' title="bbox 1967 5266 3550 5326; baseline 0.001 -3"><span class='ocrx_word' id='word_1_768' title='bbox 1967 5268 2186 5325; x_wconf 91' lang='lat' dir='ltr'><strong>laudato</strong></span> <span class='ocrx_word' id='word_1_769' title='bbox 2214 5271 2281 5325; x_wconf 92' lang='lat' dir='ltr'><strong>ab</strong></span> <span class='ocrx_word' id='word_1_770' title='bbox 2307 5266 2499 5326; x_wconf 77' lang='lat' dir='ltr'><strong>eodem</strong></span> <span class='ocrx_word' id='word_1_771' title='bbox 2540 5270 2795 5326; x_wconf 80' lang='lat' dir='ltr'><strong>Menardo</strong></span> <span class='ocrx_word' id='word_1_772' title='bbox 2826 5277 2937 5323; x_wconf 93' lang='lat' dir='ltr'><strong>not.</strong></span> <span class='ocrx_word' id='word_1_773' title='bbox 2987 5269 3111 5322; x_wconf 90' lang='lat'><strong>777.</strong></span> <span class='ocrx_word' id='word_1_774' title='bbox 3151 5266 3406 5323; x_wconf 83' lang='lat' dir='ltr'><strong>Nostrum</strong></span> <span class='ocrx_word' id='word_1_775' title='bbox 3448 5268 3550 5325; x_wconf 89' lang='lat' dir='ltr'><strong>Sa-</strong></span> 
     </span>
    </p>
   </div>
   <div class='ocr_carea' id='block_1_112' title="bbox 1967 5338 3553 5409">
    <p class='ocr_par' dir='ltr' id='par_1_112' title="bbox 1967 5338 3553 5409">
     <span class='ocr_line' id='line_1_114' title="bbox 1967 5338 3553 5409; baseline 0.001 -14"><span class='ocrx_word' id='word_1_776' title='bbox 1967 5344 2392 5397; x_wconf 89' lang='lat' dir='ltr'><strong>cramentarium</strong></span> <span class='ocrx_word' id='word_1_777' title='bbox 2414 5342 2653 5397; x_wconf 89' lang='lat' dir='ltr'><strong>omnium</strong></span> <span class='ocrx_word' id='word_1_778' title='bbox 2689 5338 3111 5396; x_wconf 85' lang='lat' dir='ltr'><strong>vetustissimum</strong></span> <span class='ocrx_word' id='word_1_779' title='bbox 3157 5338 3257 5393; x_wconf 86' lang='lat' dir='ltr'><strong>has</strong></span> <span class='ocrx_word' id='word_1_780' title='bbox 3300 5339 3553 5409; x_wconf 89' lang='lat' dir='ltr'><strong>periodos</strong></span> 
     </span>
    </p>
   </div>
   <div class='ocr_carea' id='block_1_113' title="bbox 1966 5412 2858 5469">
    <p class='ocr_par' dir='ltr' id='par_1_113' title="bbox 1966 5412 2858 5469">
     <span class='ocr_line' id='line_1_115' title="bbox 1966 5412 2858 5469; baseline -0.001 -4"><span class='ocrx_word' id='word_1_781' title='bbox 1966 5412 2329 5469; x_wconf 85' lang='lat' dir='ltr'><strong>additamenta</strong></span> <span class='ocrx_word' id='word_1_782' title='bbox 2361 5429 2480 5469; x_wconf 88' lang='lat' dir='ltr'><strong>esse</strong></span> <span class='ocrx_word' id='word_1_783' title='bbox 2506 5414 2858 5467; x_wconf 88' lang='lat' dir='ltr'><strong>demonstrat.</strong></span> 
     </span>
    </p>
   </div>
   <div class='ocr_carea' id='block_1_114' title="bbox 2040 5479 3179 5555">
    <p class='ocr_par' dir='ltr' id='par_1_114' title="bbox 2040 5479 3179 5555">
     <span class='ocr_line' id='line_1_116' title="bbox 2040 5479 3179 5555; baseline -0.005 -15"><span class='ocrx_word' id='word_1_784' title='bbox 2040 5493 2064 5555; x_wconf 60' lang='grc'><em>8</em></span> <span class='ocrx_word' id='word_1_785' title='bbox 2109 5485 2324 5555; x_wconf 78' lang='lat' dir='ltr'><strong>Legitur</strong></span> <span class='ocrx_word' id='word_1_786' title='bbox 2344 5484 2483 5554; x_wconf 89' lang='lat' dir='ltr'><strong>apud</strong></span> <span class='ocrx_word' id='word_1_787' title='bbox 2513 5484 2783 5555; x_wconf 82' lang='lat' dir='ltr'><strong>Gelasium</strong></span> <span class='ocrx_word' id='word_1_788' title='bbox 2810 5482 2978 5555; x_wconf 82' lang='lat' dir='ltr'><strong>lib._t,</strong></span> <span class='ocrx_word' id='word_1_789' title='bbox 3002 5496 3062 5555; x_wconf 91' lang='lat' dir='ltr'><strong>_n.</strong></span> 
     </span>
    </p>
   </div>
   <div class='ocr_carea' id='block_1_115' title="bbox 2036 5550 3561 5619">
    <p class='ocr_par' dir='ltr' id='par_1_115' title="bbox 2036 5550 3561 5619">
     <span class='ocr_line' id='line_1_117' title="bbox 2036 5550 3561 5619; baseline 0 -10"><span class='ocrx_word' id='word_1_790' title='bbox 2036 5552 2065 5591; x_wconf 75' lang='grc'><strong>¹³</strong></span> <span class='ocrx_word' id='word_1_791' title='bbox 2106 5550 2239 5611; x_wconf 80' lang='lat' dir='ltr'><strong>Vide</strong></span> <span class='ocrx_word' id='word_1_792' title='bbox 2262 5550 2441 5611; x_wconf 74' lang='lat' dir='ltr'><strong>Gelas.</strong></span> <span class='ocrx_word' id='word_1_793' title='bbox 2477 5556 2698 5619; x_wconf 87' lang='lat' dir='ltr'><strong>ibidem,</strong></span> <span class='ocrx_word' id='word_1_794' title='bbox 2740 5550 3054 5608; x_wconf 81' lang='lat' dir='ltr'><strong>Pontiﬁcale</strong></span> <span class='ocrx_word' id='word_1_795' title='bbox 3095 5552 3257 5608; x_wconf 81' lang='lat' dir='ltr'><strong>Rom.</strong></span> <span class='ocrx_word' id='word_1_796' title='bbox 3284 5559 3343 5609; x_wconf 90' lang='lat' dir='ltr'><strong>et</strong></span> <span class='ocrx_word' id='word_1_797' title='bbox 3362 5551 3561 5609; x_wconf 83' lang='lat' dir='ltr'><strong>Sacra-</strong></span> 
     </span>
    </p>
   </div>
   <div class='ocr_carea' id='block_1_116' title="bbox 1965 5624 2838 5695">
    <p class='ocr_par' dir='ltr' id='par_1_116' title="bbox 1965 5624 2838 5695">
     <span class='ocr_line' id='line_1_118' title="bbox 1965 5624 2838 5695; baseline -0.005 -15"><span class='ocrx_word' id='word_1_798' title='bbox 1965 5632 2289 5681; x_wconf 90' lang='lat' dir='ltr'><strong>mentarium</strong></span> <span class='ocrx_word' id='word_1_799' title='bbox 2321 5626 2545 5695; x_wconf 89' lang='lat' dir='ltr'><strong>Gregor.</strong></span> <span class='ocrx_word' id='word_1_800' title='bbox 2578 5624 2838 5695; x_wconf 85' lang='lat' dir='ltr'><strong>Menardi.</strong></span> 
     </span>
    </p>
   </div>
   <div class='ocr_carea' id='block_1_117' title="bbox 2041 5692 3014 5751">
    <p class='ocr_par' dir='ltr' id='par_1_117' title="bbox 2041 5692 3014 5751">
     <span class='ocr_line' id='line_1_119' title="bbox 2041 5692 3014 5751; baseline -0.001 -1"><span class='ocrx_word' id='word_1_801' title='bbox 2041 5696 2058 5734; x_wconf 76' lang='grc' dir='ltr'><strong>ί</strong></span> <span class='ocrx_word' id='word_1_802' title='bbox 2108 5697 2293 5751; x_wconf 76' lang='lat' dir='ltr'><strong>Exstat</strong></span> <span class='ocrx_word' id='word_1_803' title='bbox 2319 5699 2369 5750; x_wconf 90' lang='lat' dir='ltr'><strong>in</strong></span> <span class='ocrx_word' id='word_1_804' title='bbox 2396 5692 2560 5749; x_wconf 66' lang='lat' dir='ltr'><strong>tribus</strong></span> <span class='ocrx_word' id='word_1_805' title='bbox 2592 5695 2743 5749; x_wconf 89' lang='lat' dir='ltr'><strong>libris</strong></span> <span class='ocrx_word' id='word_1_806' title='bbox 2764 5692 3014 5749; x_wconf 89' lang='lat' dir='ltr'><strong>laudatis.</strong></span> 
     </span>
    </p>
   </div>
   <div class='ocr_carea' id='block_1_118' title="bbox 2043 5764 3561 5835">
    <p class='ocr_par' dir='ltr' id='par_1_118' title="bbox 2043 5764 3561 5835">
     <span class='ocr_line' id='line_1_120' title="bbox 2043 5764 3561 5835; baseline 0.004 -19"><span class='ocrx_word' id='word_1_807' title='bbox 2043 5768 2056 5816; x_wconf 89' lang='lat' dir='ltr'><strong>i</strong></span> <span class='ocrx_word' id='word_1_808' title='bbox 2108 5767 2180 5820; x_wconf 83' lang='lat' dir='ltr'><strong>lta</strong></span> <span class='ocrx_word' id='word_1_809' title='bbox 2220 5767 2412 5830; x_wconf 85' lang='lat' dir='ltr'><strong>codex,</strong></span> <span class='ocrx_word' id='word_1_810' title='bbox 2447 5766 2586 5819; x_wconf 87' lang='lat' dir='ltr'><strong>sicut</strong></span> <span class='ocrx_word' id='word_1_811' title='bbox 2616 5767 2776 5819; x_wconf 91' lang='lat' dir='ltr'><strong>etiam</strong></span> <span class='ocrx_word' id='word_1_812' title='bbox 2827 5765 2967 5834; x_wconf 89' lang='lat' dir='ltr'><strong>apud</strong></span> <span class='ocrx_word' id='word_1_813' title='bbox 3017 5764 3357 5831; x_wconf 85' lang='lat' dir='ltr'><strong>Menardum,</strong></span> <span class='ocrx_word' id='word_1_814' title='bbox 3405 5764 3561 5835; x_wconf 86' lang='lat' dir='ltr'><strong>cujus</strong></span> 
     </span>
    </p>
   </div>
   <div class='ocr_carea' id='block_1_119' title="bbox 1967 5835 3561 5906">
    <p class='ocr_par' dir='ltr' id='par_1_119' title="bbox 1967 5835 3561 5906">
     <span class='ocr_line' id='line_1_121' title="bbox 1967 5835 3561 5906; baseline -0.002 -14"><span class='ocrx_word' id='word_1_815' title='bbox 1967 5848 2093 5892; x_wconf 81' lang='lat' dir='ltr'><strong>nuta</strong></span> <span class='ocrx_word' id='word_1_816' title='bbox 2119 5838 2223 5893; x_wconf 64' lang='lat'><strong>746</strong></span> <span class='ocrx_word' id='word_1_817' title='bbox 2251 5836 2475 5906; x_wconf 88' lang='lat' dir='ltr'><strong>legenda</strong></span> <span class='ocrx_word' id='word_1_818' title='bbox 2503 5844 2608 5905; x_wconf 88' lang='lat' dir='ltr'><strong>est,</strong></span> <span class='ocrx_word' id='word_1_819' title='bbox 2634 5836 2726 5893; x_wconf 90' lang='lat' dir='ltr'><strong>ubi</strong></span> <span class='ocrx_word' id='word_1_820' title='bbox 2747 5835 2908 5892; x_wconf 90' lang='lat' dir='ltr'><strong>lectio</strong></span> <span class='ocrx_word' id='word_1_821' title='bbox 2931 5838 3179 5893; x_wconf 87' lang='lat' dir='ltr'><strong>bonorum</strong></span> <span class='ocrx_word' id='word_1_822' title='bbox 3205 5851 3237 5889; x_wconf 92' lang='lat' dir='ltr'><strong>a</strong></span> <span class='ocrx_word' id='word_1_823' title='bbox 3266 5837 3561 5906; x_wconf 70' lang='lat' dir='ltr'><strong>Muratorio</strong></span> 
     </span>
    </p>
   </div>
   <div class='ocr_carea' id='block_1_120' title="bbox 1969 5905 3563 5983">
    <p class='ocr_par' dir='ltr' id='par_1_120' title="bbox 1969 5905 3563 5983">
     <span class='ocr_line' id='line_1_122' title="bbox 1969 5905 3563 5983; baseline -0.001 -18"><span class='ocrx_word' id='word_1_824' title='bbox 1969 5918 2219 5979; x_wconf 86' lang='lat' dir='ltr'><strong>suscepta</strong></span> <span class='ocrx_word' id='word_1_825' title='bbox 2240 5905 2582 5978; x_wconf 84' lang='lat' dir='ltr'><strong>expungitur.</strong></span> <span class='ocrx_word' id='word_1_826' title='bbox 2611 5906 2739 5965; x_wconf 85' lang='lat' dir='ltr'><strong>Post</strong></span> <span class='ocrx_word' id='word_1_827' title='bbox 2760 5923 2929 5980; x_wconf 88' lang='lat' dir='ltr'><strong>pauca</strong></span> <span class='ocrx_word' id='word_1_828' title='bbox 2951 5910 3184 5983; x_wconf 77' lang='lat' dir='ltr'><strong>disponis</strong></span> <span class='ocrx_word' id='word_1_829' title='bbox 3204 5905 3367 5966; x_wconf 80' lang='lat' dir='ltr'><strong>habet</strong></span> <span class='ocrx_word' id='word_1_830' title='bbox 3386 5906 3563 5964; x_wconf 75' lang='lat' dir='ltr'><strong>codex</strong></span> 
     </span>
    </p>
   </div>
  </div>
