  <div class='ocr_page' id='page_1' title='image "/cluster/home/n/w/nwhite01/storage/ocr_20150623/55/hvd.32044015471592/063.png"; bbox 0 0 4018 6314; ppageno 0'>
   <div class='ocr_carea' id='block_1_1' title="bbox 502 308 608 366">
    <p class='ocr_par' dir='ltr' id='par_1_1' title="bbox 502 308 608 366">
     <span class='ocr_line' id='line_1_1' title="bbox 502 308 608 366; baseline -0.038 -1"><span class='ocrx_word' id='word_1_1' title='bbox 502 308 608 366; x_wconf 74' lang='grc'><strong>115</strong></span> 
     </span>
    </p>
   </div>
   <div class='ocr_carea' id='block_1_2' title="bbox 1488 290 2780 367">
    <p class='ocr_par' dir='ltr' id='par_1_2' title="bbox 1488 290 2780 367">
     <span class='ocr_line' id='line_1_2' title="bbox 1488 290 2780 367; baseline 0.001 -3"><span class='ocrx_word' id='word_1_2' title='bbox 1488 290 1714 367; x_wconf 65' lang='lat' dir='ltr'><strong>eruas</strong></span> <span class='ocrx_word' id='word_1_3' title='bbox 1752 308 1808 365; x_wconf 88' lang='lat' dir='ltr'><strong>s.</strong></span> <span class='ocrx_word' id='word_1_4' title='bbox 1849 306 2053 367; x_wconf 79' lang='lat' dir='ltr'><strong>LEONl</strong></span> <span class='ocrx_word' id='word_1_5' title='bbox 2090 307 2329 366; x_wconf 74' lang='lat' dir='ltr'><strong>uacuo</strong></span> <span class='ocrx_word' id='word_1_6' title='bbox 2367 306 2780 365; x_wconf 76' lang='lat' dir='ltr'><strong>ATTRIBUTA.</strong></span> 
     </span>
    </p>
   </div>
   <div class='ocr_carea' id='block_1_3' title="bbox 3681 316 3774 375">
    <p class='ocr_par' dir='ltr' id='par_1_3' title="bbox 3681 316 3774 375">
     <span class='ocr_line' id='line_1_3' title="bbox 3681 316 3774 375; baseline 0.054 -6"><span class='ocrx_word' id='word_1_7' title='bbox 3681 316 3774 375; x_wconf 74' lang='grc'><strong>116</strong></span> 
     </span>
    </p>
   </div>
   <div class='ocr_carea' id='block_1_4' title="bbox 500 406 3773 503">
    <p class='ocr_par' dir='ltr' id='par_1_4' title="bbox 500 406 3773 503">
     <span class='ocr_line' id='line_1_4' title="bbox 500 406 3773 503; baseline 0.003 -24"><span class='ocrx_word' id='word_1_8' title='bbox 500 440 619 479; x_wconf 86' lang='lat' dir='ltr'><strong>rum</strong></span> <span class='ocrx_word' id='word_1_9' title='bbox 643 423 818 492; x_wconf 99' lang='lat' dir='ltr'><strong>dator,</strong></span> <span class='ocrx_word' id='word_1_10' title='bbox 842 423 1089 480; x_wconf 86' lang='lat' dir='ltr'><strong>ordinum</strong></span> <span class='ocrx_word' id='word_1_11' title='bbox 1114 406 1451 491; x_wconf 87' lang='lat' dir='ltr'><strong>distributor,</strong></span> <span class='ocrx_word' id='word_1_12' title='bbox 1477 426 1884 496; x_wconf 80' lang='lat' dir='ltr'><strong>ofﬁciorumque</strong></span> <span class='ocrx_word' id='word_1_13' title='bbox 1909 426 2091 499; x_wconf 89' lang='lat' dir='ltr'><strong>dispo-</strong></span> <span class='ocrx_word' id='word_1_14' title='bbox 2116 430 2171 491; x_wconf 78' lang='grc' dir='ltr'>Α</span> <span class='ocrx_word' id='word_1_15' title='bbox 2195 440 2290 498; x_wconf 90' lang='lat' dir='ltr'><strong>per</strong></span> <span class='ocrx_word' id='word_1_16' title='bbox 2320 442 2479 498; x_wconf 88' lang='lat' dir='ltr'><strong>quem</strong></span> <span class='ocrx_word' id='word_1_17' title='bbox 2527 434 2718 484; x_wconf 92' lang='lat' dir='ltr'><strong>cuncta</strong></span> <span class='ocrx_word' id='word_1_18' title='bbox 2766 425 3066 495; x_wconf 86' lang='lat' dir='ltr'><strong>ﬁrmantur,</strong></span> <span class='ocrx_word' id='word_1_19' title='bbox 3105 427 3447 499; x_wconf 86' lang='lat' dir='ltr'><strong>ampliﬁcatis</strong></span> <span class='ocrx_word' id='word_1_20' title='bbox 3484 444 3700 503; x_wconf 82' lang='lat' dir='ltr'><strong>semper</strong></span> <span class='ocrx_word' id='word_1_21' title='bbox 3726 435 3773 495; x_wconf 90' lang='lat' dir='ltr'><strong>in</strong></span> 
     </span>
    </p>
   </div>
   <div class='ocr_carea' id='block_1_5' title="bbox 498 516 3768 595">
    <p class='ocr_par' dir='ltr' id='par_1_5' title="bbox 498 516 3768 595">
     <span class='ocr_line' id='line_1_5' title="bbox 498 516 3768 595; baseline 0.002 -18"><span class='ocrx_word' id='word_1_22' title='bbox 498 520 651 577; x_wconf 82' lang='lat' dir='ltr'><strong>sitor.</strong></span> <span class='ocrx_word' id='word_1_23' title='bbox 680 518 779 589; x_wconf 89' lang='lat' dir='ltr'><strong>Qui</strong></span> <span class='ocrx_word' id='word_1_24' title='bbox 800 516 853 574; x_wconf 91' lang='lat' dir='ltr'><strong>in</strong></span> <span class='ocrx_word' id='word_1_25' title='bbox 884 524 934 573; x_wconf 89' lang='lat' dir='ltr'><strong>te</strong></span> <span class='ocrx_word' id='word_1_26' title='bbox 955 532 1181 575; x_wconf 90' lang='lat' dir='ltr'><strong>manens</strong></span> <span class='ocrx_word' id='word_1_27' title='bbox 1212 520 1439 575; x_wconf 89' lang='lat' dir='ltr'><strong>innovas</strong></span> <span class='ocrx_word' id='word_1_28' title='bbox 1465 521 1666 588; x_wconf 88' lang='lat' dir='ltr'><strong>omnia,</strong></span> <span class='ocrx_word' id='word_1_29' title='bbox 1692 530 1746 575; x_wconf 89' lang='lat' dir='ltr'><strong>et</strong></span> <span class='ocrx_word' id='word_1_30' title='bbox 1764 530 1953 575; x_wconf 90' lang='lat' dir='ltr'><strong>cuncta</strong></span> <span class='ocrx_word' id='word_1_31' title='bbox 1978 521 2089 577; x_wconf 89' lang='lat' dir='ltr'><strong>dis-</strong></span> <span class='ocrx_word' id='word_1_32' title='bbox 2191 521 2387 579; x_wconf 87' lang='lat' dir='ltr'><strong>melius</strong></span> <span class='ocrx_word' id='word_1_33' title='bbox 2408 531 2612 578; x_wconf 65' lang='lat' dir='ltr'><strong>naturae</strong></span> <span class='ocrx_word' id='word_1_34' title='bbox 2639 522 2974 579; x_wconf 84' lang='lat' dir='ltr'><strong>rationabilis</strong></span> <span class='ocrx_word' id='word_1_35' title='bbox 3015 524 3363 581; x_wconf 81' lang='lat' dir='ltr'><strong>incrementis</strong></span> <span class='ocrx_word' id='word_1_36' title='bbox 3388 539 3489 595; x_wconf 89' lang='lat' dir='ltr'><strong>per</strong></span> <span class='ocrx_word' id='word_1_37' title='bbox 3529 526 3768 585; x_wconf 86' lang='lat' dir='ltr'><strong>ordinem</strong></span> 
     </span>
    </p>
   </div>
   <div class='ocr_carea' id='block_1_6' title="bbox 494 611 2084 688">
    <p class='ocr_par' dir='ltr' id='par_1_6' title="bbox 494 611 2084 688">
     <span class='ocr_line' id='line_1_6' title="bbox 494 611 2084 688; baseline 0.003 -20"><span class='ocrx_word' id='word_1_38' title='bbox 494 626 707 684; x_wconf 87' lang='lat' dir='ltr'><strong>ponens</strong></span> <span class='ocrx_word' id='word_1_39' title='bbox 734 627 827 683; x_wconf 91' lang='lat' dir='ltr'><strong>per</strong></span> <span class='ocrx_word' id='word_1_40' title='bbox 860 611 1115 678; x_wconf 84' lang='lat' dir='ltr'><strong>Verbum,</strong></span> <span class='ocrx_word' id='word_1_41' title='bbox 1148 613 1434 682; x_wconf 75' lang='lat' dir='ltr'><strong>Virtutem,</strong></span> <span class='ocrx_word' id='word_1_42' title='bbox 1468 614 1907 688; x_wconf 89' lang='lat' dir='ltr'><strong>Sapientiamque</strong></span> <span class='ocrx_word' id='word_1_43' title='bbox 1943 626 2084 673; x_wconf 91' lang='lat' dir='ltr'><strong>tuam</strong></span> 
     </span>
    </p>
   </div>
   <div class='ocr_carea' id='block_1_7' title="bbox 495 705 2081 778">
    <p class='ocr_par' dir='ltr' id='par_1_7' title="bbox 495 705 2081 778">
     <span class='ocr_line' id='line_1_7' title="bbox 495 705 2081 778; baseline 0.003 -16"><span class='ocrx_word' id='word_1_44' title='bbox 495 705 677 762; x_wconf 84' lang='lat' dir='ltr'><strong>Jesum</strong></span> <span class='ocrx_word' id='word_1_45' title='bbox 710 705 979 762; x_wconf 87' lang='lat' dir='ltr'><strong>Christum</strong></span> <span class='ocrx_word' id='word_1_46' title='bbox 1001 751 1016 777; x_wconf 92' lang='lat'><strong>,</strong></span> <span class='ocrx_word' id='word_1_47' title='bbox 1048 706 1243 763; x_wconf 84' lang='lat' dir='ltr'><strong>Filium</strong></span> <span class='ocrx_word' id='word_1_48' title='bbox 1288 717 1458 777; x_wconf 91' lang='lat' dir='ltr'><strong>tuum,</strong></span> <span class='ocrx_word' id='word_1_49' title='bbox 1488 709 1772 765; x_wconf 89' lang='lat' dir='ltr'><strong>Dominum</strong></span> <span class='ocrx_word' id='word_1_50' title='bbox 1821 722 2081 778; x_wconf 90' lang='lat' dir='ltr'><strong>nostrum,</strong></span> 
     </span>
    </p>
   </div>
   <div class='ocr_carea' id='block_1_8' title="bbox 495 798 2083 875">
    <p class='ocr_par' dir='ltr' id='par_1_8' title="bbox 495 798 2083 875">
     <span class='ocr_line' id='line_1_8' title="bbox 495 798 2083 875; baseline 0.003 -20"><span class='ocrx_word' id='word_1_51' title='bbox 495 798 823 870; x_wconf 78' lang='lat' dir='ltr'><strong>sempiterna</strong></span> <span class='ocrx_word' id='word_1_52' title='bbox 856 798 1192 869; x_wconf 80' lang='lat' dir='ltr'><strong>providentia</strong></span> <span class='ocrx_word' id='word_1_53' title='bbox 1218 814 1509 870; x_wconf 65' lang='lat' dir='ltr'><strong>prmparas,</strong></span> <span class='ocrx_word' id='word_1_54' title='bbox 1543 810 1597 856; x_wconf 90' lang='lat' dir='ltr'><strong>et</strong></span> <span class='ocrx_word' id='word_1_55' title='bbox 1619 802 1840 874; x_wconf 76' lang='lat' dir='ltr'><strong>singulis</strong></span> <span class='ocrx_word' id='word_1_56' title='bbox 1861 803 2083 875; x_wconf 82' lang='lat' dir='ltr'><strong>quibus-</strong></span> 
     </span>
    </p>
   </div>
   <div class='ocr_carea' id='block_1_9' title="bbox 495 890 2085 965">
    <p class='ocr_par' dir='ltr' id='par_1_9' title="bbox 495 890 2085 965">
     <span class='ocr_line' id='line_1_9' title="bbox 495 890 2085 965; baseline 0.004 -20"><span class='ocrx_word' id='word_1_57' title='bbox 495 905 602 962; x_wconf 88' lang='lat' dir='ltr'><strong>que</strong></span> <span class='ocrx_word' id='word_1_58' title='bbox 628 890 954 963; x_wconf 86' lang='lat' dir='ltr'><strong>temporibus</strong></span> <span class='ocrx_word' id='word_1_59' title='bbox 984 891 1211 962; x_wconf 89' lang='lat' dir='ltr'><strong>aptanda</strong></span> <span class='ocrx_word' id='word_1_60' title='bbox 1242 890 1542 964; x_wconf 90' lang='lat' dir='ltr'><strong>dispensas.</strong></span> <span class='ocrx_word' id='word_1_61' title='bbox 1574 892 1740 965; x_wconf 86' lang='lat' dir='ltr'><strong>Cujus</strong></span> <span class='ocrx_word' id='word_1_62' title='bbox 1766 912 1963 965; x_wconf 90' lang='lat' dir='ltr'><strong>corpus</strong></span> <span class='ocrx_word' id='word_1_63' title='bbox 1989 897 2085 952; x_wconf 86' lang='lat' dir='ltr'><strong>Ec-</strong></span> 
     </span>
    </p>
   </div>
   <div class='ocr_carea' id='block_1_10' title="bbox 496 983 2083 1056">
    <p class='ocr_par' dir='ltr' id='par_1_10' title="bbox 496 983 2083 1056">
     <span class='ocr_line' id='line_1_10' title="bbox 496 983 2083 1056; baseline 0.004 -17"><span class='ocrx_word' id='word_1_64' title='bbox 496 983 717 1039; x_wconf 88' lang='lat' dir='ltr'><strong>clesiam</strong></span> <span class='ocrx_word' id='word_1_65' title='bbox 750 992 915 1051; x_wconf 90' lang='lat' dir='ltr'><strong>tuam,</strong></span> <span class='ocrx_word' id='word_1_66' title='bbox 947 983 1248 1041; x_wconf 72' lang='lat' dir='ltr'><strong>caelestium</strong></span> <span class='ocrx_word' id='word_1_67' title='bbox 1270 986 1564 1056; x_wconf 80' lang='lat' dir='ltr'><strong>gratiarum</strong></span> <span class='ocrx_word' id='word_1_68' title='bbox 1592 988 1851 1045; x_wconf 78' lang='lat' dir='ltr'><strong>varietate</strong></span> <span class='ocrx_word' id='word_1_69' title='bbox 1893 990 2083 1045; x_wconf 86' lang='lat' dir='ltr'><strong>distin-</strong></span> 
     </span>
    </p>
   </div>
   <div class='ocr_carea' id='block_1_11' title="bbox 495 1081 2085 1151">
    <p class='ocr_par' dir='ltr' id='par_1_11' title="bbox 495 1081 2085 1151">
     <span class='ocr_line' id='line_1_11' title="bbox 495 1081 2085 1151; baseline 0.004 -15"><span class='ocrx_word' id='word_1_70' title='bbox 495 1089 660 1149; x_wconf 87' lang='lat' dir='ltr'><strong>ctam,</strong></span> <span class='ocrx_word' id='word_1_71' title='bbox 702 1094 1029 1151; x_wconf 85' lang='lat' dir='ltr'><strong>suorumque</strong></span> <span class='ocrx_word' id='word_1_72' title='bbox 1074 1094 1381 1137; x_wconf 87' lang='lat' dir='ltr'><strong>connexam</strong></span> <span class='ocrx_word' id='word_1_73' title='bbox 1426 1081 1768 1139; x_wconf 90' lang='lat' dir='ltr'><strong>distinctione</strong></span> <span class='ocrx_word' id='word_1_74' title='bbox 1812 1085 2085 1143; x_wconf 89' lang='lat' dir='ltr'><strong>membro-</strong></span> 
     </span>
    </p>
   </div>
   <div class='ocr_carea' id='block_1_12' title="bbox 492 1173 2075 1250">
    <p class='ocr_par' dir='ltr' id='par_1_12' title="bbox 492 1173 2075 1250">
     <span class='ocr_line' id='line_1_12' title="bbox 492 1173 2075 1250; baseline 0.003 -20"><span class='ocrx_word' id='word_1_75' title='bbox 492 1191 635 1241; x_wconf 88' lang='lat' dir='ltr'><strong>rum,</strong></span> <span class='ocrx_word' id='word_1_76' title='bbox 670 1191 765 1244; x_wconf 91' lang='lat' dir='ltr'><strong>pcr</strong></span> <span class='ocrx_word' id='word_1_77' title='bbox 794 1176 961 1244; x_wconf 86' lang='lat' dir='ltr'><strong>legem</strong></span> <span class='ocrx_word' id='word_1_78' title='bbox 995 1173 1158 1230; x_wconf 88' lang='lat' dir='ltr'><strong>totius</strong></span> <span class='ocrx_word' id='word_1_79' title='bbox 1187 1174 1489 1232; x_wconf 87' lang='lat' dir='ltr'><strong>mirabilem</strong></span> <span class='ocrx_word' id='word_1_80' title='bbox 1530 1177 1802 1250; x_wconf 79' lang='lat' dir='ltr'><strong>compagis</strong></span> <span class='ocrx_word' id='word_1_81' title='bbox 1848 1179 2075 1247; x_wconf 89' lang='lat' dir='ltr'><strong>unitam,</strong></span> 
     </span>
    </p>
   </div>
   <div class='ocr_carea' id='block_1_13' title="bbox 492 1269 2080 1346">
    <p class='ocr_par' dir='ltr' id='par_1_13' title="bbox 492 1269 2080 1346">
     <span class='ocr_line' id='line_1_13' title="bbox 492 1269 2080 1346; baseline 0.005 -22"><span class='ocrx_word' id='word_1_82' title='bbox 492 1270 549 1324; x_wconf 85' lang='lat' dir='ltr'><strong>in</strong></span> <span class='ocrx_word' id='word_1_83' title='bbox 582 1278 923 1341; x_wconf 81' lang='lat' dir='ltr'><strong>augmentum</strong></span> <span class='ocrx_word' id='word_1_84' title='bbox 968 1269 1151 1340; x_wconf 89' lang='lat' dir='ltr'><strong>templi</strong></span> <span class='ocrx_word' id='word_1_85' title='bbox 1185 1269 1258 1325; x_wconf 90' lang='lat' dir='ltr'><strong>tui</strong></span> <span class='ocrx_word' id='word_1_86' title='bbox 1298 1285 1541 1327; x_wconf 85' lang='lat' dir='ltr'><strong>crescere</strong></span> <span class='ocrx_word' id='word_1_87' title='bbox 1570 1271 1888 1345; x_wconf 88' lang='lat' dir='ltr'><strong>dilatarique</strong></span> <span class='ocrx_word' id='word_1_88' title='bbox 1917 1276 2080 1346; x_wconf 88' lang='lat' dir='ltr'><strong>largi-</strong></span> 
     </span>
    </p>
   </div>
   <div class='ocr_carea' id='block_1_14' title="bbox 492 1364 2079 1439">
    <p class='ocr_par' dir='ltr' id='par_1_14' title="bbox 492 1364 2079 1439">
     <span class='ocr_line' id='line_1_14' title="bbox 492 1364 2079 1439; baseline 0.004 -20"><span class='ocrx_word' id='word_1_89' title='bbox 492 1364 603 1432; x_wconf 84' lang='lat' dir='ltr'><strong>ris;</strong></span> <span class='ocrx_word' id='word_1_90' title='bbox 643 1366 779 1420; x_wconf 81' lang='lat' dir='ltr'><strong>sacri</strong></span> <span class='ocrx_word' id='word_1_91' title='bbox 810 1364 1050 1421; x_wconf 87' lang='lat' dir='ltr'><strong>muneris</strong></span> <span class='ocrx_word' id='word_1_92' title='bbox 1092 1365 1404 1420; x_wconf 88' lang='lat' dir='ltr'><strong>servitutem</strong></span> <span class='ocrx_word' id='word_1_93' title='bbox 1446 1367 1597 1422; x_wconf 87' lang='lat' dir='ltr'><strong>trinis</strong></span> <span class='ocrx_word' id='word_1_94' title='bbox 1634 1369 1887 1439; x_wconf 78' lang='lat' dir='ltr'><strong>gradibus</strong></span> <span class='ocrx_word' id='word_1_95' title='bbox 1920 1372 2079 1426; x_wconf 87' lang='lat' dir='ltr'><strong>mini-</strong></span> 
     </span>
    </p>
   </div>
   <div class='ocr_carea' id='block_1_15' title="bbox 491 1456 2080 1530">
    <p class='ocr_par' dir='ltr' id='par_1_15' title="bbox 491 1456 2080 1530">
     <span class='ocr_line' id='line_1_15' title="bbox 491 1456 2080 1530; baseline 0.004 -17"><span class='ocrx_word' id='word_1_96' title='bbox 491 1464 726 1513; x_wconf 76' lang='lat' dir='ltr'><strong>atrorum</strong></span> <span class='ocrx_word' id='word_1_97' title='bbox 760 1457 965 1513; x_wconf 91' lang='lat' dir='ltr'><strong>nomini</strong></span> <span class='ocrx_word' id='word_1_98' title='bbox 998 1464 1089 1512; x_wconf 90' lang='lat' dir='ltr'><strong>tuo</strong></span> <span class='ocrx_word' id='word_1_99' title='bbox 1119 1456 1348 1513; x_wconf 88' lang='lat' dir='ltr'><strong>militare</strong></span> <span class='ocrx_word' id='word_1_100' title='bbox 1380 1461 1735 1530; x_wconf 89' lang='lat' dir='ltr'><strong>constituens,</strong></span> <span class='ocrx_word' id='word_1_101' title='bbox 1784 1464 1975 1519; x_wconf 83' lang='lat' dir='ltr'><strong>electis</strong></span> <span class='ocrx_word' id='word_1_102' title='bbox 2013 1464 2080 1519; x_wconf 89' lang='lat' dir='ltr'><strong>ab</strong></span> 
     </span>
    </p>
   </div>
   <div class='ocr_carea' id='block_1_16' title="bbox 488 1548 2080 1623">
    <p class='ocr_par' dir='ltr' id='par_1_16' title="bbox 488 1548 2080 1623">
     <span class='ocr_line' id='line_1_16' title="bbox 488 1548 2080 1623; baseline 0.005 -18"><span class='ocrx_word' id='word_1_103' title='bbox 488 1548 642 1605; x_wconf 90' lang='lat' dir='ltr'><strong>initio</strong></span> <span class='ocrx_word' id='word_1_104' title='bbox 685 1548 815 1605; x_wconf 83' lang='lat' dir='ltr'><strong>Levi</strong></span> <span class='ocrx_word' id='word_1_105' title='bbox 858 1549 1003 1613; x_wconf 89' lang='lat' dir='ltr'><strong>ﬁliis,</strong></span> <span class='ocrx_word' id='word_1_106' title='bbox 1046 1549 1137 1620; x_wconf 90' lang='lat' dir='ltr'><strong>qui</strong></span> <span class='ocrx_word' id='word_1_107' title='bbox 1168 1550 1405 1622; x_wconf 89' lang='lat' dir='ltr'><strong>mysticis</strong></span> <span class='ocrx_word' id='word_1_108' title='bbox 1431 1554 1838 1623; x_wconf 88' lang='lat' dir='ltr'><strong>operationibus</strong></span> <span class='ocrx_word' id='word_1_109' title='bbox 1885 1558 2080 1613; x_wconf 91' lang='lat' dir='ltr'><strong>domus</strong></span> 
     </span>
    </p>
   </div>
   <div class='ocr_carea' id='block_1_17' title="bbox 488 1641 2079 1712">
    <p class='ocr_par' dir='ltr' id='par_1_17' title="bbox 488 1641 2079 1712">
     <span class='ocr_line' id='line_1_17' title="bbox 488 1641 2079 1712; baseline 0.006 -17"><span class='ocrx_word' id='word_1_110' title='bbox 488 1649 596 1695; x_wconf 73' lang='lat' dir='ltr'><strong>tute</strong></span> <span class='ocrx_word' id='word_1_111' title='bbox 625 1641 872 1696; x_wconf 86' lang='lat' dir='ltr'><strong>ﬁdelibus</strong></span> <span class='ocrx_word' id='word_1_112' title='bbox 895 1641 1132 1697; x_wconf 78' lang='lat' dir='ltr'><strong>excubiis</strong></span> <span class='ocrx_word' id='word_1_113' title='bbox 1163 1654 1555 1712; x_wconf 85' lang='lat' dir='ltr'><strong>permanentes,</strong></span> <span class='ocrx_word' id='word_1_114' title='bbox 1582 1647 1951 1705; x_wconf 72' lang='lat' dir='ltr'><strong>hzereditatem</strong></span> <span class='ocrx_word' id='word_1_115' title='bbox 1984 1650 2079 1705; x_wconf 92' lang='lat' dir='ltr'><strong>be-</strong></span> 
     </span>
    </p>
   </div>
   <div class='ocr_carea' id='block_1_18' title="bbox 487 1733 2079 1814">
    <p class='ocr_par' dir='ltr' id='par_1_18' title="bbox 487 1733 2079 1814">
     <span class='ocr_line' id='line_1_18' title="bbox 487 1733 2079 1814; baseline 0.005 -25"><span class='ocrx_word' id='word_1_116' title='bbox 487 1733 813 1789; x_wconf 88' lang='lat' dir='ltr'><strong>nedictionis</strong></span> <span class='ocrx_word' id='word_1_117' title='bbox 834 1744 1047 1790; x_wconf 61' lang='lat' dir='ltr'><strong>acterna:</strong></span> <span class='ocrx_word' id='word_1_118' title='bbox 1072 1744 1217 1791; x_wconf 86' lang='lat' dir='ltr'><strong>sorte</strong></span> <span class='ocrx_word' id='word_1_119' title='bbox 1243 1747 1499 1808; x_wconf 90' lang='lat' dir='ltr'><strong>perpetua</strong></span> <span class='ocrx_word' id='word_1_120' title='bbox 1523 1740 1879 1809; x_wconf 89' lang='lat' dir='ltr'><strong>possiderent.</strong></span> <span class='ocrx_word' id='word_1_121' title='bbox 1907 1740 2079 1814; x_wconf 88' lang='lat' dir='ltr'><strong>Super</strong></span> 
     </span>
    </p>
   </div>
   <div class='ocr_carea' id='block_1_19' title="bbox 2188 617 3767 694">
    <p class='ocr_par' dir='ltr' id='par_1_19' title="bbox 2188 617 3767 694">
     <span class='ocr_line' id='line_1_19' title="bbox 2188 617 3767 694; baseline 0.003 -19"><span class='ocrx_word' id='word_1_122' title='bbox 2188 632 2425 693; x_wconf 85' lang='lat' dir='ltr'><strong>congrua</strong></span> <span class='ocrx_word' id='word_1_123' title='bbox 2447 621 2657 676; x_wconf 87' lang='lat' dir='ltr'><strong>ratione</strong></span> <span class='ocrx_word' id='word_1_124' title='bbox 2685 620 3023 691; x_wconf 91' lang='lat' dir='ltr'><strong>dispositum.</strong></span> <span class='ocrx_word' id='word_1_125' title='bbox 3075 617 3226 676; x_wconf 84' lang='lat' dir='ltr'><strong>Unde</strong></span> <span class='ocrx_word' id='word_1_126' title='bbox 3256 622 3616 678; x_wconf 87' lang='lat' dir='ltr'><strong>sacerdotales</strong></span> <span class='ocrx_word' id='word_1_127' title='bbox 3647 639 3767 694; x_wconf 89' lang='lat' dir='ltr'><strong>gra-</strong></span> 
     </span>
    </p>
   </div>
   <div class='ocr_carea' id='block_1_20' title="bbox 2188 710 3775 785">
    <p class='ocr_par' dir='ltr' id='par_1_20' title="bbox 2188 710 3775 785">
     <span class='ocr_line' id='line_1_20' title="bbox 2188 710 3775 785; baseline 0.003 -17"><span class='ocrx_word' id='word_1_128' title='bbox 2188 710 2288 768; x_wconf 93' lang='lat' dir='ltr'><strong>dus</strong></span> <span class='ocrx_word' id='word_1_129' title='bbox 2308 722 2361 768; x_wconf 92' lang='lat' dir='ltr'><strong>et</strong></span> <span class='ocrx_word' id='word_1_130' title='bbox 2381 712 2558 768; x_wconf 78' lang='lat' dir='ltr'><strong>officia</strong></span> <span class='ocrx_word' id='word_1_131' title='bbox 2586 710 2872 767; x_wconf 86' lang='lat' dir='ltr'><strong>levitarum</strong></span> <span class='ocrx_word' id='word_1_132' title='bbox 2896 712 3245 768; x_wconf 87' lang='lat' dir='ltr'><strong>sacramentis</strong></span> <span class='ocrx_word' id='word_1_133' title='bbox 3269 714 3508 785; x_wconf 81' lang='lat' dir='ltr'><strong>mysticis</strong></span> <span class='ocrx_word' id='word_1_134' title='bbox 3538 715 3775 773; x_wconf 81' lang='lat' dir='ltr'><strong>instituta</strong></span> 
     </span>
    </p>
   </div>
   <div class='ocr_carea' id='block_1_21' title="bbox 2187 804 3776 877">
    <p class='ocr_par' dir='ltr' id='par_1_21' title="bbox 2187 804 3776 877">
     <span class='ocr_line' id='line_1_21' title="bbox 2187 804 3776 877; baseline 0.002 -16"><span class='ocrx_word' id='word_1_135' title='bbox 2187 814 2495 872; x_wconf 89' lang='lat' dir='ltr'><strong>creverunt,</strong></span> <span class='ocrx_word' id='word_1_136' title='bbox 2526 812 2584 861; x_wconf 92' lang='lat' dir='ltr'><strong>ut</strong></span> <span class='ocrx_word' id='word_1_137' title='bbox 2604 820 2725 861; x_wconf 89' lang='lat' dir='ltr'><strong>cum</strong></span> <span class='ocrx_word' id='word_1_138' title='bbox 2760 804 3036 875; x_wconf 88' lang='lat' dir='ltr'><strong>pontiﬁces</strong></span> <span class='ocrx_word' id='word_1_139' title='bbox 3064 820 3304 859; x_wconf 91' lang='lat' dir='ltr'><strong>summos</strong></span> <span class='ocrx_word' id='word_1_140' title='bbox 3334 807 3585 877; x_wconf 88' lang='lat' dir='ltr'><strong>regendis</strong></span> <span class='ocrx_word' id='word_1_141' title='bbox 3615 823 3776 877; x_wconf 81' lang='lat' dir='ltr'><strong>popu-</strong></span> 
     </span>
    </p>
   </div>
   <div class='ocr_carea' id='block_1_22' title="bbox 2186 898 3774 976">
    <p class='ocr_par' dir='ltr' id='par_1_22' title="bbox 2186 898 3774 976">
     <span class='ocr_line' id='line_1_22' title="bbox 2186 898 3774 976; baseline 0.004 -21"><span class='ocrx_word' id='word_1_142' title='bbox 2186 900 2253 956; x_wconf 91' lang='lat' dir='ltr'><strong>lis</strong></span> <span class='ocrx_word' id='word_1_143' title='bbox 2300 898 2658 970; x_wconf 70' lang='lat' dir='ltr'><strong>prmfecisses,</strong></span> <span class='ocrx_word' id='word_1_144' title='bbox 2700 900 2764 954; x_wconf 90' lang='lat' dir='ltr'><strong>ad</strong></span> <span class='ocrx_word' id='word_1_145' title='bbox 2808 915 2995 955; x_wconf 90' lang='lat' dir='ltr'><strong>eorum</strong></span> <span class='ocrx_word' id='word_1_146' title='bbox 3025 900 3298 956; x_wconf 85' lang='lat' dir='ltr'><strong>societatis</strong></span> <span class='ocrx_word' id='word_1_147' title='bbox 3325 909 3380 957; x_wconf 90' lang='lat' dir='ltr'><strong>et</strong></span> <span class='ocrx_word' id='word_1_148' title='bbox 3410 904 3591 973; x_wconf 90' lang='lat' dir='ltr'><strong>operis</strong></span> <span class='ocrx_word' id='word_1_149' title='bbox 3630 904 3774 976; x_wconf 83' lang='lat' dir='ltr'><strong>adju-</strong></span> 
     </span>
    </p>
   </div>
   <div class='ocr_carea' id='block_1_23' title="bbox 2184 993 3773 1071">
    <p class='ocr_par' dir='ltr' id='par_1_23' title="bbox 2184 993 3773 1071">
     <span class='ocr_line' id='line_1_23' title="bbox 2184 993 3773 1071; baseline 0.004 -22"><span class='ocrx_word' id='word_1_150' title='bbox 2184 1005 2422 1049; x_wconf 90' lang='lat' dir='ltr'><strong>mentum</strong></span> <span class='ocrx_word' id='word_1_151' title='bbox 2450 993 2720 1066; x_wconf 83' lang='lat' dir='ltr'><strong>sequentis</strong></span> <span class='ocrx_word' id='word_1_152' title='bbox 2750 993 2953 1049; x_wconf 90' lang='lat' dir='ltr'><strong>ordinis</strong></span> <span class='ocrx_word' id='word_1_153' title='bbox 2981 994 3127 1050; x_wconf 87' lang='lat' dir='ltr'><strong>viros</strong></span> <span class='ocrx_word' id='word_1_154' title='bbox 3159 1003 3212 1051; x_wconf 89' lang='lat' dir='ltr'><strong>et</strong></span> <span class='ocrx_word' id='word_1_155' title='bbox 3242 997 3493 1053; x_wconf 81' lang='lat' dir='ltr'><strong>secundae</strong></span> <span class='ocrx_word' id='word_1_156' title='bbox 3544 1000 3773 1071; x_wconf 85' lang='lat' dir='ltr'><strong>dignita-</strong></span> 
     </span>
    </p>
   </div>
   <div class='ocr_carea' id='block_1_24' title="bbox 2187 1087 3773 1161">
    <p class='ocr_par' dir='ltr' id='par_1_24' title="bbox 2187 1087 3773 1161">
     <span class='ocr_line' id='line_1_24' title="bbox 2187 1087 3773 1161; baseline 0.006 -20"><span class='ocrx_word' id='word_1_157' title='bbox 2187 1087 2253 1142; x_wconf 89' lang='lat' dir='ltr'><strong>tis</strong></span> <span class='ocrx_word' id='word_1_158' title='bbox 2284 1097 2305 1123; x_wconf 77' lang='grc' dir='ltr'><strong><em>ο</em></strong></span> <span class='ocrx_word' id='word_1_159' title='bbox 2339 1088 2587 1158; x_wconf 82' lang='lat' dir='ltr'><strong>eligeres.</strong></span> <span class='ocrx_word' id='word_1_160' title='bbox 2624 1087 2713 1142; x_wconf 78' lang='lat' dir='ltr'><strong>Sic</strong></span> <span class='ocrx_word' id='word_1_161' title='bbox 2736 1087 2788 1141; x_wconf 94' lang='lat' dir='ltr'><strong>in</strong></span> <span class='ocrx_word' id='word_1_162' title='bbox 2820 1101 3004 1143; x_wconf 89' lang='lat' dir='ltr'><strong>eremo</strong></span> <span class='ocrx_word' id='word_1_163' title='bbox 3032 1104 3128 1157; x_wconf 89' lang='lat' dir='ltr'><strong>per</strong></span> <span class='ocrx_word' id='word_1_164' title='bbox 3159 1092 3492 1161; x_wconf 77' lang='lat' dir='ltr'><strong>septuaginta</strong></span> <span class='ocrx_word' id='word_1_165' title='bbox 3539 1094 3773 1150; x_wconf 86' lang='lat' dir='ltr'><strong>virorum</strong></span> 
     </span>
    </p>
   </div>
   <div class='ocr_carea' id='block_1_25' title="bbox 2186 1179 3773 1257">
    <p class='ocr_par' dir='ltr' id='par_1_25' title="bbox 2186 1179 3773 1257">
     <span class='ocr_line' id='line_1_25' title="bbox 2186 1179 3773 1257; baseline 0.007 -22"><span class='ocrx_word' id='word_1_166' title='bbox 2186 1181 2508 1251; x_wconf 81' lang='lat' dir='ltr'><strong>prudentum</strong></span> <span class='ocrx_word' id='word_1_167' title='bbox 2536 1192 2745 1235; x_wconf 71' lang='lat' dir='ltr'><strong>mentes</strong></span> <span class='ocrx_word' id='word_1_168' title='bbox 2771 1179 2938 1252; x_wconf 84' lang='lat' dir='ltr'><strong>Moysi</strong></span> <span class='ocrx_word' id='word_1_169' title='bbox 2965 1180 3211 1252; x_wconf 89' lang='lat' dir='ltr'><strong>spiritum</strong></span> <span class='ocrx_word' id='word_1_170' title='bbox 3239 1186 3560 1253; x_wconf 87' lang='lat' dir='ltr'><strong>propagasti,</strong></span> <span class='ocrx_word' id='word_1_171' title='bbox 3586 1188 3773 1257; x_wconf 87' lang='lat' dir='ltr'><strong>quibus</strong></span> 
     </span>
    </p>
   </div>
   <div class='ocr_carea' id='block_1_26' title="bbox 2186 1273 3771 1343">
    <p class='ocr_par' dir='ltr' id='par_1_26' title="bbox 2186 1273 3771 1343">
     <span class='ocr_line' id='line_1_26' title="bbox 2186 1273 3771 1343; baseline 0.004 -14"><span class='ocrx_word' id='word_1_172' title='bbox 2186 1273 2279 1329; x_wconf 89' lang='lat' dir='ltr'><strong>ille</strong></span> <span class='ocrx_word' id='word_1_173' title='bbox 2315 1274 2653 1342; x_wconf 86' lang='lat' dir='ltr'><strong>adjutoribus</strong></span> <span class='ocrx_word' id='word_1_174' title='bbox 2682 1288 2809 1327; x_wconf 89' lang='lat' dir='ltr'><strong>usus</strong></span> <span class='ocrx_word' id='word_1_175' title='bbox 2840 1275 2890 1327; x_wconf 92' lang='lat' dir='ltr'><strong>in</strong></span> <span class='ocrx_word' id='word_1_176' title='bbox 2928 1273 3150 1343; x_wconf 90' lang='lat' dir='ltr'><strong>populo,</strong></span> <span class='ocrx_word' id='word_1_177' title='bbox 3185 1276 3493 1332; x_wconf 82' lang='lat' dir='ltr'><strong>innumeras</strong></span> <span class='ocrx_word' id='word_1_178' title='bbox 3540 1280 3771 1336; x_wconf 85' lang='lat' dir='ltr'><strong>multitu-</strong></span> 
     </span>
    </p>
   </div>
   <div class='ocr_carea' id='block_1_27' title="bbox 2189 1364 3770 1442">
    <p class='ocr_par' dir='ltr' id='par_1_27' title="bbox 2189 1364 3770 1442">
     <span class='ocr_line' id='line_1_27' title="bbox 2189 1364 3770 1442; baseline 0.004 -21"><span class='ocrx_word' id='word_1_179' title='bbox 2189 1367 2341 1421; x_wconf 86' lang='lat' dir='ltr'><strong>dines</strong></span> <span class='ocrx_word' id='word_1_180' title='bbox 2370 1364 2527 1421; x_wconf 82' lang='lat' dir='ltr'><strong>facile</strong></span> <span class='ocrx_word' id='word_1_181' title='bbox 2555 1366 2897 1437; x_wconf 85' lang='lat' dir='ltr'><strong>gubernavit.</strong></span> <span class='ocrx_word' id='word_1_182' title='bbox 2929 1367 3017 1422; x_wconf 89' lang='lat' dir='ltr'><strong>Sic</strong></span> <span class='ocrx_word' id='word_1_183' title='bbox 3044 1369 3093 1421; x_wconf 92' lang='lat' dir='ltr'><strong>in</strong></span> <span class='ocrx_word' id='word_1_184' title='bbox 3128 1367 3387 1423; x_wconf 85' lang='lat' dir='ltr'><strong>Eleazaro</strong></span> <span class='ocrx_word' id='word_1_185' title='bbox 3428 1377 3483 1425; x_wconf 89' lang='lat' dir='ltr'><strong>et</strong></span> <span class='ocrx_word' id='word_1_186' title='bbox 3516 1369 3770 1442; x_wconf 86' lang='lat' dir='ltr'><strong>Ithamar,</strong></span> 
     </span>
    </p>
   </div>
   <div class='ocr_carea' id='block_1_28' title="bbox 2185 1459 3773 1530">
    <p class='ocr_par' dir='ltr' id='par_1_28' title="bbox 2185 1459 3773 1530">
     <span class='ocr_line' id='line_1_28' title="bbox 2185 1459 3773 1530; baseline 0.004 -16"><span class='ocrx_word' id='word_1_187' title='bbox 2185 1459 2308 1515; x_wconf 91' lang='lat' dir='ltr'><strong>ﬁliis</strong></span> <span class='ocrx_word' id='word_1_188' title='bbox 2338 1464 2534 1523; x_wconf 83' lang='lat' dir='ltr'><strong>Aaron,</strong></span> <span class='ocrx_word' id='word_1_189' title='bbox 2562 1472 2793 1530; x_wconf 83' lang='lat' dir='ltr'><strong>paternae.</strong></span> <span class='ocrx_word' id='word_1_190' title='bbox 2818 1460 3161 1529; x_wconf 86' lang='lat' dir='ltr'><strong>plenitudinis</strong></span> <span class='ocrx_word' id='word_1_191' title='bbox 3192 1460 3576 1517; x_wconf 88' lang='lat' dir='ltr'><strong>abundantiam</strong></span> <span class='ocrx_word' id='word_1_192' title='bbox 3607 1473 3773 1521; x_wconf 87' lang='lat' dir='ltr'><strong>trans-</strong></span> 
     </span>
    </p>
   </div>
   <div class='ocr_carea' id='block_1_29' title="bbox 2184 1551 3763 1625">
    <p class='ocr_par' dir='ltr' id='par_1_29' title="bbox 2184 1551 3763 1625">
     <span class='ocr_line' id='line_1_29' title="bbox 2184 1551 3763 1625; baseline 0.004 -17"><span class='ocrx_word' id='word_1_193' title='bbox 2184 1551 2388 1623; x_wconf 69' lang='lat' dir='ltr'><strong>fudisti,</strong></span> <span class='ocrx_word' id='word_1_194' title='bbox 2419 1562 2475 1608; x_wconf 91' lang='lat' dir='ltr'><strong>ut</strong></span> <span class='ocrx_word' id='word_1_195' title='bbox 2501 1555 2565 1608; x_wconf 91' lang='lat' dir='ltr'><strong>ad</strong></span> <span class='ocrx_word' id='word_1_196' title='bbox 2599 1554 2803 1609; x_wconf 81' lang='lat' dir='ltr'><strong>hostias</strong></span> <span class='ocrx_word' id='word_1_197' title='bbox 2825 1555 3089 1610; x_wconf 88' lang='lat' dir='ltr'><strong>salutares</strong></span> <span class='ocrx_word' id='word_1_198' title='bbox 3117 1562 3171 1609; x_wconf 90' lang='lat' dir='ltr'><strong>et</strong></span> <span class='ocrx_word' id='word_1_199' title='bbox 3198 1554 3583 1625; x_wconf 76' lang='lat' dir='ltr'><strong>frequentioris</strong></span> <span class='ocrx_word' id='word_1_200' title='bbox 3607 1556 3763 1614; x_wconf 87' lang='lat' dir='ltr'><strong>ofﬁcii</strong></span> 
     </span>
    </p>
   </div>
   <div class='ocr_carea' id='block_1_30' title="bbox 2183 1647 3491 1704">
    <p class='ocr_par' dir='ltr' id='par_1_30' title="bbox 2183 1647 3491 1704">
     <span class='ocr_line' id='line_1_30' title="bbox 2183 1647 3491 1704; baseline 0 0"><span class='ocrx_word' id='word_1_201' title='bbox 2183 1660 2516 1704; x_wconf 87' lang='lat' dir='ltr'><strong>sacramenta</strong></span> <span class='ocrx_word' id='word_1_202' title='bbox 2546 1647 2818 1704; x_wconf 84' lang='lat' dir='ltr'><strong>sufﬁceret</strong></span> <span class='ocrx_word' id='word_1_203' title='bbox 2846 1650 3096 1703; x_wconf 89' lang='lat' dir='ltr'><strong>meritum</strong></span> <span class='ocrx_word' id='word_1_204' title='bbox 3126 1649 3491 1704; x_wconf 81' lang='lat' dir='ltr'><strong>sacerdotum.</strong></span> 
     </span>
    </p>
   </div>
   <div class='ocr_carea' id='block_1_31' title="bbox 2257 1738 3770 1809">
    <p class='ocr_par' dir='ltr' id='par_1_31' title="bbox 2257 1738 3770 1809">
     <span class='ocr_line' id='line_1_31' title="bbox 2257 1738 3770 1809; baseline 0.003 -16"><span class='ocrx_word' id='word_1_205' title='bbox 2257 1738 2363 1793; x_wconf 85' lang='lat' dir='ltr'><strong>[lac</strong></span> <span class='ocrx_word' id='word_1_206' title='bbox 2388 1739 2739 1809; x_wconf 84' lang='lat' dir='ltr'><strong>providentia,</strong></span> <span class='ocrx_word' id='word_1_207' title='bbox 2771 1740 3016 1806; x_wconf 87' lang='lat' dir='ltr'><strong>Domine,</strong></span> <span class='ocrx_word' id='word_1_208' title='bbox 3039 1739 3297 1808; x_wconf 90' lang='lat' dir='ltr'><strong>apostolis</strong></span> <span class='ocrx_word' id='word_1_209' title='bbox 3320 1739 3443 1794; x_wconf 88' lang='lat' dir='ltr'><strong>Filii</strong></span> <span class='ocrx_word' id='word_1_210' title='bbox 3467 1741 3565 1808; x_wconf 93' lang='lat' dir='ltr'><strong>tui,</strong></span> <span class='ocrx_word' id='word_1_211' title='bbox 3595 1740 3770 1798; x_wconf 86' lang='lat' dir='ltr'><strong>docto-</strong></span> 
     </span>
    </p>
   </div>
   <div class='ocr_carea' id='block_1_32' title="bbox 487 1824 3755 1917">
    <p class='ocr_par' dir='ltr' id='par_1_32' title="bbox 487 1824 3755 1917">
     <span class='ocr_line' id='line_1_32' title="bbox 487 1824 3755 1917; baseline 0.003 -34"><span class='ocrx_word' id='word_1_212' title='bbox 487 1824 590 1882; x_wconf 80' lang='lat' dir='ltr'><strong>ltos</strong></span> <span class='ocrx_word' id='word_1_213' title='bbox 619 1842 831 1897; x_wconf 83' lang='lat' dir='ltr'><strong>quoque</strong></span> <span class='ocrx_word' id='word_1_214' title='bbox 862 1828 1088 1886; x_wconf 87' lang='lat' dir='ltr'><strong>famulos</strong></span> <span class='ocrx_word' id='word_1_215' title='bbox 1133 1840 1270 1900; x_wconf 92' lang='lat' dir='ltr'><strong>tuos,</strong></span> <span class='ocrx_word' id='word_1_216' title='bbox 1317 1848 1644 1903; x_wconf 57' lang='lat' dir='ltr'><strong>quaesumus,</strong></span> <span class='ocrx_word' id='word_1_217' title='bbox 1682 1834 1935 1917; x_wconf 66' lang='lat' dir='ltr'><strong>Domine,</strong></span> <span class='ocrx_word' id='word_1_218' title='bbox 1960 1836 2070 1907; x_wconf 88' lang='lat' dir='ltr'><strong>pla-</strong></span> <span class='ocrx_word' id='word_1_219' title='bbox 2097 1834 2146 1895; x_wconf 85' lang='grc' dir='ltr'><strong><em>Β</em></strong></span> <span class='ocrx_word' id='word_1_220' title='bbox 2174 1848 2262 1889; x_wconf 89' lang='lat' dir='ltr'><strong>res</strong></span> <span class='ocrx_word' id='word_1_221' title='bbox 2294 1832 2414 1887; x_wconf 87' lang='lat' dir='ltr'><strong>ﬁdei</strong></span> <span class='ocrx_word' id='word_1_222' title='bbox 2458 1833 2681 1888; x_wconf 90' lang='lat' dir='ltr'><strong>comites</strong></span> <span class='ocrx_word' id='word_1_223' title='bbox 2719 1833 2995 1899; x_wconf 89' lang='lat' dir='ltr'><strong>addidisti,</strong></span> <span class='ocrx_word' id='word_1_224' title='bbox 3034 1833 3227 1903; x_wconf 85' lang='lat' dir='ltr'><strong>quibus</strong></span> <span class='ocrx_word' id='word_1_225' title='bbox 3264 1833 3342 1887; x_wconf 88' lang='lat' dir='ltr'><strong>illi</strong></span> <span class='ocrx_word' id='word_1_226' title='bbox 3372 1836 3564 1890; x_wconf 89' lang='lat' dir='ltr'><strong>orbem</strong></span> <span class='ocrx_word' id='word_1_227' title='bbox 3596 1842 3755 1892; x_wconf 81' lang='lat' dir='ltr'><strong>totout</strong></span> 
     </span>
    </p>
   </div>
   <div class='ocr_carea' id='block_1_33' title="bbox 489 1920 2075 1997">
    <p class='ocr_par' dir='ltr' id='par_1_33' title="bbox 489 1920 2075 1997">
     <span class='ocr_line' id='line_1_33' title="bbox 489 1920 2075 1997; baseline 0.009 -26"><span class='ocrx_word' id='word_1_228' title='bbox 489 1928 640 1973; x_wconf 86' lang='lat' dir='ltr'><strong>catus</strong></span> <span class='ocrx_word' id='word_1_229' title='bbox 670 1920 909 1985; x_wconf 89' lang='lat' dir='ltr'><strong>intende,</strong></span> <span class='ocrx_word' id='word_1_230' title='bbox 940 1937 1073 1992; x_wconf 92' lang='lat' dir='ltr'><strong>quos</strong></span> <span class='ocrx_word' id='word_1_231' title='bbox 1106 1924 1209 1979; x_wconf 91' lang='lat' dir='ltr'><strong>tuis</strong></span> <span class='ocrx_word' id='word_1_232' title='bbox 1239 1934 1264 1961; x_wconf 74' lang='grc' dir='ltr'>ἰ</span> <span class='ocrx_word' id='word_1_233' title='bbox 1287 1926 1540 1981; x_wconf 86' lang='lat' dir='ltr'><strong>sacrariis</strong></span> <span class='ocrx_word' id='word_1_234' title='bbox 1572 1928 1889 1997; x_wconf 85' lang='lat' dir='ltr'><strong>servituros,</strong></span> <span class='ocrx_word' id='word_1_235' title='bbox 1919 1930 1973 1985; x_wconf 91' lang='lat' dir='ltr'><strong>in</strong></span> <span class='ocrx_word' id='word_1_236' title='bbox 1997 1930 2075 1985; x_wconf 86' lang='lat' dir='ltr'><strong>of-</strong></span> 
     </span>
    </p>
   </div>
   <div class='ocr_carea' id='block_1_34' title="bbox 485 2010 2070 2093">
    <p class='ocr_par' dir='ltr' id='par_1_34' title="bbox 485 2010 2070 2093">
     <span class='ocr_line' id='line_1_34' title="bbox 485 2010 2070 2093; baseline 0.009 -28"><span class='ocrx_word' id='word_1_237' title='bbox 485 2010 664 2065; x_wconf 89' lang='lat' dir='ltr'><strong>ﬁcium</strong></span> <span class='ocrx_word' id='word_1_238' title='bbox 688 2012 918 2069; x_wconf 88' lang='lat' dir='ltr'><strong>diaconii</strong></span> <span class='ocrx_word' id='word_1_239' title='bbox 945 2015 1255 2086; x_wconf 87' lang='lat' dir='ltr'><strong>suppliciter</strong></span> <span class='ocrx_word' id='word_1_240' title='bbox 1276 2015 1605 2074; x_wconf 89' lang='lat' dir='ltr'><strong>dedicamus.</strong></span> <span class='ocrx_word' id='word_1_241' title='bbox 1630 2018 1697 2075; x_wconf 92' lang='lat' dir='ltr'><strong>Et</strong></span> <span class='ocrx_word' id='word_1_242' title='bbox 1715 2036 1810 2076; x_wconf 91' lang='lat' dir='ltr'><strong>nos</strong></span> <span class='ocrx_word' id='word_1_243' title='bbox 1830 2022 2070 2093; x_wconf 83' lang='lat' dir='ltr'><strong>quidem,</strong></span> 
     </span>
    </p>
   </div>
   <div class='ocr_carea' id='block_1_35' title="bbox 486 2106 2072 2177">
    <p class='ocr_par' dir='ltr' id='par_1_35' title="bbox 486 2106 2072 2177">
     <span class='ocr_line' id='line_1_35' title="bbox 486 2106 2072 2177; baseline 0.009 -20"><span class='ocrx_word' id='word_1_244' title='bbox 486 2114 754 2177; x_wconf 87' lang='lat' dir='ltr'><strong>tamquam</strong></span> <span class='ocrx_word' id='word_1_245' title='bbox 794 2106 1057 2173; x_wconf 88' lang='lat' dir='ltr'><strong>homines,</strong></span> <span class='ocrx_word' id='word_1_246' title='bbox 1094 2108 1257 2166; x_wconf 86' lang='lat' dir='ltr'><strong>divini</strong></span> <span class='ocrx_word' id='word_1_247' title='bbox 1285 2126 1476 2167; x_wconf 90' lang='lat' dir='ltr'><strong>sensus</strong></span> <span class='ocrx_word' id='word_1_248' title='bbox 1510 2121 1563 2169; x_wconf 91' lang='lat' dir='ltr'><strong>et</strong></span> <span class='ocrx_word' id='word_1_249' title='bbox 1594 2128 1819 2170; x_wconf 82' lang='lat' dir='ltr'><strong>summae</strong></span> <span class='ocrx_word' id='word_1_250' title='bbox 1848 2117 2072 2172; x_wconf 88' lang='lat' dir='ltr'><strong>rationis</strong></span> 
     </span>
    </p>
   </div>
   <div class='ocr_carea' id='block_1_36' title="bbox 485 2200 2073 2279">
    <p class='ocr_par' dir='ltr' id='par_1_36' title="bbox 485 2200 2073 2279">
     <span class='ocr_line' id='line_1_36' title="bbox 485 2200 2073 2279; baseline 0.008 -25"><span class='ocrx_word' id='word_1_251' title='bbox 485 2200 691 2269; x_wconf 88' lang='lat' dir='ltr'><strong>ignari,</strong></span> <span class='ocrx_word' id='word_1_252' title='bbox 739 2200 931 2259; x_wconf 90' lang='lat' dir='ltr'><strong>horum</strong></span> <span class='ocrx_word' id='word_1_253' title='bbox 976 2204 1163 2271; x_wconf 88' lang='lat' dir='ltr'><strong>vitam,</strong></span> <span class='ocrx_word' id='word_1_254' title='bbox 1210 2214 1466 2277; x_wconf 90' lang='lat' dir='ltr'><strong>quantum</strong></span> <span class='ocrx_word' id='word_1_255' title='bbox 1489 2223 1795 2279; x_wconf 84' lang='lat' dir='ltr'><strong>possumus,</strong></span> <span class='ocrx_word' id='word_1_256' title='bbox 1838 2212 2073 2267; x_wconf 56' lang='lat' dir='ltr'><strong>aestima-</strong></span> 
     </span>
    </p>
   </div>
   <div class='ocr_carea' id='block_1_37' title="bbox 485 2293 2073 2376">
    <p class='ocr_par' dir='ltr' id='par_1_37' title="bbox 485 2293 2073 2376">
     <span class='ocr_line' id='line_1_37' title="bbox 485 2293 2073 2376; baseline 0.01 -29"><span class='ocrx_word' id='word_1_257' title='bbox 485 2306 626 2347; x_wconf 91' lang='lat' dir='ltr'><strong>mus.</strong></span> <span class='ocrx_word' id='word_1_258' title='bbox 660 2293 735 2350; x_wconf 90' lang='lat' dir='ltr'><strong>Te</strong></span> <span class='ocrx_word' id='word_1_259' title='bbox 756 2302 952 2361; x_wconf 83' lang='lat' dir='ltr'><strong>autem,</strong></span> <span class='ocrx_word' id='word_1_260' title='bbox 988 2297 1231 2367; x_wconf 89' lang='lat' dir='ltr'><strong>Domine,</strong></span> <span class='ocrx_word' id='word_1_261' title='bbox 1268 2315 1386 2370; x_wconf 75' lang='lat' dir='ltr'><strong>qute</strong></span> <span class='ocrx_word' id='word_1_262' title='bbox 1416 2299 1570 2358; x_wconf 86' lang='lat' dir='ltr'><strong>nobis</strong></span> <span class='ocrx_word' id='word_1_263' title='bbox 1593 2313 1714 2357; x_wconf 90' lang='lat' dir='ltr'><strong>sunt</strong></span> <span class='ocrx_word' id='word_1_264' title='bbox 1741 2306 1939 2376; x_wconf 88' lang='lat' dir='ltr'><strong>ignota,</strong></span> <span class='ocrx_word' id='word_1_265' title='bbox 1964 2321 2073 2364; x_wconf 86' lang='lat' dir='ltr'><strong>non</strong></span> 
     </span>
    </p>
   </div>
   <div class='ocr_carea' id='block_1_38' title="bbox 483 2391 2073 2470">
    <p class='ocr_par' dir='ltr' id='par_1_38' title="bbox 483 2391 2073 2470">
     <span class='ocr_line' id='line_1_38' title="bbox 483 2391 2073 2470; baseline 0.009 -30"><span class='ocrx_word' id='word_1_266' title='bbox 483 2396 783 2453; x_wconf 89' lang='lat' dir='ltr'><strong>transeunt,</strong></span> <span class='ocrx_word' id='word_1_267' title='bbox 818 2396 867 2443; x_wconf 91' lang='lat' dir='ltr'><strong>te</strong></span> <span class='ocrx_word' id='word_1_268' title='bbox 897 2391 1101 2446; x_wconf 86' lang='lat' dir='ltr'><strong>occulta</strong></span> <span class='ocrx_word' id='word_1_269' title='bbox 1136 2408 1241 2449; x_wconf 91' lang='lat' dir='ltr'><strong>non</strong></span> <span class='ocrx_word' id='word_1_270' title='bbox 1288 2392 1497 2449; x_wconf 82' lang='lat' dir='ltr'><strong>fallunt.</strong></span> <span class='ocrx_word' id='word_1_271' title='bbox 1540 2393 1618 2449; x_wconf 90' lang='lat' dir='ltr'><strong>Tu</strong></span> <span class='ocrx_word' id='word_1_272' title='bbox 1650 2400 1898 2468; x_wconf 85' lang='lat' dir='ltr'><strong>cognitor</strong></span> <span class='ocrx_word' id='word_1_273' title='bbox 1947 2415 2073 2470; x_wconf 88' lang='lat' dir='ltr'><strong>pec-</strong></span> 
     </span>
    </p>
   </div>
   <div class='ocr_carea' id='block_1_39' title="bbox 483 2489 2071 2559">
    <p class='ocr_par' dir='ltr' id='par_1_39' title="bbox 483 2489 2071 2559">
     <span class='ocr_line' id='line_1_39' title="bbox 483 2489 2071 2559; baseline 0.011 -23"><span class='ocrx_word' id='word_1_274' title='bbox 483 2490 746 2546; x_wconf 86' lang='lat' dir='ltr'><strong>catorum,</strong></span> <span class='ocrx_word' id='word_1_275' title='bbox 783 2490 838 2537; x_wconf 93' lang='lat' dir='ltr'><strong>tu</strong></span> <span class='ocrx_word' id='word_1_276' title='bbox 862 2494 1126 2541; x_wconf 88' lang='lat' dir='ltr'><strong>scrutator</strong></span> <span class='ocrx_word' id='word_1_277' title='bbox 1154 2502 1211 2544; x_wconf 89' lang='lat' dir='ltr'><strong>cs</strong></span> <span class='ocrx_word' id='word_1_278' title='bbox 1254 2489 1577 2559; x_wconf 90' lang='lat' dir='ltr'><strong>animorum,</strong></span> <span class='ocrx_word' id='word_1_279' title='bbox 1625 2499 1679 2549; x_wconf 89' lang='lat' dir='ltr'><strong>tu</strong></span> <span class='ocrx_word' id='word_1_280' title='bbox 1720 2496 1985 2553; x_wconf 88' lang='lat' dir='ltr'><strong>veraciter</strong></span> <span class='ocrx_word' id='word_1_281' title='bbox 2018 2498 2071 2554; x_wconf 92' lang='lat' dir='ltr'><strong>in</strong></span> 
     </span>
    </p>
   </div>
   <div class='ocr_carea' id='block_1_40' title="bbox 482 2572 2070 2656">
    <p class='ocr_par' dir='ltr' id='par_1_40' title="bbox 482 2572 2070 2656">
     <span class='ocr_line' id='line_1_40' title="bbox 482 2572 2070 2656; baseline 0.011 -27"><span class='ocrx_word' id='word_1_282' title='bbox 482 2572 562 2631; x_wconf 87' lang='lat' dir='ltr'><strong>eis</strong></span> <span class='ocrx_word' id='word_1_283' title='bbox 606 2575 829 2632; x_wconf 74' lang='lat' dir='ltr'><strong>cmleste</strong></span> <span class='ocrx_word' id='word_1_284' title='bbox 880 2584 1031 2649; x_wconf 90' lang='lat' dir='ltr'><strong>potes</strong></span> <span class='ocrx_word' id='word_1_285' title='bbox 1067 2581 1222 2654; x_wconf 79' lang='lat'><strong>113</strong></span> <span class='ocrx_word' id='word_1_286' title='bbox 1254 2581 1510 2639; x_wconf 89' lang='lat' dir='ltr'><strong>adhibere</strong></span> <span class='ocrx_word' id='word_1_287' title='bbox 1556 2584 1843 2656; x_wconf 87' lang='lat' dir='ltr'><strong>judicium,</strong></span> <span class='ocrx_word' id='word_1_288' title='bbox 1892 2598 1945 2645; x_wconf 90' lang='lat' dir='ltr'><strong>et</strong></span> <span class='ocrx_word' id='word_1_289' title='bbox 1986 2591 2070 2647; x_wconf 88' lang='lat' dir='ltr'><strong>vel</strong></span> 
     </span>
    </p>
   </div>
   <div class='ocr_carea' id='block_1_41' title="bbox 480 2664 2070 2754">
    <p class='ocr_par' dir='ltr' id='par_1_41' title="bbox 480 2664 2070 2754">
     <span class='ocr_line' id='line_1_41' title="bbox 480 2664 2070 2754; baseline 0.014 -35"><span class='ocrx_word' id='word_1_290' title='bbox 480 2664 710 2737; x_wconf 88' lang='lat' dir='ltr'><strong>indignis</strong></span> <span class='ocrx_word' id='word_1_291' title='bbox 748 2667 950 2726; x_wconf 90' lang='lat' dir='ltr'><strong>donare</strong></span> <span class='ocrx_word' id='word_1_292' title='bbox 990 2686 1109 2742; x_wconf 64' lang='lat' dir='ltr'><strong>qum</strong></span> <span class='ocrx_word' id='word_1_293' title='bbox 1156 2674 1445 2743; x_wconf 91' lang='lat' dir='ltr'><strong>poscimus.</strong></span> <span class='ocrx_word' id='word_1_294' title='bbox 1489 2676 1688 2736; x_wconf 84' lang='lat' dir='ltr'><strong>Emitte</strong></span> <span class='ocrx_word' id='word_1_295' title='bbox 1718 2681 1771 2737; x_wconf 92' lang='lat' dir='ltr'><strong>in</strong></span> <span class='ocrx_word' id='word_1_296' title='bbox 1808 2698 1921 2754; x_wconf 89' lang='lat' dir='ltr'><strong>eos,</strong></span> <span class='ocrx_word' id='word_1_297' title='bbox 1964 2684 2070 2740; x_wconf 88' lang='lat' dir='ltr'><strong>Do-</strong></span> 
     </span>
    </p>
   </div>
   <div class='ocr_carea' id='block_1_42' title="bbox 478 2758 2069 2850">
    <p class='ocr_par' dir='ltr' id='par_1_42' title="bbox 478 2758 2069 2850">
     <span class='ocr_line' id='line_1_42' title="bbox 478 2758 2069 2850; baseline 0.012 -35"><span class='ocrx_word' id='word_1_298' title='bbox 478 2758 648 2830; x_wconf 87' lang='lat' dir='ltr'><strong>mine,</strong></span> <span class='ocrx_word' id='word_1_299' title='bbox 682 2776 1011 2831; x_wconf 76' lang='lat' dir='ltr'><strong>quzesumus,</strong></span> <span class='ocrx_word' id='word_1_300' title='bbox 1046 2764 1306 2837; x_wconf 90' lang='lat' dir='ltr'><strong>Spiritum</strong></span> <span class='ocrx_word' id='word_1_301' title='bbox 1355 2779 1621 2841; x_wconf 90' lang='lat' dir='ltr'><strong>sanctum,</strong></span> <span class='ocrx_word' id='word_1_302' title='bbox 1670 2790 1795 2845; x_wconf 87' lang='lat' dir='ltr'><strong>quo,</strong></span> <span class='ocrx_word' id='word_1_303' title='bbox 1840 2778 1892 2832; x_wconf 93' lang='lat' dir='ltr'><strong>in</strong></span> <span class='ocrx_word' id='word_1_304' title='bbox 1933 2794 2069 2850; x_wconf 87' lang='lat' dir='ltr'><strong>opus</strong></span> 
     </span>
    </p>
   </div>
   <div class='ocr_carea' id='block_1_43' title="bbox 480 2848 2068 2939">
    <p class='ocr_par' dir='ltr' id='par_1_43' title="bbox 480 2848 2068 2939">
     <span class='ocr_line' id='line_1_43' title="bbox 480 2848 2068 2939; baseline 0.013 -34"><span class='ocrx_word' id='word_1_305' title='bbox 480 2848 766 2907; x_wconf 88' lang='lat' dir='ltr'><strong>ministerii</strong></span> <span class='ocrx_word' id='word_1_306' title='bbox 808 2852 1039 2911; x_wconf 88' lang='lat' dir='ltr'><strong>ﬁdeliter</strong></span> <span class='ocrx_word' id='word_1_307' title='bbox 1086 2861 1441 2931; x_wconf 81' lang='lat' dir='ltr'><strong>exsequendi,</strong></span> <span class='ocrx_word' id='word_1_308' title='bbox 1494 2879 1719 2922; x_wconf 88' lang='lat' dir='ltr'><strong>munere</strong></span> <span class='ocrx_word' id='word_1_309' title='bbox 1765 2848 2068 2939; x_wconf 82' lang='lat' dir='ltr'><strong>septiformi</strong></span> 
     </span>
    </p>
   </div>
   <div class='ocr_carea' id='block_1_44' title="bbox 478 2945 2061 3019">
    <p class='ocr_par' dir='ltr' id='par_1_44' title="bbox 478 2945 2061 3019">
     <span class='ocr_line' id='line_1_44' title="bbox 478 2945 2061 3019; baseline 0.013 -21"><span class='ocrx_word' id='word_1_310' title='bbox 478 2950 582 3001; x_wconf 77' lang='lat' dir='ltr'><strong>tua:</strong></span> <span class='ocrx_word' id='word_1_311' title='bbox 610 2945 797 3015; x_wconf 65' lang='lat' dir='ltr'><strong>gratiae</strong></span> <span class='ocrx_word' id='word_1_312' title='bbox 824 2948 1167 3006; x_wconf 88' lang='lat' dir='ltr'><strong>roborentur.</strong></span> <span class='ocrx_word' id='word_1_313' title='bbox 1198 2952 1451 3011; x_wconf 86' lang='lat' dir='ltr'><strong>Abundet</strong></span> <span class='ocrx_word' id='word_1_314' title='bbox 1480 2956 1532 3011; x_wconf 93' lang='lat' dir='ltr'><strong>in</strong></span> <span class='ocrx_word' id='word_1_315' title='bbox 1562 2960 1639 3013; x_wconf 91' lang='lat' dir='ltr'><strong>eis</strong></span> <span class='ocrx_word' id='word_1_316' title='bbox 1682 2960 1844 3016; x_wconf 92' lang='lat' dir='ltr'><strong>totius</strong></span> <span class='ocrx_word' id='word_1_317' title='bbox 1888 2961 2061 3019; x_wconf 85' lang='lat' dir='ltr'><strong>forma</strong></span> 
     </span>
    </p>
   </div>
   <div class='ocr_carea' id='block_1_45' title="bbox 418 3037 2065 3119">
    <p class='ocr_par' dir='ltr' id='par_1_45' title="bbox 418 3037 2065 3119">
     <span class='ocr_line' id='line_1_45' title="bbox 418 3037 2065 3119; baseline 0.012 -27"><span class='ocrx_word' id='word_1_318' title='bbox 418 3098 424 3105; x_wconf 89' lang='lat'><strong><em>_</em></strong></span> <span class='ocrx_word' id='word_1_319' title='bbox 478 3037 714 3108; x_wconf 90' lang='lat' dir='ltr'><strong>virtutis,</strong></span> <span class='ocrx_word' id='word_1_320' title='bbox 744 3041 1035 3099; x_wconf 85' lang='lat' dir='ltr'><strong>auctoritas</strong></span> <span class='ocrx_word' id='word_1_321' title='bbox 1064 3044 1327 3113; x_wconf 86' lang='lat' dir='ltr'><strong>modesta,</strong></span> <span class='ocrx_word' id='word_1_322' title='bbox 1375 3049 1546 3119; x_wconf 90' lang='lat' dir='ltr'><strong>pudor</strong></span> <span class='ocrx_word' id='word_1_323' title='bbox 1583 3062 1858 3119; x_wconf 89' lang='lat' dir='ltr'><strong>constans,</strong></span> <span class='ocrx_word' id='word_1_324' title='bbox 1910 3056 2065 3111; x_wconf 91' lang='lat' dir='ltr'><strong>inno-</strong></span> 
     </span>
    </p>
   </div>
   <div class='ocr_carea' id='block_1_46' title="bbox 476 3130 2065 3217">
    <p class='ocr_par' dir='ltr' id='par_1_46' title="bbox 476 3130 2065 3217">
     <span class='ocr_line' id='line_1_46' title="bbox 476 3130 2065 3217; baseline 0.012 -31"><span class='ocrx_word' id='word_1_325' title='bbox 476 3130 666 3189; x_wconf 67' lang='lat' dir='ltr'><strong>centia:</strong></span> <span class='ocrx_word' id='word_1_326' title='bbox 692 3133 895 3202; x_wconf 89' lang='lat' dir='ltr'><strong>puritas</strong></span> <span class='ocrx_word' id='word_1_327' title='bbox 919 3143 972 3191; x_wconf 87' lang='lat' dir='ltr'><strong>et</strong></span> <span class='ocrx_word' id='word_1_328' title='bbox 1000 3137 1257 3209; x_wconf 88' lang='lat' dir='ltr'><strong>spiritalis</strong></span> <span class='ocrx_word' id='word_1_329' title='bbox 1284 3141 1627 3199; x_wconf 90' lang='lat' dir='ltr'><strong>observantia</strong></span> <span class='ocrx_word' id='word_1_330' title='bbox 1654 3144 1976 3217; x_wconf 75' lang='lat' dir='ltr'><strong>disciplinas.</strong></span> <span class='ocrx_word' id='word_1_331' title='bbox 2006 3149 2065 3204; x_wconf 92' lang='lat' dir='ltr'><strong>In</strong></span> 
     </span>
    </p>
   </div>
   <div class='ocr_carea' id='block_1_47' title="bbox 474 3226 2143 3310">
    <p class='ocr_par' dir='ltr' id='par_1_47' title="bbox 474 3226 2143 3310">
     <span class='ocr_line' id='line_1_47' title="bbox 474 3226 2143 3310; baseline 0.007 -26"><span class='ocrx_word' id='word_1_332' title='bbox 474 3226 714 3284; x_wconf 86' lang='lat' dir='ltr'><strong>moribus</strong></span> <span class='ocrx_word' id='word_1_333' title='bbox 738 3241 925 3286; x_wconf 90' lang='lat' dir='ltr'><strong>eorum</strong></span> <span class='ocrx_word' id='word_1_334' title='bbox 948 3242 1216 3304; x_wconf 78' lang='lat' dir='ltr'><strong>praecepta</strong></span> <span class='ocrx_word' id='word_1_335' title='bbox 1245 3242 1331 3291; x_wconf 90' lang='lat' dir='ltr'><strong>tua</strong></span> <span class='ocrx_word' id='word_1_336' title='bbox 1354 3235 1610 3310; x_wconf 81' lang='lat' dir='ltr'><strong>fulgeant,</strong></span> <span class='ocrx_word' id='word_1_337' title='bbox 1637 3250 1693 3295; x_wconf 92' lang='lat' dir='ltr'><strong>ut</strong></span> <span class='ocrx_word' id='word_1_338' title='bbox 1716 3255 1826 3295; x_wconf 82' lang='lat' dir='ltr'><strong>suae</strong></span> <span class='ocrx_word' id='word_1_339' title='bbox 1853 3244 2069 3299; x_wconf 87' lang='lat' dir='ltr'><strong>castita-</strong></span> <span class='ocrx_word' id='word_1_340' title='bbox 2098 3230 2143 3296; x_wconf 90' lang='lat' dir='ltr'><strong>C</strong></span> 
     </span>
    </p>
   </div>
   <div class='ocr_carea' id='block_1_48' title="bbox 475 3317 2068 3407">
    <p class='ocr_par' dir='ltr' id='par_1_48' title="bbox 475 3317 2068 3407">
     <span class='ocr_line' id='line_1_48' title="bbox 475 3317 2068 3407; baseline 0.014 -35"><span class='ocrx_word' id='word_1_341' title='bbox 475 3317 546 3373; x_wconf 91' lang='lat' dir='ltr'><strong>tis</strong></span> <span class='ocrx_word' id='word_1_342' title='bbox 574 3319 820 3391; x_wconf 78' lang='lat' dir='ltr'><strong>exemplo</strong></span> <span class='ocrx_word' id='word_1_343' title='bbox 847 3321 1197 3381; x_wconf 86' lang='lat' dir='ltr'><strong>imitationem</strong></span> <span class='ocrx_word' id='word_1_344' title='bbox 1228 3339 1429 3384; x_wconf 68' lang='lat' dir='ltr'><strong>sanctae</strong></span> <span class='ocrx_word' id='word_1_345' title='bbox 1458 3331 1632 3402; x_wconf 91' lang='lat' dir='ltr'><strong>plebis</strong></span> <span class='ocrx_word' id='word_1_346' title='bbox 1668 3334 1971 3407; x_wconf 87' lang='lat' dir='ltr'><strong>acquirant,</strong></span> <span class='ocrx_word' id='word_1_347' title='bbox 2016 3347 2068 3394; x_wconf 89' lang='lat' dir='ltr'><strong>et</strong></span> 
     </span>
    </p>
   </div>
   <div class='ocr_carea' id='block_1_49' title="bbox 474 3409 2066 3497">
    <p class='ocr_par' dir='ltr' id='par_1_49' title="bbox 474 3409 2066 3497">
     <span class='ocr_line' id='line_1_49' title="bbox 474 3409 2066 3497; baseline 0.014 -32"><span class='ocrx_word' id='word_1_348' title='bbox 474 3409 677 3469; x_wconf 87' lang='lat' dir='ltr'><strong>bonum</strong></span> <span class='ocrx_word' id='word_1_349' title='bbox 727 3415 1073 3481; x_wconf 59' lang='lat' dir='ltr'><strong>conscientia}</strong></span> <span class='ocrx_word' id='word_1_350' title='bbox 1132 3420 1500 3479; x_wconf 90' lang='lat' dir='ltr'><strong>testimonium</strong></span> <span class='ocrx_word' id='word_1_351' title='bbox 1574 3424 1954 3497; x_wconf 69' lang='lat' dir='ltr'><strong>praeferentes,</strong></span> <span class='ocrx_word' id='word_1_352' title='bbox 2012 3433 2066 3488; x_wconf 92' lang='lat' dir='ltr'><strong>in</strong></span> 
     </span>
    </p>
   </div>
   <div class='ocr_carea' id='block_1_50' title="bbox 472 3500 2067 3594">
    <p class='ocr_par' dir='ltr' id='par_1_50' title="bbox 472 3500 2067 3594">
     <span class='ocr_line' id='line_1_50' title="bbox 472 3500 2067 3594; baseline 0.014 -36"><span class='ocrx_word' id='word_1_353' title='bbox 472 3500 691 3560; x_wconf 88' lang='lat' dir='ltr'><strong>Christo</strong></span> <span class='ocrx_word' id='word_1_354' title='bbox 720 3504 859 3562; x_wconf 87' lang='lat' dir='ltr'><strong>ﬁrmi</strong></span> <span class='ocrx_word' id='word_1_355' title='bbox 890 3515 946 3565; x_wconf 87' lang='lat' dir='ltr'><strong>et</strong></span> <span class='ocrx_word' id='word_1_356' title='bbox 983 3509 1207 3569; x_wconf 84' lang='lat' dir='ltr'><strong>stabiles</strong></span> <span class='ocrx_word' id='word_1_357' title='bbox 1238 3524 1607 3584; x_wconf 88' lang='lat' dir='ltr'><strong>perseverent,</strong></span> <span class='ocrx_word' id='word_1_358' title='bbox 1635 3518 1917 3594; x_wconf 88' lang='lat' dir='ltr'><strong>dignisque</strong></span> <span class='ocrx_word' id='word_1_359' title='bbox 1947 3537 2067 3580; x_wconf 89' lang='lat' dir='ltr'><strong>suc-</strong></span> 
     </span>
    </p>
   </div>
   <div class='ocr_carea' id='block_1_51' title="bbox 472 3596 2067 3688">
    <p class='ocr_par' dir='ltr' id='par_1_51' title="bbox 472 3596 2067 3688">
     <span class='ocr_line' id='line_1_51' title="bbox 472 3596 2067 3688; baseline 0.014 -36"><span class='ocrx_word' id='word_1_360' title='bbox 472 3596 714 3654; x_wconf 86' lang='lat' dir='ltr'><strong>cessibus</strong></span> <span class='ocrx_word' id='word_1_361' title='bbox 743 3598 812 3656; x_wconf 89' lang='lat' dir='ltr'><strong>de</strong></span> <span class='ocrx_word' id='word_1_362' title='bbox 846 3599 1089 3659; x_wconf 85' lang='lat' dir='ltr'><strong>inferiori</strong></span> <span class='ocrx_word' id='word_1_363' title='bbox 1115 3604 1287 3674; x_wconf 90' lang='lat' dir='ltr'><strong>gradu</strong></span> <span class='ocrx_word' id='word_1_364' title='bbox 1318 3622 1414 3678; x_wconf 86' lang='lat' dir='ltr'><strong>per</strong></span> <span class='ocrx_word' id='word_1_365' title='bbox 1440 3611 1666 3680; x_wconf 86' lang='lat' dir='ltr'><strong>gratiam</strong></span> <span class='ocrx_word' id='word_1_366' title='bbox 1702 3620 1845 3669; x_wconf 88' lang='lat' dir='ltr'><strong>tuam</strong></span> <span class='ocrx_word' id='word_1_367' title='bbox 1875 3630 2067 3688; x_wconf 88' lang='lat' dir='ltr'><strong>capere</strong></span> 
     </span>
    </p>
   </div>
   <div class='ocr_carea' id='block_1_52' title="bbox 472 3691 1325 3764">
    <p class='ocr_par' dir='ltr' id='par_1_52' title="bbox 472 3691 1325 3764">
     <span class='ocr_line' id='line_1_52' title="bbox 472 3691 1325 3764; baseline 0.012 -19"><span class='ocrx_word' id='word_1_368' title='bbox 472 3691 684 3761; x_wconf 87' lang='lat' dir='ltr'><strong>potiora</strong></span> <span class='ocrx_word' id='word_1_369' title='bbox 704 3702 1034 3750; x_wconf 88' lang='lat' dir='ltr'><strong>mereantur.</strong></span> <span class='ocrx_word' id='word_1_370' title='bbox 1068 3695 1193 3764; x_wconf 90' lang='lat' dir='ltr'><strong>Per,</strong></span> <span class='ocrx_word' id='word_1_371' title='bbox 1216 3705 1325 3754; x_wconf 90' lang='lat' dir='ltr'><strong>etc.</strong></span> 
     </span>
    </p>
   </div>
   <div class='ocr_carea' id='block_1_53' title="bbox 937 3790 1600 3869">
    <p class='ocr_par' dir='ltr' id='par_1_53' title="bbox 937 3790 1600 3869">
     <span class='ocr_line' id='line_1_53' title="bbox 937 3790 1600 3869; baseline 0.011 -23"><span class='ocrx_word' id='word_1_372' title='bbox 937 3790 1264 3851; x_wconf 78' lang='lat' dir='ltr'><strong>Consecratia</strong></span> <span class='ocrx_word' id='word_1_373' title='bbox 1302 3797 1600 3869; x_wconf 80' lang='lat' dir='ltr'><strong>presbyteri.</strong></span> 
     </span>
    </p>
   </div>
   <div class='ocr_carea' id='block_1_54' title="bbox 609 3881 2063 3970">
    <p class='ocr_par' dir='ltr' id='par_1_54' title="bbox 609 3881 2063 3970">
     <span class='ocr_line' id='line_1_54' title="bbox 609 3881 2063 3970; baseline 0.012 -29"><span class='ocrx_word' id='word_1_374' title='bbox 609 3881 861 3955; x_wconf 86' lang='lat' dir='ltr'><strong>Oremus,</strong></span> <span class='ocrx_word' id='word_1_375' title='bbox 891 3885 1247 3957; x_wconf 87' lang='lat' dir='ltr'><strong>dilectissimi,</strong></span> <span class='ocrx_word' id='word_1_376' title='bbox 1276 3888 1447 3949; x_wconf 86' lang='lat' dir='ltr'><strong>Deum</strong></span> <span class='ocrx_word' id='word_1_377' title='bbox 1489 3891 1700 3952; x_wconf 85' lang='lat' dir='ltr'><strong>Patrem</strong></span> <span class='ocrx_word' id='word_1_378' title='bbox 1723 3899 2063 3970; x_wconf 85' lang='lat' dir='ltr'><strong>omnipoten-</strong></span> 
     </span>
    </p>
   </div>
   <div class='ocr_carea' id='block_1_55' title="bbox 470 3978 2062 4067">
    <p class='ocr_par' dir='ltr' id='par_1_55' title="bbox 470 3978 2062 4067">
     <span class='ocr_line' id='line_1_55' title="bbox 470 3978 2062 4067; baseline 0.014 -37"><span class='ocrx_word' id='word_1_379' title='bbox 470 3984 601 4045; x_wconf 90' lang='lat' dir='ltr'><strong>tem,</strong></span> <span class='ocrx_word' id='word_1_380' title='bbox 633 3986 693 4032; x_wconf 93' lang='lat' dir='ltr'><strong>ut</strong></span> <span class='ocrx_word' id='word_1_381' title='bbox 718 3992 877 4049; x_wconf 91' lang='lat' dir='ltr'><strong>super</strong></span> <span class='ocrx_word' id='word_1_382' title='bbox 912 3978 1012 4036; x_wconf 91' lang='lat' dir='ltr'><strong>hos</strong></span> <span class='ocrx_word' id='word_1_383' title='bbox 1039 3982 1268 4039; x_wconf 87' lang='lat' dir='ltr'><strong>famulos</strong></span> <span class='ocrx_word' id='word_1_384' title='bbox 1292 3999 1439 4053; x_wconf 89' lang='lat' dir='ltr'><strong>suos,</strong></span> <span class='ocrx_word' id='word_1_385' title='bbox 1483 4002 1615 4059; x_wconf 85' lang='lat' dir='ltr'><strong>quos</strong></span> <span class='ocrx_word' id='word_1_386' title='bbox 1645 3990 1710 4047; x_wconf 90' lang='lat' dir='ltr'><strong>ad</strong></span> <span class='ocrx_word' id='word_1_387' title='bbox 1740 3994 2062 4067; x_wconf 87' lang='lat' dir='ltr'><strong>presbyterii</strong></span> 
     </span>
    </p>
   </div>
   <div class='ocr_carea' id='block_1_56' title="bbox 466 4072 2056 4160">
    <p class='ocr_par' dir='ltr' id='par_1_56' title="bbox 466 4072 2056 4160">
     <span class='ocr_line' id='line_1_56' title="bbox 466 4072 2056 4160; baseline 0.014 -35"><span class='ocrx_word' id='word_1_388' title='bbox 466 4085 665 4127; x_wconf 89' lang='lat' dir='ltr'><strong>munus</strong></span> <span class='ocrx_word' id='word_1_389' title='bbox 710 4072 900 4143; x_wconf 82' lang='lat' dir='ltr'><strong>elegit,</strong></span> <span class='ocrx_word' id='word_1_390' title='bbox 952 4074 1194 4132; x_wconf 80' lang='lat' dir='ltr'><strong>etelestia</strong></span> <span class='ocrx_word' id='word_1_391' title='bbox 1238 4076 1379 4134; x_wconf 92' lang='lat' dir='ltr'><strong>dona</strong></span> <span class='ocrx_word' id='word_1_392' title='bbox 1425 4080 1771 4155; x_wconf 89' lang='lat' dir='ltr'><strong>multiplicet,</strong></span> <span class='ocrx_word' id='word_1_393' title='bbox 1826 4088 2056 4160; x_wconf 91' lang='lat' dir='ltr'><strong>quibus,</strong></span> 
     </span>
    </p>
   </div>
   <div class='ocr_carea' id='block_1_57' title="bbox 467 4163 2059 4255">
    <p class='ocr_par' dir='ltr' id='par_1_57' title="bbox 467 4163 2059 4255">
     <span class='ocr_line' id='line_1_57' title="bbox 467 4163 2059 4255; baseline 0.016 -36"><span class='ocrx_word' id='word_1_394' title='bbox 467 4164 610 4235; x_wconf 91' lang='lat' dir='ltr'><strong>quod</strong></span> <span class='ocrx_word' id='word_1_395' title='bbox 651 4167 769 4236; x_wconf 85' lang='lat' dir='ltr'><strong>ejus</strong></span> <span class='ocrx_word' id='word_1_396' title='bbox 813 4166 1126 4240; x_wconf 86' lang='lat' dir='ltr'><strong>dignatione</strong></span> <span class='ocrx_word' id='word_1_397' title='bbox 1153 4163 1483 4246; x_wconf 87' lang='lat' dir='ltr'><strong>suscipiunt,</strong></span> <span class='ocrx_word' id='word_1_398' title='bbox 1532 4178 1651 4249; x_wconf 88' lang='lat' dir='ltr'><strong>ejus</strong></span> <span class='ocrx_word' id='word_1_399' title='bbox 1693 4195 2059 4255; x_wconf 81' lang='lat' dir='ltr'><strong>exsequantur</strong></span> 
     </span>
    </p>
   </div>
   <div class='ocr_carea' id='block_1_58' title="bbox 465 4258 975 4328">
    <p class='ocr_par' dir='ltr' id='par_1_58' title="bbox 465 4258 975 4328">
     <span class='ocr_line' id='line_1_58' title="bbox 465 4258 975 4328; baseline 0.016 -15"><span class='ocrx_word' id='word_1_400' title='bbox 465 4258 690 4316; x_wconf 81' lang='lat' dir='ltr'><strong>auxilio.</strong></span> <span class='ocrx_word' id='word_1_401' title='bbox 719 4260 843 4328; x_wconf 87' lang='lat' dir='ltr'><strong>Per,</strong></span> <span class='ocrx_word' id='word_1_402' title='bbox 869 4272 975 4321; x_wconf 91' lang='lat' dir='ltr'><strong>etc.</strong></span> 
     </span>
    </p>
   </div>
   <div class='ocr_carea' id='block_1_59' title="bbox 475 4351 2057 4441">
    <p class='ocr_par' dir='ltr' id='par_1_59' title="bbox 475 4351 2057 4441">
     <span class='ocr_line' id='line_1_59' title="bbox 475 4351 2057 4441; baseline 0.016 -38"><span class='ocrx_word' id='word_1_403' title='bbox 475 4389 482 4396; x_wconf 85' lang='lat'><strong>.</strong></span> <span class='ocrx_word' id='word_1_404' title='bbox 544 4353 569 4388; x_wconf 71' lang='grc' dir='ltr'><em>ε</em></span> <span class='ocrx_word' id='word_1_405' title='bbox 610 4351 821 4413; x_wconf 77' lang='lat' dir='ltr'><strong>Exaudi</strong></span> <span class='ocrx_word' id='word_1_406' title='bbox 849 4370 969 4422; x_wconf 87' lang='lat' dir='ltr'><strong>nos,</strong></span> <span class='ocrx_word' id='word_1_407' title='bbox 1005 4356 1147 4415; x_wconf 88' lang='lat' dir='ltr'><strong>Deus</strong></span> <span class='ocrx_word' id='word_1_408' title='bbox 1168 4361 1419 4420; x_wconf 89' lang='lat' dir='ltr'><strong>salutaris</strong></span> <span class='ocrx_word' id='word_1_409' title='bbox 1453 4374 1656 4435; x_wconf 92' lang='lat' dir='ltr'><strong>noster,</strong></span> <span class='ocrx_word' id='word_1_410' title='bbox 1688 4375 1743 4424; x_wconf 92' lang='lat' dir='ltr'><strong>et</strong></span> <span class='ocrx_word' id='word_1_411' title='bbox 1768 4383 1929 4441; x_wconf 90' lang='lat' dir='ltr'><strong>super</strong></span> <span class='ocrx_word' id='word_1_412' title='bbox 1961 4373 2057 4429; x_wconf 90' lang='lat' dir='ltr'><strong>hos</strong></span> 
     </span>
    </p>
   </div>
   <div class='ocr_carea' id='block_1_60' title="bbox 462 4444 2058 4536">
    <p class='ocr_par' dir='ltr' id='par_1_60' title="bbox 462 4444 2058 4536">
     <span class='ocr_line' id='line_1_60' title="bbox 462 4444 2058 4536; baseline 0.015 -37"><span class='ocrx_word' id='word_1_413' title='bbox 462 4444 694 4501; x_wconf 84' lang='lat' dir='ltr'><strong>famulos</strong></span> <span class='ocrx_word' id='word_1_414' title='bbox 716 4454 836 4502; x_wconf 89' lang='lat' dir='ltr'><strong>tuos</strong></span> <span class='ocrx_word' id='word_1_415' title='bbox 864 4448 1297 4510; x_wconf 88' lang='lat' dir='ltr'><strong>benedictionem</strong></span> <span class='ocrx_word' id='word_1_416' title='bbox 1318 4459 1490 4514; x_wconf 88' lang='lat' dir='ltr'><strong>sancti</strong></span> <span class='ocrx_word' id='word_1_417' title='bbox 1515 4459 1769 4530; x_wconf 91' lang='lat' dir='ltr'><strong>Spiritus,</strong></span> <span class='ocrx_word' id='word_1_418' title='bbox 1793 4472 1847 4521; x_wconf 92' lang='lat' dir='ltr'><strong>et</strong></span> <span class='ocrx_word' id='word_1_419' title='bbox 1871 4468 2058 4536; x_wconf 76' lang='lat' dir='ltr'><strong>gratia:</strong></span> 
     </span>
    </p>
   </div>
   <div class='ocr_carea' id='block_1_61' title="bbox 464 4536 2057 4624">
    <p class='ocr_par' dir='ltr' id='par_1_61' title="bbox 464 4536 2057 4624">
     <span class='ocr_line' id='line_1_61' title="bbox 464 4536 2057 4624; baseline 0.014 -33"><span class='ocrx_word' id='word_1_420' title='bbox 464 4536 817 4595; x_wconf 76' lang='lat' dir='ltr'><strong>sacerdotalis</strong></span> <span class='ocrx_word' id='word_1_421' title='bbox 861 4539 1073 4599; x_wconf 83' lang='lat' dir='ltr'><strong>eﬁ&#39;unde</strong></span> <span class='ocrx_word' id='word_1_422' title='bbox 1122 4540 1395 4614; x_wconf 88' lang='lat' dir='ltr'><strong>virtutem,</strong></span> <span class='ocrx_word' id='word_1_423' title='bbox 1429 4557 1487 4604; x_wconf 90' lang='lat' dir='ltr'><strong>ut</strong></span> <span class='ocrx_word' id='word_1_424' title='bbox 1524 4565 1659 4621; x_wconf 88' lang='lat' dir='ltr'><strong>quos</strong></span> <span class='ocrx_word' id='word_1_425' title='bbox 1698 4561 1800 4609; x_wconf 87' lang='lat' dir='ltr'><strong>tuae</strong></span> <span class='ocrx_word' id='word_1_426' title='bbox 1845 4557 2057 4624; x_wconf 85' lang='lat' dir='ltr'><strong>pietatis</strong></span> 
     </span>
    </p>
   </div>
   <div class='ocr_carea' id='block_1_62' title="bbox 2179 1924 3769 1997">
    <p class='ocr_par' dir='ltr' id='par_1_62' title="bbox 2179 1924 3769 1997">
     <span class='ocr_line' id='line_1_62' title="bbox 2179 1924 3769 1997; baseline 0.002 -16"><span class='ocrx_word' id='word_1_427' title='bbox 2179 1926 2432 1982; x_wconf 86' lang='lat' dir='ltr'><strong>secundis</strong></span> <span class='ocrx_word' id='word_1_428' title='bbox 2454 1926 2895 1996; x_wconf 65' lang='lat' dir='ltr'><strong>prmdicatoribus</strong></span> <span class='ocrx_word' id='word_1_429' title='bbox 2919 1924 3300 1995; x_wconf 87' lang='lat' dir='ltr'><strong>impleverunt.</strong></span> <span class='ocrx_word' id='word_1_430' title='bbox 3329 1926 3677 1997; x_wconf 85' lang='lat' dir='ltr'><strong>Quapropter</strong></span> <span class='ocrx_word' id='word_1_431' title='bbox 3701 1930 3769 1984; x_wconf 88' lang='lat' dir='ltr'><strong>in-</strong></span> 
     </span>
    </p>
   </div>
   <div class='ocr_carea' id='block_1_63' title="bbox 2178 2020 3767 2092">
    <p class='ocr_par' dir='ltr' id='par_1_63' title="bbox 2178 2020 3767 2092">
     <span class='ocr_line' id='line_1_63' title="bbox 2178 2020 3767 2092; baseline 0.004 -16"><span class='ocrx_word' id='word_1_432' title='bbox 2178 2022 2417 2076; x_wconf 86' lang='lat' dir='ltr'><strong>ﬁrmitati</strong></span> <span class='ocrx_word' id='word_1_433' title='bbox 2448 2036 2660 2092; x_wconf 89' lang='lat' dir='ltr'><strong>quoque</strong></span> <span class='ocrx_word' id='word_1_434' title='bbox 2710 2031 2930 2087; x_wconf 86' lang='lat' dir='ltr'><strong>nostrae,</strong></span> <span class='ocrx_word' id='word_1_435' title='bbox 2978 2020 3226 2087; x_wconf 88' lang='lat' dir='ltr'><strong>Domine,</strong></span> <span class='ocrx_word' id='word_1_436' title='bbox 3276 2036 3608 2092; x_wconf 71' lang='lat' dir='ltr'><strong>quaesumus,</strong></span> <span class='ocrx_word' id='word_1_437' title='bbox 3666 2025 3767 2082; x_wconf 69' lang='lat' dir='ltr'><strong>hac</strong></span> 
     </span>
    </p>
   </div>
   <div class='ocr_carea' id='block_1_64' title="bbox 2178 2116 3771 2189">
    <p class='ocr_par' dir='ltr' id='par_1_64' title="bbox 2178 2116 3771 2189">
     <span class='ocr_line' id='line_1_64' title="bbox 2178 2116 3771 2189; baseline 0.003 -16"><span class='ocrx_word' id='word_1_438' title='bbox 2178 2118 2481 2188; x_wconf 85' lang='lat' dir='ltr'><strong>adjumenta</strong></span> <span class='ocrx_word' id='word_1_439' title='bbox 2519 2118 2731 2188; x_wconf 81' lang='lat' dir='ltr'><strong>largire,</strong></span> <span class='ocrx_word' id='word_1_440' title='bbox 2770 2116 2858 2187; x_wconf 90' lang='lat' dir='ltr'><strong>qui</strong></span> <span class='ocrx_word' id='word_1_441' title='bbox 2886 2126 3084 2186; x_wconf 86' lang='lat' dir='ltr'><strong>quanto</strong></span> <span class='ocrx_word' id='word_1_442' title='bbox 3137 2117 3309 2187; x_wconf 90' lang='lat' dir='ltr'><strong>magis</strong></span> <span class='ocrx_word' id='word_1_443' title='bbox 3349 2116 3662 2189; x_wconf 81' lang='lat' dir='ltr'><strong>fragiliores</strong></span> <span class='ocrx_word' id='word_1_444' title='bbox 3688 2136 3771 2177; x_wconf 55' lang='lat' dir='ltr'><strong>su.</strong></span> 
     </span>
    </p>
   </div>
   <div class='ocr_carea' id='block_1_65' title="bbox 2177 2210 3853 2284">
    <p class='ocr_par' dir='ltr' id='par_1_65' title="bbox 2177 2210 3853 2284">
     <span class='ocr_line' id='line_1_65' title="bbox 2177 2210 3853 2284; baseline 0.004 -19"><span class='ocrx_word' id='word_1_445' title='bbox 2177 2226 2317 2279; x_wconf 90' lang='lat' dir='ltr'><strong>mus,</strong></span> <span class='ocrx_word' id='word_1_446' title='bbox 2363 2220 2507 2266; x_wconf 89' lang='lat' dir='ltr'><strong>tanto</strong></span> <span class='ocrx_word' id='word_1_447' title='bbox 2539 2211 2621 2266; x_wconf 90' lang='lat' dir='ltr'><strong>bis</strong></span> <span class='ocrx_word' id='word_1_448' title='bbox 2663 2212 2903 2281; x_wconf 89' lang='lat' dir='ltr'><strong>pluribus</strong></span> <span class='ocrx_word' id='word_1_449' title='bbox 2932 2210 3253 2280; x_wconf 87' lang='lat' dir='ltr'><strong>indigemus.</strong></span> <span class='ocrx_word' id='word_1_450' title='bbox 3288 2210 3381 2281; x_wconf 88' lang='lat' dir='ltr'><strong>Da,</strong></span> <span class='ocrx_word' id='word_1_451' title='bbox 3418 2227 3762 2284; x_wconf 74' lang='lat' dir='ltr'><strong>quaesumus,</strong></span> <span class='ocrx_word' id='word_1_452' title='bbox 3837 2254 3853 2282; x_wconf 88' lang='lat'><strong>.</strong></span> 
     </span>
    </p>
   </div>
   <div class='ocr_carea' id='block_1_66' title="bbox 2176 2307 3766 2380">
    <p class='ocr_par' dir='ltr' id='par_1_66' title="bbox 2176 2307 3766 2380">
     <span class='ocr_line' id='line_1_66' title="bbox 2176 2307 3766 2380; baseline 0.003 -16"><span class='ocrx_word' id='word_1_453' title='bbox 2176 2309 2357 2374; x_wconf 89' lang='lat' dir='ltr'><strong>Pater,</strong></span> <span class='ocrx_word' id='word_1_454' title='bbox 2402 2310 2452 2363; x_wconf 89' lang='lat' dir='ltr'><strong>in</strong></span> <span class='ocrx_word' id='word_1_455' title='bbox 2494 2310 2591 2363; x_wconf 88' lang='lat' dir='ltr'><strong>hos</strong></span> <span class='ocrx_word' id='word_1_456' title='bbox 2622 2308 2852 2363; x_wconf 86' lang='lat' dir='ltr'><strong>famulos</strong></span> <span class='ocrx_word' id='word_1_457' title='bbox 2904 2316 3022 2362; x_wconf 89' lang='lat' dir='ltr'><strong>tuos</strong></span> <span class='ocrx_word' id='word_1_458' title='bbox 3064 2307 3389 2378; x_wconf 79' lang='lat' dir='ltr'><strong>presbyterii</strong></span> <span class='ocrx_word' id='word_1_459' title='bbox 3434 2309 3766 2380; x_wconf 83' lang='lat' dir='ltr'><strong>dignitatem.</strong></span> 
     </span>
    </p>
   </div>
   <div class='ocr_carea' id='block_1_67' title="bbox 2175 2400 3764 2470">
    <p class='ocr_par' dir='ltr' id='par_1_67' title="bbox 2175 2400 3764 2470">
     <span class='ocr_line' id='line_1_67' title="bbox 2175 2400 3764 2470; baseline 0.003 -14"><span class='ocrx_word' id='word_1_460' title='bbox 2175 2400 2374 2457; x_wconf 89' lang='lat' dir='ltr'><strong>lnnova</strong></span> <span class='ocrx_word' id='word_1_461' title='bbox 2398 2402 2452 2458; x_wconf 92' lang='lat' dir='ltr'><strong>in</strong></span> <span class='ocrx_word' id='word_1_462' title='bbox 2484 2402 2779 2457; x_wconf 88' lang='lat' dir='ltr'><strong>visceribus</strong></span> <span class='ocrx_word' id='word_1_463' title='bbox 2807 2415 2993 2456; x_wconf 88' lang='lat' dir='ltr'><strong>eorum</strong></span> <span class='ocrx_word' id='word_1_464' title='bbox 3023 2400 3272 2470; x_wconf 90' lang='lat' dir='ltr'><strong>spiritum</strong></span> <span class='ocrx_word' id='word_1_465' title='bbox 3315 2403 3639 2459; x_wconf 87' lang='lat' dir='ltr'><strong>sanctitatis.</strong></span> <span class='ocrx_word' id='word_1_466' title='bbox 3669 2405 3764 2460; x_wconf 82' lang='lat' dir='ltr'><strong>Ac-</strong></span> 
     </span>
    </p>
   </div>
   <div class='ocr_carea' id='block_1_68' title="bbox 2175 2492 3763 2568">
    <p class='ocr_par' dir='ltr' id='par_1_68' title="bbox 2175 2492 3763 2568">
     <span class='ocr_line' id='line_1_68' title="bbox 2175 2492 3763 2568; baseline 0.001 -18"><span class='ocrx_word' id='word_1_467' title='bbox 2175 2503 2388 2566; x_wconf 90' lang='lat' dir='ltr'><strong>ceptum</strong></span> <span class='ocrx_word' id='word_1_468' title='bbox 2415 2510 2445 2549; x_wconf 90' lang='lat' dir='ltr'><strong>a</strong></span> <span class='ocrx_word' id='word_1_469' title='bbox 2480 2493 2637 2568; x_wconf 65' lang='grc' dir='ltr'><strong>ιιᾶ,</strong></span> <span class='ocrx_word' id='word_1_470' title='bbox 2663 2504 2732 2559; x_wconf 91' lang='lat' dir='ltr'><strong>te,</strong></span> <span class='ocrx_word' id='word_1_471' title='bbox 2758 2494 2921 2559; x_wconf 86' lang='lat' dir='ltr'><strong>Deus,</strong></span> <span class='ocrx_word' id='word_1_472' title='bbox 2950 2492 3173 2548; x_wconf 89' lang='lat' dir='ltr'><strong>secundi</strong></span> <span class='ocrx_word' id='word_1_473' title='bbox 3207 2492 3383 2548; x_wconf 91' lang='lat' dir='ltr'><strong>meriti</strong></span> <span class='ocrx_word' id='word_1_474' title='bbox 3414 2510 3614 2551; x_wconf 90' lang='lat' dir='ltr'><strong>munus</strong></span> <span class='ocrx_word' id='word_1_475' title='bbox 3643 2497 3763 2553; x_wconf 87' lang='lat' dir='ltr'><strong>obti-</strong></span> 
     </span>
    </p>
   </div>
   <div class='ocr_carea' id='block_1_69' title="bbox 2174 2588 3762 2659">
    <p class='ocr_par' dir='ltr' id='par_1_69' title="bbox 2174 2588 3762 2659">
     <span class='ocr_line' id='line_1_69' title="bbox 2174 2588 3762 2659; baseline 0.001 -15"><span class='ocrx_word' id='word_1_476' title='bbox 2174 2598 2362 2656; x_wconf 89' lang='lat' dir='ltr'><strong>neant,</strong></span> <span class='ocrx_word' id='word_1_477' title='bbox 2396 2603 2788 2659; x_wconf 85' lang='lat' dir='ltr'><strong>censuramque</strong></span> <span class='ocrx_word' id='word_1_478' title='bbox 2827 2602 3037 2643; x_wconf 91' lang='lat' dir='ltr'><strong>morum</strong></span> <span class='ocrx_word' id='word_1_479' title='bbox 3070 2588 3318 2657; x_wconf 82' lang='lat' dir='ltr'><strong>exemplo</strong></span> <span class='ocrx_word' id='word_1_480' title='bbox 3348 2602 3458 2644; x_wconf 75' lang='lat' dir='ltr'><strong>sua:</strong></span> <span class='ocrx_word' id='word_1_481' title='bbox 3480 2604 3762 2647; x_wconf 84' lang='lat' dir='ltr'><strong>conversa-</strong></span> 
     </span>
    </p>
   </div>
   <div class='ocr_carea' id='block_1_70' title="bbox 2175 2680 3753 2752">
    <p class='ocr_par' dir='ltr' id='par_1_70' title="bbox 2175 2680 3753 2752">
     <span class='ocr_line' id='line_1_70' title="bbox 2175 2680 3753 2752; baseline 0.001 -13"><span class='ocrx_word' id='word_1_482' title='bbox 2175 2684 2337 2739; x_wconf 91' lang='lat' dir='ltr'><strong>tionis</strong></span> <span class='ocrx_word' id='word_1_483' title='bbox 2369 2684 2661 2738; x_wconf 89' lang='lat' dir='ltr'><strong>insinuent.</strong></span> <span class='ocrx_word' id='word_1_484' title='bbox 2693 2682 2810 2739; x_wconf 88' lang='lat' dir='ltr'><strong>Sint</strong></span> <span class='ocrx_word' id='word_1_485' title='bbox 2846 2680 2998 2751; x_wconf 90' lang='lat' dir='ltr'><strong>probi</strong></span> <span class='ocrx_word' id='word_1_486' title='bbox 3025 2689 3404 2752; x_wconf 83' lang='lat' dir='ltr'><strong>cooperatores</strong></span> <span class='ocrx_word' id='word_1_487' title='bbox 3436 2683 3645 2740; x_wconf 90' lang='lat' dir='ltr'><strong>ordinis</strong></span> <span class='ocrx_word' id='word_1_488' title='bbox 3665 2697 3753 2741; x_wconf 91' lang='lat' dir='ltr'><strong>no-</strong></span> 
     </span>
    </p>
   </div>
   <div class='ocr_carea' id='block_1_71' title="bbox 2171 2773 3760 2845">
    <p class='ocr_par' dir='ltr' id='par_1_71' title="bbox 2171 2773 3760 2845">
     <span class='ocr_line' id='line_1_71' title="bbox 2171 2773 3760 2845; baseline 0.002 -13"><span class='ocrx_word' id='word_1_489' title='bbox 2171 2778 2289 2833; x_wconf 82' lang='lat' dir='ltr'><strong>stri.</strong></span> <span class='ocrx_word' id='word_1_490' title='bbox 2324 2776 2542 2831; x_wconf 90' lang='lat' dir='ltr'><strong>Eluceat</strong></span> <span class='ocrx_word' id='word_1_491' title='bbox 2577 2775 2632 2830; x_wconf 90' lang='lat' dir='ltr'><strong>in</strong></span> <span class='ocrx_word' id='word_1_492' title='bbox 2660 2777 2737 2829; x_wconf 89' lang='lat' dir='ltr'><strong>eis</strong></span> <span class='ocrx_word' id='word_1_493' title='bbox 2770 2773 2932 2831; x_wconf 90' lang='lat' dir='ltr'><strong>totius</strong></span> <span class='ocrx_word' id='word_1_494' title='bbox 2978 2775 3147 2829; x_wconf 80' lang='lat' dir='ltr'><strong>forma</strong></span> <span class='ocrx_word' id='word_1_495' title='bbox 3191 2775 3433 2845; x_wconf 68' lang='lat' dir='ltr'><strong>justitiaa,</strong></span> <span class='ocrx_word' id='word_1_496' title='bbox 3470 2786 3525 2833; x_wconf 93' lang='lat' dir='ltr'><strong>ut</strong></span> <span class='ocrx_word' id='word_1_497' title='bbox 3574 2780 3760 2836; x_wconf 88' lang='lat' dir='ltr'><strong>bonam</strong></span> 
     </span>
    </p>
   </div>
   <div class='ocr_carea' id='block_1_72' title="bbox 2170 2873 3749 2944">
    <p class='ocr_par' dir='ltr' id='par_1_72' title="bbox 2170 2873 3749 2944">
     <span class='ocr_line' id='line_1_72' title="bbox 2170 2873 3749 2944; baseline 0.002 -15"><span class='ocrx_word' id='word_1_498' title='bbox 2170 2874 2436 2929; x_wconf 89' lang='lat' dir='ltr'><strong>rationem</strong></span> <span class='ocrx_word' id='word_1_499' title='bbox 2466 2874 2881 2944; x_wconf 87' lang='lat' dir='ltr'><strong>dispensationis</strong></span> <span class='ocrx_word' id='word_1_500' title='bbox 2908 2873 3010 2929; x_wconf 87' lang='lat' dir='ltr'><strong>sibi</strong></span> <span class='ocrx_word' id='word_1_501' title='bbox 3035 2873 3254 2930; x_wconf 74' lang='lat' dir='ltr'><strong>credita:</strong></span> <span class='ocrx_word' id='word_1_502' title='bbox 3286 2874 3567 2942; x_wconf 89' lang='lat' dir='ltr'><strong>reddituri,</strong></span> <span class='ocrx_word' id='word_1_503' title='bbox 3601 2885 3749 2932; x_wconf 70' lang='lat' dir='ltr'><strong>teter-</strong></span> 
     </span>
    </p>
   </div>
   <div class='ocr_carea' id='block_1_73' title="bbox 2171 2967 3623 3041">
    <p class='ocr_par' dir='ltr' id='par_1_73' title="bbox 2171 2967 3623 3041">
     <span class='ocr_line' id='line_1_73' title="bbox 2171 2967 3623 3041; baseline 0.001 -16"><span class='ocrx_word' id='word_1_504' title='bbox 2171 2983 2254 3025; x_wconf 76' lang='lat' dir='ltr'><strong>na:</strong></span> <span class='ocrx_word' id='word_1_505' title='bbox 2282 2968 2626 3027; x_wconf 85' lang='lat' dir='ltr'><strong>beatitudinis</strong></span> <span class='ocrx_word' id='word_1_506' title='bbox 2663 2968 2885 3039; x_wconf 76' lang='lat' dir='ltr'><strong>praemia</strong></span> <span class='ocrx_word' id='word_1_507' title='bbox 2916 2978 3334 3039; x_wconf 88' lang='lat' dir='ltr'><strong>consequantur.</strong></span> <span class='ocrx_word' id='word_1_508' title='bbox 3367 2967 3492 3041; x_wconf 86' lang='lat' dir='ltr'><strong>Per,</strong></span> <span class='ocrx_word' id='word_1_509' title='bbox 3519 2980 3623 3027; x_wconf 86' lang='lat' dir='ltr'><strong>etc.</strong></span> 
     </span>
    </p>
   </div>
   <div class='ocr_carea' id='block_1_74' title="bbox 2869 3059 3064 3116">
    <p class='ocr_par' dir='ltr' id='par_1_74' title="bbox 2869 3059 3064 3116">
     <span class='ocr_line' id='line_1_74' title="bbox 2869 3059 3064 3116; baseline -0.005 0"><span class='ocrx_word' id='word_1_510' title='bbox 2869 3059 3064 3116; x_wconf 87' lang='lat' dir='ltr'><strong>XXIX.</strong></span> 
     </span>
    </p>
   </div>
   <div class='ocr_carea' id='block_1_75' title="bbox 2628 3154 3303 3227">
    <p class='ocr_par' dir='ltr' id='par_1_75' title="bbox 2628 3154 3303 3227">
     <span class='ocr_line' id='line_1_75' title="bbox 2628 3154 3303 3227; baseline 0 -17"><span class='ocrx_word' id='word_1_511' title='bbox 2628 3154 2696 3211; x_wconf 86' lang='lat' dir='ltr'><strong>In</strong></span> <span class='ocrx_word' id='word_1_512' title='bbox 2734 3154 2904 3211; x_wconf 83' lang='lat' dir='ltr'><strong>natale</strong></span> <span class='ocrx_word' id='word_1_513' title='bbox 2932 3158 3303 3227; x_wconf 80' lang='lat' dir='ltr'><strong>episwporum.</strong></span> 
     </span>
    </p>
   </div>
   <div class='ocr_carea' id='block_1_76' title="bbox 2245 3248 3747 3322">
    <p class='ocr_par' dir='ltr' id='par_1_76' title="bbox 2245 3248 3747 3322">
     <span class='ocr_line' id='line_1_76' title="bbox 2245 3248 3747 3322; baseline 0 -16"><span class='ocrx_word' id='word_1_514' title='bbox 2245 3248 2579 3321; x_wconf 85' lang='lat' dir='ltr'><strong>I.-Operis</strong></span> <span class='ocrx_word' id='word_1_515' title='bbox 2613 3249 2711 3315; x_wconf 92' lang='lat' dir='ltr'><strong>tui,</strong></span> <span class='ocrx_word' id='word_1_516' title='bbox 2744 3249 2919 3317; x_wconf 91' lang='lat' dir='ltr'><strong>Deus,</strong></span> <span class='ocrx_word' id='word_1_517' title='bbox 2942 3248 3184 3304; x_wconf 90' lang='lat' dir='ltr'><strong>initiator</strong></span> <span class='ocrx_word' id='word_1_518' title='bbox 3220 3259 3271 3305; x_wconf 92' lang='lat' dir='ltr'><strong>et</strong></span> <span class='ocrx_word' id='word_1_519' title='bbox 3301 3258 3511 3321; x_wconf 90' lang='lat' dir='ltr'><strong>custos,</strong></span> <span class='ocrx_word' id='word_1_520' title='bbox 3552 3251 3747 3322; x_wconf 88' lang='lat' dir='ltr'><strong>suscipe</strong></span> 
     </span>
    </p>
   </div>
   <div class='ocr_carea' id='block_1_77' title="bbox 2172 3342 3738 3415">
    <p class='ocr_par' dir='ltr' id='par_1_77' title="bbox 2172 3342 3738 3415">
     <span class='ocr_line' id='line_1_77' title="bbox 2172 3342 3738 3415; baseline 0 -18"><span class='ocrx_word' id='word_1_521' title='bbox 2172 3343 2463 3415; x_wconf 89' lang='lat' dir='ltr'><strong>gratiarum</strong></span> <span class='ocrx_word' id='word_1_522' title='bbox 2490 3343 2751 3413; x_wconf 90' lang='lat' dir='ltr'><strong>propitius</strong></span> <span class='ocrx_word' id='word_1_523' title='bbox 2778 3342 3068 3413; x_wconf 88' lang='lat' dir='ltr'><strong>actionem,</strong></span> <span class='ocrx_word' id='word_1_524' title='bbox 3103 3342 3268 3414; x_wconf 90' lang='lat' dir='ltr'><strong>quod,</strong></span> <span class='ocrx_word' id='word_1_525' title='bbox 3313 3343 3435 3398; x_wconf 87' lang='lat' dir='ltr'><strong>anni</strong></span> <span class='ocrx_word' id='word_1_526' title='bbox 3465 3359 3611 3399; x_wconf 86' lang='lat' dir='ltr'><strong>cursu</strong></span> <span class='ocrx_word' id='word_1_527' title='bbox 3646 3358 3738 3397; x_wconf 86' lang='lat' dir='ltr'><strong>rc-</strong></span> 
     </span>
    </p>
   </div>
   <div class='ocr_carea' id='block_1_78' title="bbox 2175 3433 3728 3508">
    <p class='ocr_par' dir='ltr' id='par_1_78' title="bbox 2175 3433 3728 3508">
     <span class='ocr_line' id='line_1_78' title="bbox 2175 3433 3728 3508; baseline -0.003 -15"><span class='ocrx_word' id='word_1_528' title='bbox 2175 3443 2408 3503; x_wconf 88' lang='lat' dir='ltr'><strong>meante,</strong></span> <span class='ocrx_word' id='word_1_529' title='bbox 2439 3437 2614 3491; x_wconf 86' lang='lat' dir='ltr'><strong>votiva</strong></span> <span class='ocrx_word' id='word_1_530' title='bbox 2656 3434 2942 3492; x_wconf 89' lang='lat' dir='ltr'><strong>recolimus</strong></span> <span class='ocrx_word' id='word_1_531' title='bbox 2965 3445 3177 3508; x_wconf 90' lang='lat' dir='ltr'><strong>sumpta</strong></span> <span class='ocrx_word' id='word_1_532' title='bbox 3209 3436 3491 3507; x_wconf 83' lang='lat' dir='ltr'><strong>primordia</strong></span> <span class='ocrx_word' id='word_1_533' title='bbox 3518 3433 3728 3506; x_wconf 84' lang='lat' dir='ltr'><strong>dignita-</strong></span> 
     </span>
    </p>
   </div>
   <div class='ocr_carea' id='block_1_79' title="bbox 2172 3528 3735 3602">
    <p class='ocr_par' dir='ltr' id='par_1_79' title="bbox 2172 3528 3735 3602">
     <span class='ocr_line' id='line_1_79' title="bbox 2172 3528 3735 3602; baseline -0.002 -16"><span class='ocrx_word' id='word_1_534' title='bbox 2172 3529 2264 3597; x_wconf 91' lang='lat' dir='ltr'><strong>tis,</strong></span> <span class='ocrx_word' id='word_1_535' title='bbox 2291 3539 2347 3585; x_wconf 93' lang='lat' dir='ltr'><strong>ut</strong></span> <span class='ocrx_word' id='word_1_536' title='bbox 2370 3544 2488 3600; x_wconf 86' lang='lat' dir='ltr'><strong>quae</strong></span> <span class='ocrx_word' id='word_1_537' title='bbox 2517 3529 2619 3586; x_wconf 91' lang='lat' dir='ltr'><strong>tuis</strong></span> <span class='ocrx_word' id='word_1_538' title='bbox 2642 3538 2767 3586; x_wconf 89' lang='lat' dir='ltr'><strong>sunt</strong></span> <span class='ocrx_word' id='word_1_539' title='bbox 2787 3530 3067 3602; x_wconf 90' lang='lat' dir='ltr'><strong>principiis</strong></span> <span class='ocrx_word' id='word_1_540' title='bbox 3091 3528 3355 3599; x_wconf 84' lang='lat' dir='ltr'><strong>instituta,</strong></span> <span class='ocrx_word' id='word_1_541' title='bbox 3384 3530 3478 3587; x_wconf 89' lang='lat' dir='ltr'><strong>tuis</strong></span> <span class='ocrx_word' id='word_1_542' title='bbox 3498 3536 3735 3602; x_wconf 82' lang='lat' dir='ltr'><strong>regantur</strong></span> 
     </span>
    </p>
   </div>
   <div class='ocr_carea' id='block_1_80' title="bbox 2170 3622 2926 3691">
    <p class='ocr_par' dir='ltr' id='par_1_80' title="bbox 2170 3622 2926 3691">
     <span class='ocr_line' id='line_1_80' title="bbox 2170 3622 2926 3691; baseline 0 -14"><span class='ocrx_word' id='word_1_543' title='bbox 2170 3631 2325 3678; x_wconf 89' lang='lat' dir='ltr'><strong>aucta</strong></span> <span class='ocrx_word' id='word_1_544' title='bbox 2356 3622 2641 3691; x_wconf 75' lang='lat' dir='ltr'><strong>praesidiis.</strong></span> <span class='ocrx_word' id='word_1_545' title='bbox 2668 3622 2791 3691; x_wconf 90' lang='lat' dir='ltr'><strong>Per,</strong></span> <span class='ocrx_word' id='word_1_546' title='bbox 2821 3632 2926 3679; x_wconf 91' lang='lat' dir='ltr'><strong>etc.</strong></span> 
     </span>
    </p>
   </div>
   <div class='ocr_carea' id='block_1_81' title="bbox 2244 3714 3735 3788">
    <p class='ocr_par' dir='ltr' id='par_1_81' title="bbox 2244 3714 3735 3788">
     <span class='ocr_line' id='line_1_81' title="bbox 2244 3714 3735 3788; baseline 0 -17"><span class='ocrx_word' id='word_1_547' title='bbox 2244 3714 2265 3753; x_wconf 70' lang='grc' dir='ltr'>ί</span> <span class='ocrx_word' id='word_1_548' title='bbox 2308 3716 2528 3786; x_wconf 68' lang='lat' dir='ltr'><strong>Praesta,</strong></span> <span class='ocrx_word' id='word_1_549' title='bbox 2559 3732 2883 3787; x_wconf 63' lang='lat' dir='ltr'><strong>quaesumus,</strong></span> <span class='ocrx_word' id='word_1_550' title='bbox 2917 3717 3263 3788; x_wconf 91' lang='lat' dir='ltr'><strong>omnipotens</strong></span> <span class='ocrx_word' id='word_1_551' title='bbox 3304 3717 3465 3788; x_wconf 89' lang='lat' dir='ltr'><strong>Deus,</strong></span> <span class='ocrx_word' id='word_1_552' title='bbox 3492 3725 3546 3772; x_wconf 91' lang='lat' dir='ltr'><strong>ttt</strong></span> <span class='ocrx_word' id='word_1_553' title='bbox 3572 3714 3735 3772; x_wconf 76' lang='lat' dir='ltr'><strong>ﬁdeli-</strong></span> 
     </span>
    </p>
   </div>
   <div class='ocr_carea' id='block_1_82' title="bbox 2168 3808 3754 3883">
    <p class='ocr_par' dir='ltr' id='par_1_82' title="bbox 2168 3808 3754 3883">
     <span class='ocr_line' id='line_1_82' title="bbox 2168 3808 3754 3883; baseline 0 -17"><span class='ocrx_word' id='word_1_554' title='bbox 2168 3808 2270 3866; x_wconf 90' lang='lat' dir='ltr'><strong>bus</strong></span> <span class='ocrx_word' id='word_1_555' title='bbox 2299 3809 2402 3864; x_wconf 91' lang='lat' dir='ltr'><strong>tuis</strong></span> <span class='ocrx_word' id='word_1_556' title='bbox 2431 3808 2734 3866; x_wconf 88' lang='lat' dir='ltr'><strong>ordinatum</strong></span> <span class='ocrx_word' id='word_1_557' title='bbox 2765 3808 3104 3879; x_wconf 87' lang='lat' dir='ltr'><strong>praebeamus</strong></span> <span class='ocrx_word' id='word_1_558' title='bbox 3131 3810 3404 3877; x_wconf 82' lang='lat' dir='ltr'><strong>affectum,</strong></span> <span class='ocrx_word' id='word_1_559' title='bbox 3449 3811 3631 3883; x_wconf 90' lang='lat' dir='ltr'><strong>eisque</strong></span> <span class='ocrx_word' id='word_1_560' title='bbox 3660 3826 3754 3866; x_wconf 88' lang='lat' dir='ltr'><strong>nos</strong></span> 
     </span>
    </p>
   </div>
   <div class='ocr_carea' id='block_1_83' title="bbox 2168 3902 3757 3977">
    <p class='ocr_par' dir='ltr' id='par_1_83' title="bbox 2168 3902 3757 3977">
     <span class='ocr_line' id='line_1_83' title="bbox 2168 3902 3757 3977; baseline 0.001 -16"><span class='ocrx_word' id='word_1_561' title='bbox 2168 3902 2417 3961; x_wconf 85' lang='lat' dir='ltr'><strong>similiter</strong></span> <span class='ocrx_word' id='word_1_562' title='bbox 2447 3903 2702 3974; x_wconf 89' lang='lat' dir='ltr'><strong>diligendi</strong></span> <span class='ocrx_word' id='word_1_563' title='bbox 2732 3906 2977 3977; x_wconf 91' lang='lat' dir='ltr'><strong>spiritum</strong></span> <span class='ocrx_word' id='word_1_564' title='bbox 3019 3906 3282 3977; x_wconf 89' lang='lat' dir='ltr'><strong>benignus</strong></span> <span class='ocrx_word' id='word_1_565' title='bbox 3322 3906 3567 3975; x_wconf 82' lang='lat' dir='ltr'><strong>infunde,</strong></span> <span class='ocrx_word' id='word_1_566' title='bbox 3610 3916 3668 3963; x_wconf 92' lang='lat' dir='ltr'><strong>ut</strong></span> <span class='ocrx_word' id='word_1_567' title='bbox 3706 3907 3757 3962; x_wconf 93' lang='lat' dir='ltr'><strong>in</strong></span> 
     </span>
    </p>
   </div>
   <div class='ocr_carea' id='block_1_84' title="bbox 2167 3998 3757 4077">
    <p class='ocr_par' dir='ltr' id='par_1_84' title="bbox 2167 3998 3757 4077">
     <span class='ocr_line' id='line_1_84' title="bbox 2167 3998 3757 4077; baseline 0.003 -24"><span class='ocrx_word' id='word_1_568' title='bbox 2167 4006 2254 4053; x_wconf 90' lang='lat' dir='ltr'><strong>tua</strong></span> <span class='ocrx_word' id='word_1_569' title='bbox 2280 3998 2403 4066; x_wconf 92' lang='lat' dir='ltr'><strong>ﬁde,</strong></span> <span class='ocrx_word' id='word_1_570' title='bbox 2438 4014 2533 4068; x_wconf 90' lang='lat' dir='ltr'><strong>spe</strong></span> <span class='ocrx_word' id='word_1_571' title='bbox 2561 4010 2613 4055; x_wconf 93' lang='lat' dir='ltr'><strong>et</strong></span> <span class='ocrx_word' id='word_1_572' title='bbox 2642 4001 2904 4057; x_wconf 89' lang='lat' dir='ltr'><strong>charitate</strong></span> <span class='ocrx_word' id='word_1_573' title='bbox 2934 4002 3141 4057; x_wconf 91' lang='lat' dir='ltr'><strong>sincera</strong></span> <span class='ocrx_word' id='word_1_574' title='bbox 3166 4002 3492 4058; x_wconf 88' lang='lat' dir='ltr'><strong>sacriﬁcium</strong></span> <span class='ocrx_word' id='word_1_575' title='bbox 3525 4003 3622 4060; x_wconf 91' lang='lat' dir='ltr'><strong>tibi</strong></span> <span class='ocrx_word' id='word_1_576' title='bbox 3645 4003 3757 4077; x_wconf 85' lang='lat' dir='ltr'><strong>pla-</strong></span> 
     </span>
    </p>
   </div>
   <div class='ocr_carea' id='block_1_85' title="bbox 2164 4090 3564 4166">
    <p class='ocr_par' dir='ltr' id='par_1_85' title="bbox 2164 4090 3564 4166">
     <span class='ocr_line' id='line_1_85' title="bbox 2164 4090 3564 4166; baseline 0.002 -18"><span class='ocrx_word' id='word_1_577' title='bbox 2164 4090 2327 4149; x_wconf 89' lang='lat' dir='ltr'><strong>citum</strong></span> <span class='ocrx_word' id='word_1_578' title='bbox 2348 4090 2621 4148; x_wconf 88' lang='lat' dir='ltr'><strong>deferatur</strong></span> <span class='ocrx_word' id='word_1_579' title='bbox 2647 4102 2701 4148; x_wconf 91' lang='lat' dir='ltr'><strong>et</strong></span> <span class='ocrx_word' id='word_1_580' title='bbox 2729 4093 2897 4163; x_wconf 89' lang='lat' dir='ltr'><strong>plebis</strong></span> <span class='ocrx_word' id='word_1_581' title='bbox 2922 4102 2976 4149; x_wconf 90' lang='lat' dir='ltr'><strong>et</strong></span> <span class='ocrx_word' id='word_1_582' title='bbox 3007 4095 3271 4165; x_wconf 80' lang='lat' dir='ltr'><strong>prresulis.</strong></span> <span class='ocrx_word' id='word_1_583' title='bbox 3301 4094 3426 4166; x_wconf 88' lang='lat' dir='ltr'><strong>Per,</strong></span> <span class='ocrx_word' id='word_1_584' title='bbox 3453 4104 3564 4151; x_wconf 91' lang='lat' dir='ltr'><strong>etc.</strong></span> 
     </span>
    </p>
   </div>
   <div class='ocr_carea' id='block_1_86' title="bbox 2236 4183 3761 4257">
    <p class='ocr_par' dir='ltr' id='par_1_86' title="bbox 2236 4183 3761 4257">
     <span class='ocr_line' id='line_1_86' title="bbox 2236 4183 3761 4257; baseline 0.003 -18"><span class='ocrx_word' id='word_1_585' title='bbox 2236 4183 2376 4241; x_wconf 82' lang='lat' dir='ltr'><strong>Vere</strong></span> <span class='ocrx_word' id='word_1_586' title='bbox 2401 4184 2643 4255; x_wconf 89' lang='lat' dir='ltr'><strong>dignum.</strong></span> <span class='ocrx_word' id='word_1_587' title='bbox 2678 4185 2863 4257; x_wconf 87' lang='lat' dir='ltr'><strong>Teque</strong></span> <span class='ocrx_word' id='word_1_588' title='bbox 2885 4186 3205 4257; x_wconf 90' lang='lat' dir='ltr'><strong>propensius</strong></span> <span class='ocrx_word' id='word_1_589' title='bbox 3230 4202 3457 4244; x_wconf 80' lang='lat' dir='ltr'><strong>exorare</strong></span> <span class='ocrx_word' id='word_1_590' title='bbox 3489 4200 3551 4243; x_wconf 90' lang='lat' dir='ltr'><strong>ut</strong></span> <span class='ocrx_word' id='word_1_591' title='bbox 3578 4189 3631 4244; x_wconf 91' lang='lat' dir='ltr'><strong>in</strong></span> <span class='ocrx_word' id='word_1_592' title='bbox 3659 4204 3761 4255; x_wconf 90' lang='lat' dir='ltr'><strong>me,</strong></span> 
     </span>
    </p>
   </div>
   <div class='ocr_carea' id='block_1_87' title="bbox 2162 4278 3761 4353">
    <p class='ocr_par' dir='ltr' id='par_1_87' title="bbox 2162 4278 3761 4353">
     <span class='ocr_line' id='line_1_87' title="bbox 2162 4278 3761 4353; baseline 0.003 -20"><span class='ocrx_word' id='word_1_593' title='bbox 2162 4293 2321 4349; x_wconf 91' lang='lat' dir='ltr'><strong>quem</strong></span> <span class='ocrx_word' id='word_1_594' title='bbox 2353 4278 2418 4333; x_wconf 90' lang='lat' dir='ltr'><strong>ad</strong></span> <span class='ocrx_word' id='word_1_595' title='bbox 2466 4278 2801 4335; x_wconf 89' lang='lat' dir='ltr'><strong>sacerdotale</strong></span> <span class='ocrx_word' id='word_1_596' title='bbox 2841 4279 3221 4346; x_wconf 89' lang='lat' dir='ltr'><strong>ministerium,</strong></span> <span class='ocrx_word' id='word_1_597' title='bbox 3276 4280 3423 4336; x_wconf 90' lang='lat' dir='ltr'><strong>nullo</strong></span> <span class='ocrx_word' id='word_1_598' title='bbox 3470 4280 3761 4353; x_wconf 63' lang='lat' dir='ltr'><strong>prseditum</strong></span> 
     </span>
    </p>
   </div>
   <div class='ocr_carea' id='block_1_88' title="bbox 2160 4370 3767 4446">
    <p class='ocr_par' dir='ltr' id='par_1_88' title="bbox 2160 4370 3767 4446">
     <span class='ocr_line' id='line_1_88' title="bbox 2160 4370 3767 4446; baseline 0.001 -18"><span class='ocrx_word' id='word_1_599' title='bbox 2160 4371 2416 4442; x_wconf 76' lang='lat' dir='ltr'><strong>suffragio</strong></span> <span class='ocrx_word' id='word_1_600' title='bbox 2445 4370 2769 4441; x_wconf 89' lang='lat' dir='ltr'><strong>sanctitatis,</strong></span> <span class='ocrx_word' id='word_1_601' title='bbox 2804 4372 2897 4426; x_wconf 90' lang='lat' dir='ltr'><strong>sed</strong></span> <span class='ocrx_word' id='word_1_602' title='bbox 2924 4374 3041 4428; x_wconf 92' lang='lat' dir='ltr'><strong>sola</strong></span> <span class='ocrx_word' id='word_1_603' title='bbox 3062 4373 3248 4444; x_wconf 64' lang='lat' dir='ltr'><strong>gratiae</strong></span> <span class='ocrx_word' id='word_1_604' title='bbox 3270 4372 3618 4445; x_wconf 89' lang='lat' dir='ltr'><strong>dignatione,</strong></span> <span class='ocrx_word' id='word_1_605' title='bbox 3644 4390 3767 4446; x_wconf 87' lang='lat' dir='ltr'><strong>pro-</strong></span> 
     </span>
    </p>
   </div>
   <div class='ocr_carea' id='block_1_89' title="bbox 2164 4466 3771 4542">
    <p class='ocr_par' dir='ltr' id='par_1_89' title="bbox 2164 4466 3771 4542">
     <span class='ocr_line' id='line_1_89' title="bbox 2164 4466 3771 4542; baseline 0.003 -21"><span class='ocrx_word' id='word_1_606' title='bbox 2164 4467 2403 4535; x_wconf 88' lang='lat' dir='ltr'><strong>movisti,</strong></span> <span class='ocrx_word' id='word_1_607' title='bbox 2432 4475 2519 4521; x_wconf 90' lang='lat' dir='ltr'><strong>tua</strong></span> <span class='ocrx_word' id='word_1_608' title='bbox 2542 4466 2679 4522; x_wconf 93' lang='lat' dir='ltr'><strong>dona</strong></span> <span class='ocrx_word' id='word_1_609' title='bbox 2706 4467 3078 4539; x_wconf 87' lang='lat' dir='ltr'><strong>prosequendo</strong></span> <span class='ocrx_word' id='word_1_610' title='bbox 3104 4467 3376 4539; x_wconf 88' lang='lat' dir='ltr'><strong>perﬁcias,</strong></span> <span class='ocrx_word' id='word_1_611' title='bbox 3405 4476 3460 4523; x_wconf 87' lang='lat' dir='ltr'><strong>et</strong></span> <span class='ocrx_word' id='word_1_612' title='bbox 3485 4483 3616 4525; x_wconf 89' lang='lat' dir='ltr'><strong>cum</strong></span> <span class='ocrx_word' id='word_1_613' title='bbox 3647 4485 3771 4542; x_wconf 84' lang='lat' dir='ltr'><strong>pro-</strong></span> 
     </span>
    </p>
   </div>
   <div class='ocr_carea' id='block_1_90' title="bbox 2166 4558 3770 4632">
    <p class='ocr_par' dir='ltr' id='par_1_90' title="bbox 2166 4558 3770 4632">
     <span class='ocr_line' id='line_1_90' title="bbox 2166 4558 3770 4632; baseline 0.005 -23"><span class='ocrx_word' id='word_1_614' title='bbox 2166 4565 2323 4610; x_wconf 88' lang='lat' dir='ltr'><strong>vectu</strong></span> <span class='ocrx_word' id='word_1_615' title='bbox 2365 4558 2642 4629; x_wconf 90' lang='lat' dir='ltr'><strong>temporis,</strong></span> <span class='ocrx_word' id='word_1_616' title='bbox 2687 4559 2949 4616; x_wconf 88' lang='lat' dir='ltr'><strong>bonorum</strong></span> <span class='ocrx_word' id='word_1_617' title='bbox 2994 4560 3124 4616; x_wconf 88' lang='lat' dir='ltr'><strong>mihi</strong></span> <span class='ocrx_word' id='word_1_618' title='bbox 3166 4562 3342 4631; x_wconf 92' lang='lat' dir='ltr'><strong>potius</strong></span> <span class='ocrx_word' id='word_1_619' title='bbox 3389 4575 3626 4632; x_wconf 86' lang='lat' dir='ltr'><strong>operum</strong></span> <span class='ocrx_word' id='word_1_620' title='bbox 3675 4563 3770 4619; x_wconf 89' lang='lat' dir='ltr'><strong>des</strong></span> 
     </span>
    </p>
   </div>
   <div class='ocr_carea' id='block_1_91' title="bbox 466 4631 3768 4728">
    <p class='ocr_par' dir='ltr' id='par_1_91' title="bbox 466 4631 3768 4728">
     <span class='ocr_line' id='line_1_91' title="bbox 466 4631 3768 4728; baseline 0.009 -45"><span class='ocrx_word' id='word_1_621' title='bbox 466 4631 775 4701; x_wconf 84' lang='lat' dir='ltr'><strong>aspectibus</strong></span> <span class='ocrx_word' id='word_1_622' title='bbox 803 4633 1077 4690; x_wconf 80' lang='lat' dir='ltr'><strong>oﬁ‘erimus</strong></span> <span class='ocrx_word' id='word_1_623' title='bbox 1111 4642 1529 4710; x_wconf 90' lang='lat' dir='ltr'><strong>consecrandos,</strong></span> <span class='ocrx_word' id='word_1_624' title='bbox 1562 4657 1821 4718; x_wconf 88' lang='lat' dir='ltr'><strong>perpetua</strong></span> <span class='ocrx_word' id='word_1_625' title='bbox 1863 4665 2052 4708; x_wconf 88' lang='lat' dir='ltr'><strong>muue-</strong></span> <span class='ocrx_word' id='word_1_626' title='bbox 2082 4636 2135 4707; x_wconf 84' lang='grc' dir='ltr'><strong>Ι)</strong></span> <span class='ocrx_word' id='word_1_627' title='bbox 2163 4651 2485 4722; x_wconf 85' lang='lat' dir='ltr'><strong>profectum.</strong></span> <span class='ocrx_word' id='word_1_628' title='bbox 2525 4654 2651 4711; x_wconf 73' lang='lat' dir='ltr'><strong>lizec</strong></span> <span class='ocrx_word' id='word_1_629' title='bbox 2680 4670 2912 4727; x_wconf 88' lang='lat' dir='ltr'><strong>namque</strong></span> <span class='ocrx_word' id='word_1_630' title='bbox 2942 4656 3127 4728; x_wconf 78' lang='lat' dir='ltr'><strong>gloria:</strong></span> <span class='ocrx_word' id='word_1_631' title='bbox 3155 4654 3479 4728; x_wconf 89' lang='lat' dir='ltr'><strong>pontiﬁcalis</strong></span> <span class='ocrx_word' id='word_1_632' title='bbox 3505 4657 3616 4712; x_wconf 88' lang='lat' dir='ltr'><strong>erit</strong></span> <span class='ocrx_word' id='word_1_633' title='bbox 3641 4674 3768 4713; x_wconf 89' lang='lat' dir='ltr'><strong>vera</strong></span> 
     </span>
    </p>
   </div>
   <div class='ocr_carea' id='block_1_92' title="bbox 464 4720 1588 4805">
    <p class='ocr_par' dir='ltr' id='par_1_92' title="bbox 464 4720 1588 4805">
     <span class='ocr_line' id='line_1_92' title="bbox 464 4720 1588 4805; baseline 0.012 -24"><span class='ocrx_word' id='word_1_634' title='bbox 464 4721 543 4781; x_wconf 81' lang='lat' dir='ltr'><strong>ris</strong></span> <span class='ocrx_word' id='word_1_635' title='bbox 565 4720 641 4778; x_wconf 91' lang='lat' dir='ltr'><strong>tui</strong></span> <span class='ocrx_word' id='word_1_636' title='bbox 669 4722 913 4795; x_wconf 86' lang='lat' dir='ltr'><strong>largitate</strong></span> <span class='ocrx_word' id='word_1_637' title='bbox 934 4732 1303 4801; x_wconf 87' lang='lat' dir='ltr'><strong>prosequaris.</strong></span> <span class='ocrx_word' id='word_1_638' title='bbox 1336 4734 1460 4805; x_wconf 90' lang='lat' dir='ltr'><strong>Per,</strong></span> <span class='ocrx_word' id='word_1_639' title='bbox 1484 4744 1588 4795; x_wconf 89' lang='lat' dir='ltr'><strong>etc.</strong></span> 
     </span>
    </p>
   </div>
   <div class='ocr_carea' id='block_1_93' title="bbox 490 4810 2052 4911">
    <p class='ocr_par' dir='ltr' id='par_1_93' title="bbox 490 4810 2052 4911">
     <span class='ocr_line' id='line_1_93' title="bbox 490 4810 2052 4911; baseline 0.019 -45"><span class='ocrx_word' id='word_1_640' title='bbox 490 4856 491 4859; x_wconf 54' lang='grc' dir='ltr'><strong>η</strong></span> <span class='ocrx_word' id='word_1_641' title='bbox 540 4810 567 4850; x_wconf 75' lang='grc' dir='ltr'>ἀ</span> <span class='ocrx_word' id='word_1_642' title='bbox 606 4814 830 4872; x_wconf 83' lang='lat' dir='ltr'><strong>Domine</strong></span> <span class='ocrx_word' id='word_1_643' title='bbox 851 4828 1057 4891; x_wconf 89' lang='lat' dir='ltr'><strong>sancte,</strong></span> <span class='ocrx_word' id='word_1_644' title='bbox 1085 4823 1242 4879; x_wconf 86' lang='lat' dir='ltr'><strong>Pater</strong></span> <span class='ocrx_word' id='word_1_645' title='bbox 1270 4828 1631 4899; x_wconf 90' lang='lat' dir='ltr'><strong>omnipotens,</strong></span> <span class='ocrx_word' id='word_1_646' title='bbox 1662 4814 1862 4891; x_wconf 71' lang='lat' dir='ltr'><strong>teterne</strong></span> <span class='ocrx_word' id='word_1_647' title='bbox 1890 4836 2052 4911; x_wconf 91' lang='lat' dir='ltr'><strong>Deus,</strong></span> 
     </span>
    </p>
   </div>
   <div class='ocr_carea' id='block_1_94' title="bbox 462 4907 2057 4999">
    <p class='ocr_par' dir='ltr' id='par_1_94' title="bbox 462 4907 2057 4999">
     <span class='ocr_line' id='line_1_94' title="bbox 462 4907 2057 4999; baseline 0.014 -33"><span class='ocrx_word' id='word_1_648' title='bbox 462 4907 731 4966; x_wconf 85' lang='lat' dir='ltr'><strong>honorum</strong></span> <span class='ocrx_word' id='word_1_649' title='bbox 774 4912 1037 4981; x_wconf 90' lang='lat' dir='ltr'><strong>omnium,</strong></span> <span class='ocrx_word' id='word_1_650' title='bbox 1076 4924 1133 4973; x_wconf 86' lang='lat' dir='ltr'><strong>et</strong></span> <span class='ocrx_word' id='word_1_651' title='bbox 1167 4918 1407 4977; x_wconf 87' lang='lat' dir='ltr'><strong>omnium</strong></span> <span class='ocrx_word' id='word_1_652' title='bbox 1452 4921 1769 4993; x_wconf 88' lang='lat' dir='ltr'><strong>dignitatum</strong></span> <span class='ocrx_word' id='word_1_653' title='bbox 1811 4944 1932 4999; x_wconf 85' lang='lat' dir='ltr'><strong>quae</strong></span> <span class='ocrx_word' id='word_1_654' title='bbox 1961 4907 2057 4989; x_wconf 86' lang='lat' dir='ltr'><strong>tibi</strong></span> 
     </span>
    </p>
   </div>
   <div class='ocr_carea' id='block_1_95' title="bbox 464 5002 2055 5099">
    <p class='ocr_par' dir='ltr' id='par_1_95' title="bbox 464 5002 2055 5099">
     <span class='ocr_line' id='line_1_95' title="bbox 464 5002 2055 5099; baseline 0.017 -42"><span class='ocrx_word' id='word_1_655' title='bbox 464 5002 698 5060; x_wconf 83' lang='lat' dir='ltr'><strong>militant</strong></span> <span class='ocrx_word' id='word_1_656' title='bbox 725 5004 1068 5079; x_wconf 88' lang='lat' dir='ltr'><strong>distributor,</strong></span> <span class='ocrx_word' id='word_1_657' title='bbox 1103 5024 1199 5080; x_wconf 90' lang='lat' dir='ltr'><strong>per</strong></span> <span class='ocrx_word' id='word_1_658' title='bbox 1243 5027 1403 5083; x_wconf 91' lang='lat' dir='ltr'><strong>quem</strong></span> <span class='ocrx_word' id='word_1_659' title='bbox 1445 5016 1735 5087; x_wconf 90' lang='lat' dir='ltr'><strong>proﬁciunt</strong></span> <span class='ocrx_word' id='word_1_660' title='bbox 1771 5023 2055 5099; x_wconf 89' lang='lat' dir='ltr'><strong>universa,</strong></span> 
     </span>
    </p>
   </div>
   <div class='ocr_carea' id='block_1_96' title="bbox 464 5213 2053 5290">
    <p class='ocr_par' dir='ltr' id='par_1_96' title="bbox 464 5213 2053 5290">
     <span class='ocr_line' id='line_1_96' title="bbox 464 5213 2053 5290; baseline 0.014 -23"><span class='ocrx_word' id='word_1_661' title='bbox 464 5226 589 5290; x_wconf 78' lang='lat' dir='ltr'><strong>eum</strong></span> <span class='ocrx_word' id='word_1_662' title='bbox 617 5213 1049 5274; x_wconf 89' lang='lat' dir='ltr'><strong>Sacramentario</strong></span> <span class='ocrx_word' id='word_1_663' title='bbox 1071 5218 1291 5276; x_wconf 88' lang='lat' dir='ltr'><strong>Gelasii.</strong></span> <span class='ocrx_word' id='word_1_664' title='bbox 1324 5220 1435 5278; x_wconf 90' lang='lat' dir='ltr'><strong>Sed</strong></span> <span class='ocrx_word' id='word_1_665' title='bbox 1462 5224 1778 5284; x_wconf 87' lang='lat' dir='ltr'><strong>retinuimus</strong></span> <span class='ocrx_word' id='word_1_666' title='bbox 1801 5233 2053 5290; x_wconf 82' lang='lat' dir='ltr'><strong>emenda-</strong></span> 
     </span>
    </p>
   </div>
   <div class='ocr_carea' id='block_1_97' title="bbox 463 5284 2052 5375">
    <p class='ocr_par' dir='ltr' id='par_1_97' title="bbox 463 5284 2052 5375">
     <span class='ocr_line' id='line_1_97' title="bbox 463 5284 2052 5375; baseline 0.015 -38"><span class='ocrx_word' id='word_1_667' title='bbox 463 5284 1188 5375; x_wconf 24' lang='lat' dir='ltr'><strong>tionemjmongruenti‘orem</strong></span> <span class='ocrx_word' id='word_1_668' title='bbox 1232 5292 1523 5364; x_wconf 75' lang='lat' dir='ltr'><strong>disponens,</strong></span> <span class='ocrx_word' id='word_1_669' title='bbox 1571 5313 1730 5369; x_wconf 90' lang='lat' dir='ltr'><strong>quam</strong></span> <span class='ocrx_word' id='word_1_670' title='bbox 1777 5284 2052 5375; x_wconf 67' lang='lat' dir='ltr'><strong>exemplar</strong></span> 
     </span>
    </p>
   </div>
   <div class='ocr_carea' id='block_1_98' title="bbox 464 5355 1064 5430">
    <p class='ocr_par' dir='ltr' id='par_1_98' title="bbox 464 5355 1064 5430">
     <span class='ocr_line' id='line_1_98' title="bbox 464 5355 1064 5430; baseline 0.015 -23"><span class='ocrx_word' id='word_1_671' title='bbox 464 5355 700 5430; x_wconf 81' lang='lat' dir='ltr'><strong>lllena_rdi</strong></span> <span class='ocrx_word' id='word_1_672' title='bbox 732 5355 1064 5430; x_wconf 82' lang='lat' dir='ltr'><strong>comprobat.</strong></span> 
     </span>
    </p>
   </div>
   <div class='ocr_carea' id='block_1_99' title="bbox 538 5428 2046 5515">
    <p class='ocr_par' dir='ltr' id='par_1_99' title="bbox 538 5428 2046 5515">
     <span class='ocr_line' id='line_1_99' title="bbox 538 5428 2046 5515; baseline 0.016 -35"><span class='ocrx_word' id='word_1_673' title='bbox 538 5428 1168 5515; x_wconf 18' lang='lat' dir='ltr'><strong>fﬂBlanchirﬁusprimis</strong></span> <span class='ocrx_word' id='word_1_674' title='bbox 1208 5437 1387 5515; x_wconf 81' lang='lat' dir='ltr'><strong>curis:</strong></span> <span class='ocrx_word' id='word_1_675' title='bbox 1419 5437 1516 5515; x_wconf 68' lang='lat' dir='ltr'><strong>Yet</strong></span> <span class='ocrx_word' id='word_1_676' title='bbox 1540 5439 1667 5515; x_wconf 60' lang='lat' dir='ltr'><strong>lege</strong></span> <span class='ocrx_word' id='word_1_677' title='bbox 1707 5446 1875 5501; x_wconf 91' lang='lat' dir='ltr'><strong>sacris</strong></span> <span class='ocrx_word' id='word_1_678' title='bbox 1917 5448 2046 5515; x_wconf 87' lang='lat' dir='ltr'><strong>aris,</strong></span> 
     </span>
    </p>
   </div>
   <div class='ocr_carea' id='block_1_100' title="bbox 465 5497 2052 5583">
    <p class='ocr_par' dir='ltr' id='par_1_100' title="bbox 465 5497 2052 5583">
     <span class='ocr_line' id='line_1_100' title="bbox 465 5497 2052 5583; baseline 0.016 -34"><span class='ocrx_word' id='word_1_679' title='bbox 465 5497 543 5583; x_wconf 45' lang='lat' dir='ltr'><strong>tle!</strong></span> <span class='ocrx_word' id='word_1_680' title='bbox 564 5500 699 5583; x_wconf 56' lang='lat' dir='ltr'><strong>quod</strong></span> <span class='ocrx_word' id='word_1_681' title='bbox 730 5504 891 5573; x_wconf 82' lang='lat' dir='ltr'><strong>magis</strong></span> <span class='ocrx_word' id='word_1_682' title='bbox 914 5497 1161 5583; x_wconf 56' lang='lat' dir='ltr'><strong>placaret,</strong></span> <span class='ocrx_word' id='word_1_683' title='bbox 1199 5510 1367 5583; x_wconf 79' lang='lat' dir='ltr'><strong>sacris</strong></span> <span class='ocrx_word' id='word_1_684' title='bbox 1397 5497 1677 5583; x_wconf 70' lang='lat' dir='ltr'><strong>altaribus,</strong></span> <span class='ocrx_word' id='word_1_685' title='bbox 1708 5497 2052 5573; x_wconf 47' lang='lat' dir='ltr'><strong>ﬁliifilii}:</strong></span> 
     </span>
    </p>
   </div>
   <div class='ocr_carea' id='block_1_101' title="bbox 465 5567 2051 5658">
    <p class='ocr_par' dir='ltr' id='par_1_101' title="bbox 465 5567 2051 5658">
     <span class='ocr_line' id='line_1_101' title="bbox 465 5567 2051 5658; baseline -0.003 1"><span class='ocrx_word' id='word_1_686' title='bbox 465 5567 608 5658; x_wconf 58' lang='lat' dir='ltr'><strong>csa.“</strong></span> <span class='ocrx_word' id='word_1_687' title='bbox 628 5567 882 5658; x_wconf 63' lang='grc' dir='ltr'><strong>βονηαιῖρο</strong></span> <span class='ocrx_word' id='word_1_688' title='bbox 908 5567 1039 5630; x_wconf 75' lang='lat' dir='ltr'><strong>Cum</strong></span> <span class='ocrx_word' id='word_1_689' title='bbox 1065 5567 1194 5658; x_wconf 59' lang='lat' dir='ltr'><strong>vero</strong></span> <span class='ocrx_word' id='word_1_690' title='bbox 1213 5580 1380 5636; x_wconf 74' lang='lat' dir='ltr'><strong>codex</strong></span> <span class='ocrx_word' id='word_1_691' title='bbox 1421 5582 1617 5658; x_wconf 64' lang='lat' dir='ltr'><strong>censu</strong></span> <span class='ocrx_word' id='word_1_692' title='bbox 1650 5567 1844 5643; x_wconf 50' lang='lat' dir='ltr'><strong>nam</strong></span> <span class='ocrx_word' id='word_1_693' title='bbox 1869 5567 2051 5658; x_wconf 48' lang='lat' dir='ltr'><strong>sua.</strong></span> 
     </span>
    </p>
   </div>
   <div class='ocr_carea' id='block_1_102' title="bbox 467 5638 2051 5726">
    <p class='ocr_par' dir='ltr' id='par_1_102' title="bbox 467 5638 2051 5726">
     <span class='ocr_line' id='line_1_102' title="bbox 467 5638 2051 5726; baseline 0.02 -38"><span class='ocrx_word' id='word_1_694' title='bbox 467 5638 591 5726; x_wconf 57' lang='lat' dir='ltr'><strong>cod.</strong></span> <span class='ocrx_word' id='word_1_695' title='bbox 626 5639 867 5726; x_wconf 55' lang='lat' dir='ltr'><strong>Gregorii</strong></span> <span class='ocrx_word' id='word_1_696' title='bbox 903 5650 1176 5726; x_wconf 64' lang='lat' dir='ltr'><strong>sacrariis,</strong></span> <span class='ocrx_word' id='word_1_697' title='bbox 1202 5723 1210 5726; x_wconf 88' lang='lat'><em>_</em></span> <span class='ocrx_word' id='word_1_698' title='bbox 1221 5654 1558 5726; x_wconf 80' lang='lat' dir='ltr'><strong>correctione</strong></span> <span class='ocrx_word' id='word_1_699' title='bbox 1590 5638 2051 5726; x_wconf 35' lang='lat' dir='ltr'><strong>opus.</strong></span> 
     </span>
    </p>
   </div>
   <div class='ocr_carea' id='block_1_103' title="bbox 466 5708 1687 5785">
    <p class='ocr_par' dir='ltr' id='par_1_103' title="bbox 466 5708 1687 5785">
     <span class='ocr_line' id='line_1_103' title="bbox 466 5708 1687 5785; baseline 0.02 -25"><span class='ocrx_word' id='word_1_700' title='bbox 466 5708 983 5785; x_wconf 77' lang='lat' dir='ltr'><strong>idem__Blaiichinius</strong></span> <span class='ocrx_word' id='word_1_701' title='bbox 1015 5708 1262 5778; x_wconf 82' lang='lat' dir='ltr'><strong>secundis</strong></span> <span class='ocrx_word' id='word_1_702' title='bbox 1293 5726 1436 5781; x_wconf 90' lang='lat' dir='ltr'><strong>curis</strong></span> <span class='ocrx_word' id='word_1_703' title='bbox 1464 5708 1687 5785; x_wconf 65' lang='lat' dir='ltr'><strong>notavit.</strong></span> 
     </span>
    </p>
   </div>
   <div class='ocr_carea' id='block_1_104' title="bbox 538 5778 2052 5877">
    <p class='ocr_par' dir='ltr' id='par_1_104' title="bbox 538 5778 2052 5877">
     <span class='ocr_line' id='line_1_104' title="bbox 538 5778 2052 5877; baseline 0.022 -45"><span class='ocrx_word' id='word_1_704' title='bbox 538 5778 715 5877; x_wconf 45' lang='lat' dir='ltr'><strong>illast.</strong></span> <span class='ocrx_word' id='word_1_705' title='bbox 743 5787 1089 5877; x_wconf 41' lang='lat' dir='ltr'><strong>aptLdCela‘s.</strong></span> <span class='ocrx_word' id='word_1_706' title='bbox 1274 5812 1313 5877; x_wconf 57' lang='grc' dir='ltr'><strong>ξε</strong></span> <span class='ocrx_word' id='word_1_707' title='bbox 1348 5778 1898 5877; x_wconf 41' lang='grc' dir='ltr'><strong>ήίίδξῖίι-Ῑὲιόεοιν.</strong></span> <span class='ocrx_word' id='word_1_708' title='bbox 1943 5805 2052 5865; x_wconf 80' lang='lat' dir='ltr'><strong>Me-</strong></span> 
     </span>
    </p>
   </div>
   <div class='ocr_carea' id='block_1_105' title="bbox 467 5853 1332 5927">
    <p class='ocr_par' dir='ltr' id='par_1_105' title="bbox 467 5853 1332 5927">
     <span class='ocr_line' id='line_1_105' title="bbox 467 5853 1332 5927; baseline 0.023 -20"><span class='ocrx_word' id='word_1_709' title='bbox 467 5853 641 5924; x_wconf 87' lang='lat' dir='ltr'><strong>nardi,</strong></span> <span class='ocrx_word' id='word_1_710' title='bbox 667 5860 721 5913; x_wconf 84' lang='lat' dir='ltr'><strong>et</strong></span> <span class='ocrx_word' id='word_1_711' title='bbox 743 5853 794 5915; x_wconf 81' lang='lat' dir='ltr'><strong>in</strong></span> <span class='ocrx_word' id='word_1_712' title='bbox 821 5856 976 5916; x_wconf 84' lang='lat' dir='ltr'><strong>Rom.</strong></span> <span class='ocrx_word' id='word_1_713' title='bbox 1010 5853 1332 5927; x_wconf 83' lang='lat' dir='ltr'><strong>Pontiﬁcali.</strong></span> 
     </span>
    </p>
   </div>
   <div class='ocr_carea' id='block_1_106' title="bbox 2161 4744 3773 4822">
    <p class='ocr_par' dir='ltr' id='par_1_106' title="bbox 2161 4744 3773 4822">
     <span class='ocr_line' id='line_1_106' title="bbox 2161 4744 3773 4822; baseline 0.002 -19"><span class='ocrx_word' id='word_1_714' title='bbox 2161 4744 2441 4818; x_wconf 83' lang='lat' dir='ltr'><strong>festivitas,</strong></span> <span class='ocrx_word' id='word_1_715' title='bbox 2471 4748 2587 4806; x_wconf 81' lang='lat' dir='ltr'><strong>haec</strong></span> <span class='ocrx_word' id='word_1_716' title='bbox 2615 4758 2758 4806; x_wconf 88' lang='lat' dir='ltr'><strong>certa</strong></span> <span class='ocrx_word' id='word_1_717' title='bbox 2807 4751 3012 4817; x_wconf 64' lang='lat' dir='ltr'><strong>laetitia,</strong></span> <span class='ocrx_word' id='word_1_718' title='bbox 3046 4752 3091 4806; x_wconf 90' lang='lat' dir='ltr'><strong>si</strong></span> <span class='ocrx_word' id='word_1_719' title='bbox 3128 4766 3223 4822; x_wconf 92' lang='lat' dir='ltr'><strong>per</strong></span> <span class='ocrx_word' id='word_1_720' title='bbox 3258 4750 3653 4808; x_wconf 85' lang='lat' dir='ltr'><strong>rationabilem</strong></span> <span class='ocrx_word' id='word_1_721' title='bbox 3689 4767 3773 4807; x_wconf 85' lang='lat' dir='ltr'><strong>re-</strong></span> 
     </span>
    </p>
   </div>
   <div class='ocr_carea' id='block_1_107' title="bbox 2162 4840 3771 4915">
    <p class='ocr_par' dir='ltr' id='par_1_107' title="bbox 2162 4840 3771 4915">
     <span class='ocr_line' id='line_1_107' title="bbox 2162 4840 3771 4915; baseline 0.006 -22"><span class='ocrx_word' id='word_1_722' title='bbox 2162 4840 2341 4911; x_wconf 89' lang='lat' dir='ltr'><strong>gulam</strong></span> <span class='ocrx_word' id='word_1_723' title='bbox 2373 4844 2719 4913; x_wconf 84' lang='lat' dir='ltr'><strong>pracsidendi,</strong></span> <span class='ocrx_word' id='word_1_724' title='bbox 2768 4845 2999 4915; x_wconf 91' lang='lat' dir='ltr'><strong>populus</strong></span> <span class='ocrx_word' id='word_1_725' title='bbox 3033 4854 3154 4900; x_wconf 91' lang='lat' dir='ltr'><strong>tuus</strong></span> <span class='ocrx_word' id='word_1_726' title='bbox 3190 4853 3244 4900; x_wconf 92' lang='lat' dir='ltr'><strong>et</strong></span> <span class='ocrx_word' id='word_1_727' title='bbox 3287 4859 3523 4901; x_wconf 89' lang='lat' dir='ltr'><strong>numero</strong></span> <span class='ocrx_word' id='word_1_728' title='bbox 3567 4858 3593 4896; x_wconf 78' lang='grc' dir='ltr'><strong>ις</strong></span> <span class='ocrx_word' id='word_1_729' title='bbox 3642 4863 3771 4904; x_wconf 88' lang='lat' dir='ltr'><strong>cura</strong></span> 
     </span>
    </p>
   </div>
   <div class='ocr_carea' id='block_1_108' title="bbox 2164 4940 3766 5015">
    <p class='ocr_par' dir='ltr' id='par_1_108' title="bbox 2164 4940 3766 5015">
     <span class='ocr_line' id='line_1_108' title="bbox 2164 4940 3766 5015; baseline 0.005 -21"><span class='ocrx_word' id='word_1_730' title='bbox 2164 4940 2487 5010; x_wconf 86' lang='lat' dir='ltr'><strong>regentium,</strong></span> <span class='ocrx_word' id='word_1_731' title='bbox 2518 4951 2574 4998; x_wconf 89' lang='lat' dir='ltr'><strong>et</strong></span> <span class='ocrx_word' id='word_1_732' title='bbox 2601 4944 2989 4999; x_wconf 88' lang='lat' dir='ltr'><strong>incrementum</strong></span> <span class='ocrx_word' id='word_1_733' title='bbox 3019 4944 3197 5013; x_wconf 84' lang='lat' dir='ltr'><strong>gregis</strong></span> <span class='ocrx_word' id='word_1_734' title='bbox 3227 4952 3389 5014; x_wconf 86' lang='lat' dir='ltr'><strong>atque</strong></span> <span class='ocrx_word' id='word_1_735' title='bbox 3418 4943 3731 5003; x_wconf 82' lang='lat' dir='ltr'><strong>salubritas</strong></span> <span class='ocrx_word' id='word_1_736' title='bbox 3753 4989 3766 5015; x_wconf 92' lang='lat'><strong>,</strong></span> 
     </span>
    </p>
   </div>
   <div class='ocr_carea' id='block_1_109' title="bbox 2167 5032 3466 5108">
    <p class='ocr_par' dir='ltr' id='par_1_109' title="bbox 2167 5032 3466 5108">
     <span class='ocr_line' id='line_1_109' title="bbox 2167 5032 3466 5108; baseline 0.004 -20"><span class='ocrx_word' id='word_1_737' title='bbox 2167 5032 2417 5105; x_wconf 85' lang='lat' dir='ltr'><strong>gaudium</strong></span> <span class='ocrx_word' id='word_1_738' title='bbox 2448 5044 2531 5090; x_wconf 90' lang='lat' dir='ltr'><strong>est</strong></span> <span class='ocrx_word' id='word_1_739' title='bbox 2555 5043 2610 5091; x_wconf 89' lang='lat' dir='ltr'><strong>et</strong></span> <span class='ocrx_word' id='word_1_740' title='bbox 2639 5050 2839 5092; x_wconf 85' lang='lat' dir='ltr'><strong>corona</strong></span> <span class='ocrx_word' id='word_1_741' title='bbox 2870 5044 3169 5108; x_wconf 89' lang='lat' dir='ltr'><strong>pastorum.</strong></span> <span class='ocrx_word' id='word_1_742' title='bbox 3205 5036 3328 5106; x_wconf 86' lang='lat' dir='ltr'><strong>Per,</strong></span> <span class='ocrx_word' id='word_1_743' title='bbox 3359 5044 3466 5094; x_wconf 86' lang='lat' dir='ltr'><strong>etc.</strong></span> 
     </span>
    </p>
   </div>
   <div class='ocr_carea' id='block_1_110' title="bbox 2237 5242 2892 5301">
    <p class='ocr_par' dir='ltr' id='par_1_110' title="bbox 2237 5242 2892 5301">
     <span class='ocr_line' id='line_1_110' title="bbox 2237 5242 2892 5301; baseline 0.008 -6"><span class='ocrx_word' id='word_1_744' title='bbox 2237 5251 2258 5281; x_wconf 71' lang='grc' dir='ltr'><em>ε</em></span> <span class='ocrx_word' id='word_1_745' title='bbox 2302 5242 2393 5296; x_wconf 89' lang='lat' dir='ltr'><strong>Est</strong></span> <span class='ocrx_word' id='word_1_746' title='bbox 2422 5243 2473 5297; x_wconf 96' lang='lat' dir='ltr'><strong>in</strong></span> <span class='ocrx_word' id='word_1_747' title='bbox 2500 5244 2687 5299; x_wconf 88' lang='lat' dir='ltr'><strong>iisdem</strong></span> <span class='ocrx_word' id='word_1_748' title='bbox 2719 5244 2892 5301; x_wconf 84' lang='lat' dir='ltr'><strong>libris.</strong></span> 
     </span>
    </p>
   </div>
   <div class='ocr_carea' id='block_1_111' title="bbox 2232 5308 3776 5385">
    <p class='ocr_par' dir='ltr' id='par_1_111' title="bbox 2232 5308 3776 5385">
     <span class='ocr_line' id='line_1_111' title="bbox 2232 5308 3776 5385; baseline 0.01 -19"><span class='ocrx_word' id='word_1_749' title='bbox 2232 5308 2259 5349; x_wconf 77' lang='grc' dir='ltr'><strong>(ί</strong></span> <span class='ocrx_word' id='word_1_750' title='bbox 2301 5311 2518 5385; x_wconf 87' lang='lat' dir='ltr'><strong>Legitur</strong></span> <span class='ocrx_word' id='word_1_751' title='bbox 2546 5316 2598 5370; x_wconf 89' lang='lat' dir='ltr'><strong>in</strong></span> <span class='ocrx_word' id='word_1_752' title='bbox 2634 5317 2842 5370; x_wconf 87' lang='lat' dir='ltr'><strong>iisdem.</strong></span> <span class='ocrx_word' id='word_1_753' title='bbox 2884 5316 3033 5372; x_wconf 86' lang='lat' dir='ltr'><strong>Hanc</strong></span> <span class='ocrx_word' id='word_1_754' title='bbox 3061 5318 3361 5374; x_wconf 81' lang='lat' dir='ltr'><strong>orationem</strong></span> <span class='ocrx_word' id='word_1_755' title='bbox 3404 5335 3537 5378; x_wconf 87' lang='lat' dir='ltr'><strong>esse</strong></span> <span class='ocrx_word' id='word_1_756' title='bbox 3571 5324 3776 5381; x_wconf 84' lang='lat' dir='ltr'><strong>Leoni-</strong></span> 
     </span>
    </p>
   </div>
   <div class='ocr_carea' id='block_1_112' title="bbox 2161 5386 3782 5467">
    <p class='ocr_par' dir='ltr' id='par_1_112' title="bbox 2161 5386 3782 5467">
     <span class='ocr_line' id='line_1_112' title="bbox 2161 5386 3782 5467; baseline 0.012 -32"><span class='ocrx_word' id='word_1_757' title='bbox 2161 5398 2282 5467; x_wconf 68' lang='lat' dir='ltr'><strong>nam</strong></span> <span class='ocrx_word' id='word_1_758' title='bbox 2312 5386 2573 5467; x_wconf 74' lang='lat' dir='ltr'><strong>llenricus</strong></span> <span class='ocrx_word' id='word_1_759' title='bbox 2616 5388 2863 5467; x_wconf 82' lang='lat' dir='ltr'><strong>Valesius</strong></span> <span class='ocrx_word' id='word_1_760' title='bbox 2886 5389 3150 5459; x_wconf 89' lang='lat' dir='ltr'><strong>pernovit,</strong></span> <span class='ocrx_word' id='word_1_761' title='bbox 3196 5400 3248 5445; x_wconf 91' lang='lat' dir='ltr'><strong>et</strong></span> <span class='ocrx_word' id='word_1_762' title='bbox 3279 5391 3617 5459; x_wconf 81' lang='lat' dir='ltr'><strong>Quesnellus</strong></span> <span class='ocrx_word' id='word_1_763' title='bbox 3657 5407 3782 5467; x_wconf 84' lang='lat' dir='ltr'><strong>post</strong></span> 
     </span>
    </p>
   </div>
   <div class='ocr_carea' id='block_1_113' title="bbox 2160 5454 3237 5527">
    <p class='ocr_par' dir='ltr' id='par_1_113' title="bbox 2160 5454 3237 5527">
     <span class='ocr_line' id='line_1_113' title="bbox 2160 5454 3237 5527; baseline 0.009 -19"><span class='ocrx_word' id='word_1_764' title='bbox 2160 5454 2356 5510; x_wconf 91' lang='lat' dir='ltr'><strong>Leonis</strong></span> <span class='ocrx_word' id='word_1_765' title='bbox 2386 5472 2665 5515; x_wconf 87' lang='lat' dir='ltr'><strong>sermones</strong></span> <span class='ocrx_word' id='word_1_766' title='bbox 2694 5454 2911 5515; x_wconf 53' lang='lat' dir='ltr'><strong>recusit&#39;.</strong></span> <span class='ocrx_word' id='word_1_767' title='bbox 3138 5454 3143 5456; x_wconf 40' lang='grc'><strong><em>⁷</em></strong></span> <span class='ocrx_word' id='word_1_768' title='bbox 3226 5517 3237 5527; x_wconf 80' lang='grc'><em>,</em></span> 
     </span>
    </p>
   </div>
   <div class='ocr_carea' id='block_1_114' title="bbox 2235 5530 3776 5605">
    <p class='ocr_par' dir='ltr' id='par_1_114' title="bbox 2235 5530 3776 5605">
     <span class='ocr_line' id='line_1_114' title="bbox 2235 5530 3776 5605; baseline 0.011 -24"><span class='ocrx_word' id='word_1_769' title='bbox 2235 5536 2257 5562; x_wconf 86' lang='lat'><strong>°</strong></span> <span class='ocrx_word' id='word_1_770' title='bbox 2285 5530 2488 5605; x_wconf 30' lang='lat' dir='ltr'><strong>.Noster</strong></span> <span class='ocrx_word' id='word_1_771' title='bbox 2526 5532 2726 5597; x_wconf 84' lang='lat' dir='ltr'><strong>codex,</strong></span> <span class='ocrx_word' id='word_1_772' title='bbox 2769 5531 3167 5605; x_wconf 10' lang='lat' dir='ltr'><strong>ethelasianus</strong></span> <span class='ocrx_word' id='word_1_773' title='bbox 3212 5535 3472 5591; x_wconf 88' lang='lat' dir='ltr'><strong>mendose</strong></span> <span class='ocrx_word' id='word_1_774' title='bbox 3522 5540 3776 5605; x_wconf 65' lang='lat' dir='ltr'><strong>eieceris.</strong></span> 
     </span>
    </p>
   </div>
   <div class='ocr_carea' id='block_1_115' title="bbox 2163 5597 3144 5675">
    <p class='ocr_par' dir='ltr' id='par_1_115' title="bbox 2163 5597 3144 5675">
     <span class='ocr_line' id='line_1_115' title="bbox 2163 5597 3144 5675; baseline 0.007 -22"><span class='ocrx_word' id='word_1_775' title='bbox 2163 5597 2337 5675; x_wconf 71' lang='lat' dir='ltr'><strong>Paulo</strong></span> <span class='ocrx_word' id='word_1_776' title='bbox 2373 5611 2487 5675; x_wconf 85' lang='lat' dir='ltr'><strong>post</strong></span> <span class='ocrx_word' id='word_1_777' title='bbox 2510 5604 2726 5675; x_wconf 84' lang='lat' dir='ltr'><strong>utrique</strong></span> <span class='ocrx_word' id='word_1_778' title='bbox 2750 5604 2905 5657; x_wconf 85' lang='lat' dir='ltr'><strong>codd.</strong></span> <span class='ocrx_word' id='word_1_779' title='bbox 2943 5603 3144 5675; x_wconf 75' lang='lat' dir='ltr'><strong>Moyse.</strong></span> 
     </span>
    </p>
   </div>
   <div class='ocr_carea' id='block_1_116' title="bbox 2236 5668 3525 5741">
    <p class='ocr_par' dir='ltr' id='par_1_116' title="bbox 2236 5668 3525 5741">
     <span class='ocr_line' id='line_1_116' title="bbox 2236 5668 3525 5741; baseline 0.009 -17"><span class='ocrx_word' id='word_1_780' title='bbox 2236 5668 2255 5709; x_wconf 69' lang='grc' dir='ltr'><strong><em>ί</em></strong></span> <span class='ocrx_word' id='word_1_781' title='bbox 2298 5670 2475 5728; x_wconf 85' lang='lat' dir='ltr'><strong>Gelas.</strong></span> <span class='ocrx_word' id='word_1_782' title='bbox 2506 5674 2598 5730; x_wconf 92' lang='lat' dir='ltr'><strong>lib.</strong></span> <span class='ocrx_word' id='word_1_783' title='bbox 2626 5668 2661 5739; x_wconf 82' lang='grc' dir='ltr'><strong>ι’,</strong></span> <span class='ocrx_word' id='word_1_784' title='bbox 2687 5691 2741 5729; x_wconf 90' lang='lat' dir='ltr'><strong>n.</strong></span> <span class='ocrx_word' id='word_1_785' title='bbox 2777 5675 2901 5741; x_wconf 83' lang='lat' dir='ltr'><strong>lOt,</strong></span> <span class='ocrx_word' id='word_1_786' title='bbox 2936 5693 2999 5730; x_wconf 81' lang='lat' dir='ltr'><strong>ex</strong></span> <span class='ocrx_word' id='word_1_787' title='bbox 3026 5668 3130 5733; x_wconf 76' lang='lat' dir='ltr'><strong>una</strong></span> <span class='ocrx_word' id='word_1_788' title='bbox 3158 5676 3291 5733; x_wconf 90' lang='lat' dir='ltr'><strong>duas</strong></span> <span class='ocrx_word' id='word_1_789' title='bbox 3323 5678 3525 5736; x_wconf 73' lang='lat' dir='ltr'><strong>effecit.</strong></span> 
     </span>
    </p>
   </div>
   <div class='ocr_carea' id='block_1_117' title="bbox 2161 5742 3779 5867">
    <p class='ocr_par' dir='ltr' id='par_1_117' title="bbox 2161 5742 3779 5867">
     <span class='ocr_line' id='line_1_117' title="bbox 2161 5742 3779 5867; baseline 0.019 -79"><span class='ocrx_word' id='word_1_790' title='bbox 2161 5812 2195 5867; x_wconf 41' lang='grc' dir='ltr'><strong>ι.</strong></span> <span class='ocrx_word' id='word_1_791' title='bbox 2234 5751 2259 5789; x_wconf 86' lang='lat' dir='ltr'><strong>s</strong></span> <span class='ocrx_word' id='word_1_792' title='bbox 2301 5742 2475 5825; x_wconf 55' lang='lat' dir='ltr'><strong>Locus</strong></span> <span class='ocrx_word' id='word_1_793' title='bbox 2516 5746 2862 5817; x_wconf 86' lang='lat' dir='ltr'><strong>depravatus,</strong></span> <span class='ocrx_word' id='word_1_794' title='bbox 2896 5762 3057 5818; x_wconf 86' lang='lat' dir='ltr'><strong>quem</strong></span> <span class='ocrx_word' id='word_1_795' title='bbox 3087 5749 3207 5805; x_wconf 86' lang='lat' dir='ltr'><strong>aliis</strong></span> <span class='ocrx_word' id='word_1_796' title='bbox 3234 5752 3659 5813; x_wconf 85' lang='lat' dir='ltr'><strong>emendandum</strong></span> <span class='ocrx_word' id='word_1_797' title='bbox 3690 5772 3779 5817; x_wconf 74' lang='lat' dir='ltr'><strong>ro-</strong></span> 
     </span>
     <span class='ocr_line' id='line_1_118' title="bbox 2186 5828 2471 5867; baseline 0 0"><span class='ocrx_word' id='word_1_798' title='bbox 2186 5828 2471 5867; x_wconf 77' lang='lat' dir='ltr'><strong>innuimus.</strong></span> 
     </span>
    </p>
   </div>
   <div class='ocr_carea' id='block_1_118' title="bbox 2186 5828 2471 5884">
    <p class='ocr_par' dir='ltr' id='par_1_118' title="bbox 2186 5828 2471 5884">
     <span class='ocr_line' id='line_1_119' title="bbox 2186 5828 2471 5884; baseline 0.007 -17"><span class='ocrx_word' id='word_1_799' title='bbox 2186 5828 2471 5884; x_wconf 77' lang='lat' dir='ltr'><strong>inquimus.</strong></span> 
     </span>
    </p>
   </div>
  </div>
