  <div class='ocr_page' id='page_1' title='image "/cluster/home/n/w/nwhite01/storage/ocr_20150623/55/hvd.32044015471592/064.png"; bbox 0 0 4018 6314; ppageno 0'>
   <div class='ocr_carea' id='block_1_1' title="bbox 232 332 332 391">
    <p class='ocr_par' dir='ltr' id='par_1_1' title="bbox 232 332 332 391">
     <span class='ocr_line' id='line_1_1' title="bbox 232 332 332 391; baseline -0.02 -1"><span class='ocrx_word' id='word_1_1' title='bbox 232 332 332 391; x_wconf 78' lang='lat' dir='ltr'><strong>H7</strong></span> 
     </span>
    </p>
   </div>
   <div class='ocr_carea' id='block_1_2' title="bbox 1040 294 2660 376">
    <p class='ocr_par' dir='ltr' id='par_1_2' title="bbox 1040 294 2660 376">
     <span class='ocr_line' id='line_1_2' title="bbox 1040 294 2660 376; baseline -0.015 0"><span class='ocrx_word' id='word_1_2' title='bbox 1040 317 1243 376; x_wconf 76' lang='lat' dir='ltr'><strong>LIBER</strong></span> <span class='ocrx_word' id='word_1_3' title='bbox 1282 308 1896 373; x_wconf 75' lang='lat' dir='ltr'><strong>SACRAMENTORUM</strong></span> <span class='ocrx_word' id='word_1_4' title='bbox 1936 300 2288 363; x_wconf 57' lang='lat' dir='ltr'><strong>ECC‘LESIAE</strong></span> <span class='ocrx_word' id='word_1_5' title='bbox 2326 294 2660 354; x_wconf 69' lang='grc' dir='ltr'><strong>ΠΟΜΑΝᾸΞ.</strong></span> 
     </span>
    </p>
   </div>
   <div class='ocr_carea' id='block_1_3' title="bbox 3396 292 3501 351">
    <p class='ocr_par' dir='ltr' id='par_1_3' title="bbox 3396 292 3501 351">
     <span class='ocr_line' id='line_1_3' title="bbox 3396 292 3501 351; baseline -0.01 0"><span class='ocrx_word' id='word_1_6' title='bbox 3396 292 3501 351; x_wconf 72' lang='grc'><strong>118</strong></span> 
     </span>
    </p>
   </div>
   <div class='ocr_carea' id='block_1_4' title="bbox 299 408 3501 517">
    <p class='ocr_par' dir='ltr' id='par_1_4' title="bbox 299 408 3501 517">
     <span class='ocr_line' id='line_1_4' title="bbox 299 408 3501 517; baseline -0.011 -17"><span class='ocrx_word' id='word_1_7' title='bbox 299 445 452 500; x_wconf 79' lang='lat' dir='ltr'><strong>lianc</strong></span> <span class='ocrx_word' id='word_1_8' title='bbox 478 441 637 517; x_wconf 87' lang='lat' dir='ltr'><strong>igitur</strong></span> <span class='ocrx_word' id='word_1_9' title='bbox 662 438 1009 501; x_wconf 75' lang='lat' dir='ltr'><strong>oblationem,</strong></span> <span class='ocrx_word' id='word_1_10' title='bbox 1037 446 1199 505; x_wconf 90' lang='lat' dir='ltr'><strong>quam</strong></span> <span class='ocrx_word' id='word_1_11' title='bbox 1229 429 1323 485; x_wconf 90' lang='lat' dir='ltr'><strong>tibi</strong></span> <span class='ocrx_word' id='word_1_12' title='bbox 1356 427 1527 482; x_wconf 85' lang='lat' dir='ltr'><strong>oll‘ero</strong></span> <span class='ocrx_word' id='word_1_13' title='bbox 1558 440 1657 497; x_wconf 89' lang='lat' dir='ltr'><strong>ego</strong></span> <span class='ocrx_word' id='word_1_14' title='bbox 1688 432 1807 478; x_wconf 92' lang='lat' dir='ltr'><strong>tuus</strong></span> <span class='ocrx_word' id='word_1_15' title='bbox 1834 425 1891 485; x_wconf 78' lang='grc' dir='ltr'><strong>Α</strong></span> <span class='ocrx_word' id='word_1_16' title='bbox 1914 433 2162 485; x_wconf 86' lang='lat' dir='ltr'><strong>censura,</strong></span> <span class='ocrx_word' id='word_1_17' title='bbox 2193 425 2467 486; x_wconf 89' lang='lat' dir='ltr'><strong>totumque</strong></span> <span class='ocrx_word' id='word_1_18' title='bbox 2508 413 2791 470; x_wconf 86' lang='lat' dir='ltr'><strong>servitium</strong></span> <span class='ocrx_word' id='word_1_19' title='bbox 2821 410 3128 483; x_wconf 72' lang='lat' dir='ltr'><strong>delegatum</strong></span> <span class='ocrx_word' id='word_1_20' title='bbox 3160 408 3501 465; x_wconf 87' lang='lat' dir='ltr'><strong>rationabili-</strong></span> 
     </span>
    </p>
   </div>
   <div class='ocr_carea' id='block_1_5' title="bbox 229 522 1807 605">
    <p class='ocr_par' dir='ltr' id='par_1_5' title="bbox 229 522 1807 605">
     <span class='ocr_line' id='line_1_5' title="bbox 229 522 1807 605; baseline -0.016 -7"><span class='ocrx_word' id='word_1_21' title='bbox 229 539 463 599; x_wconf 78' lang='lat' dir='ltr'><strong>t‘amulus</strong></span> <span class='ocrx_word' id='word_1_22' title='bbox 488 553 551 592; x_wconf 91' lang='lat' dir='ltr'><strong>ac</strong></span> <span class='ocrx_word' id='word_1_23' title='bbox 580 533 857 603; x_wconf 81' lang='lat' dir='ltr'><strong>sacerdos,</strong></span> <span class='ocrx_word' id='word_1_24' title='bbox 884 548 982 605; x_wconf 92' lang='lat' dir='ltr'><strong>pro</strong></span> <span class='ocrx_word' id='word_1_25' title='bbox 1004 546 1069 587; x_wconf 92' lang='lat' dir='ltr'><strong>eo</strong></span> <span class='ocrx_word' id='word_1_26' title='bbox 1098 527 1238 601; x_wconf 86' lang='lat' dir='ltr'><strong>quod</strong></span> <span class='ocrx_word' id='word_1_27' title='bbox 1261 542 1369 592; x_wconf 90' lang='lat' dir='ltr'><strong>me,</strong></span> <span class='ocrx_word' id='word_1_28' title='bbox 1401 522 1542 578; x_wconf 89' lang='lat' dir='ltr'><strong>nulla</strong></span> <span class='ocrx_word' id='word_1_29' title='bbox 1588 534 1807 592; x_wconf 90' lang='lat' dir='ltr'><strong>prorsus</strong></span> 
     </span>
    </p>
   </div>
   <div class='ocr_carea' id='block_1_6' title="bbox 234 611 1808 706">
    <p class='ocr_par' dir='ltr' id='par_1_6' title="bbox 234 611 1808 706">
     <span class='ocr_line' id='line_1_6' title="bbox 234 611 1808 706; baseline -0.015 -16"><span class='ocrx_word' id='word_1_30' title='bbox 234 632 426 706; x_wconf 72' lang='lat' dir='ltr'><strong>iustitia</strong></span> <span class='ocrx_word' id='word_1_31' title='bbox 454 627 836 692; x_wconf 84' lang='lat' dir='ltr'><strong>confidentem,</strong></span> <span class='ocrx_word' id='word_1_32' title='bbox 860 623 956 681; x_wconf 91' lang='lat' dir='ltr'><strong>sed</strong></span> <span class='ocrx_word' id='word_1_33' title='bbox 979 620 1265 679; x_wconf 77' lang='lat' dir='ltr'><strong>ineﬂ&#39;abilis</strong></span> <span class='ocrx_word' id='word_1_34' title='bbox 1294 613 1677 674; x_wconf 74' lang='lat' dir='ltr'><strong>misericordiae</strong></span> <span class='ocrx_word' id='word_1_35' title='bbox 1700 611 1808 667; x_wconf 87' lang='lat' dir='ltr'><strong>lar-</strong></span> 
     </span>
    </p>
   </div>
   <div class='ocr_carea' id='block_1_7' title="bbox 224 711 1809 805">
    <p class='ocr_par' dir='ltr' id='par_1_7' title="bbox 224 711 1809 805">
     <span class='ocr_line' id='line_1_7' title="bbox 224 711 1809 805; baseline -0.013 -21"><span class='ocrx_word' id='word_1_36' title='bbox 224 729 393 805; x_wconf 78' lang='lat' dir='ltr'><strong>gitate</strong></span> <span class='ocrx_word' id='word_1_37' title='bbox 414 724 646 782; x_wconf 90' lang='lat' dir='ltr'><strong>tribuisti</strong></span> <span class='ocrx_word' id='word_1_38' title='bbox 676 720 1063 779; x_wconf 78' lang='lat' dir='ltr'><strong>sacerdotalem</strong></span> <span class='ocrx_word' id='word_1_39' title='bbox 1092 718 1274 773; x_wconf 90' lang='lat' dir='ltr'><strong>subire</strong></span> <span class='ocrx_word' id='word_1_40' title='bbox 1301 711 1639 778; x_wconf 82' lang='lat' dir='ltr'><strong>famulatum,</strong></span> <span class='ocrx_word' id='word_1_41' title='bbox 1662 724 1809 780; x_wconf 64' lang='lat' dir='ltr'><strong>quae-</strong></span> 
     </span>
    </p>
   </div>
   <div class='ocr_carea' id='block_1_8' title="bbox 235 805 1809 892">
    <p class='ocr_par' dir='ltr' id='par_1_8' title="bbox 235 805 1809 892">
     <span class='ocr_line' id='line_1_8' title="bbox 235 805 1809 892; baseline -0.012 -14"><span class='ocrx_word' id='word_1_42' title='bbox 235 836 445 891; x_wconf 86' lang='lat' dir='ltr'><strong>sumus,</strong></span> <span class='ocrx_word' id='word_1_43' title='bbox 491 822 735 892; x_wconf 82' lang='lat' dir='ltr'><strong>placatus</strong></span> <span class='ocrx_word' id='word_1_44' title='bbox 764 816 1016 887; x_wconf 85' lang='lat' dir='ltr'><strong>accipias,</strong></span> <span class='ocrx_word' id='word_1_45' title='bbox 1052 823 1104 869; x_wconf 91' lang='lat' dir='ltr'><strong>et</strong></span> <span class='ocrx_word' id='word_1_46' title='bbox 1140 822 1228 869; x_wconf 90' lang='lat' dir='ltr'><strong>tua</strong></span> <span class='ocrx_word' id='word_1_47' title='bbox 1276 810 1474 885; x_wconf 84' lang='lat' dir='ltr'><strong>pietate</strong></span> <span class='ocrx_word' id='word_1_48' title='bbox 1521 805 1809 861; x_wconf 83' lang='lat' dir='ltr'><strong>confirmes</strong></span> 
     </span>
    </p>
   </div>
   <div class='ocr_carea' id='block_1_9' title="bbox 224 894 1804 987">
    <p class='ocr_par' dir='ltr' id='par_1_9' title="bbox 224 894 1804 987">
     <span class='ocr_line' id='line_1_9' title="bbox 224 894 1804 987; baseline -0.013 -15"><span class='ocrx_word' id='word_1_49' title='bbox 224 914 367 987; x_wconf 90' lang='lat' dir='ltr'><strong>quod</strong></span> <span class='ocrx_word' id='word_1_50' title='bbox 397 930 456 971; x_wconf 88' lang='lat' dir='ltr'><strong>es</strong></span> <span class='ocrx_word' id='word_1_51' title='bbox 486 922 741 986; x_wconf 83' lang='lat' dir='ltr'><strong>operatus</strong></span> <span class='ocrx_word' id='word_1_52' title='bbox 770 910 824 966; x_wconf 92' lang='lat' dir='ltr'><strong>in</strong></span> <span class='ocrx_word' id='word_1_53' title='bbox 857 909 1033 977; x_wconf 91' lang='lat' dir='ltr'><strong>nobis,</strong></span> <span class='ocrx_word' id='word_1_54' title='bbox 1060 906 1281 977; x_wconf 91' lang='lat' dir='ltr'><strong>diesque</strong></span> <span class='ocrx_word' id='word_1_55' title='bbox 1314 915 1464 959; x_wconf 92' lang='lat' dir='ltr'><strong>meos</strong></span> <span class='ocrx_word' id='word_1_56' title='bbox 1493 894 1804 956; x_wconf 81' lang='lat' dir='ltr'><strong>clementis-</strong></span> 
     </span>
    </p>
   </div>
   <div class='ocr_carea' id='block_1_10' title="bbox 224 999 1373 1080">
    <p class='ocr_par' dir='ltr' id='par_1_10' title="bbox 224 999 1373 1080">
     <span class='ocr_line' id='line_1_10' title="bbox 224 999 1373 1080; baseline -0.009 -15"><span class='ocrx_word' id='word_1_57' title='bbox 224 1010 361 1065; x_wconf 86' lang='lat' dir='ltr'><strong>sima</strong></span> <span class='ocrx_word' id='word_1_58' title='bbox 392 1005 781 1080; x_wconf 78' lang='lat' dir='ltr'><strong>gubernatione</strong></span> <span class='ocrx_word' id='word_1_59' title='bbox 803 1002 1076 1075; x_wconf 85' lang='lat' dir='ltr'><strong>disponas.</strong></span> <span class='ocrx_word' id='word_1_60' title='bbox 1109 999 1234 1067; x_wconf 88' lang='lat' dir='ltr'><strong>Per,</strong></span> <span class='ocrx_word' id='word_1_61' title='bbox 1259 1005 1373 1055; x_wconf 82' lang='lat' dir='ltr'><strong>etc.</strong></span> 
     </span>
    </p>
   </div>
   <div class='ocr_carea' id='block_1_11' title="bbox 296 1083 1808 1169">
    <p class='ocr_par' dir='ltr' id='par_1_11' title="bbox 296 1083 1808 1169">
     <span class='ocr_line' id='line_1_11' title="bbox 296 1083 1808 1169; baseline -0.012 -15"><span class='ocrx_word' id='word_1_62' title='bbox 296 1101 409 1169; x_wconf 88' lang='lat' dir='ltr'><strong>Qua</strong></span> <span class='ocrx_word' id='word_1_63' title='bbox 433 1100 703 1156; x_wconf 89' lang='lat' dir='ltr'><strong>oblatione</strong></span> <span class='ocrx_word' id='word_1_64' title='bbox 750 1096 910 1151; x_wconf 88' lang='lat' dir='ltr'><strong>totius</strong></span> <span class='ocrx_word' id='word_1_65' title='bbox 939 1108 1148 1150; x_wconf 91' lang='lat' dir='ltr'><strong>mecum</strong></span> <span class='ocrx_word' id='word_1_66' title='bbox 1177 1086 1497 1164; x_wconf 72' lang='lat' dir='ltr'><strong>gratulantis</strong></span> <span class='ocrx_word' id='word_1_67' title='bbox 1528 1083 1808 1147; x_wconf 55' lang='lat' dir='ltr'><strong>Ecclesia,</strong></span> 
     </span>
    </p>
   </div>
   <div class='ocr_carea' id='block_1_12' title="bbox 226 1192 833 1251">
    <p class='ocr_par' dir='ltr' id='par_1_12' title="bbox 226 1192 833 1251">
     <span class='ocr_line' id='line_1_12' title="bbox 226 1192 833 1251; baseline -0.012 0"><span class='ocrx_word' id='word_1_68' title='bbox 226 1203 282 1251; x_wconf 86' lang='lat' dir='ltr'><strong>tu</strong></span> <span class='ocrx_word' id='word_1_69' title='bbox 310 1195 451 1251; x_wconf 89' lang='lat' dir='ltr'><strong>Deus</strong></span> <span class='ocrx_word' id='word_1_70' title='bbox 481 1194 532 1249; x_wconf 90' lang='lat' dir='ltr'><strong>in</strong></span> <span class='ocrx_word' id='word_1_71' title='bbox 561 1192 833 1249; x_wconf 90' lang='lat' dir='ltr'><strong>omnibus.</strong></span> 
     </span>
    </p>
   </div>
   <div class='ocr_carea' id='block_1_13' title="bbox 296 1268 1819 1359">
    <p class='ocr_par' dir='ltr' id='par_1_13' title="bbox 296 1268 1819 1359">
     <span class='ocr_line' id='line_1_13' title="bbox 296 1268 1819 1359; baseline -0.012 -16"><span class='ocrx_word' id='word_1_72' title='bbox 296 1287 650 1359; x_wconf 82' lang='lat' dir='ltr'><strong>Omnipotens</strong></span> <span class='ocrx_word' id='word_1_73' title='bbox 676 1293 731 1341; x_wconf 82' lang='lat' dir='ltr'><strong>et</strong></span> <span class='ocrx_word' id='word_1_74' title='bbox 766 1282 1073 1339; x_wconf 87' lang='lat' dir='ltr'><strong>misericors</strong></span> <span class='ocrx_word' id='word_1_75' title='bbox 1105 1278 1275 1343; x_wconf 86' lang='lat' dir='ltr'><strong>Deus,</strong></span> <span class='ocrx_word' id='word_1_76' title='bbox 1307 1273 1397 1347; x_wconf 89' lang='lat' dir='ltr'><strong>qui</strong></span> <span class='ocrx_word' id='word_1_77' title='bbox 1437 1286 1538 1327; x_wconf 92' lang='lat' dir='ltr'><strong>nos</strong></span> <span class='ocrx_word' id='word_1_78' title='bbox 1578 1269 1645 1325; x_wconf 90' lang='lat' dir='ltr'><strong>ad</strong></span> <span class='ocrx_word' id='word_1_79' title='bbox 1677 1268 1819 1325; x_wconf 84' lang='lat' dir='ltr'><strong>cele-</strong></span> 
     </span>
    </p>
   </div>
   <div class='ocr_carea' id='block_1_14' title="bbox 222 1368 1817 1446">
    <p class='ocr_par' dir='ltr' id='par_1_14' title="bbox 222 1368 1817 1446">
     <span class='ocr_line' id='line_1_14' title="bbox 222 1368 1817 1446; baseline -0.012 -11"><span class='ocrx_word' id='word_1_80' title='bbox 222 1380 476 1436; x_wconf 84' lang='lat' dir='ltr'><strong>britatem</strong></span> <span class='ocrx_word' id='word_1_81' title='bbox 499 1378 688 1435; x_wconf 89' lang='lat' dir='ltr'><strong>venire</strong></span> <span class='ocrx_word' id='word_1_82' title='bbox 708 1377 869 1446; x_wconf 78' lang='lat' dir='ltr'><strong>hujus</strong></span> <span class='ocrx_word' id='word_1_83' title='bbox 897 1373 1005 1428; x_wconf 89' lang='lat' dir='ltr'><strong>diei</strong></span> <span class='ocrx_word' id='word_1_84' title='bbox 1029 1368 1325 1434; x_wconf 86' lang='lat' dir='ltr'><strong>contulisti,</strong></span> <span class='ocrx_word' id='word_1_85' title='bbox 1358 1376 1579 1438; x_wconf 62' lang='lat' dir='ltr'><strong>praesta,</strong></span> <span class='ocrx_word' id='word_1_86' title='bbox 1602 1371 1817 1435; x_wconf 67' lang='lat' dir='ltr'><strong>quaesu-</strong></span> 
     </span>
    </p>
   </div>
   <div class='ocr_carea' id='block_1_15' title="bbox 223 1454 1816 1541">
    <p class='ocr_par' dir='ltr' id='par_1_15' title="bbox 223 1454 1816 1541">
     <span class='ocr_line' id='line_1_15' title="bbox 223 1454 1816 1541; baseline -0.011 -15"><span class='ocrx_word' id='word_1_87' title='bbox 223 1488 366 1539; x_wconf 87' lang='lat' dir='ltr'><strong>mus,</strong></span> <span class='ocrx_word' id='word_1_88' title='bbox 386 1482 444 1527; x_wconf 93' lang='lat' dir='ltr'><strong>ut</strong></span> <span class='ocrx_word' id='word_1_89' title='bbox 467 1471 540 1525; x_wconf 89' lang='lat' dir='ltr'><strong>tui</strong></span> <span class='ocrx_word' id='word_1_90' title='bbox 572 1468 922 1541; x_wconf 86' lang='lat' dir='ltr'><strong>perceptione</strong></span> <span class='ocrx_word' id='word_1_91' title='bbox 944 1460 1283 1528; x_wconf 83' lang='lat' dir='ltr'><strong>sacramenti,</strong></span> <span class='ocrx_word' id='word_1_92' title='bbox 1307 1468 1361 1513; x_wconf 90' lang='lat' dir='ltr'><strong>et</strong></span> <span class='ocrx_word' id='word_1_93' title='bbox 1381 1457 1637 1512; x_wconf 83' lang='lat' dir='ltr'><strong>securitas</strong></span> <span class='ocrx_word' id='word_1_94' title='bbox 1663 1454 1816 1509; x_wconf 90' lang='lat' dir='ltr'><strong>nobis</strong></span> 
     </span>
    </p>
   </div>
   <div class='ocr_carea' id='block_1_16' title="bbox 224 1549 1815 1637">
    <p class='ocr_par' dir='ltr' id='par_1_16' title="bbox 224 1549 1815 1637">
     <span class='ocr_line' id='line_1_16' title="bbox 224 1549 1815 1637; baseline -0.011 -18"><span class='ocrx_word' id='word_1_95' title='bbox 224 1572 412 1636; x_wconf 88' lang='lat' dir='ltr'><strong>optata</strong></span> <span class='ocrx_word' id='word_1_96' title='bbox 440 1562 566 1637; x_wconf 83' lang='lat' dir='ltr'><strong>(At.</strong></span> <span class='ocrx_word' id='word_1_97' title='bbox 620 1556 933 1633; x_wconf 82' lang='lat' dir='ltr'><strong>profutura)</strong></span> <span class='ocrx_word' id='word_1_98' title='bbox 968 1554 1263 1628; x_wconf 85' lang='lat' dir='ltr'><strong>proveniat,</strong></span> <span class='ocrx_word' id='word_1_99' title='bbox 1295 1562 1349 1608; x_wconf 90' lang='lat' dir='ltr'><strong>et</strong></span> <span class='ocrx_word' id='word_1_100' title='bbox 1378 1549 1649 1623; x_wconf 78' lang='lat' dir='ltr'><strong>religionis</strong></span> <span class='ocrx_word' id='word_1_101' title='bbox 1680 1550 1815 1603; x_wconf 56' lang='lat' dir='ltr'><strong>inte.</strong></span> 
     </span>
    </p>
   </div>
   <div class='ocr_carea' id='block_1_17' title="bbox 227 1653 706 1726">
    <p class='ocr_par' dir='ltr' id='par_1_17' title="bbox 227 1653 706 1726">
     <span class='ocr_line' id='line_1_17' title="bbox 227 1653 706 1726; baseline -0.008 -16"><span class='ocrx_word' id='word_1_102' title='bbox 227 1656 419 1726; x_wconf 88' lang='lat' dir='ltr'><strong>gritas.</strong></span> <span class='ocrx_word' id='word_1_103' title='bbox 453 1653 578 1720; x_wconf 82' lang='lat' dir='ltr'><strong>Per,</strong></span> <span class='ocrx_word' id='word_1_104' title='bbox 604 1662 706 1707; x_wconf 89' lang='lat' dir='ltr'><strong>etc.</strong></span> 
     </span>
    </p>
   </div>
   <div class='ocr_carea' id='block_1_18' title="bbox 310 1734 1815 1825">
    <p class='ocr_par' dir='ltr' id='par_1_18' title="bbox 310 1734 1815 1825">
     <span class='ocr_line' id='line_1_18' title="bbox 310 1734 1815 1825; baseline -0.01 -23"><span class='ocrx_word' id='word_1_105' title='bbox 310 1749 403 1815; x_wconf 89' lang='lat' dir='ltr'><strong>Da,</strong></span> <span class='ocrx_word' id='word_1_106' title='bbox 428 1759 759 1825; x_wconf 73' lang='lat' dir='ltr'><strong>qumsumus,</strong></span> <span class='ocrx_word' id='word_1_107' title='bbox 788 1740 1033 1805; x_wconf 90' lang='lat' dir='ltr'><strong>Domine,</strong></span> <span class='ocrx_word' id='word_1_108' title='bbox 1070 1737 1281 1795; x_wconf 76' lang='lat' dir='ltr'><strong>familia:</strong></span> <span class='ocrx_word' id='word_1_109' title='bbox 1305 1742 1406 1791; x_wconf 67' lang='lat' dir='ltr'><strong>tua:</strong></span> <span class='ocrx_word' id='word_1_110' title='bbox 1438 1750 1560 1790; x_wconf 91' lang='lat' dir='ltr'><strong>cum</strong></span> <span class='ocrx_word' id='word_1_111' title='bbox 1591 1734 1699 1789; x_wconf 88' lang='lat' dir='ltr'><strong>suis</strong></span> <span class='ocrx_word' id='word_1_112' title='bbox 1723 1748 1815 1806; x_wconf 85' lang='lat' dir='ltr'><strong>pa-</strong></span> 
     </span>
    </p>
   </div>
   <div class='ocr_carea' id='block_1_19' title="bbox 1914 501 3501 583">
    <p class='ocr_par' dir='ltr' id='par_1_19' title="bbox 1914 501 3501 583">
     <span class='ocr_line' id='line_1_19' title="bbox 1914 501 3501 583; baseline -0.004 -16"><span class='ocrx_word' id='word_1_113' title='bbox 1914 520 1997 569; x_wconf 91' lang='lat' dir='ltr'><strong>ter</strong></span> <span class='ocrx_word' id='word_1_114' title='bbox 2023 517 2396 583; x_wconf 79' lang='lat' dir='ltr'><strong>exsequentes,</strong></span> <span class='ocrx_word' id='word_1_115' title='bbox 2419 524 2524 565; x_wconf 92' lang='lat' dir='ltr'><strong>non</strong></span> <span class='ocrx_word' id='word_1_116' title='bbox 2550 516 2756 564; x_wconf 83' lang='lat' dir='ltr'><strong>reatum</strong></span> <span class='ocrx_word' id='word_1_117' title='bbox 2779 501 2846 562; x_wconf 88' lang='lat' dir='ltr'><strong>de</strong></span> <span class='ocrx_word' id='word_1_118' title='bbox 2876 507 3117 576; x_wconf 88' lang='lat' dir='ltr'><strong>neglecto</strong></span> <span class='ocrx_word' id='word_1_119' title='bbox 3145 502 3358 558; x_wconf 86' lang='lat' dir='ltr'><strong>Domini</strong></span> <span class='ocrx_word' id='word_1_120' title='bbox 3376 502 3501 561; x_wconf 52' lang='lat' dir='ltr'><strong>sub.</strong></span> 
     </span>
    </p>
   </div>
   <div class='ocr_carea' id='block_1_20' title="bbox 1912 599 3500 677">
    <p class='ocr_par' dir='ltr' id='par_1_20' title="bbox 1912 599 3500 677">
     <span class='ocr_line' id='line_1_20' title="bbox 1912 599 3500 677; baseline -0.006 -13"><span class='ocrx_word' id='word_1_121' title='bbox 1912 622 2100 665; x_wconf 90' lang='lat' dir='ltr'><strong>eamus</strong></span> <span class='ocrx_word' id='word_1_122' title='bbox 2129 614 2439 677; x_wconf 88' lang='lat' dir='ltr'><strong>augmento,</strong></span> <span class='ocrx_word' id='word_1_123' title='bbox 2474 604 2566 659; x_wconf 85' lang='lat' dir='ltr'><strong>sed</strong></span> <span class='ocrx_word' id='word_1_124' title='bbox 2600 603 2901 658; x_wconf 91' lang='lat' dir='ltr'><strong>divinorum</strong></span> <span class='ocrx_word' id='word_1_125' title='bbox 2950 602 3105 656; x_wconf 91' lang='lat' dir='ltr'><strong>nobis</strong></span> <span class='ocrx_word' id='word_1_126' title='bbox 3145 599 3500 673; x_wconf 80' lang='lat' dir='ltr'><strong>multiplicata</strong></span> 
     </span>
    </p>
   </div>
   <div class='ocr_carea' id='block_1_21' title="bbox 1912 694 3214 773">
    <p class='ocr_par' dir='ltr' id='par_1_21' title="bbox 1912 694 3214 773">
     <span class='ocr_line' id='line_1_21' title="bbox 1912 694 3214 773; baseline -0.008 -16"><span class='ocrx_word' id='word_1_127' title='bbox 1912 702 2193 773; x_wconf 82' lang='lat' dir='ltr'><strong>proveniat</strong></span> <span class='ocrx_word' id='word_1_128' title='bbox 2224 696 2551 768; x_wconf 88' lang='lat' dir='ltr'><strong>dispensatio</strong></span> <span class='ocrx_word' id='word_1_129' title='bbox 2581 696 2917 751; x_wconf 86' lang='lat' dir='ltr'><strong>talentorum.</strong></span> <span class='ocrx_word' id='word_1_130' title='bbox 2954 694 3076 761; x_wconf 87' lang='lat' dir='ltr'><strong>Per,</strong></span> <span class='ocrx_word' id='word_1_131' title='bbox 3108 701 3214 749; x_wconf 89' lang='lat' dir='ltr'><strong>etc.</strong></span> 
     </span>
    </p>
   </div>
   <div class='ocr_carea' id='block_1_22' title="bbox 1981 782 3497 866">
    <p class='ocr_par' dir='ltr' id='par_1_22' title="bbox 1981 782 3497 866">
     <span class='ocr_line' id='line_1_22' title="bbox 1981 782 3497 866; baseline -0.008 -15"><span class='ocrx_word' id='word_1_132' title='bbox 1981 795 2146 860; x_wconf 88' lang='lat' dir='ltr'><strong>Deus,</strong></span> <span class='ocrx_word' id='word_1_133' title='bbox 2161 793 2249 866; x_wconf 92' lang='lat' dir='ltr'><strong>qui</strong></span> <span class='ocrx_word' id='word_1_134' title='bbox 2272 806 2370 847; x_wconf 87' lang='lat' dir='ltr'><strong>nos</strong></span> <span class='ocrx_word' id='word_1_135' title='bbox 2388 789 2739 844; x_wconf 85' lang='lat' dir='ltr'><strong>sacramentis</strong></span> <span class='ocrx_word' id='word_1_136' title='bbox 2762 788 2864 844; x_wconf 84' lang='lat' dir='ltr'><strong>tuis</strong></span> <span class='ocrx_word' id='word_1_137' title='bbox 2884 803 3106 859; x_wconf 83' lang='lat' dir='ltr'><strong>pascere</strong></span> <span class='ocrx_word' id='word_1_138' title='bbox 3130 802 3234 841; x_wconf 91' lang='lat' dir='ltr'><strong>non</strong></span> <span class='ocrx_word' id='word_1_139' title='bbox 3259 782 3497 853; x_wconf 85' lang='lat' dir='ltr'><strong>desistis,</strong></span> 
     </span>
    </p>
   </div>
   <div class='ocr_carea' id='block_1_23' title="bbox 1912 877 3499 956">
    <p class='ocr_par' dir='ltr' id='par_1_23' title="bbox 1912 877 3499 956">
     <span class='ocr_line' id='line_1_23' title="bbox 1912 877 3499 956; baseline -0.009 -11"><span class='ocrx_word' id='word_1_140' title='bbox 1912 889 2111 952; x_wconf 88' lang='lat' dir='ltr'><strong>tribue,</strong></span> <span class='ocrx_word' id='word_1_141' title='bbox 2164 897 2498 956; x_wconf 68' lang='lat' dir='ltr'><strong>quaesumus,</strong></span> <span class='ocrx_word' id='word_1_142' title='bbox 2535 888 2596 935; x_wconf 94' lang='lat' dir='ltr'><strong>ut</strong></span> <span class='ocrx_word' id='word_1_143' title='bbox 2626 895 2805 935; x_wconf 88' lang='lat' dir='ltr'><strong>eorum</strong></span> <span class='ocrx_word' id='word_1_144' title='bbox 2849 880 3000 935; x_wconf 90' lang='lat' dir='ltr'><strong>nobis</strong></span> <span class='ocrx_word' id='word_1_145' title='bbox 3042 878 3245 933; x_wconf 85' lang='lat' dir='ltr'><strong>indulta</strong></span> <span class='ocrx_word' id='word_1_146' title='bbox 3278 877 3499 933; x_wconf 82' lang='lat' dir='ltr'><strong>refectio</strong></span> 
     </span>
    </p>
   </div>
   <div class='ocr_carea' id='block_1_24' title="bbox 1911 971 3063 1044">
    <p class='ocr_par' dir='ltr' id='par_1_24' title="bbox 1911 971 3063 1044">
     <span class='ocr_line' id='line_1_24' title="bbox 1911 971 3063 1044; baseline -0.01 -7"><span class='ocrx_word' id='word_1_147' title='bbox 1911 983 2076 1037; x_wconf 90' lang='lat' dir='ltr'><strong>vitam</strong></span> <span class='ocrx_word' id='word_1_148' title='bbox 2102 978 2344 1035; x_wconf 85' lang='lat' dir='ltr'><strong>conferat</strong></span> <span class='ocrx_word' id='word_1_149' title='bbox 2373 974 2779 1044; x_wconf 87' lang='lat' dir='ltr'><strong>sempiternam.</strong></span> <span class='ocrx_word' id='word_1_150' title='bbox 2812 971 2931 1037; x_wconf 84' lang='lat' dir='ltr'><strong>Per,</strong></span> <span class='ocrx_word' id='word_1_151' title='bbox 2960 981 3063 1026; x_wconf 85' lang='lat' dir='ltr'><strong>etc.</strong></span> 
     </span>
    </p>
   </div>
   <div class='ocr_carea' id='block_1_25' title="bbox 1979 1066 3498 1148">
    <p class='ocr_par' dir='ltr' id='par_1_25' title="bbox 1979 1066 3498 1148">
     <span class='ocr_line' id='line_1_25' title="bbox 1979 1066 3498 1148; baseline -0.009 -14"><span class='ocrx_word' id='word_1_152' title='bbox 1979 1077 2235 1148; x_wconf 78' lang='lat' dir='ltr'><strong>Respice,</strong></span> <span class='ocrx_word' id='word_1_153' title='bbox 2266 1074 2514 1138; x_wconf 84' lang='lat' dir='ltr'><strong>Domine,</strong></span> <span class='ocrx_word' id='word_1_154' title='bbox 2544 1069 2805 1142; x_wconf 90' lang='lat' dir='ltr'><strong>pr0pitius</strong></span> <span class='ocrx_word' id='word_1_155' title='bbox 2830 1066 3081 1121; x_wconf 77' lang='lat' dir='ltr'><strong>familiam</strong></span> <span class='ocrx_word' id='word_1_156' title='bbox 3116 1077 3281 1134; x_wconf 84' lang='lat' dir='ltr'><strong>tuam,</strong></span> <span class='ocrx_word' id='word_1_157' title='bbox 3310 1075 3498 1137; x_wconf 85' lang='lat' dir='ltr'><strong>etper-</strong></span> 
     </span>
    </p>
   </div>
   <div class='ocr_carea' id='block_1_26' title="bbox 1916 1160 3501 1246">
    <p class='ocr_par' dir='ltr' id='par_1_26' title="bbox 1916 1160 3501 1246">
     <span class='ocr_line' id='line_1_26' title="bbox 1916 1160 3501 1246; baseline -0.009 -19"><span class='ocrx_word' id='word_1_158' title='bbox 1916 1181 2135 1246; x_wconf 90' lang='lat' dir='ltr'><strong>petuam</strong></span> <span class='ocrx_word' id='word_1_159' title='bbox 2183 1169 2378 1239; x_wconf 81' lang='lat' dir='ltr'><strong>largire</strong></span> <span class='ocrx_word' id='word_1_160' title='bbox 2427 1160 2856 1220; x_wconf 87' lang='lat' dir='ltr'><strong>misericordiam</strong></span> <span class='ocrx_word' id='word_1_161' title='bbox 2900 1160 3248 1228; x_wconf 86' lang='lat' dir='ltr'><strong>supplicanti,</strong></span> <span class='ocrx_word' id='word_1_162' title='bbox 3283 1170 3339 1213; x_wconf 90' lang='lat' dir='ltr'><strong>ut</strong></span> <span class='ocrx_word' id='word_1_163' title='bbox 3384 1160 3501 1213; x_wconf 86' lang='lat' dir='ltr'><strong>sino</strong></span> 
     </span>
    </p>
   </div>
   <div class='ocr_carea' id='block_1_27' title="bbox 1919 1252 3501 1337">
    <p class='ocr_par' dir='ltr' id='par_1_27' title="bbox 1919 1252 3501 1337">
     <span class='ocr_line' id='line_1_27' title="bbox 1919 1252 3501 1337; baseline -0.008 -18"><span class='ocrx_word' id='word_1_164' title='bbox 1919 1280 2022 1337; x_wconf 89' lang='lat' dir='ltr'><strong>qua</strong></span> <span class='ocrx_word' id='word_1_165' title='bbox 2054 1262 2185 1318; x_wconf 87' lang='lat' dir='ltr'><strong>nihil</strong></span> <span class='ocrx_word' id='word_1_166' title='bbox 2221 1268 2395 1335; x_wconf 88' lang='lat' dir='ltr'><strong>potest</strong></span> <span class='ocrx_word' id='word_1_167' title='bbox 2421 1274 2451 1313; x_wconf 90' lang='lat' dir='ltr'><strong>a</strong></span> <span class='ocrx_word' id='word_1_168' title='bbox 2480 1273 2540 1312; x_wconf 90' lang='lat' dir='ltr'><strong>se</strong></span> <span class='ocrx_word' id='word_1_169' title='bbox 2570 1256 2789 1325; x_wconf 90' lang='lat' dir='ltr'><strong>dignum</strong></span> <span class='ocrx_word' id='word_1_170' title='bbox 2837 1267 3061 1323; x_wconf 90' lang='lat' dir='ltr'><strong>prorsus</strong></span> <span class='ocrx_word' id='word_1_171' title='bbox 3115 1252 3351 1319; x_wconf 89' lang='lat' dir='ltr'><strong>efllcere,</strong></span> <span class='ocrx_word' id='word_1_172' title='bbox 3408 1268 3501 1321; x_wconf 88' lang='lat' dir='ltr'><strong>per</strong></span> 
     </span>
    </p>
   </div>
   <div class='ocr_carea' id='block_1_28' title="bbox 1918 1344 3502 1424">
    <p class='ocr_par' dir='ltr' id='par_1_28' title="bbox 1918 1344 3502 1424">
     <span class='ocr_line' id='line_1_28' title="bbox 1918 1344 3502 1424; baseline -0.011 -7"><span class='ocrx_word' id='word_1_173' title='bbox 1918 1375 2037 1417; x_wconf 89' lang='lat' dir='ltr'><strong>eam</strong></span> <span class='ocrx_word' id='word_1_174' title='bbox 2070 1356 2323 1413; x_wconf 87' lang='lat' dir='ltr'><strong>salutaria</strong></span> <span class='ocrx_word' id='word_1_175' title='bbox 2353 1362 2438 1409; x_wconf 92' lang='lat' dir='ltr'><strong>tua</strong></span> <span class='ocrx_word' id='word_1_176' title='bbox 2470 1350 2627 1424; x_wconf 79' lang='lat'><strong>116</strong></span> <span class='ocrx_word' id='word_1_177' title='bbox 2660 1358 2929 1423; x_wconf 83' lang='lat' dir='ltr'><strong>praecepta</strong></span> <span class='ocrx_word' id='word_1_178' title='bbox 2961 1346 3069 1417; x_wconf 81' lang='grc' dir='ltr'><strong>(ΑΙ.</strong></span> <span class='ocrx_word' id='word_1_179' title='bbox 3096 1362 3217 1419; x_wconf 66' lang='lat' dir='ltr'><strong>quae</strong></span> <span class='ocrx_word' id='word_1_180' title='bbox 3241 1344 3502 1418; x_wconf 71' lang='lat' dir='ltr'><strong>prmcipisl</strong></span> 
     </span>
    </p>
   </div>
   <div class='ocr_carea' id='block_1_29' title="bbox 1916 1446 2761 1521">
    <p class='ocr_par' dir='ltr' id='par_1_29' title="bbox 1916 1446 2761 1521">
     <span class='ocr_line' id='line_1_29' title="bbox 1916 1446 2761 1521; baseline -0.02 -8"><span class='ocrx_word' id='word_1_181' title='bbox 1916 1464 2191 1513; x_wconf 86' lang='lat' dir='ltr'><strong>mereatur</strong></span> <span class='ocrx_word' id='word_1_182' title='bbox 2221 1449 2464 1521; x_wconf 91' lang='lat' dir='ltr'><strong>implere.</strong></span> <span class='ocrx_word' id='word_1_183' title='bbox 2500 1446 2624 1511; x_wconf 83' lang='lat' dir='ltr'><strong>Per,</strong></span> <span class='ocrx_word' id='word_1_184' title='bbox 2654 1453 2761 1500; x_wconf 90' lang='lat' dir='ltr'><strong>etc.</strong></span> 
     </span>
    </p>
   </div>
   <div class='ocr_carea' id='block_1_30' title="bbox 1987 1534 3506 1613">
    <p class='ocr_par' dir='ltr' id='par_1_30' title="bbox 1987 1534 3506 1613">
     <span class='ocr_line' id='line_1_30' title="bbox 1987 1534 3506 1613; baseline -0.008 -12"><span class='ocrx_word' id='word_1_185' title='bbox 1987 1546 2077 1601; x_wconf 88' lang='lat' dir='ltr'><strong>Ill.</strong></span> <span class='ocrx_word' id='word_1_186' title='bbox 2119 1543 2251 1600; x_wconf 84' lang='lat' dir='ltr'><strong>Item</strong></span> <span class='ocrx_word' id='word_1_187' title='bbox 2278 1544 2402 1598; x_wconf 81' lang='lat' dir='ltr'><strong>alia.</strong></span> <span class='ocrx_word' id='word_1_188' title='bbox 2430 1572 2497 1583; x_wconf 91' lang='lat'><strong><em>—</em></strong></span> <span class='ocrx_word' id='word_1_189' title='bbox 2525 1540 2685 1607; x_wconf 89' lang='lat' dir='ltr'><strong>Deus,</strong></span> <span class='ocrx_word' id='word_1_190' title='bbox 2721 1539 2808 1613; x_wconf 90' lang='lat' dir='ltr'><strong>qui</strong></span> <span class='ocrx_word' id='word_1_191' title='bbox 2832 1539 3134 1595; x_wconf 87' lang='lat' dir='ltr'><strong>Ecclesiam</strong></span> <span class='ocrx_word' id='word_1_192' title='bbox 3169 1545 3312 1593; x_wconf 90' lang='lat' dir='ltr'><strong>tuam</strong></span> <span class='ocrx_word' id='word_1_193' title='bbox 3342 1537 3394 1592; x_wconf 93' lang='lat' dir='ltr'><strong>in</strong></span> <span class='ocrx_word' id='word_1_194' title='bbox 3426 1534 3506 1592; x_wconf 62' lang='lat' dir='ltr'><strong>di-</strong></span> 
     </span>
    </p>
   </div>
   <div class='ocr_carea' id='block_1_31' title="bbox 1915 1630 3487 1704">
    <p class='ocr_par' dir='ltr' id='par_1_31' title="bbox 1915 1630 3487 1704">
     <span class='ocr_line' id='line_1_31' title="bbox 1915 1630 3487 1704; baseline -0.005 -11"><span class='ocrx_word' id='word_1_195' title='bbox 1915 1638 2146 1695; x_wconf 88' lang='lat' dir='ltr'><strong>lectione</strong></span> <span class='ocrx_word' id='word_1_196' title='bbox 2171 1644 2273 1691; x_wconf 69' lang='lat' dir='ltr'><strong>tute</strong></span> <span class='ocrx_word' id='word_1_197' title='bbox 2292 1631 2593 1689; x_wconf 88' lang='lat' dir='ltr'><strong>Diviuitatis</strong></span> <span class='ocrx_word' id='word_1_198' title='bbox 2615 1639 2669 1687; x_wconf 90' lang='lat' dir='ltr'><strong>et</strong></span> <span class='ocrx_word' id='word_1_199' title='bbox 2693 1630 2921 1704; x_wconf 79' lang='lat' dir='ltr'><strong>proximi</strong></span> <span class='ocrx_word' id='word_1_200' title='bbox 2944 1640 3138 1685; x_wconf 89' lang='lat' dir='ltr'><strong>cuncta</strong></span> <span class='ocrx_word' id='word_1_201' title='bbox 3163 1644 3379 1685; x_wconf 88' lang='lat' dir='ltr'><strong>servare</strong></span> <span class='ocrx_word' id='word_1_202' title='bbox 3402 1642 3487 1685; x_wconf 74' lang='lat' dir='ltr'><strong>cm</strong></span> 
     </span>
    </p>
   </div>
   <div class='ocr_carea' id='block_1_32' title="bbox 1915 1720 3511 1792">
    <p class='ocr_par' dir='ltr' id='par_1_32' title="bbox 1915 1720 3511 1792">
     <span class='ocr_line' id='line_1_32' title="bbox 1915 1720 3511 1792; baseline -0.009 -5"><span class='ocrx_word' id='word_1_203' title='bbox 1915 1732 2069 1789; x_wconf 87' lang='lat' dir='ltr'><strong>lestia</strong></span> <span class='ocrx_word' id='word_1_204' title='bbox 2100 1728 2347 1785; x_wconf 88' lang='lat' dir='ltr'><strong>mandata</strong></span> <span class='ocrx_word' id='word_1_205' title='bbox 2378 1725 2630 1791; x_wconf 89' lang='lat' dir='ltr'><strong>docuisti,</strong></span> <span class='ocrx_word' id='word_1_206' title='bbox 2682 1723 2748 1777; x_wconf 90' lang='lat' dir='ltr'><strong>da</strong></span> <span class='ocrx_word' id='word_1_207' title='bbox 2776 1721 2932 1777; x_wconf 89' lang='lat' dir='ltr'><strong>nobis</strong></span> <span class='ocrx_word' id='word_1_208' title='bbox 2978 1720 3224 1792; x_wconf 89' lang='lat' dir='ltr'><strong>spiritum</strong></span> <span class='ocrx_word' id='word_1_209' title='bbox 3275 1720 3421 1791; x_wconf 86' lang='lat' dir='ltr'><strong>pacis</strong></span> <span class='ocrx_word' id='word_1_210' title='bbox 3456 1729 3511 1775; x_wconf 54' lang='lat' dir='ltr'><strong>ei,</strong></span> 
     </span>
    </p>
   </div>
   <div class='ocr_carea' id='block_1_33' title="bbox 222 1813 3504 1904">
    <p class='ocr_par' dir='ltr' id='par_1_33' title="bbox 222 1813 3504 1904">
     <span class='ocr_line' id='line_1_33' title="bbox 222 1813 3504 1904; baseline -0.008 -7"><span class='ocrx_word' id='word_1_211' title='bbox 222 1856 344 1897; x_wconf 89' lang='lat' dir='ltr'><strong>cem</strong></span> <span class='ocrx_word' id='word_1_212' title='bbox 380 1813 580 1896; x_wconf 64' lang='lat' dir='ltr'><strong>habere</strong></span> <span class='ocrx_word' id='word_1_213' title='bbox 609 1835 931 1902; x_wconf 90' lang='lat' dir='ltr'><strong>rectoribus,</strong></span> <span class='ocrx_word' id='word_1_214' title='bbox 970 1840 1027 1887; x_wconf 90' lang='lat' dir='ltr'><strong>ut</strong></span> <span class='ocrx_word' id='word_1_215' title='bbox 1055 1845 1280 1904; x_wconf 89' lang='lat' dir='ltr'><strong>quorum</strong></span> <span class='ocrx_word' id='word_1_216' title='bbox 1326 1829 1532 1884; x_wconf 87' lang='lat' dir='ltr'><strong>honore</strong></span> <span class='ocrx_word' id='word_1_217' title='bbox 1576 1842 1811 1897; x_wconf 87' lang='lat' dir='ltr'><strong>congau-</strong></span> <span class='ocrx_word' id='word_1_218' title='bbox 1842 1817 1891 1887; x_wconf 80' lang='grc' dir='ltr'><strong>Β</strong></span> <span class='ocrx_word' id='word_1_219' title='bbox 1916 1827 2125 1904; x_wconf 76' lang='lat' dir='ltr'><strong>gratiae,</strong></span> <span class='ocrx_word' id='word_1_220' title='bbox 2160 1834 2214 1879; x_wconf 91' lang='lat' dir='ltr'><strong>ut</strong></span> <span class='ocrx_word' id='word_1_221' title='bbox 2243 1823 2493 1879; x_wconf 90' lang='lat' dir='ltr'><strong>universa</strong></span> <span class='ocrx_word' id='word_1_222' title='bbox 2524 1819 2721 1875; x_wconf 78' lang='lat' dir='ltr'><strong>familia</strong></span> <span class='ocrx_word' id='word_1_223' title='bbox 2763 1826 2851 1872; x_wconf 89' lang='lat' dir='ltr'><strong>tua</strong></span> <span class='ocrx_word' id='word_1_224' title='bbox 2878 1826 2932 1874; x_wconf 90' lang='lat' dir='ltr'><strong>et</strong></span> <span class='ocrx_word' id='word_1_225' title='bbox 2973 1824 3085 1871; x_wconf 91' lang='lat' dir='ltr'><strong>toto</strong></span> <span class='ocrx_word' id='word_1_226' title='bbox 3107 1816 3204 1871; x_wconf 88' lang='lat' dir='ltr'><strong>tibi</strong></span> <span class='ocrx_word' id='word_1_227' title='bbox 3246 1814 3409 1871; x_wconf 86' lang='lat' dir='ltr'><strong>corde</strong></span> <span class='ocrx_word' id='word_1_228' title='bbox 3439 1813 3504 1871; x_wconf 79' lang='lat' dir='ltr'><strong>sit</strong></span> 
     </span>
    </p>
   </div>
   <div class='ocr_carea' id='block_1_34' title="bbox 220 1921 1812 2003">
    <p class='ocr_par' dir='ltr' id='par_1_34' title="bbox 220 1921 1812 2003">
     <span class='ocr_line' id='line_1_34' title="bbox 220 1921 1812 2003; baseline -0.011 -14"><span class='ocrx_word' id='word_1_229' title='bbox 220 1934 379 2003; x_wconf 89' lang='lat' dir='ltr'><strong>dent,</strong></span> <span class='ocrx_word' id='word_1_230' title='bbox 412 1931 481 1987; x_wconf 91' lang='lat' dir='ltr'><strong>de</strong></span> <span class='ocrx_word' id='word_1_231' title='bbox 511 1946 698 1987; x_wconf 86' lang='lat' dir='ltr'><strong>eorum</strong></span> <span class='ocrx_word' id='word_1_232' title='bbox 727 1939 910 1983; x_wconf 86' lang='lat' dir='ltr'><strong>sancta</strong></span> <span class='ocrx_word' id='word_1_233' title='bbox 938 1924 1347 1982; x_wconf 84' lang='lat' dir='ltr'><strong>conversatione</strong></span> <span class='ocrx_word' id='word_1_234' title='bbox 1390 1921 1665 1986; x_wconf 69' lang='lat' dir='ltr'><strong>laetentur,</strong></span> <span class='ocrx_word' id='word_1_235' title='bbox 1697 1929 1812 1974; x_wconf 87' lang='lat' dir='ltr'><strong>tua-</strong></span> 
     </span>
    </p>
   </div>
   <div class='ocr_carea' id='block_1_35' title="bbox 222 2016 1813 2101">
    <p class='ocr_par' dir='ltr' id='par_1_35' title="bbox 222 2016 1813 2101">
     <span class='ocr_line' id='line_1_35' title="bbox 222 2016 1813 2101; baseline -0.008 -19"><span class='ocrx_word' id='word_1_236' title='bbox 222 2044 328 2101; x_wconf 89' lang='lat' dir='ltr'><strong>que</strong></span> <span class='ocrx_word' id='word_1_237' title='bbox 359 2031 534 2099; x_wconf 89' lang='lat' dir='ltr'><strong>gratia</strong></span> <span class='ocrx_word' id='word_1_238' title='bbox 566 2025 832 2081; x_wconf 89' lang='lat' dir='ltr'><strong>tribuatur</strong></span> <span class='ocrx_word' id='word_1_239' title='bbox 863 2030 917 2078; x_wconf 90' lang='lat' dir='ltr'><strong>et</strong></span> <span class='ocrx_word' id='word_1_240' title='bbox 947 2018 1247 2076; x_wconf 88' lang='lat' dir='ltr'><strong>moderatio</strong></span> <span class='ocrx_word' id='word_1_241' title='bbox 1285 2016 1692 2091; x_wconf 77' lang='lat' dir='ltr'><strong>gubernantium</strong></span> <span class='ocrx_word' id='word_1_242' title='bbox 1712 2056 1725 2081; x_wconf 91' lang='lat'><strong>,</strong></span> <span class='ocrx_word' id='word_1_243' title='bbox 1758 2021 1813 2070; x_wconf 85' lang='lat' dir='ltr'><strong>et</strong></span> 
     </span>
    </p>
   </div>
   <div class='ocr_carea' id='block_1_36' title="bbox 221 2113 1217 2180">
    <p class='ocr_par' dir='ltr' id='par_1_36' title="bbox 221 2113 1217 2180">
     <span class='ocr_line' id='line_1_36' title="bbox 221 2113 1217 2180; baseline -0.012 -3"><span class='ocrx_word' id='word_1_244' title='bbox 221 2122 535 2179; x_wconf 80' lang='lat' dir='ltr'><strong>obedientia</strong></span> <span class='ocrx_word' id='word_1_245' title='bbox 566 2118 924 2174; x_wconf 90' lang='lat' dir='ltr'><strong>subditorum.</strong></span> <span class='ocrx_word' id='word_1_246' title='bbox 958 2113 1084 2180; x_wconf 89' lang='lat' dir='ltr'><strong>Per,</strong></span> <span class='ocrx_word' id='word_1_247' title='bbox 1113 2120 1217 2169; x_wconf 87' lang='lat' dir='ltr'><strong>etc.</strong></span> 
     </span>
    </p>
   </div>
   <div class='ocr_carea' id='block_1_37' title="bbox 296 2202 1814 2291">
    <p class='ocr_par' dir='ltr' id='par_1_37' title="bbox 296 2202 1814 2291">
     <span class='ocr_line' id='line_1_37' title="bbox 296 2202 1814 2291; baseline -0.013 -16"><span class='ocrx_word' id='word_1_248' title='bbox 296 2218 459 2291; x_wconf 84' lang='lat'><strong>115</strong></span> <span class='ocrx_word' id='word_1_249' title='bbox 508 2214 571 2269; x_wconf 92' lang='lat' dir='ltr'><strong>ll.</strong></span> <span class='ocrx_word' id='word_1_250' title='bbox 605 2214 736 2268; x_wconf 84' lang='lat' dir='ltr'><strong>Item</strong></span> <span class='ocrx_word' id='word_1_251' title='bbox 770 2212 896 2265; x_wconf 81' lang='lat' dir='ltr'><strong>alia.</strong></span> <span class='ocrx_word' id='word_1_252' title='bbox 918 2240 988 2250; x_wconf 92' lang='lat'>—</span> <span class='ocrx_word' id='word_1_253' title='bbox 1012 2208 1171 2273; x_wconf 83' lang='lat' dir='ltr'><strong>Deus,</strong></span> <span class='ocrx_word' id='word_1_254' title='bbox 1205 2205 1293 2278; x_wconf 90' lang='lat' dir='ltr'><strong>qui</strong></span> <span class='ocrx_word' id='word_1_255' title='bbox 1324 2220 1518 2277; x_wconf 87' lang='lat' dir='ltr'><strong>magna</strong></span> <span class='ocrx_word' id='word_1_256' title='bbox 1549 2202 1733 2271; x_wconf 86' lang='lat' dir='ltr'><strong>nimis,</strong></span> <span class='ocrx_word' id='word_1_257' title='bbox 1760 2207 1814 2255; x_wconf 89' lang='lat' dir='ltr'><strong>et</strong></span> 
     </span>
    </p>
   </div>
   <div class='ocr_carea' id='block_1_38' title="bbox 226 2297 1814 2383">
    <p class='ocr_par' dir='ltr' id='par_1_38' title="bbox 226 2297 1814 2383">
     <span class='ocr_line' id='line_1_38' title="bbox 226 2297 1814 2383; baseline -0.008 -18"><span class='ocrx_word' id='word_1_258' title='bbox 226 2311 291 2366; x_wconf 91' lang='lat' dir='ltr'><strong>dc</strong></span> <span class='ocrx_word' id='word_1_259' title='bbox 324 2310 511 2383; x_wconf 76' lang='lat' dir='ltr'><strong>parvis</strong></span> <span class='ocrx_word' id='word_1_260' title='bbox 556 2306 800 2362; x_wconf 88' lang='lat' dir='ltr'><strong>miranda</strong></span> <span class='ocrx_word' id='word_1_261' title='bbox 836 2312 1080 2374; x_wconf 83' lang='lat' dir='ltr'><strong>potenter</strong></span> <span class='ocrx_word' id='word_1_262' title='bbox 1119 2300 1383 2370; x_wconf 88' lang='lat' dir='ltr'><strong>operaris,</strong></span> <span class='ocrx_word' id='word_1_263' title='bbox 1428 2297 1814 2353; x_wconf 63' lang='lat' dir='ltr'><strong>misericordia:</strong></span> 
     </span>
    </p>
   </div>
   <div class='ocr_carea' id='block_1_39' title="bbox 223 2389 1816 2469">
    <p class='ocr_par' dir='ltr' id='par_1_39' title="bbox 223 2389 1816 2469">
     <span class='ocr_line' id='line_1_39' title="bbox 223 2389 1816 2469; baseline -0.009 -11"><span class='ocrx_word' id='word_1_264' title='bbox 223 2412 326 2459; x_wconf 74' lang='lat' dir='ltr'><strong>tua:</strong></span> <span class='ocrx_word' id='word_1_265' title='bbox 382 2402 524 2456; x_wconf 89' lang='lat' dir='ltr'><strong>dona</strong></span> <span class='ocrx_word' id='word_1_266' title='bbox 581 2400 632 2453; x_wconf 92' lang='lat' dir='ltr'><strong>in</strong></span> <span class='ocrx_word' id='word_1_267' title='bbox 678 2414 765 2453; x_wconf 91' lang='lat' dir='ltr'><strong>me</strong></span> <span class='ocrx_word' id='word_1_268' title='bbox 817 2398 1057 2469; x_wconf 89' lang='lat' dir='ltr'><strong>placatus</strong></span> <span class='ocrx_word' id='word_1_269' title='bbox 1102 2406 1431 2463; x_wconf 85' lang='lat' dir='ltr'><strong>exsequere,</strong></span> <span class='ocrx_word' id='word_1_270' title='bbox 1465 2399 1519 2445; x_wconf 88' lang='lat' dir='ltr'><strong>ut</strong></span> <span class='ocrx_word' id='word_1_271' title='bbox 1550 2389 1640 2445; x_wconf 91' lang='lat' dir='ltr'><strong>ubi</strong></span> <span class='ocrx_word' id='word_1_272' title='bbox 1671 2390 1816 2444; x_wconf 91' lang='lat' dir='ltr'><strong>nulla</strong></span> 
     </span>
    </p>
   </div>
   <div class='ocr_carea' id='block_1_40' title="bbox 224 2482 1816 2560">
    <p class='ocr_par' dir='ltr' id='par_1_40' title="bbox 224 2482 1816 2560">
     <span class='ocr_line' id='line_1_40' title="bbox 224 2482 1816 2560; baseline -0.009 -10"><span class='ocrx_word' id='word_1_273' title='bbox 224 2493 575 2550; x_wconf 69' lang='lat' dir='ltr'><strong>conscientiae</strong></span> <span class='ocrx_word' id='word_1_274' title='bbox 606 2506 739 2546; x_wconf 69' lang='lat' dir='ltr'><strong>meae</strong></span> <span class='ocrx_word' id='word_1_275' title='bbox 771 2497 823 2546; x_wconf 89' lang='lat' dir='ltr'><strong>te</strong></span> <span class='ocrx_word' id='word_1_276' title='bbox 850 2488 1007 2560; x_wconf 88' lang='lat' dir='ltr'><strong>digna</strong></span> <span class='ocrx_word' id='word_1_277' title='bbox 1045 2492 1171 2541; x_wconf 89' lang='lat' dir='ltr'><strong>sunt</strong></span> <span class='ocrx_word' id='word_1_278' title='bbox 1200 2484 1410 2549; x_wconf 88' lang='lat' dir='ltr'><strong>merita,</strong></span> <span class='ocrx_word' id='word_1_279' title='bbox 1445 2482 1561 2538; x_wconf 88' lang='lat' dir='ltr'><strong>sola</strong></span> <span class='ocrx_word' id='word_1_280' title='bbox 1605 2482 1816 2553; x_wconf 88' lang='lat' dir='ltr'><strong>pietatis</strong></span> 
     </span>
    </p>
   </div>
   <div class='ocr_carea' id='block_1_41' title="bbox 226 2577 1352 2656">
    <p class='ocr_par' dir='ltr' id='par_1_41' title="bbox 226 2577 1352 2656">
     <span class='ocr_line' id='line_1_41' title="bbox 226 2577 1352 2656; baseline -0.011 -13"><span class='ocrx_word' id='word_1_281' title='bbox 226 2598 326 2643; x_wconf 74' lang='lat' dir='ltr'><strong>tua:</strong></span> <span class='ocrx_word' id='word_1_282' title='bbox 359 2600 580 2656; x_wconf 87' lang='lat' dir='ltr'><strong>semper</strong></span> <span class='ocrx_word' id='word_1_283' title='bbox 604 2583 747 2637; x_wconf 83' lang='lat' dir='ltr'><strong>clara</strong></span> <span class='ocrx_word' id='word_1_284' title='bbox 777 2582 846 2635; x_wconf 90' lang='lat' dir='ltr'><strong>sit</strong></span> <span class='ocrx_word' id='word_1_285' title='bbox 875 2578 1064 2652; x_wconf 69' lang='lat' dir='ltr'><strong>gratia.</strong></span> <span class='ocrx_word' id='word_1_286' title='bbox 1096 2577 1217 2644; x_wconf 89' lang='lat' dir='ltr'><strong>Per,</strong></span> <span class='ocrx_word' id='word_1_287' title='bbox 1245 2585 1352 2632; x_wconf 90' lang='lat' dir='ltr'><strong>etc.</strong></span> 
     </span>
    </p>
   </div>
   <div class='ocr_carea' id='block_1_42' title="bbox 292 2666 1813 2744">
    <p class='ocr_par' dir='ltr' id='par_1_42' title="bbox 292 2666 1813 2744">
     <span class='ocr_line' id='line_1_42' title="bbox 292 2666 1813 2744; baseline -0.012 -6"><span class='ocrx_word' id='word_1_288' title='bbox 292 2680 531 2738; x_wconf 91' lang='lat' dir='ltr'><strong>Domine</strong></span> <span class='ocrx_word' id='word_1_289' title='bbox 578 2687 784 2744; x_wconf 87' lang='lat' dir='ltr'><strong>sancte,</strong></span> <span class='ocrx_word' id='word_1_290' title='bbox 818 2676 975 2730; x_wconf 88' lang='lat' dir='ltr'><strong>Pater</strong></span> <span class='ocrx_word' id='word_1_291' title='bbox 1017 2671 1379 2742; x_wconf 88' lang='lat' dir='ltr'><strong>omnipotens,</strong></span> <span class='ocrx_word' id='word_1_292' title='bbox 1424 2676 1620 2725; x_wconf 75' lang='lat' dir='ltr'><strong>aeterne</strong></span> <span class='ocrx_word' id='word_1_293' title='bbox 1651 2666 1813 2732; x_wconf 90' lang='lat' dir='ltr'><strong>Deus,</strong></span> 
     </span>
    </p>
   </div>
   <div class='ocr_carea' id='block_1_43' title="bbox 234 2763 1817 2852">
    <p class='ocr_par' dir='ltr' id='par_1_43' title="bbox 234 2763 1817 2852">
     <span class='ocr_line' id='line_1_43' title="bbox 234 2763 1817 2852; baseline -0.013 -16"><span class='ocrx_word' id='word_1_294' title='bbox 234 2779 313 2852; x_wconf 82' lang='lat' dir='ltr'><strong>qui</strong></span> <span class='ocrx_word' id='word_1_295' title='bbox 340 2775 586 2847; x_wconf 78' lang='lat' dir='ltr'><strong>dignaris</strong></span> <span class='ocrx_word' id='word_1_296' title='bbox 608 2772 815 2842; x_wconf 80' lang='lat' dir='ltr'><strong>intima,</strong></span> <span class='ocrx_word' id='word_1_297' title='bbox 836 2770 1044 2841; x_wconf 87' lang='lat' dir='ltr'><strong>abjecta</strong></span> <span class='ocrx_word' id='word_1_298' title='bbox 1068 2784 1175 2823; x_wconf 91' lang='lat' dir='ltr'><strong>non</strong></span> <span class='ocrx_word' id='word_1_299' title='bbox 1196 2764 1452 2835; x_wconf 88' lang='lat' dir='ltr'><strong>despicis,</strong></span> <span class='ocrx_word' id='word_1_300' title='bbox 1479 2763 1667 2821; x_wconf 87' lang='lat' dir='ltr'><strong>attolle</strong></span> <span class='ocrx_word' id='word_1_301' title='bbox 1684 2776 1817 2839; x_wconf 86' lang='lat' dir='ltr'><strong>quos</strong></span> 
     </span>
    </p>
   </div>
   <div class='ocr_carea' id='block_1_44' title="bbox 239 2858 1817 2942">
    <p class='ocr_par' dir='ltr' id='par_1_44' title="bbox 239 2858 1817 2942">
     <span class='ocr_line' id='line_1_44' title="bbox 239 2858 1817 2942; baseline -0.011 -13"><span class='ocrx_word' id='word_1_302' title='bbox 239 2874 486 2940; x_wconf 82' lang='lat' dir='ltr'><strong>suscitas,</strong></span> <span class='ocrx_word' id='word_1_303' title='bbox 517 2878 571 2925; x_wconf 92' lang='lat' dir='ltr'><strong>et</strong></span> <span class='ocrx_word' id='word_1_304' title='bbox 600 2868 835 2942; x_wconf 88' lang='lat' dir='ltr'><strong>guberna</strong></span> <span class='ocrx_word' id='word_1_305' title='bbox 865 2879 1000 2937; x_wconf 88' lang='lat' dir='ltr'><strong>quos</strong></span> <span class='ocrx_word' id='word_1_306' title='bbox 1029 2862 1212 2933; x_wconf 79' lang='lat' dir='ltr'><strong>erigis.</strong></span> <span class='ocrx_word' id='word_1_307' title='bbox 1238 2862 1315 2918; x_wconf 90' lang='lat' dir='ltr'><strong>Da</strong></span> <span class='ocrx_word' id='word_1_308' title='bbox 1343 2860 1471 2917; x_wconf 91' lang='lat' dir='ltr'><strong>mihi</strong></span> <span class='ocrx_word' id='word_1_309' title='bbox 1503 2858 1702 2915; x_wconf 87' lang='lat' dir='ltr'><strong>famulo</strong></span> <span class='ocrx_word' id='word_1_310' title='bbox 1727 2865 1817 2913; x_wconf 92' lang='lat' dir='ltr'><strong>tuo</strong></span> 
     </span>
    </p>
   </div>
   <div class='ocr_carea' id='block_1_45' title="bbox 246 2946 1819 3023">
    <p class='ocr_par' dir='ltr' id='par_1_45' title="bbox 246 2946 1819 3023">
     <span class='ocr_line' id='line_1_45' title="bbox 246 2946 1819 3023; baseline -0.01 -2"><span class='ocrx_word' id='word_1_311' title='bbox 246 2963 607 3023; x_wconf 84' lang='lat' dir='ltr'><strong>sullicientiam</strong></span> <span class='ocrx_word' id='word_1_312' title='bbox 654 2957 928 3017; x_wconf 86' lang='lat' dir='ltr'><strong>commissi</strong></span> <span class='ocrx_word' id='word_1_313' title='bbox 973 2953 1380 3011; x_wconf 89' lang='lat' dir='ltr'><strong>moderaminis.</strong></span> <span class='ocrx_word' id='word_1_314' title='bbox 1438 2952 1511 3007; x_wconf 89' lang='lat' dir='ltr'><strong>Da</strong></span> <span class='ocrx_word' id='word_1_315' title='bbox 1566 2946 1819 3006; x_wconf 68' lang='lat' dir='ltr'><strong>Ecclesia:</strong></span> 
     </span>
    </p>
   </div>
   <div class='ocr_carea' id='block_1_46' title="bbox 253 3046 1821 3131">
    <p class='ocr_par' dir='ltr' id='par_1_46' title="bbox 253 3046 1821 3131">
     <span class='ocr_line' id='line_1_46' title="bbox 253 3046 1821 3131; baseline -0.01 -18"><span class='ocrx_word' id='word_1_316' title='bbox 253 3070 344 3116; x_wconf 85' lang='lat' dir='ltr'><strong>tuae</strong></span> <span class='ocrx_word' id='word_1_317' title='bbox 369 3074 579 3131; x_wconf 88' lang='lat' dir='ltr'><strong>pacem,</strong></span> <span class='ocrx_word' id='word_1_318' title='bbox 606 3055 693 3112; x_wconf 87' lang='lat' dir='ltr'><strong>cui</strong></span> <span class='ocrx_word' id='word_1_319' title='bbox 723 3070 809 3110; x_wconf 87' lang='lat' dir='ltr'><strong>me</strong></span> <span class='ocrx_word' id='word_1_320' title='bbox 848 3065 1083 3124; x_wconf 80' lang='lat' dir='ltr'><strong>praeesse</strong></span> <span class='ocrx_word' id='word_1_321' title='bbox 1130 3048 1369 3119; x_wconf 79' lang='lat' dir='ltr'><strong>voluisti,</strong></span> <span class='ocrx_word' id='word_1_322' title='bbox 1398 3054 1457 3102; x_wconf 91' lang='lat' dir='ltr'><strong>ut</strong></span> <span class='ocrx_word' id='word_1_323' title='bbox 1486 3046 1538 3101; x_wconf 90' lang='lat' dir='ltr'><strong>in</strong></span> <span class='ocrx_word' id='word_1_324' title='bbox 1590 3062 1696 3100; x_wconf 88' lang='lat' dir='ltr'><strong>uno</strong></span> <span class='ocrx_word' id='word_1_325' title='bbox 1726 3059 1821 3099; x_wconf 72' lang='lat' dir='ltr'><strong>eo~</strong></span> 
     </span>
    </p>
   </div>
   <div class='ocr_carea' id='block_1_47' title="bbox 264 3139 1821 3224">
    <p class='ocr_par' dir='ltr' id='par_1_47' title="bbox 264 3139 1821 3224">
     <span class='ocr_line' id='line_1_47' title="bbox 264 3139 1821 3224; baseline -0.01 -19"><span class='ocrx_word' id='word_1_326' title='bbox 264 3150 469 3224; x_wconf 86' lang='lat' dir='ltr'><strong>demque</strong></span> <span class='ocrx_word' id='word_1_327' title='bbox 496 3150 682 3223; x_wconf 86' lang='lat' dir='ltr'><strong>spiritu</strong></span> <span class='ocrx_word' id='word_1_328' title='bbox 712 3146 781 3204; x_wconf 89' lang='lat' dir='ltr'><strong>sit</strong></span> <span class='ocrx_word' id='word_1_329' title='bbox 801 3145 892 3201; x_wconf 90' lang='lat' dir='ltr'><strong>tibi</strong></span> <span class='ocrx_word' id='word_1_330' title='bbox 910 3152 1059 3215; x_wconf 88' lang='lat' dir='ltr'><strong>grata</strong></span> <span class='ocrx_word' id='word_1_331' title='bbox 1085 3141 1299 3198; x_wconf 87' lang='lat' dir='ltr'><strong>devotio</strong></span> <span class='ocrx_word' id='word_1_332' title='bbox 1326 3149 1379 3196; x_wconf 91' lang='lat' dir='ltr'><strong>et</strong></span> <span class='ocrx_word' id='word_1_333' title='bbox 1408 3139 1578 3209; x_wconf 87' lang='lat' dir='ltr'><strong>plebis</strong></span> <span class='ocrx_word' id='word_1_334' title='bbox 1607 3147 1660 3195; x_wconf 88' lang='lat' dir='ltr'><strong>et</strong></span> <span class='ocrx_word' id='word_1_335' title='bbox 1683 3152 1821 3213; x_wconf 80' lang='lat' dir='ltr'><strong>prac-</strong></span> 
     </span>
    </p>
   </div>
   <div class='ocr_carea' id='block_1_48' title="bbox 270 3242 681 3311">
    <p class='ocr_par' dir='ltr' id='par_1_48' title="bbox 270 3242 681 3311">
     <span class='ocr_line' id='line_1_48' title="bbox 270 3242 681 3311; baseline -0.01 -13"><span class='ocrx_word' id='word_1_336' title='bbox 270 3244 403 3298; x_wconf 85' lang='lat' dir='ltr'><strong>sulis.</strong></span> <span class='ocrx_word' id='word_1_337' title='bbox 429 3242 543 3311; x_wconf 84' lang='lat' dir='ltr'><strong>Per,</strong></span> <span class='ocrx_word' id='word_1_338' title='bbox 571 3250 681 3299; x_wconf 90' lang='lat' dir='ltr'><strong>etc.</strong></span> 
     </span>
    </p>
   </div>
   <div class='ocr_carea' id='block_1_49' title="bbox 327 3323 1826 3394">
    <p class='ocr_par' dir='ltr' id='par_1_49' title="bbox 327 3323 1826 3394">
     <span class='ocr_line' id='line_1_49' title="bbox 327 3323 1826 3394; baseline -0.009 -2"><span class='ocrx_word' id='word_1_339' title='bbox 327 3346 349 3374; x_wconf 79' lang='grc' dir='ltr'><strong>ι</strong></span> <span class='ocrx_word' id='word_1_340' title='bbox 374 3337 509 3394; x_wconf 89' lang='lat' dir='ltr'><strong>Deus</strong></span> <span class='ocrx_word' id='word_1_341' title='bbox 535 3334 720 3393; x_wconf 87' lang='lat' dir='ltr'><strong>mundi</strong></span> <span class='ocrx_word' id='word_1_342' title='bbox 743 3339 955 3391; x_wconf 90' lang='lat' dir='ltr'><strong>creator</strong></span> <span class='ocrx_word' id='word_1_343' title='bbox 970 3336 1025 3386; x_wconf 89' lang='lat' dir='ltr'><strong>et</strong></span> <span class='ocrx_word' id='word_1_344' title='bbox 1048 3335 1247 3394; x_wconf 87' lang='lat' dir='ltr'><strong>rector,</strong></span> <span class='ocrx_word' id='word_1_345' title='bbox 1275 3323 1338 3379; x_wconf 93' lang='lat' dir='ltr'><strong>ad</strong></span> <span class='ocrx_word' id='word_1_346' title='bbox 1358 3323 1671 3379; x_wconf 83' lang='lat' dir='ltr'><strong>humilitatis</strong></span> <span class='ocrx_word' id='word_1_347' title='bbox 1694 3337 1826 3381; x_wconf 69' lang='lat' dir='ltr'><strong>mea:</strong></span> 
     </span>
    </p>
   </div>
   <div class='ocr_carea' id='block_1_50' title="bbox 255 3419 1824 3506">
    <p class='ocr_par' dir='ltr' id='par_1_50' title="bbox 255 3419 1824 3506">
     <span class='ocr_line' id='line_1_50' title="bbox 255 3419 1824 3506; baseline -0.009 -15"><span class='ocrx_word' id='word_1_348' title='bbox 255 3448 426 3506; x_wconf 86' lang='lat' dir='ltr'><strong>preces</strong></span> <span class='ocrx_word' id='word_1_349' title='bbox 455 3433 692 3504; x_wconf 85' lang='lat' dir='ltr'><strong>placatus</strong></span> <span class='ocrx_word' id='word_1_350' title='bbox 723 3426 963 3495; x_wconf 88' lang='lat' dir='ltr'><strong>attende,</strong></span> <span class='ocrx_word' id='word_1_351' title='bbox 995 3434 1050 3481; x_wconf 90' lang='lat' dir='ltr'><strong>et</strong></span> <span class='ocrx_word' id='word_1_352' title='bbox 1073 3439 1158 3479; x_wconf 87' lang='lat' dir='ltr'><strong>me</strong></span> <span class='ocrx_word' id='word_1_353' title='bbox 1187 3419 1443 3481; x_wconf 82' lang='lat' dir='ltr'><strong>famulum</strong></span> <span class='ocrx_word' id='word_1_354' title='bbox 1470 3430 1639 3489; x_wconf 88' lang='lat' dir='ltr'><strong>tuum,</strong></span> <span class='ocrx_word' id='word_1_355' title='bbox 1664 3434 1824 3491; x_wconf 86' lang='lat' dir='ltr'><strong>quem</strong></span> 
     </span>
    </p>
   </div>
   <div class='ocr_carea' id='block_1_51' title="bbox 251 3513 1825 3599">
    <p class='ocr_par' dir='ltr' id='par_1_51' title="bbox 251 3513 1825 3599">
     <span class='ocr_line' id='line_1_51' title="bbox 251 3513 1825 3599; baseline -0.008 -15"><span class='ocrx_word' id='word_1_356' title='bbox 251 3528 397 3585; x_wconf 89' lang='lat' dir='ltr'><strong>nullis</strong></span> <span class='ocrx_word' id='word_1_357' title='bbox 424 3524 841 3599; x_wconf 74' lang='lat' dir='ltr'><strong>suifragantibus</strong></span> <span class='ocrx_word' id='word_1_358' title='bbox 884 3517 1113 3587; x_wconf 89' lang='lat' dir='ltr'><strong>meritis,</strong></span> <span class='ocrx_word' id='word_1_359' title='bbox 1144 3516 1238 3575; x_wconf 91' lang='lat' dir='ltr'><strong>sed</strong></span> <span class='ocrx_word' id='word_1_360' title='bbox 1278 3516 1555 3573; x_wconf 66' lang='lat' dir='ltr'><strong>immensa:</strong></span> <span class='ocrx_word' id='word_1_361' title='bbox 1584 3513 1825 3586; x_wconf 70' lang='lat' dir='ltr'><strong>largitate</strong></span> 
     </span>
    </p>
   </div>
   <div class='ocr_carea' id='block_1_52' title="bbox 250 3610 1825 3693">
    <p class='ocr_par' dir='ltr' id='par_1_52' title="bbox 250 3610 1825 3693">
     <span class='ocr_line' id='line_1_52' title="bbox 250 3610 1825 3693; baseline -0.01 -12"><span class='ocrx_word' id='word_1_362' title='bbox 250 3622 564 3693; x_wconf 75' lang='lat' dir='ltr'><strong>clementiae,</strong></span> <span class='ocrx_word' id='word_1_363' title='bbox 590 3618 900 3681; x_wconf 74' lang='lat' dir='ltr'><strong>cmlestibus</strong></span> <span class='ocrx_word' id='word_1_364' title='bbox 929 3613 1202 3690; x_wconf 86' lang='lat' dir='ltr'><strong>mysteriis</strong></span> <span class='ocrx_word' id='word_1_365' title='bbox 1231 3613 1433 3671; x_wconf 81' lang='lat' dir='ltr'><strong>servire</strong></span> <span class='ocrx_word' id='word_1_366' title='bbox 1460 3610 1715 3677; x_wconf 83' lang='lat' dir='ltr'><strong>tribuisti,</strong></span> <span class='ocrx_word' id='word_1_367' title='bbox 1746 3610 1825 3666; x_wconf 89' lang='lat' dir='ltr'><strong>di-</strong></span> 
     </span>
    </p>
   </div>
   <div class='ocr_carea' id='block_1_53' title="bbox 248 3702 1826 3787">
    <p class='ocr_par' dir='ltr' id='par_1_53' title="bbox 248 3702 1826 3787">
     <span class='ocr_line' id='line_1_53' title="bbox 248 3702 1826 3787; baseline -0.011 -15"><span class='ocrx_word' id='word_1_368' title='bbox 248 3731 399 3787; x_wconf 85' lang='lat' dir='ltr'><strong>gnum</strong></span> <span class='ocrx_word' id='word_1_369' title='bbox 430 3715 606 3771; x_wconf 85' lang='lat' dir='ltr'><strong>sacris</strong></span> <span class='ocrx_word' id='word_1_370' title='bbox 646 3711 905 3768; x_wconf 86' lang='lat' dir='ltr'><strong>altaribus</strong></span> <span class='ocrx_word' id='word_1_371' title='bbox 954 3709 1037 3766; x_wconf 85' lang='lat' dir='ltr'><strong>fac</strong></span> <span class='ocrx_word' id='word_1_372' title='bbox 1075 3706 1403 3773; x_wconf 89' lang='lat' dir='ltr'><strong>ministrum,</strong></span> <span class='ocrx_word' id='word_1_373' title='bbox 1446 3715 1504 3763; x_wconf 82' lang='lat' dir='ltr'><strong>ut</strong></span> <span class='ocrx_word' id='word_1_374' title='bbox 1532 3702 1673 3773; x_wconf 84' lang='lat' dir='ltr'><strong>quod</strong></span> <span class='ocrx_word' id='word_1_375' title='bbox 1707 3716 1826 3761; x_wconf 83' lang='lat' dir='ltr'><strong>mea</strong></span> 
     </span>
    </p>
   </div>
   <div class='ocr_carea' id='block_1_54' title="bbox 248 3796 1822 3874">
    <p class='ocr_par' dir='ltr' id='par_1_54' title="bbox 248 3796 1822 3874">
     <span class='ocr_line' id='line_1_54' title="bbox 248 3796 1822 3874; baseline -0.013 -4"><span class='ocrx_word' id='word_1_376' title='bbox 248 3808 629 3870; x_wconf 80' lang='lat' dir='ltr'><strong>celebrandum</strong></span> <span class='ocrx_word' id='word_1_377' title='bbox 658 3820 792 3864; x_wconf 90' lang='lat' dir='ltr'><strong>voce</strong></span> <span class='ocrx_word' id='word_1_378' title='bbox 813 3801 1169 3874; x_wconf 85' lang='lat' dir='ltr'><strong>depromitur,</strong></span> <span class='ocrx_word' id='word_1_379' title='bbox 1192 3811 1284 3859; x_wconf 86' lang='lat' dir='ltr'><strong>tua</strong></span> <span class='ocrx_word' id='word_1_380' title='bbox 1310 3799 1489 3870; x_wconf 78' lang='lat' dir='ltr'><strong>potius</strong></span> <span class='ocrx_word' id='word_1_381' title='bbox 1516 3796 1822 3857; x_wconf 79' lang='lat' dir='ltr'><strong>sanctiﬁca-</strong></span> 
     </span>
    </p>
   </div>
   <div class='ocr_carea' id='block_1_55' title="bbox 246 3898 973 3970">
    <p class='ocr_par' dir='ltr' id='par_1_55' title="bbox 246 3898 973 3970">
     <span class='ocr_line' id='line_1_55' title="bbox 246 3898 973 3970; baseline -0.012 -11"><span class='ocrx_word' id='word_1_382' title='bbox 246 3904 380 3963; x_wconf 84' lang='lat' dir='ltr'><strong>tione</strong></span> <span class='ocrx_word' id='word_1_383' title='bbox 403 3903 677 3970; x_wconf 80' lang='lat' dir='ltr'><strong>ﬁrmetur,</strong></span> <span class='ocrx_word' id='word_1_384' title='bbox 704 3898 831 3967; x_wconf 77' lang='lat' dir='ltr'><strong>Per,</strong></span> <span class='ocrx_word' id='word_1_385' title='bbox 867 3904 973 3954; x_wconf 87' lang='lat' dir='ltr'><strong>etc.</strong></span> 
     </span>
    </p>
   </div>
   <div class='ocr_carea' id='block_1_56' title="bbox 308 3984 1827 4069">
    <p class='ocr_par' dir='ltr' id='par_1_56' title="bbox 308 3984 1827 4069">
     <span class='ocr_line' id='line_1_56' title="bbox 308 3984 1827 4069; baseline -0.009 -15"><span class='ocrx_word' id='word_1_386' title='bbox 308 3997 667 4069; x_wconf 78' lang='lat' dir='ltr'><strong>Omnipotens</strong></span> <span class='ocrx_word' id='word_1_387' title='bbox 690 3991 1017 4064; x_wconf 83' lang='lat' dir='ltr'><strong>sempiterno</strong></span> <span class='ocrx_word' id='word_1_388' title='bbox 1041 3990 1202 4059; x_wconf 87' lang='lat' dir='ltr'><strong>Deus,</strong></span> <span class='ocrx_word' id='word_1_389' title='bbox 1233 3984 1469 4051; x_wconf 90' lang='lat' dir='ltr'><strong>hostilia,</strong></span> <span class='ocrx_word' id='word_1_390' title='bbox 1494 3998 1827 4056; x_wconf 70' lang='lat' dir='ltr'><strong>quaesumus,</strong></span> 
     </span>
    </p>
   </div>
   <div class='ocr_carea' id='block_1_57' title="bbox 250 4078 1828 4158">
    <p class='ocr_par' dir='ltr' id='par_1_57' title="bbox 250 4078 1828 4158">
     <span class='ocr_line' id='line_1_57' title="bbox 250 4078 1828 4158; baseline -0.008 -14"><span class='ocrx_word' id='word_1_391' title='bbox 250 4105 390 4145; x_wconf 89' lang='lat' dir='ltr'><strong>arma</strong></span> <span class='ocrx_word' id='word_1_392' title='bbox 423 4086 725 4158; x_wconf 75' lang='lat' dir='ltr'><strong>confringe,</strong></span> <span class='ocrx_word' id='word_1_393' title='bbox 749 4095 808 4140; x_wconf 90' lang='lat' dir='ltr'><strong>ut</strong></span> <span class='ocrx_word' id='word_1_394' title='bbox 834 4081 1233 4155; x_wconf 80' lang='lat' dir='ltr'><strong>imperturbatis</strong></span> <span class='ocrx_word' id='word_1_395' title='bbox 1253 4078 1529 4139; x_wconf 72' lang='lat' dir='ltr'><strong>mentibus</strong></span> <span class='ocrx_word' id='word_1_396' title='bbox 1551 4092 1713 4149; x_wconf 81' lang='lat' dir='ltr'><strong>agere</strong></span> <span class='ocrx_word' id='word_1_397' title='bbox 1736 4086 1828 4133; x_wconf 83' lang='lat' dir='ltr'><strong>tua</strong></span> 
     </span>
    </p>
   </div>
   <div class='ocr_carea' id='block_1_58' title="bbox 244 4178 1045 4252">
    <p class='ocr_par' dir='ltr' id='par_1_58' title="bbox 244 4178 1045 4252">
     <span class='ocr_line' id='line_1_58' title="bbox 244 4178 1045 4252; baseline -0.007 -14"><span class='ocrx_word' id='word_1_398' title='bbox 244 4192 429 4239; x_wconf 79' lang='lat' dir='ltr'><strong>sancta</strong></span> <span class='ocrx_word' id='word_1_399' title='bbox 453 4179 743 4252; x_wconf 85' lang='lat' dir='ltr'><strong>possimus.</strong></span> <span class='ocrx_word' id='word_1_400' title='bbox 774 4178 906 4242; x_wconf 85' lang='lat' dir='ltr'><strong>Per,</strong></span> <span class='ocrx_word' id='word_1_401' title='bbox 936 4185 1045 4235; x_wconf 86' lang='lat' dir='ltr'><strong>etc.</strong></span> 
     </span>
    </p>
   </div>
   <div class='ocr_carea' id='block_1_59' title="bbox 310 4262 1830 4338">
    <p class='ocr_par' dir='ltr' id='par_1_59' title="bbox 310 4262 1830 4338">
     <span class='ocr_line' id='line_1_59' title="bbox 310 4262 1830 4338; baseline -0.009 -5"><span class='ocrx_word' id='word_1_402' title='bbox 310 4272 574 4332; x_wconf 87' lang='lat' dir='ltr'><strong>Concede</strong></span> <span class='ocrx_word' id='word_1_403' title='bbox 598 4270 775 4338; x_wconf 90' lang='lat' dir='ltr'><strong>nobis,</strong></span> <span class='ocrx_word' id='word_1_404' title='bbox 818 4269 1159 4338; x_wconf 87' lang='lat' dir='ltr'><strong>omnipotens</strong></span> <span class='ocrx_word' id='word_1_405' title='bbox 1191 4265 1355 4332; x_wconf 85' lang='lat' dir='ltr'><strong>Deus,</strong></span> <span class='ocrx_word' id='word_1_406' title='bbox 1384 4271 1443 4321; x_wconf 90' lang='lat' dir='ltr'><strong>ut</strong></span> <span class='ocrx_word' id='word_1_407' title='bbox 1466 4262 1533 4319; x_wconf 86' lang='lat' dir='ltr'><strong>ab</strong></span> <span class='ocrx_word' id='word_1_408' title='bbox 1569 4262 1830 4332; x_wconf 81' lang='lat' dir='ltr'><strong>improbis</strong></span> 
     </span>
    </p>
   </div>
   <div class='ocr_carea' id='block_1_60' title="bbox 245 4354 1831 4433">
    <p class='ocr_par' dir='ltr' id='par_1_60' title="bbox 245 4354 1831 4433">
     <span class='ocr_line' id='line_1_60' title="bbox 245 4354 1831 4433; baseline -0.009 -9"><span class='ocrx_word' id='word_1_409' title='bbox 245 4367 615 4426; x_wconf 79' lang='lat' dir='ltr'><strong>voluntatibus</strong></span> <span class='ocrx_word' id='word_1_410' title='bbox 643 4364 977 4428; x_wconf 88' lang='lat' dir='ltr'><strong>recedentes,</strong></span> <span class='ocrx_word' id='word_1_411' title='bbox 1022 4367 1407 4433; x_wconf 78' lang='lat' dir='ltr'><strong>praeceptorum</strong></span> <span class='ocrx_word' id='word_1_412' title='bbox 1436 4364 1646 4413; x_wconf 86' lang='lat' dir='ltr'><strong>tuorum</strong></span> <span class='ocrx_word' id='word_1_413' title='bbox 1671 4354 1831 4411; x_wconf 86' lang='lat' dir='ltr'><strong>recti-</strong></span> 
     </span>
    </p>
   </div>
   <div class='ocr_carea' id='block_1_61' title="bbox 246 4446 1831 4532">
    <p class='ocr_par' dir='ltr' id='par_1_61' title="bbox 246 4446 1831 4532">
     <span class='ocr_line' id='line_1_61' title="bbox 246 4446 1831 4532; baseline -0.008 -14"><span class='ocrx_word' id='word_1_414' title='bbox 246 4464 435 4520; x_wconf 78' lang='lat' dir='ltr'><strong>tudine</strong></span> <span class='ocrx_word' id='word_1_415' title='bbox 465 4461 875 4532; x_wconf 61' lang='lat' dir='ltr'><strong>sulmequamur,</strong></span> <span class='ocrx_word' id='word_1_416' title='bbox 900 4463 955 4512; x_wconf 89' lang='lat' dir='ltr'><strong>et</strong></span> <span class='ocrx_word' id='word_1_417' title='bbox 984 4454 1074 4527; x_wconf 92' lang='lat' dir='ltr'><strong>qui</strong></span> <span class='ocrx_word' id='word_1_418' title='bbox 1102 4451 1271 4509; x_wconf 88' lang='lat' dir='ltr'><strong>deviis</strong></span> <span class='ocrx_word' id='word_1_419' title='bbox 1315 4449 1477 4507; x_wconf 86' lang='lat' dir='ltr'><strong>etiam</strong></span> <span class='ocrx_word' id='word_1_420' title='bbox 1527 4446 1831 4505; x_wconf 79' lang='lat' dir='ltr'><strong>desiderata</strong></span> 
     </span>
    </p>
   </div>
   <div class='ocr_carea' id='block_1_62' title="bbox 246 4543 1608 4623">
    <p class='ocr_par' dir='ltr' id='par_1_62' title="bbox 246 4543 1608 4623">
     <span class='ocr_line' id='line_1_62' title="bbox 246 4543 1608 4623; baseline -0.012 -10"><span class='ocrx_word' id='word_1_421' title='bbox 246 4556 520 4623; x_wconf 88' lang='lat' dir='ltr'><strong>concedis,</strong></span> <span class='ocrx_word' id='word_1_422' title='bbox 547 4562 743 4623; x_wconf 67' lang='lat' dir='ltr'><strong>praesta</strong></span> <span class='ocrx_word' id='word_1_423' title='bbox 790 4550 1014 4607; x_wconf 87' lang='lat' dir='ltr'><strong>meliora</strong></span> <span class='ocrx_word' id='word_1_424' title='bbox 1041 4543 1317 4604; x_wconf 73' lang='lat' dir='ltr'><strong>canentis.</strong></span> <span class='ocrx_word' id='word_1_425' title='bbox 1354 4543 1478 4611; x_wconf 86' lang='lat' dir='ltr'><strong>Per,</strong></span> <span class='ocrx_word' id='word_1_426' title='bbox 1503 4550 1608 4600; x_wconf 85' lang='lat' dir='ltr'><strong>etc.</strong></span> 
     </span>
    </p>
   </div>
   <div class='ocr_carea' id='block_1_63' title="bbox 1915 1908 3500 1989">
    <p class='ocr_par' dir='ltr' id='par_1_63' title="bbox 1915 1908 3500 1989">
     <span class='ocr_line' id='line_1_63' title="bbox 1915 1908 3500 1989; baseline -0.011 -10"><span class='ocrx_word' id='word_1_427' title='bbox 1915 1924 2125 1988; x_wconf 87' lang='lat' dir='ltr'><strong>devota,</strong></span> <span class='ocrx_word' id='word_1_428' title='bbox 2161 1929 2214 1975; x_wconf 91' lang='lat' dir='ltr'><strong>et</strong></span> <span class='ocrx_word' id='word_1_429' title='bbox 2248 1934 2381 1989; x_wconf 90' lang='lat' dir='ltr'><strong>pura</strong></span> <span class='ocrx_word' id='word_1_430' title='bbox 2420 1917 2521 1972; x_wconf 90' lang='lat' dir='ltr'><strong>sibi</strong></span> <span class='ocrx_word' id='word_1_431' title='bbox 2563 1915 2841 1970; x_wconf 80' lang='lat' dir='ltr'><strong>voluntate</strong></span> <span class='ocrx_word' id='word_1_432' title='bbox 2872 1910 3185 1968; x_wconf 89' lang='lat' dir='ltr'><strong>concordet.</strong></span> <span class='ocrx_word' id='word_1_433' title='bbox 3220 1908 3345 1979; x_wconf 86' lang='lat' dir='ltr'><strong>Per,</strong></span> <span class='ocrx_word' id='word_1_434' title='bbox 3394 1918 3500 1963; x_wconf 89' lang='lat' dir='ltr'><strong>etc.</strong></span> 
     </span>
    </p>
   </div>
   <div class='ocr_carea' id='block_1_64' title="bbox 1988 2002 3509 2079">
    <p class='ocr_par' dir='ltr' id='par_1_64' title="bbox 1988 2002 3509 2079">
     <span class='ocr_line' id='line_1_64' title="bbox 1988 2002 3509 2079; baseline -0.011 -6"><span class='ocrx_word' id='word_1_435' title='bbox 1988 2018 2215 2073; x_wconf 91' lang='lat' dir='ltr'><strong>Domine</strong></span> <span class='ocrx_word' id='word_1_436' title='bbox 2245 2023 2431 2072; x_wconf 90' lang='lat' dir='ltr'><strong>sancte</strong></span> <span class='ocrx_word' id='word_1_437' title='bbox 2456 2054 2469 2078; x_wconf 93' lang='lat'><strong>,</strong></span> <span class='ocrx_word' id='word_1_438' title='bbox 2502 2011 2660 2065; x_wconf 88' lang='lat' dir='ltr'><strong>Pater</strong></span> <span class='ocrx_word' id='word_1_439' title='bbox 2705 2009 3070 2079; x_wconf 90' lang='lat' dir='ltr'><strong>omnipotens,</strong></span> <span class='ocrx_word' id='word_1_440' title='bbox 3099 2016 3300 2061; x_wconf 87' lang='lat' dir='ltr'><strong>aeterne</strong></span> <span class='ocrx_word' id='word_1_441' title='bbox 3345 2002 3509 2069; x_wconf 86' lang='lat' dir='ltr'><strong>Deus,</strong></span> 
     </span>
    </p>
   </div>
   <div class='ocr_carea' id='block_1_65' title="bbox 1917 2100 3508 2185">
    <p class='ocr_par' dir='ltr' id='par_1_65' title="bbox 1917 2100 3508 2185">
     <span class='ocr_line' id='line_1_65' title="bbox 1917 2100 3508 2185; baseline -0.013 -12"><span class='ocrx_word' id='word_1_442' title='bbox 1917 2115 1987 2173; x_wconf 85' lang='lat' dir='ltr'><strong>da</strong></span> <span class='ocrx_word' id='word_1_443' title='bbox 2008 2116 2161 2171; x_wconf 91' lang='lat' dir='ltr'><strong>nobis</strong></span> <span class='ocrx_word' id='word_1_444' title='bbox 2187 2113 2357 2185; x_wconf 85' lang='lat' dir='ltr'><strong>gratia</strong></span> <span class='ocrx_word' id='word_1_445' title='bbox 2396 2119 2501 2166; x_wconf 70' lang='lat' dir='ltr'><strong>tute</strong></span> <span class='ocrx_word' id='word_1_446' title='bbox 2527 2107 2852 2180; x_wconf 78' lang='lat' dir='ltr'><strong>dignationis</strong></span> <span class='ocrx_word' id='word_1_447' title='bbox 2878 2105 3083 2177; x_wconf 86' lang='lat' dir='ltr'><strong>augeri,</strong></span> <span class='ocrx_word' id='word_1_448' title='bbox 3130 2112 3184 2159; x_wconf 90' lang='lat' dir='ltr'><strong>et</strong></span> <span class='ocrx_word' id='word_1_449' title='bbox 3209 2100 3236 2141; x_wconf 67' lang='grc' dir='ltr'>ι’</span> <span class='ocrx_word' id='word_1_450' title='bbox 3263 2100 3508 2155; x_wconf 70' lang='grc' dir='ltr'><strong>ηιυτιειιί-</strong></span> 
     </span>
    </p>
   </div>
   <div class='ocr_carea' id='block_1_66' title="bbox 1916 2198 3511 2275">
    <p class='ocr_par' dir='ltr' id='par_1_66' title="bbox 1916 2198 3511 2275">
     <span class='ocr_line' id='line_1_66' title="bbox 1916 2198 3511 2275; baseline -0.011 -9"><span class='ocrx_word' id='word_1_451' title='bbox 1916 2211 2047 2268; x_wconf 85' lang='lat' dir='ltr'><strong>tatis</strong></span> <span class='ocrx_word' id='word_1_452' title='bbox 2092 2207 2423 2267; x_wconf 87' lang='lat' dir='ltr'><strong>conscientia</strong></span> <span class='ocrx_word' id='word_1_453' title='bbox 2474 2202 2735 2275; x_wconf 86' lang='lat' dir='ltr'><strong>trepidos,</strong></span> <span class='ocrx_word' id='word_1_454' title='bbox 2794 2199 3005 2272; x_wconf 88' lang='lat' dir='ltr'><strong>pictatis</strong></span> <span class='ocrx_word' id='word_1_455' title='bbox 3044 2198 3346 2254; x_wconf 88' lang='lat' dir='ltr'><strong>eruditione</strong></span> <span class='ocrx_word' id='word_1_456' title='bbox 3383 2210 3511 2250; x_wconf 69' lang='lat' dir='ltr'><strong>con~</strong></span> 
     </span>
    </p>
   </div>
   <div class='ocr_carea' id='block_1_67' title="bbox 1919 2291 3506 2370">
    <p class='ocr_par' dir='ltr' id='par_1_67' title="bbox 1919 2291 3506 2370">
     <span class='ocr_line' id='line_1_67' title="bbox 1919 2291 3506 2370; baseline -0.007 -11"><span class='ocrx_word' id='word_1_457' title='bbox 1919 2306 2095 2370; x_wconf 85' lang='lat' dir='ltr'><strong>firma,</strong></span> <span class='ocrx_word' id='word_1_458' title='bbox 2122 2314 2178 2358; x_wconf 93' lang='lat' dir='ltr'><strong>ut</strong></span> <span class='ocrx_word' id='word_1_459' title='bbox 2205 2312 2257 2359; x_wconf 91' lang='lat' dir='ltr'><strong>te</strong></span> <span class='ocrx_word' id='word_1_460' title='bbox 2301 2300 2484 2358; x_wconf 84' lang='lat' dir='ltr'><strong>omnia</strong></span> <span class='ocrx_word' id='word_1_461' title='bbox 2536 2300 2589 2353; x_wconf 92' lang='lat' dir='ltr'><strong>in</strong></span> <span class='ocrx_word' id='word_1_462' title='bbox 2637 2296 2886 2354; x_wconf 89' lang='lat' dir='ltr'><strong>omnibus</strong></span> <span class='ocrx_word' id='word_1_463' title='bbox 2930 2303 3204 2365; x_wconf 89' lang='lat' dir='ltr'><strong>operante,</strong></span> <span class='ocrx_word' id='word_1_464' title='bbox 3240 2291 3506 2365; x_wconf 83' lang='lat' dir='ltr'><strong>profectut</strong></span> 
     </span>
    </p>
   </div>
   <div class='ocr_carea' id='block_1_68' title="bbox 1918 2389 3070 2473">
    <p class='ocr_par' dir='ltr' id='par_1_68' title="bbox 1918 2389 3070 2473">
     <span class='ocr_line' id='line_1_68' title="bbox 1918 2389 3070 2473; baseline -0.01 -20"><span class='ocrx_word' id='word_1_465' title='bbox 1918 2396 2095 2473; x_wconf 86' lang='lat' dir='ltr'><strong>gregis</strong></span> <span class='ocrx_word' id='word_1_466' title='bbox 2124 2395 2200 2453; x_wconf 84' lang='lat' dir='ltr'><strong>tui</strong></span> <span class='ocrx_word' id='word_1_467' title='bbox 2227 2394 2297 2451; x_wconf 89' lang='lat' dir='ltr'><strong>sit</strong></span> <span class='ocrx_word' id='word_1_468' title='bbox 2326 2392 2498 2450; x_wconf 88' lang='lat' dir='ltr'><strong>forma</strong></span> <span class='ocrx_word' id='word_1_469' title='bbox 2527 2390 2775 2463; x_wconf 90' lang='lat' dir='ltr'><strong>pastoris.</strong></span> <span class='ocrx_word' id='word_1_470' title='bbox 2811 2389 2933 2455; x_wconf 86' lang='lat' dir='ltr'><strong>Per,</strong></span> <span class='ocrx_word' id='word_1_471' title='bbox 2965 2396 3070 2442; x_wconf 88' lang='lat' dir='ltr'><strong>etc.</strong></span> 
     </span>
    </p>
   </div>
   <div class='ocr_carea' id='block_1_69' title="bbox 1990 2477 3509 2554">
    <p class='ocr_par' dir='ltr' id='par_1_69' title="bbox 1990 2477 3509 2554">
     <span class='ocr_line' id='line_1_69' title="bbox 1990 2477 3509 2554; baseline -0.009 -9"><span class='ocrx_word' id='word_1_472' title='bbox 1990 2490 2220 2546; x_wconf 88' lang='lat' dir='ltr'><strong>Domine</strong></span> <span class='ocrx_word' id='word_1_473' title='bbox 2267 2496 2472 2554; x_wconf 78' lang='lat' dir='ltr'><strong>sancte,</strong></span> <span class='ocrx_word' id='word_1_474' title='bbox 2506 2485 2667 2543; x_wconf 88' lang='lat' dir='ltr'><strong>Pater</strong></span> <span class='ocrx_word' id='word_1_475' title='bbox 2700 2482 3065 2552; x_wconf 89' lang='lat' dir='ltr'><strong>omnipotens,</strong></span> <span class='ocrx_word' id='word_1_476' title='bbox 3117 2488 3318 2535; x_wconf 67' lang='lat' dir='ltr'><strong>aeterne</strong></span> <span class='ocrx_word' id='word_1_477' title='bbox 3346 2477 3509 2545; x_wconf 83' lang='lat' dir='ltr'><strong>Deus,</strong></span> 
     </span>
    </p>
   </div>
   <div class='ocr_carea' id='block_1_70' title="bbox 1917 2574 3511 2661">
    <p class='ocr_par' dir='ltr' id='par_1_70' title="bbox 1917 2574 3511 2661">
     <span class='ocr_line' id='line_1_70' title="bbox 1917 2574 3511 2661; baseline -0.011 -18"><span class='ocrx_word' id='word_1_478' title='bbox 1917 2586 2101 2661; x_wconf 66' lang='lat' dir='ltr'><strong>gratiae</strong></span> <span class='ocrx_word' id='word_1_479' title='bbox 2132 2592 2238 2641; x_wconf 76' lang='lat' dir='ltr'><strong>tuae</strong></span> <span class='ocrx_word' id='word_1_480' title='bbox 2263 2585 2317 2640; x_wconf 93' lang='lat' dir='ltr'><strong>in</strong></span> <span class='ocrx_word' id='word_1_481' title='bbox 2342 2582 2497 2641; x_wconf 87' lang='lat' dir='ltr'><strong>nobis</strong></span> <span class='ocrx_word' id='word_1_482' title='bbox 2546 2580 2684 2635; x_wconf 89' lang='lat' dir='ltr'><strong>dona</strong></span> <span class='ocrx_word' id='word_1_483' title='bbox 2718 2592 3067 2649; x_wconf 84' lang='lat' dir='ltr'><strong>prosequere,</strong></span> <span class='ocrx_word' id='word_1_484' title='bbox 3094 2585 3147 2633; x_wconf 91' lang='lat' dir='ltr'><strong>et</strong></span> <span class='ocrx_word' id='word_1_485' title='bbox 3172 2574 3312 2645; x_wconf 86' lang='lat' dir='ltr'><strong>quod</strong></span> <span class='ocrx_word' id='word_1_486' title='bbox 3338 2574 3511 2643; x_wconf 81' lang='lat' dir='ltr'><strong>possi-</strong></span> 
     </span>
    </p>
   </div>
   <div class='ocr_carea' id='block_1_71' title="bbox 1919 2667 3514 2743">
    <p class='ocr_par' dir='ltr' id='par_1_71' title="bbox 1919 2667 3514 2743">
     <span class='ocr_line' id='line_1_71' title="bbox 1919 2667 3514 2743; baseline -0.009 -8"><span class='ocrx_word' id='word_1_487' title='bbox 1919 2678 2095 2735; x_wconf 87' lang='lat' dir='ltr'><strong>bilitas</strong></span> <span class='ocrx_word' id='word_1_488' title='bbox 2145 2692 2250 2732; x_wconf 91' lang='lat' dir='ltr'><strong>non</strong></span> <span class='ocrx_word' id='word_1_489' title='bbox 2296 2676 2459 2731; x_wconf 84' lang='lat' dir='ltr'><strong>habet</strong></span> <span class='ocrx_word' id='word_1_490' title='bbox 2505 2672 2809 2743; x_wconf 85' lang='lat' dir='ltr'><strong>fragilitatis</strong></span> <span class='ocrx_word' id='word_1_491' title='bbox 2853 2670 3133 2733; x_wconf 66' lang='lat' dir='ltr'><strong>humnnze.</strong></span> <span class='ocrx_word' id='word_1_492' title='bbox 3178 2678 3268 2723; x_wconf 89' lang='lat' dir='ltr'><strong>tuo</strong></span> <span class='ocrx_word' id='word_1_493' title='bbox 3324 2667 3514 2737; x_wconf 84' lang='lat' dir='ltr'><strong>spiritu</strong></span> 
     </span>
    </p>
   </div>
   <div class='ocr_carea' id='block_1_72' title="bbox 1919 2761 3515 2840">
    <p class='ocr_par' dir='ltr' id='par_1_72' title="bbox 1919 2761 3515 2840">
     <span class='ocr_line' id='line_1_72' title="bbox 1919 2761 3515 2840; baseline -0.011 -7"><span class='ocrx_word' id='word_1_494' title='bbox 1919 2774 2205 2833; x_wconf 80' lang='lat' dir='ltr'><strong>miseratus</strong></span> <span class='ocrx_word' id='word_1_495' title='bbox 2234 2768 2503 2840; x_wconf 81' lang='lat' dir='ltr'><strong>impende.</strong></span> <span class='ocrx_word' id='word_1_496' title='bbox 2540 2776 2597 2825; x_wconf 93' lang='lat' dir='ltr'><strong>ut</strong></span> <span class='ocrx_word' id='word_1_497' title='bbox 2626 2766 2795 2824; x_wconf 89' lang='lat' dir='ltr'><strong>sacris</strong></span> <span class='ocrx_word' id='word_1_498' title='bbox 2826 2763 3084 2822; x_wconf 87' lang='lat' dir='ltr'><strong>altaribus</strong></span> <span class='ocrx_word' id='word_1_499' title='bbox 3114 2761 3433 2825; x_wconf 86' lang='lat' dir='ltr'><strong>servientes,</strong></span> <span class='ocrx_word' id='word_1_500' title='bbox 3462 2769 3515 2815; x_wconf 88' lang='lat' dir='ltr'><strong>et</strong></span> 
     </span>
    </p>
   </div>
   <div class='ocr_carea' id='block_1_73' title="bbox 1921 2852 3515 2939">
    <p class='ocr_par' dir='ltr' id='par_1_73' title="bbox 1921 2852 3515 2939">
     <span class='ocr_line' id='line_1_73' title="bbox 1921 2852 3515 2939; baseline -0.012 -11"><span class='ocrx_word' id='word_1_501' title='bbox 1921 2869 2048 2929; x_wconf 80' lang='lat' dir='ltr'><strong>fidei</strong></span> <span class='ocrx_word' id='word_1_502' title='bbox 2098 2867 2403 2939; x_wconf 84' lang='lat' dir='ltr'><strong>integritate</strong></span> <span class='ocrx_word' id='word_1_503' title='bbox 2463 2861 2696 2927; x_wconf 81' lang='lat' dir='ltr'><strong>fundati,</strong></span> <span class='ocrx_word' id='word_1_504' title='bbox 2741 2868 2797 2919; x_wconf 88' lang='lat' dir='ltr'><strong>et</strong></span> <span class='ocrx_word' id='word_1_505' title='bbox 2857 2857 3054 2917; x_wconf 87' lang='lat' dir='ltr'><strong>mentis</strong></span> <span class='ocrx_word' id='word_1_506' title='bbox 3110 2856 3217 2915; x_wconf 87' lang='lat' dir='ltr'><strong>sint</strong></span> <span class='ocrx_word' id='word_1_507' title='bbox 3264 2852 3515 2913; x_wconf 87' lang='lat' dir='ltr'><strong>claritate</strong></span> 
     </span>
    </p>
   </div>
   <div class='ocr_carea' id='block_1_74' title="bbox 1922 2946 2509 3029">
    <p class='ocr_par' dir='ltr' id='par_1_74' title="bbox 1922 2946 2509 3029">
     <span class='ocr_line' id='line_1_74' title="bbox 1922 2946 2509 3029; baseline -0.019 -8"><span class='ocrx_word' id='word_1_508' title='bbox 1922 2946 2220 3029; x_wconf 80' lang='lat' dir='ltr'><strong>conspicui.</strong></span> <span class='ocrx_word' id='word_1_509' title='bbox 2251 2960 2371 3025; x_wconf 83' lang='lat' dir='ltr'><strong>Per,</strong></span> <span class='ocrx_word' id='word_1_510' title='bbox 2403 2966 2509 3011; x_wconf 90' lang='lat' dir='ltr'><strong>etc.</strong></span> 
     </span>
    </p>
   </div>
   <div class='ocr_carea' id='block_1_75' title="bbox 2000 3051 3516 3121">
    <p class='ocr_par' dir='ltr' id='par_1_75' title="bbox 2000 3051 3516 3121">
     <span class='ocr_line' id='line_1_75' title="bbox 2000 3051 3516 3121; baseline -0.005 -13"><span class='ocrx_word' id='word_1_511' title='bbox 2000 3066 2021 3093; x_wconf 78' lang='grc' dir='ltr'><strong>ο</strong></span> <span class='ocrx_word' id='word_1_512' title='bbox 2049 3055 2209 3118; x_wconf 89' lang='lat' dir='ltr'><strong>Deus,</strong></span> <span class='ocrx_word' id='word_1_513' title='bbox 2237 3052 2327 3121; x_wconf 92' lang='lat' dir='ltr'><strong>qui</strong></span> <span class='ocrx_word' id='word_1_514' title='bbox 2352 3051 2556 3105; x_wconf 83' lang='lat' dir='ltr'><strong>dierum</strong></span> <span class='ocrx_word' id='word_1_515' title='bbox 2585 3056 2893 3105; x_wconf 87' lang='lat' dir='ltr'><strong>nostrorum</strong></span> <span class='ocrx_word' id='word_1_516' title='bbox 2907 3058 3161 3101; x_wconf 87' lang='lat' dir='ltr'><strong>numeros</strong></span> <span class='ocrx_word' id='word_1_517' title='bbox 3186 3052 3516 3110; x_wconf 81' lang='lat' dir='ltr'><strong>temporum-</strong></span> 
     </span>
    </p>
   </div>
   <div class='ocr_carea' id='block_1_76' title="bbox 1929 3134 3515 3217">
    <p class='ocr_par' dir='ltr' id='par_1_76' title="bbox 1929 3134 3515 3217">
     <span class='ocr_line' id='line_1_76' title="bbox 1929 3134 3515 3217; baseline -0.013 -11"><span class='ocrx_word' id='word_1_518' title='bbox 1929 3163 2034 3217; x_wconf 85' lang='lat' dir='ltr'><strong>que</strong></span> <span class='ocrx_word' id='word_1_519' title='bbox 2084 3159 2366 3201; x_wconf 82' lang='lat' dir='ltr'><strong>mensuras</strong></span> <span class='ocrx_word' id='word_1_520' title='bbox 2395 3141 2697 3211; x_wconf 80' lang='lat' dir='ltr'><strong>majestatis</strong></span> <span class='ocrx_word' id='word_1_521' title='bbox 2734 3148 2839 3193; x_wconf 86' lang='lat' dir='ltr'><strong>tuac</strong></span> <span class='ocrx_word' id='word_1_522' title='bbox 2888 3143 3155 3207; x_wconf 87' lang='lat' dir='ltr'><strong>potestate</strong></span> <span class='ocrx_word' id='word_1_523' title='bbox 3202 3134 3515 3204; x_wconf 86' lang='lat' dir='ltr'><strong>dispensas,</strong></span> 
     </span>
    </p>
   </div>
   <div class='ocr_carea' id='block_1_77' title="bbox 1854 3212 3521 3312">
    <p class='ocr_par' dir='ltr' id='par_1_77' title="bbox 1854 3212 3521 3312">
     <span class='ocr_line' id='line_1_77' title="bbox 1854 3212 3521 3312; baseline -0.009 -14"><span class='ocrx_word' id='word_1_524' title='bbox 1854 3212 1905 3281; x_wconf 69' lang='lat' dir='ltr'>c</span> <span class='ocrx_word' id='word_1_525' title='bbox 1933 3212 2198 3312; x_wconf 80' lang='lat' dir='ltr'><strong>propitius</strong></span> <span class='ocrx_word' id='word_1_526' title='bbox 2223 3235 2293 3293; x_wconf 90' lang='lat' dir='ltr'><strong>ad</strong></span> <span class='ocrx_word' id='word_1_527' title='bbox 2328 3233 2648 3293; x_wconf 85' lang='lat' dir='ltr'><strong>humilitatis</strong></span> <span class='ocrx_word' id='word_1_528' title='bbox 2696 3238 2894 3289; x_wconf 61' lang='lat' dir='ltr'><strong>nostra!</strong></span> <span class='ocrx_word' id='word_1_529' title='bbox 2920 3229 3127 3297; x_wconf 87' lang='lat' dir='ltr'><strong>respice</strong></span> <span class='ocrx_word' id='word_1_530' title='bbox 3176 3228 3521 3295; x_wconf 82' lang='lat' dir='ltr'><strong>servitutem,</strong></span> 
     </span>
    </p>
   </div>
   <div class='ocr_carea' id='block_1_78' title="bbox 1929 3320 3519 3400">
    <p class='ocr_par' dir='ltr' id='par_1_78' title="bbox 1929 3320 3519 3400">
     <span class='ocr_line' id='line_1_78' title="bbox 1929 3320 3519 3400; baseline -0.006 -14"><span class='ocrx_word' id='word_1_531' title='bbox 1929 3342 1989 3389; x_wconf 86' lang='lat' dir='ltr'><strong>ut</strong></span> <span class='ocrx_word' id='word_1_532' title='bbox 2020 3341 2123 3387; x_wconf 67' lang='lat' dir='ltr'><strong>tute</strong></span> <span class='ocrx_word' id='word_1_533' title='bbox 2159 3330 2304 3400; x_wconf 91' lang='lat' dir='ltr'><strong>pacis</strong></span> <span class='ocrx_word' id='word_1_534' title='bbox 2322 3325 2648 3383; x_wconf 91' lang='lat' dir='ltr'><strong>abundantia</strong></span> <span class='ocrx_word' id='word_1_535' title='bbox 2677 3333 2921 3394; x_wconf 78' lang='lat' dir='ltr'><strong>tempora</strong></span> <span class='ocrx_word' id='word_1_536' title='bbox 2945 3331 3126 3381; x_wconf 84' lang='lat' dir='ltr'><strong>nostra</strong></span> <span class='ocrx_word' id='word_1_537' title='bbox 3155 3320 3519 3383; x_wconf 84' lang='lat' dir='ltr'><strong>cumulentur.</strong></span> 
     </span>
    </p>
   </div>
   <div class='ocr_carea' id='block_1_79' title="bbox 1929 3428 2189 3497">
    <p class='ocr_par' dir='ltr' id='par_1_79' title="bbox 1929 3428 2189 3497">
     <span class='ocr_line' id='line_1_79' title="bbox 1929 3428 2189 3497; baseline -0.027 -8"><span class='ocrx_word' id='word_1_538' title='bbox 1929 3428 2054 3497; x_wconf 84' lang='lat' dir='ltr'><strong>Per,</strong></span> <span class='ocrx_word' id='word_1_539' title='bbox 2082 3434 2189 3485; x_wconf 88' lang='lat' dir='ltr'><strong>etc.</strong></span> 
     </span>
    </p>
   </div>
   <div class='ocr_carea' id='block_1_80' title="bbox 2000 3514 3518 3590">
    <p class='ocr_par' dir='ltr' id='par_1_80' title="bbox 2000 3514 3518 3590">
     <span class='ocr_line' id='line_1_80' title="bbox 2000 3514 3518 3590; baseline -0.005 -11"><span class='ocrx_word' id='word_1_540' title='bbox 2000 3521 2166 3587; x_wconf 85' lang='lat' dir='ltr'><strong>Deus,</strong></span> <span class='ocrx_word' id='word_1_541' title='bbox 2191 3518 2285 3590; x_wconf 84' lang='lat' dir='ltr'><strong>qui</strong></span> <span class='ocrx_word' id='word_1_542' title='bbox 2312 3532 2417 3577; x_wconf 89' lang='lat' dir='ltr'><strong>nee</strong></span> <span class='ocrx_word' id='word_1_543' title='bbox 2443 3516 2697 3579; x_wconf 82' lang='lat' dir='ltr'><strong>Ecclesiae</strong></span> <span class='ocrx_word' id='word_1_544' title='bbox 2722 3523 2827 3579; x_wconf 79' lang='lat' dir='ltr'><strong>tuae</strong></span> <span class='ocrx_word' id='word_1_545' title='bbox 2855 3528 3029 3587; x_wconf 85' lang='lat' dir='ltr'><strong>usque</strong></span> <span class='ocrx_word' id='word_1_546' title='bbox 3060 3514 3129 3575; x_wconf 85' lang='lat' dir='ltr'><strong>ad</strong></span> <span class='ocrx_word' id='word_1_547' title='bbox 3172 3527 3518 3572; x_wconf 79' lang='lat' dir='ltr'><strong>consumma-</strong></span> 
     </span>
    </p>
   </div>
   <div class='ocr_carea' id='block_1_81' title="bbox 1930 3608 3517 3685">
    <p class='ocr_par' dir='ltr' id='par_1_81' title="bbox 1930 3608 3517 3685">
     <span class='ocr_line' id='line_1_81' title="bbox 1930 3608 3517 3685; baseline -0.003 -14"><span class='ocrx_word' id='word_1_548' title='bbox 1930 3615 2131 3673; x_wconf 84' lang='lat' dir='ltr'><strong>tionem</strong></span> <span class='ocrx_word' id='word_1_549' title='bbox 2161 3623 2214 3671; x_wconf 89' lang='lat' dir='ltr'><strong>te</strong></span> <span class='ocrx_word' id='word_1_550' title='bbox 2241 3611 2421 3671; x_wconf 60' lang='grc' dir='ltr'><strong>βεαυιὶ</strong></span> <span class='ocrx_word' id='word_1_551' title='bbox 2450 3609 2781 3677; x_wconf 86' lang='lat' dir='ltr'><strong>defuturum,</strong></span> <span class='ocrx_word' id='word_1_552' title='bbox 2812 3623 2912 3667; x_wconf 82' lang='lat' dir='ltr'><strong>nec</strong></span> <span class='ocrx_word' id='word_1_553' title='bbox 2943 3608 3137 3667; x_wconf 83' lang='lat' dir='ltr'><strong>inferni</strong></span> <span class='ocrx_word' id='word_1_554' title='bbox 3169 3617 3350 3679; x_wconf 86' lang='lat' dir='ltr'><strong>portas</strong></span> <span class='ocrx_word' id='word_1_555' title='bbox 3369 3622 3517 3685; x_wconf 54' lang='lat' dir='ltr'><strong>apo.</strong></span> 
     </span>
    </p>
   </div>
   <div class='ocr_carea' id='block_1_82' title="bbox 1930 3699 3522 3774">
    <p class='ocr_par' dir='ltr' id='par_1_82' title="bbox 1930 3699 3522 3774">
     <span class='ocr_line' id='line_1_82' title="bbox 1930 3699 3522 3774; baseline -0.006 -6"><span class='ocrx_word' id='word_1_556' title='bbox 1930 3710 2136 3769; x_wconf 85' lang='lat' dir='ltr'><strong>stolicae</strong></span> <span class='ocrx_word' id='word_1_557' title='bbox 2162 3705 2491 3767; x_wconf 75' lang='lat' dir='ltr'><strong>confessioni</strong></span> <span class='ocrx_word' id='word_1_558' title='bbox 2536 3704 2909 3774; x_wconf 75' lang='lat' dir='ltr'><strong>praevalituras</strong></span> <span class='ocrx_word' id='word_1_559' title='bbox 2937 3717 3058 3761; x_wconf 78' lang='lat' dir='ltr'><strong>esse</strong></span> <span class='ocrx_word' id='word_1_560' title='bbox 3106 3699 3427 3771; x_wconf 79' lang='lat' dir='ltr'><strong>promisisti,</strong></span> <span class='ocrx_word' id='word_1_561' title='bbox 3461 3700 3522 3759; x_wconf 86' lang='lat' dir='ltr'><strong>in</strong></span> 
     </span>
    </p>
   </div>
   <div class='ocr_carea' id='block_1_83' title="bbox 1931 3792 3514 3871">
    <p class='ocr_par' dir='ltr' id='par_1_83' title="bbox 1931 3792 3514 3871">
     <span class='ocr_line' id='line_1_83' title="bbox 1931 3792 3514 3871; baseline -0.008 -12"><span class='ocrx_word' id='word_1_562' title='bbox 1931 3813 2113 3861; x_wconf 85' lang='lat' dir='ltr'><strong>nostra</strong></span> <span class='ocrx_word' id='word_1_563' title='bbox 2138 3814 2347 3871; x_wconf 86' lang='lat' dir='ltr'><strong>quoque</strong></span> <span class='ocrx_word' id='word_1_564' title='bbox 2380 3796 2579 3868; x_wconf 76' lang='lat' dir='ltr'><strong>perﬁce</strong></span> <span class='ocrx_word' id='word_1_565' title='bbox 2604 3796 2874 3866; x_wconf 83' lang='lat' dir='ltr'><strong>propitius</strong></span> <span class='ocrx_word' id='word_1_566' title='bbox 2896 3794 3211 3855; x_wconf 73' lang='lat' dir='ltr'><strong>infirmitate</strong></span> <span class='ocrx_word' id='word_1_567' title='bbox 3232 3792 3514 3861; x_wconf 87' lang='lat' dir='ltr'><strong>virtutem,</strong></span> 
     </span>
    </p>
   </div>
   <div class='ocr_carea' id='block_1_84' title="bbox 1930 3887 3523 3966">
    <p class='ocr_par' dir='ltr' id='par_1_84' title="bbox 1930 3887 3523 3966">
     <span class='ocr_line' id='line_1_84' title="bbox 1930 3887 3523 3966; baseline -0.006 -11"><span class='ocrx_word' id='word_1_568' title='bbox 1930 3908 1985 3959; x_wconf 87' lang='lat' dir='ltr'><strong>et</strong></span> <span class='ocrx_word' id='word_1_569' title='bbox 2011 3899 2208 3957; x_wconf 65' lang='lat' dir='ltr'><strong>divinae</strong></span> <span class='ocrx_word' id='word_1_570' title='bbox 2226 3892 2628 3966; x_wconf 76' lang='lat' dir='ltr'><strong>pollicitationis</strong></span> <span class='ocrx_word' id='word_1_571' title='bbox 2643 3892 2917 3956; x_wconf 73' lang='lat' dir='ltr'><strong>eﬂ&#39;ectum,</strong></span> <span class='ocrx_word' id='word_1_572' title='bbox 2949 3890 3078 3951; x_wconf 87' lang='lat' dir='ltr'><strong>dum</strong></span> <span class='ocrx_word' id='word_1_573' title='bbox 3098 3890 3260 3948; x_wconf 88' lang='lat' dir='ltr'><strong>etiam</strong></span> <span class='ocrx_word' id='word_1_574' title='bbox 3290 3887 3523 3951; x_wconf 67' lang='lat' dir='ltr'><strong>inﬁrmis</strong></span> 
     </span>
    </p>
   </div>
   <div class='ocr_carea' id='block_1_85' title="bbox 1930 3980 3525 4058">
    <p class='ocr_par' dir='ltr' id='par_1_85' title="bbox 1930 3980 3525 4058">
     <span class='ocr_line' id='line_1_85' title="bbox 1930 3980 3525 4058; baseline -0.004 -8"><span class='ocrx_word' id='word_1_575' title='bbox 1930 3992 2036 4050; x_wconf 89' lang='lat' dir='ltr'><strong>tuis</strong></span> <span class='ocrx_word' id='word_1_576' title='bbox 2064 3991 2247 4046; x_wconf 85' lang='lat' dir='ltr'><strong>inesse</strong></span> <span class='ocrx_word' id='word_1_577' title='bbox 2269 3986 2529 4058; x_wconf 79' lang='lat' dir='ltr'><strong>dignaris,</strong></span> <span class='ocrx_word' id='word_1_578' title='bbox 2564 3984 2814 4045; x_wconf 84' lang='lat' dir='ltr'><strong>ostende.</strong></span> <span class='ocrx_word' id='word_1_579' title='bbox 2844 3983 2979 4051; x_wconf 84' lang='lat' dir='ltr'><strong>Quia</strong></span> <span class='ocrx_word' id='word_1_580' title='bbox 3004 3980 3342 4051; x_wconf 81' lang='lat' dir='ltr'><strong>praesentiam</strong></span> <span class='ocrx_word' id='word_1_581' title='bbox 3373 3990 3525 4043; x_wconf 76' lang='lat' dir='ltr'><strong>tualt</strong></span> 
     </span>
    </p>
   </div>
   <div class='ocr_carea' id='block_1_86' title="bbox 1930 4074 3527 4145">
    <p class='ocr_par' dir='ltr' id='par_1_86' title="bbox 1930 4074 3527 4145">
     <span class='ocr_line' id='line_1_86' title="bbox 1930 4074 3527 4145; baseline -0.003 -9"><span class='ocrx_word' id='word_1_582' title='bbox 1930 4083 2047 4145; x_wconf 80' lang='lat' dir='ltr'><strong>sine</strong></span> <span class='ocrx_word' id='word_1_583' title='bbox 2067 4081 2403 4141; x_wconf 85' lang='lat' dir='ltr'><strong>dubitatione</strong></span> <span class='ocrx_word' id='word_1_584' title='bbox 2423 4078 2709 4142; x_wconf 83' lang='lat' dir='ltr'><strong>sentimus,</strong></span> <span class='ocrx_word' id='word_1_585' title='bbox 2734 4092 2858 4133; x_wconf 83' lang='lat' dir='ltr'><strong>cum</strong></span> <span class='ocrx_word' id='word_1_586' title='bbox 2889 4084 2943 4135; x_wconf 87' lang='lat' dir='ltr'><strong>et</strong></span> <span class='ocrx_word' id='word_1_587' title='bbox 2972 4074 3197 4143; x_wconf 73' lang='lat' dir='ltr'><strong>singulis</strong></span> <span class='ocrx_word' id='word_1_588' title='bbox 3221 4074 3527 4144; x_wconf 77' lang='lat' dir='ltr'><strong>quibusque</strong></span> 
     </span>
    </p>
   </div>
   <div class='ocr_carea' id='block_1_87' title="bbox 1933 4167 3527 4246">
    <p class='ocr_par' dir='ltr' id='par_1_87' title="bbox 1933 4167 3527 4246">
     <span class='ocr_line' id='line_1_87' title="bbox 1933 4167 3527 4246; baseline -0.009 -13"><span class='ocrx_word' id='word_1_589' title='bbox 1933 4174 2266 4246; x_wconf 86' lang='lat' dir='ltr'><strong>temporibus</strong></span> <span class='ocrx_word' id='word_1_590' title='bbox 2294 4170 2680 4227; x_wconf 89' lang='lat' dir='ltr'><strong>convenienter</strong></span> <span class='ocrx_word' id='word_1_591' title='bbox 2700 4167 2932 4237; x_wconf 89' lang='lat' dir='ltr'><strong>optanda</strong></span> <span class='ocrx_word' id='word_1_592' title='bbox 2961 4167 3260 4234; x_wconf 70' lang='lat' dir='ltr'><strong>diapeusas,</strong></span> <span class='ocrx_word' id='word_1_593' title='bbox 3292 4173 3347 4225; x_wconf 89' lang='lat' dir='ltr'><strong>et</strong></span> <span class='ocrx_word' id='word_1_594' title='bbox 3367 4179 3464 4223; x_wconf 83' lang='lat' dir='ltr'><strong>nos</strong></span> <span class='ocrx_word' id='word_1_595' title='bbox 3491 4179 3527 4225; x_wconf 83' lang='lat' dir='ltr'><strong>a</strong></span> 
     </span>
    </p>
   </div>
   <div class='ocr_carea' id='block_1_88' title="bbox 1932 4255 3525 4329">
    <p class='ocr_par' dir='ltr' id='par_1_88' title="bbox 1932 4255 3525 4329">
     <span class='ocr_line' id='line_1_88' title="bbox 1932 4255 3525 4329; baseline -0.008 -5"><span class='ocrx_word' id='word_1_596' title='bbox 1932 4268 2095 4323; x_wconf 87' lang='lat' dir='ltr'><strong>totius</strong></span> <span class='ocrx_word' id='word_1_597' title='bbox 2118 4264 2461 4320; x_wconf 89' lang='lat' dir='ltr'><strong>adversitatis</strong></span> <span class='ocrx_word' id='word_1_598' title='bbox 2502 4261 2720 4319; x_wconf 88' lang='lat' dir='ltr'><strong>incursu</strong></span> <span class='ocrx_word' id='word_1_599' title='bbox 2742 4259 2947 4329; x_wconf 79' lang='lat' dir='ltr'><strong>perpeti</strong></span> <span class='ocrx_word' id='word_1_600' title='bbox 2976 4255 3311 4325; x_wconf 81' lang='lat' dir='ltr'><strong>protectione</strong></span> <span class='ocrx_word' id='word_1_601' title='bbox 3337 4262 3525 4317; x_wconf 44' lang='lat' dir='ltr'><strong>casto.</strong></span> 
     </span>
    </p>
   </div>
   <div class='ocr_carea' id='block_1_89' title="bbox 1933 4357 2340 4425">
    <p class='ocr_par' dir='ltr' id='par_1_89' title="bbox 1933 4357 2340 4425">
     <span class='ocr_line' id='line_1_89' title="bbox 1933 4357 2340 4425; baseline -0.01 -11"><span class='ocrx_word' id='word_1_602' title='bbox 1933 4359 2038 4415; x_wconf 86' lang='lat' dir='ltr'><strong>dis.</strong></span> <span class='ocrx_word' id='word_1_603' title='bbox 2066 4357 2189 4425; x_wconf 89' lang='lat' dir='ltr'><strong>Per,</strong></span> <span class='ocrx_word' id='word_1_604' title='bbox 2236 4364 2340 4415; x_wconf 87' lang='lat' dir='ltr'><strong>etc.</strong></span> 
     </span>
    </p>
   </div>
   <div class='ocr_carea' id='block_1_90' title="bbox 2012 4441 3526 4517">
    <p class='ocr_par' dir='ltr' id='par_1_90' title="bbox 2012 4441 3526 4517">
     <span class='ocr_line' id='line_1_90' title="bbox 2012 4441 3526 4517; baseline -0.006 -9"><span class='ocrx_word' id='word_1_605' title='bbox 2012 4452 2304 4516; x_wconf 80' lang='lat' dir='ltr'><strong>Memento,</strong></span> <span class='ocrx_word' id='word_1_606' title='bbox 2346 4448 2596 4516; x_wconf 85' lang='lat' dir='ltr'><strong>Domine,</strong></span> <span class='ocrx_word' id='word_1_607' title='bbox 2632 4445 2776 4517; x_wconf 84' lang='lat' dir='ltr'><strong>quod</strong></span> <span class='ocrx_word' id='word_1_608' title='bbox 2805 4459 2866 4502; x_wconf 83' lang='lat' dir='ltr'><strong>es</strong></span> <span class='ocrx_word' id='word_1_609' title='bbox 2891 4451 3147 4516; x_wconf 83' lang='lat' dir='ltr'><strong>operatus</strong></span> <span class='ocrx_word' id='word_1_610' title='bbox 3165 4443 3219 4498; x_wconf 89' lang='lat' dir='ltr'><strong>in</strong></span> <span class='ocrx_word' id='word_1_611' title='bbox 3248 4441 3407 4500; x_wconf 87' lang='lat' dir='ltr'><strong>nobis</strong></span> <span class='ocrx_word' id='word_1_612' title='bbox 3425 4482 3440 4507; x_wconf 87' lang='lat'><strong>,</strong></span> <span class='ocrx_word' id='word_1_613' title='bbox 3469 4449 3526 4501; x_wconf 81' lang='lat' dir='ltr'><strong>et</strong></span> 
     </span>
    </p>
   </div>
   <div class='ocr_carea' id='block_1_91' title="bbox 1935 4534 3525 4615">
    <p class='ocr_par' dir='ltr' id='par_1_91' title="bbox 1935 4534 3525 4615">
     <span class='ocr_line' id='line_1_91' title="bbox 1935 4534 3525 4615; baseline -0.004 -13"><span class='ocrx_word' id='word_1_614' title='bbox 1935 4561 2043 4602; x_wconf 89' lang='lat' dir='ltr'><strong>non</strong></span> <span class='ocrx_word' id='word_1_615' title='bbox 2085 4543 2211 4615; x_wconf 92' lang='lat' dir='ltr'><strong>quid</strong></span> <span class='ocrx_word' id='word_1_616' title='bbox 2235 4556 2558 4607; x_wconf 87' lang='lat' dir='ltr'><strong>mereamur,</strong></span> <span class='ocrx_word' id='word_1_617' title='bbox 2592 4538 2688 4596; x_wconf 87' lang='lat' dir='ltr'><strong>sed</strong></span> <span class='ocrx_word' id='word_1_618' title='bbox 2713 4538 2892 4595; x_wconf 87' lang='lat' dir='ltr'><strong>collati</strong></span> <span class='ocrx_word' id='word_1_619' title='bbox 2932 4536 3159 4608; x_wconf 81' lang='lat' dir='ltr'><strong>gratiam</strong></span> <span class='ocrx_word' id='word_1_620' title='bbox 3188 4536 3263 4595; x_wconf 88' lang='lat' dir='ltr'><strong>tui</strong></span> <span class='ocrx_word' id='word_1_621' title='bbox 3285 4534 3525 4595; x_wconf 70' lang='lat' dir='ltr'><strong>muneris</strong></span> 
     </span>
    </p>
   </div>
   <div class='ocr_carea' id='block_1_92' title="bbox 312 4615 3523 4713">
    <p class='ocr_par' dir='ltr' id='par_1_92' title="bbox 312 4615 3523 4713">
     <span class='ocr_line' id='line_1_92' title="bbox 312 4615 3523 4713; baseline -0.011 4"><span class='ocrx_word' id='word_1_622' title='bbox 312 4649 509 4706; x_wconf 69' lang='lat' dir='ltr'><strong>Omnis</strong></span> <span class='ocrx_word' id='word_1_623' title='bbox 535 4662 565 4703; x_wconf 68' lang='grc'>³</span> <span class='ocrx_word' id='word_1_624' title='bbox 589 4646 767 4712; x_wconf 64' lang='lat' dir='ltr'><strong>nobis,</strong></span> <span class='ocrx_word' id='word_1_625' title='bbox 800 4654 874 4713; x_wconf 72' lang='grc' dir='ltr'><strong>ιθ,</strong></span> <span class='ocrx_word' id='word_1_626' title='bbox 909 4641 1152 4708; x_wconf 69' lang='lat' dir='ltr'><strong>Domine.</strong></span> <span class='ocrx_word' id='word_1_627' title='bbox 1188 4652 1515 4710; x_wconf 68' lang='grc' dir='ltr'><strong>ιιυιεευωυςι</strong></span> <span class='ocrx_word' id='word_1_628' title='bbox 1555 4635 1826 4706; x_wconf 60' lang='lat' dir='ltr'><strong>exttianle.</strong></span> <span class='ocrx_word' id='word_1_629' title='bbox 1853 4615 1913 4681; x_wconf 76' lang='grc' dir='ltr'><strong>Ῑ)</strong></span> <span class='ocrx_word' id='word_1_630' title='bbox 1934 4644 2162 4709; x_wconf 88' lang='lat' dir='ltr'><strong>intuere,</strong></span> <span class='ocrx_word' id='word_1_631' title='bbox 2196 4649 2255 4696; x_wconf 92' lang='lat' dir='ltr'><strong>ut</strong></span> <span class='ocrx_word' id='word_1_632' title='bbox 2301 4639 2440 4695; x_wconf 86' lang='lat' dir='ltr'><strong>sicut</strong></span> <span class='ocrx_word' id='word_1_633' title='bbox 2496 4650 2581 4697; x_wconf 87' lang='lat' dir='ltr'><strong>me</strong></span> <span class='ocrx_word' id='word_1_634' title='bbox 2630 4634 2799 4691; x_wconf 84' lang='lat' dir='ltr'><strong>sacris</strong></span> <span class='ocrx_word' id='word_1_635' title='bbox 2845 4632 3105 4691; x_wconf 82' lang='lat' dir='ltr'><strong>altaribus</strong></span> <span class='ocrx_word' id='word_1_636' title='bbox 3147 4639 3238 4688; x_wconf 85' lang='lat' dir='ltr'><strong>tua</strong></span> <span class='ocrx_word' id='word_1_637' title='bbox 3285 4630 3523 4702; x_wconf 83' lang='lat' dir='ltr'><strong>dignatio</strong></span> 
     </span>
    </p>
   </div>
   <div class='ocr_carea' id='block_1_93' title="bbox 249 4730 1831 4813">
    <p class='ocr_par' dir='ltr' id='par_1_93' title="bbox 249 4730 1831 4813">
     <span class='ocr_line' id='line_1_93' title="bbox 249 4730 1831 4813; baseline -0.009 -16"><span class='ocrx_word' id='word_1_638' title='bbox 249 4743 485 4813; x_wconf 88' lang='lat' dir='ltr'><strong>pravitas</strong></span> <span class='ocrx_word' id='word_1_639' title='bbox 517 4740 745 4794; x_wconf 88' lang='lat' dir='ltr'><strong>humana</strong></span> <span class='ocrx_word' id='word_1_640' title='bbox 774 4736 1034 4801; x_wconf 87' lang='lat' dir='ltr'><strong>discedat,</strong></span> <span class='ocrx_word' id='word_1_641' title='bbox 1059 4742 1113 4788; x_wconf 90' lang='lat' dir='ltr'><strong>ut</strong></span> <span class='ocrx_word' id='word_1_642' title='bbox 1150 4733 1296 4803; x_wconf 91' lang='lat' dir='ltr'><strong>puris</strong></span> <span class='ocrx_word' id='word_1_643' title='bbox 1326 4730 1572 4787; x_wconf 90' lang='lat' dir='ltr'><strong>sensibus</strong></span> <span class='ocrx_word' id='word_1_644' title='bbox 1602 4740 1654 4784; x_wconf 91' lang='lat' dir='ltr'><strong>et</strong></span> <span class='ocrx_word' id='word_1_645' title='bbox 1680 4744 1831 4784; x_wconf 86' lang='lat' dir='ltr'><strong>men-</strong></span> 
     </span>
    </p>
   </div>
   <div class='ocr_carea' id='block_1_94' title="bbox 248 4826 1474 4905">
    <p class='ocr_par' dir='ltr' id='par_1_94' title="bbox 248 4826 1474 4905">
     <span class='ocr_line' id='line_1_94' title="bbox 248 4826 1474 4905; baseline -0.01 -15"><span class='ocrx_word' id='word_1_646' title='bbox 248 4835 387 4892; x_wconf 85' lang='lat' dir='ltr'><strong>tibus</strong></span> <span class='ocrx_word' id='word_1_647' title='bbox 426 4845 515 4889; x_wconf 82' lang='lat' dir='ltr'><strong>tua</strong></span> <span class='ocrx_word' id='word_1_648' title='bbox 546 4831 803 4905; x_wconf 78' lang='lat' dir='ltr'><strong>mysteria</strong></span> <span class='ocrx_word' id='word_1_649' title='bbox 826 4829 1182 4885; x_wconf 86' lang='lat' dir='ltr'><strong>celebremus.</strong></span> <span class='ocrx_word' id='word_1_650' title='bbox 1216 4826 1337 4892; x_wconf 84' lang='lat' dir='ltr'><strong>Per,</strong></span> <span class='ocrx_word' id='word_1_651' title='bbox 1369 4832 1474 4879; x_wconf 86' lang='lat' dir='ltr'><strong>etc.</strong></span> 
     </span>
    </p>
   </div>
   <div class='ocr_carea' id='block_1_95' title="bbox 316 4914 1832 4999">
    <p class='ocr_par' dir='ltr' id='par_1_95' title="bbox 316 4914 1832 4999">
     <span class='ocr_line' id='line_1_95' title="bbox 316 4914 1832 4999; baseline -0.011 -14"><span class='ocrx_word' id='word_1_652' title='bbox 316 4929 462 4985; x_wconf 83' lang='lat' dir='ltr'><strong>Vere</strong></span> <span class='ocrx_word' id='word_1_653' title='bbox 489 4926 730 4999; x_wconf 86' lang='lat' dir='ltr'><strong>dignum.</strong></span> <span class='ocrx_word' id='word_1_654' title='bbox 774 4923 1109 4995; x_wconf 75' lang='lat' dir='ltr'><strong>Maiestatem</strong></span> <span class='ocrx_word' id='word_1_655' title='bbox 1140 4928 1283 4975; x_wconf 91' lang='lat' dir='ltr'><strong>tuam</strong></span> <span class='ocrx_word' id='word_1_656' title='bbox 1332 4916 1537 4974; x_wconf 89' lang='lat' dir='ltr'><strong>cunctis</strong></span> <span class='ocrx_word' id='word_1_657' title='bbox 1586 4914 1832 4971; x_wconf 87' lang='lat' dir='ltr'><strong>sensibus</strong></span> 
     </span>
    </p>
   </div>
   <div class='ocr_carea' id='block_1_96' title="bbox 250 5009 1836 5095">
    <p class='ocr_par' dir='ltr' id='par_1_96' title="bbox 250 5009 1836 5095">
     <span class='ocr_line' id='line_1_96' title="bbox 250 5009 1836 5095; baseline -0.011 -14"><span class='ocrx_word' id='word_1_658' title='bbox 250 5022 555 5095; x_wconf 89' lang='lat' dir='ltr'><strong>deprecari,</strong></span> <span class='ocrx_word' id='word_1_659' title='bbox 579 5037 645 5075; x_wconf 90' lang='lat' dir='ltr'><strong>ne</strong></span> <span class='ocrx_word' id='word_1_660' title='bbox 676 5018 905 5090; x_wconf 88' lang='lat' dir='ltr'><strong>propriis</strong></span> <span class='ocrx_word' id='word_1_661' title='bbox 946 5011 1369 5086; x_wconf 85' lang='lat' dir='ltr'><strong>jucunditatibus</strong></span> <span class='ocrx_word' id='word_1_662' title='bbox 1418 5009 1687 5078; x_wconf 89' lang='lat' dir='ltr'><strong>occupati,</strong></span> <span class='ocrx_word' id='word_1_663' title='bbox 1744 5015 1836 5065; x_wconf 85' lang='lat' dir='ltr'><strong>aut</strong></span> 
     </span>
    </p>
   </div>
   <div class='ocr_carea' id='block_1_97' title="bbox 250 5103 1837 5173">
    <p class='ocr_par' dir='ltr' id='par_1_97' title="bbox 250 5103 1837 5173">
     <span class='ocr_line' id='line_1_97' title="bbox 250 5103 1837 5173; baseline -0.011 0"><span class='ocrx_word' id='word_1_664' title='bbox 250 5117 512 5173; x_wconf 75' lang='lat' dir='ltr'><strong>familiam</strong></span> <span class='ocrx_word' id='word_1_665' title='bbox 531 5110 873 5170; x_wconf 77' lang='lat' dir='ltr'><strong>dissimulare</strong></span> <span class='ocrx_word' id='word_1_666' title='bbox 892 5106 1255 5171; x_wconf 84' lang='lat' dir='ltr'><strong>commissam,</strong></span> <span class='ocrx_word' id='word_1_667' title='bbox 1271 5113 1360 5159; x_wconf 92' lang='lat' dir='ltr'><strong>aut</strong></span> <span class='ocrx_word' id='word_1_668' title='bbox 1382 5103 1613 5158; x_wconf 81' lang='lat' dir='ltr'><strong>nitamur</strong></span> <span class='ocrx_word' id='word_1_669' title='bbox 1635 5115 1837 5156; x_wconf 85' lang='lat' dir='ltr'><strong>vexare</strong></span> 
     </span>
    </p>
   </div>
   <div class='ocr_carea' id='block_1_98' title="bbox 251 5202 1839 5283">
    <p class='ocr_par' dir='ltr' id='par_1_98' title="bbox 251 5202 1839 5283">
     <span class='ocr_line' id='line_1_98' title="bbox 251 5202 1839 5283; baseline -0.011 -16"><span class='ocrx_word' id='word_1_670' title='bbox 251 5210 578 5283; x_wconf 85' lang='lat' dir='ltr'><strong>subjectam;</strong></span> <span class='ocrx_word' id='word_1_671' title='bbox 604 5206 698 5263; x_wconf 88' lang='lat' dir='ltr'><strong>sed</strong></span> <span class='ocrx_word' id='word_1_672' title='bbox 718 5202 991 5271; x_wconf 82' lang='lat' dir='ltr'><strong>Evangelii</strong></span> <span class='ocrx_word' id='word_1_673' title='bbox 1019 5211 1208 5258; x_wconf 90' lang='lat' dir='ltr'><strong>tenore</strong></span> <span class='ocrx_word' id='word_1_674' title='bbox 1236 5206 1585 5266; x_wconf 88' lang='lat' dir='ltr'><strong>monstrante,</strong></span> <span class='ocrx_word' id='word_1_675' title='bbox 1619 5211 1839 5253; x_wconf 82' lang='lat' dir='ltr'><strong>conser-</strong></span> 
     </span>
    </p>
   </div>
   <div class='ocr_carea' id='block_1_99' title="bbox 253 5292 1837 5366">
    <p class='ocr_par' dir='ltr' id='par_1_99' title="bbox 253 5292 1837 5366">
     <span class='ocr_line' id='line_1_99' title="bbox 253 5292 1837 5366; baseline -0.009 -4"><span class='ocrx_word' id='word_1_676' title='bbox 253 5307 334 5361; x_wconf 88' lang='lat' dir='ltr'><strong>vis</strong></span> <span class='ocrx_word' id='word_1_677' title='bbox 363 5306 568 5362; x_wconf 89' lang='lat' dir='ltr'><strong>cibaria</strong></span> <span class='ocrx_word' id='word_1_678' title='bbox 598 5299 963 5356; x_wconf 86' lang='lat' dir='ltr'><strong>ministrantes</strong></span> <span class='ocrx_word' id='word_1_679' title='bbox 989 5305 1230 5366; x_wconf 91' lang='lat' dir='ltr'><strong>tempore</strong></span> <span class='ocrx_word' id='word_1_680' title='bbox 1258 5294 1620 5363; x_wconf 90' lang='lat' dir='ltr'><strong>competenti,</strong></span> <span class='ocrx_word' id='word_1_681' title='bbox 1650 5292 1837 5349; x_wconf 87' lang='lat' dir='ltr'><strong>Domi-</strong></span> 
     </span>
    </p>
   </div>
   <div class='ocr_carea' id='block_1_100' title="bbox 254 5385 1841 5471">
    <p class='ocr_par' dir='ltr' id='par_1_100' title="bbox 254 5385 1841 5471">
     <span class='ocr_line' id='line_1_100' title="bbox 254 5385 1841 5471; baseline -0.011 -12"><span class='ocrx_word' id='word_1_682' title='bbox 254 5404 377 5461; x_wconf 87' lang='lat' dir='ltr'><strong>nico</strong></span> <span class='ocrx_word' id='word_1_683' title='bbox 403 5399 738 5471; x_wconf 89' lang='lat' dir='ltr'><strong>reperiamur</strong></span> <span class='ocrx_word' id='word_1_684' title='bbox 757 5395 1012 5451; x_wconf 88' lang='lat' dir='ltr'><strong>adventu.</strong></span> <span class='ocrx_word' id='word_1_685' title='bbox 1038 5390 1373 5459; x_wconf 79' lang='lat' dir='ltr'><strong>famulosque</strong></span> <span class='ocrx_word' id='word_1_686' title='bbox 1412 5396 1532 5443; x_wconf 87' lang='lat' dir='ltr'><strong>tuos</strong></span> <span class='ocrx_word' id='word_1_687' title='bbox 1560 5400 1681 5442; x_wconf 90' lang='lat' dir='ltr'><strong>cum</strong></span> <span class='ocrx_word' id='word_1_688' title='bbox 1706 5385 1841 5442; x_wconf 54' lang='lat' dir='ltr'><strong>dile.</strong></span> 
     </span>
    </p>
   </div>
   <div class='ocr_carea' id='block_1_101' title="bbox 256 5484 1841 5567">
    <p class='ocr_par' dir='ltr' id='par_1_101' title="bbox 256 5484 1841 5567">
     <span class='ocr_line' id='line_1_101' title="bbox 256 5484 1841 5567; baseline -0.009 -13"><span class='ocrx_word' id='word_1_689' title='bbox 256 5497 440 5554; x_wconf 89' lang='lat' dir='ltr'><strong>ctione</strong></span> <span class='ocrx_word' id='word_1_690' title='bbox 459 5494 755 5567; x_wconf 86' lang='lat' dir='ltr'><strong>corripere,</strong></span> <span class='ocrx_word' id='word_1_691' title='bbox 775 5499 829 5548; x_wconf 91' lang='lat' dir='ltr'><strong>et</strong></span> <span class='ocrx_word' id='word_1_692' title='bbox 859 5504 980 5546; x_wconf 90' lang='lat' dir='ltr'><strong>cum</strong></span> <span class='ocrx_word' id='word_1_693' title='bbox 1004 5485 1305 5544; x_wconf 74' lang='lat' dir='ltr'><strong>necessaria</strong></span> <span class='ocrx_word' id='word_1_694' title='bbox 1332 5484 1638 5542; x_wconf 80' lang='lat' dir='ltr'><strong>Studeamus</strong></span> <span class='ocrx_word' id='word_1_695' title='bbox 1658 5496 1841 5539; x_wconf 89' lang='lat' dir='ltr'><strong>amare</strong></span> 
     </span>
    </p>
   </div>
   <div class='ocr_carea' id='block_1_102' title="bbox 236 5638 1834 5714">
    <p class='ocr_par' dir='ltr' id='par_1_102' title="bbox 236 5638 1834 5714">
     <span class='ocr_line' id='line_1_102' title="bbox 236 5638 1834 5714; baseline -0.011 -1"><span class='ocrx_word' id='word_1_696' title='bbox 236 5650 237 5653; x_wconf 47' lang='grc'><em>“</em></span> <span class='ocrx_word' id='word_1_697' title='bbox 332 5666 361 5696; x_wconf 74' lang='grc' dir='ltr'><strong>ι</strong></span> <span class='ocrx_word' id='word_1_698' title='bbox 389 5656 490 5714; x_wconf 83' lang='lat' dir='ltr'><strong>Est</strong></span> <span class='ocrx_word' id='word_1_699' title='bbox 537 5653 592 5711; x_wconf 91' lang='lat' dir='ltr'><strong>in</strong></span> <span class='ocrx_word' id='word_1_700' title='bbox 645 5650 825 5709; x_wconf 86' lang='lat' dir='ltr'><strong>Gelas.</strong></span> <span class='ocrx_word' id='word_1_701' title='bbox 869 5645 965 5703; x_wconf 89' lang='lat' dir='ltr'><strong>lib.</strong></span> <span class='ocrx_word' id='word_1_702' title='bbox 1008 5659 1048 5712; x_wconf 86' lang='grc' dir='ltr'>ι,</span> <span class='ocrx_word' id='word_1_703' title='bbox 1082 5662 1134 5701; x_wconf 87' lang='grc' dir='ltr'>ιι.</span> <span class='ocrx_word' id='word_1_704' title='bbox 1181 5642 1315 5714; x_wconf 72' lang='lat'><strong>100,</strong></span> <span class='ocrx_word' id='word_1_705' title='bbox 1346 5638 1834 5714; x_wconf 9' lang='lat' dir='ltr'><strong>inrrcod.Meu_anii</strong></span> 
     </span>
    </p>
   </div>
   <div class='ocr_carea' id='block_1_103' title="bbox 260 5711 1841 5794">
    <p class='ocr_par' dir='ltr' id='par_1_103' title="bbox 260 5711 1841 5794">
     <span class='ocr_line' id='line_1_103' title="bbox 260 5711 1841 5794; baseline -0.016 -5"><span class='ocrx_word' id='word_1_706' title='bbox 260 5711 507 5794; x_wconf 29' lang='lat' dir='ltr'><strong>tomim,</strong></span> <span class='ocrx_word' id='word_1_707' title='bbox 560 5724 666 5782; x_wconf 91' lang='lat' dir='ltr'><strong>col.</strong></span> <span class='ocrx_word' id='word_1_708' title='bbox 692 5719 821 5785; x_wconf 70' lang='lat'><strong>227,</strong></span> <span class='ocrx_word' id='word_1_709' title='bbox 868 5733 967 5775; x_wconf 91' lang='lat' dir='ltr'><strong>nec</strong></span> <span class='ocrx_word' id='word_1_710' title='bbox 996 5711 1112 5794; x_wconf 71' lang='lat' dir='ltr'><strong>non</strong></span> <span class='ocrx_word' id='word_1_711' title='bbox 1130 5716 1207 5794; x_wconf 30' lang='lat' dir='ltr'><strong>Ain</strong></span> <span class='ocrx_word' id='word_1_712' title='bbox 1252 5712 1449 5794; x_wconf 76' lang='lat' dir='ltr'><strong>Missali</strong></span> <span class='ocrx_word' id='word_1_713' title='bbox 1492 5712 1649 5794; x_wconf 75' lang='lat' dir='ltr'><strong>Rom.</strong></span> <span class='ocrx_word' id='word_1_714' title='bbox 1700 5711 1841 5767; x_wconf 90' lang='lat' dir='ltr'><strong>inter</strong></span> 
     </span>
    </p>
   </div>
   <div class='ocr_carea' id='block_1_104' title="bbox 262 5786 1643 5860">
    <p class='ocr_par' dir='ltr' id='par_1_104' title="bbox 262 5786 1643 5860">
     <span class='ocr_line' id='line_1_104' title="bbox 262 5786 1643 5860; baseline -0.018 0"><span class='ocrx_word' id='word_1_715' title='bbox 262 5786 540 5860; x_wconf 71' lang='lat' dir='ltr'><strong>orationes</strong></span> <span class='ocrx_word' id='word_1_716' title='bbox 568 5807 882 5851; x_wconf 89' lang='lat' dir='ltr'><strong>communes</strong></span> <span class='ocrx_word' id='word_1_717' title='bbox 915 5806 1058 5843; x_wconf 92' lang='lat' dir='ltr'><strong>num.</strong></span> <span class='ocrx_word' id='word_1_718' title='bbox 1085 5786 1400 5860; x_wconf 16' lang='lat' dir='ltr'><strong>20,77paucis</strong></span> <span class='ocrx_word' id='word_1_719' title='bbox 1429 5786 1643 5860; x_wconf 76' lang='lat' dir='ltr'><strong>mutatis</strong></span> 
     </span>
    </p>
   </div>
   <div class='ocr_carea' id='block_1_105' title="bbox 338 5856 1846 5930">
    <p class='ocr_par' dir='ltr' id='par_1_105' title="bbox 338 5856 1846 5930">
     <span class='ocr_line' id='line_1_105' title="bbox 338 5856 1846 5930; baseline -0.015 1"><span class='ocrx_word' id='word_1_720' title='bbox 338 5856 574 5930; x_wconf 73' lang='lat' dir='ltr'><strong>bCodex</strong></span> <span class='ocrx_word' id='word_1_721' title='bbox 605 5868 707 5924; x_wconf 91' lang='lat' dir='ltr'><strong>hoc</strong></span> <span class='ocrx_word' id='word_1_722' title='bbox 732 5866 847 5921; x_wconf 89' lang='lat' dir='ltr'><strong>loco</strong></span> <span class='ocrx_word' id='word_1_723' title='bbox 901 5862 1151 5917; x_wconf 80' lang='lat' dir='ltr'><strong>mortalis.</strong></span> <span class='ocrx_word' id='word_1_724' title='bbox 1184 5856 1622 5913; x_wconf 78' lang='lat' dir='ltr'><strong>Emendatioucm</strong></span> <span class='ocrx_word' id='word_1_725' title='bbox 1651 5869 1846 5923; x_wconf 79' lang='lat' dir='ltr'><strong>suppe-</strong></span> 
     </span>
    </p>
   </div>
   <div class='ocr_carea' id='block_1_106' title="bbox 1935 4726 3521 4810">
    <p class='ocr_par' dir='ltr' id='par_1_106' title="bbox 1935 4726 3521 4810">
     <span class='ocr_line' id='line_1_106' title="bbox 1935 4726 3521 4810; baseline -0.008 -18"><span class='ocrx_word' id='word_1_726' title='bbox 1935 4735 2223 4810; x_wconf 86' lang='lat' dir='ltr'><strong>pontiﬁcali</strong></span> <span class='ocrx_word' id='word_1_727' title='bbox 2256 4733 2459 4788; x_wconf 83' lang='lat' dir='ltr'><strong>servire</strong></span> <span class='ocrx_word' id='word_1_728' title='bbox 2500 4730 2754 4802; x_wconf 75' lang='lat' dir='ltr'><strong>praecepit</strong></span> <span class='ocrx_word' id='word_1_729' title='bbox 2780 4727 2979 4792; x_wconf 84' lang='lat' dir='ltr'><strong>officio,</strong></span> <span class='ocrx_word' id='word_1_730' title='bbox 3010 4726 3082 4781; x_wconf 90' lang='lat' dir='ltr'><strong>ita</strong></span> <span class='ocrx_word' id='word_1_731' title='bbox 3132 4726 3351 4798; x_wconf 89' lang='lat' dir='ltr'><strong>dignum</strong></span> <span class='ocrx_word' id='word_1_732' title='bbox 3381 4740 3521 4799; x_wconf 74' lang='lat' dir='ltr'><strong>prte-</strong></span> 
     </span>
    </p>
   </div>
   <div class='ocr_carea' id='block_1_107' title="bbox 1933 4824 2661 4891">
    <p class='ocr_par' dir='ltr' id='par_1_107' title="bbox 1933 4824 2661 4891">
     <span class='ocr_line' id='line_1_107' title="bbox 1933 4824 2661 4891; baseline -0.011 -7"><span class='ocrx_word' id='word_1_733' title='bbox 1933 4837 2039 4884; x_wconf 88' lang='lat' dir='ltr'><strong>stet</strong></span> <span class='ocrx_word' id='word_1_734' title='bbox 2068 4837 2121 4884; x_wconf 92' lang='lat' dir='ltr'><strong>et</strong></span> <span class='ocrx_word' id='word_1_735' title='bbox 2151 4827 2360 4881; x_wconf 86' lang='lat' dir='ltr'><strong>merito.</strong></span> <span class='ocrx_word' id='word_1_736' title='bbox 2393 4824 2529 4891; x_wconf 81' lang='lat' dir='ltr'><strong>Per,</strong></span> <span class='ocrx_word' id='word_1_737' title='bbox 2556 4831 2661 4877; x_wconf 88' lang='lat' dir='ltr'><strong>etc.</strong></span> 
     </span>
    </p>
   </div>
   <div class='ocr_carea' id='block_1_108' title="bbox 2010 4910 3525 4989">
    <p class='ocr_par' dir='ltr' id='par_1_108' title="bbox 2010 4910 3525 4989">
     <span class='ocr_line' id='line_1_108' title="bbox 2010 4910 3525 4989; baseline -0.006 -14"><span class='ocrx_word' id='word_1_738' title='bbox 2010 4921 2231 4985; x_wconf 85' lang='lat' dir='ltr'><strong>Praesta,</strong></span> <span class='ocrx_word' id='word_1_739' title='bbox 2265 4932 2595 4989; x_wconf 68' lang='lat' dir='ltr'><strong>qumsumus,</strong></span> <span class='ocrx_word' id='word_1_740' title='bbox 2629 4914 2853 4970; x_wconf 91' lang='lat' dir='ltr'><strong>Domine</strong></span> <span class='ocrx_word' id='word_1_741' title='bbox 2874 4913 3016 4968; x_wconf 90' lang='lat' dir='ltr'><strong>Deus</strong></span> <span class='ocrx_word' id='word_1_742' title='bbox 3045 4920 3251 4979; x_wconf 88' lang='lat' dir='ltr'><strong>noster,</strong></span> <span class='ocrx_word' id='word_1_743' title='bbox 3279 4921 3337 4967; x_wconf 93' lang='lat' dir='ltr'><strong>ut</strong></span> <span class='ocrx_word' id='word_1_744' title='bbox 3358 4910 3525 4967; x_wconf 82' lang='lat' dir='ltr'><strong>decli-</strong></span> 
     </span>
    </p>
   </div>
   <div class='ocr_carea' id='block_1_109' title="bbox 1942 5004 3525 5082">
    <p class='ocr_par' dir='ltr' id='par_1_109' title="bbox 1942 5004 3525 5082">
     <span class='ocr_line' id='line_1_109' title="bbox 1942 5004 3525 5082; baseline -0.011 -8"><span class='ocrx_word' id='word_1_745' title='bbox 1942 5030 2132 5074; x_wconf 86' lang='lat' dir='ltr'><strong>nemus</strong></span> <span class='ocrx_word' id='word_1_746' title='bbox 2169 5015 2361 5069; x_wconf 81' lang='lat' dir='ltr'><strong>noxios</strong></span> <span class='ocrx_word' id='word_1_747' title='bbox 2387 5012 2675 5082; x_wconf 87' lang='lat' dir='ltr'><strong>appetitus,</strong></span> <span class='ocrx_word' id='word_1_748' title='bbox 2701 5018 2755 5064; x_wconf 90' lang='lat' dir='ltr'><strong>et</strong></span> <span class='ocrx_word' id='word_1_749' title='bbox 2794 5018 3001 5065; x_wconf 85' lang='lat' dir='ltr'><strong>reatum</strong></span> <span class='ocrx_word' id='word_1_750' title='bbox 3042 5006 3198 5062; x_wconf 89' lang='lat' dir='ltr'><strong>nobis</strong></span> <span class='ocrx_word' id='word_1_751' title='bbox 3228 5004 3525 5074; x_wconf 85' lang='lat' dir='ltr'><strong>ingerentia</strong></span> 
     </span>
    </p>
   </div>
   <div class='ocr_carea' id='block_1_110' title="bbox 1941 5100 3521 5179">
    <p class='ocr_par' dir='ltr' id='par_1_110' title="bbox 1941 5100 3521 5179">
     <span class='ocr_line' id='line_1_110' title="bbox 1941 5100 3521 5179; baseline -0.009 -10"><span class='ocrx_word' id='word_1_752' title='bbox 1941 5109 2206 5169; x_wconf 82' lang='lat' dir='ltr'><strong>desideria</strong></span> <span class='ocrx_word' id='word_1_753' title='bbox 2235 5120 2568 5179; x_wconf 89' lang='lat' dir='ltr'><strong>respuamus,</strong></span> <span class='ocrx_word' id='word_1_754' title='bbox 2601 5106 2721 5177; x_wconf 88' lang='lat' dir='ltr'><strong>quia</strong></span> <span class='ocrx_word' id='word_1_755' title='bbox 2754 5114 2879 5159; x_wconf 91' lang='lat' dir='ltr'><strong>tunc</strong></span> <span class='ocrx_word' id='word_1_756' title='bbox 2900 5102 3194 5159; x_wconf 88' lang='lat' dir='ltr'><strong>exteriores</strong></span> <span class='ocrx_word' id='word_1_757' title='bbox 3222 5100 3403 5155; x_wconf 84' lang='lat' dir='ltr'><strong>hostes</strong></span> <span class='ocrx_word' id='word_1_758' title='bbox 3430 5114 3521 5155; x_wconf 89' lang='lat' dir='ltr'><strong>su-</strong></span> 
     </span>
    </p>
   </div>
   <div class='ocr_carea' id='block_1_111' title="bbox 1940 5192 3452 5275">
    <p class='ocr_par' dir='ltr' id='par_1_111' title="bbox 1940 5192 3452 5275">
     <span class='ocr_line' id='line_1_111' title="bbox 1940 5192 3452 5275; baseline -0.005 -18"><span class='ocrx_word' id='word_1_759' title='bbox 1940 5218 2131 5275; x_wconf 87' lang='lat' dir='ltr'><strong>perare</strong></span> <span class='ocrx_word' id='word_1_760' title='bbox 2163 5200 2479 5271; x_wconf 90' lang='lat' dir='ltr'><strong>poterimus,</strong></span> <span class='ocrx_word' id='word_1_761' title='bbox 2512 5198 2556 5251; x_wconf 89' lang='lat' dir='ltr'><strong>si</strong></span> <span class='ocrx_word' id='word_1_762' title='bbox 2588 5199 2865 5253; x_wconf 90' lang='lat' dir='ltr'><strong>vincamus</strong></span> <span class='ocrx_word' id='word_1_763' title='bbox 2903 5197 3163 5253; x_wconf 85' lang='lat' dir='ltr'><strong>internos.</strong></span> <span class='ocrx_word' id='word_1_764' title='bbox 3196 5192 3322 5259; x_wconf 90' lang='lat' dir='ltr'><strong>Per,</strong></span> <span class='ocrx_word' id='word_1_765' title='bbox 3348 5200 3452 5251; x_wconf 89' lang='lat' dir='ltr'><strong>etc.</strong></span> 
     </span>
    </p>
   </div>
   <div class='ocr_carea' id='block_1_112' title="bbox 2014 5290 3528 5365">
    <p class='ocr_par' dir='ltr' id='par_1_112' title="bbox 2014 5290 3528 5365">
     <span class='ocr_line' id='line_1_112' title="bbox 2014 5290 3528 5365; baseline -0.009 -13"><span class='ocrx_word' id='word_1_766' title='bbox 2014 5299 2089 5353; x_wconf 84' lang='lat' dir='ltr'><strong>De</strong></span> <span class='ocrx_word' id='word_1_767' title='bbox 2116 5295 2633 5365; x_wconf 82' lang='lat' dir='ltr'><strong>nobis,quaesumus,</strong></span> <span class='ocrx_word' id='word_1_768' title='bbox 2656 5290 2995 5359; x_wconf 88' lang='lat' dir='ltr'><strong>omnipotens</strong></span> <span class='ocrx_word' id='word_1_769' title='bbox 3021 5290 3181 5355; x_wconf 88' lang='lat' dir='ltr'><strong>Deus,</strong></span> <span class='ocrx_word' id='word_1_770' title='bbox 3210 5294 3269 5341; x_wconf 93' lang='lat' dir='ltr'><strong>ut</strong></span> <span class='ocrx_word' id='word_1_771' title='bbox 3288 5300 3383 5355; x_wconf 85' lang='lat' dir='ltr'><strong>per</strong></span> <span class='ocrx_word' id='word_1_772' title='bbox 3408 5300 3528 5355; x_wconf 81' lang='lat' dir='ltr'><strong>gra-</strong></span> 
     </span>
    </p>
   </div>
   <div class='ocr_carea' id='block_1_113' title="bbox 1942 5378 3530 5457">
    <p class='ocr_par' dir='ltr' id='par_1_113' title="bbox 1942 5378 3530 5457">
     <span class='ocr_line' id='line_1_113' title="bbox 1942 5378 3530 5457; baseline -0.009 -11"><span class='ocrx_word' id='word_1_773' title='bbox 1942 5392 2071 5446; x_wconf 89' lang='lat' dir='ltr'><strong>tiam</strong></span> <span class='ocrx_word' id='word_1_774' title='bbox 2102 5397 2244 5443; x_wconf 91' lang='lat' dir='ltr'><strong>tuam</strong></span> <span class='ocrx_word' id='word_1_775' title='bbox 2277 5386 2663 5457; x_wconf 86' lang='lat' dir='ltr'><strong>nosmetipsos,</strong></span> <span class='ocrx_word' id='word_1_776' title='bbox 2696 5384 2831 5439; x_wconf 89' lang='lat' dir='ltr'><strong>sicut</strong></span> <span class='ocrx_word' id='word_1_777' title='bbox 2872 5390 2925 5436; x_wconf 87' lang='lat' dir='ltr'><strong>te</strong></span> <span class='ocrx_word' id='word_1_778' title='bbox 2973 5381 3190 5451; x_wconf 88' lang='lat' dir='ltr'><strong>dignum</strong></span> <span class='ocrx_word' id='word_1_779' title='bbox 3232 5388 3336 5443; x_wconf 89' lang='lat' dir='ltr'><strong>est,</strong></span> <span class='ocrx_word' id='word_1_780' title='bbox 3378 5378 3530 5432; x_wconf 88' lang='lat' dir='ltr'><strong>exhi-</strong></span> 
     </span>
    </p>
   </div>
   <div class='ocr_carea' id='block_1_114' title="bbox 1947 5475 3531 5550">
    <p class='ocr_par' dir='ltr' id='par_1_114' title="bbox 1947 5475 3531 5550">
     <span class='ocr_line' id='line_1_114' title="bbox 1947 5475 3531 5550; baseline -0.011 -10"><span class='ocrx_word' id='word_1_781' title='bbox 1947 5484 2158 5550; x_wconf 86' lang='lat' dir='ltr'><strong>bentes,</strong></span> <span class='ocrx_word' id='word_1_782' title='bbox 2188 5480 2293 5537; x_wconf 92' lang='lat' dir='ltr'><strong>tuis</strong></span> <span class='ocrx_word' id='word_1_783' title='bbox 2339 5477 2589 5537; x_wconf 84' lang='lat' dir='ltr'><strong>fidelibus</strong></span> <span class='ocrx_word' id='word_1_784' title='bbox 2638 5475 3005 5537; x_wconf 89' lang='lat' dir='ltr'><strong>ministremus</strong></span> <span class='ocrx_word' id='word_1_785' title='bbox 3044 5479 3207 5529; x_wconf 65' lang='lat' dir='ltr'><strong>rectae</strong></span> <span class='ocrx_word' id='word_1_786' title='bbox 3243 5484 3531 5533; x_wconf 83' lang='lat' dir='ltr'><strong>conversa-</strong></span> 
     </span>
    </p>
   </div>
   <div class='ocr_carea' id='block_1_115' title="bbox 1943 5600 3577 5698">
    <p class='ocr_par' dir='ltr' id='par_1_115' title="bbox 1943 5600 3577 5698">
     <span class='ocr_line' id='line_1_115' title="bbox 1943 5600 3577 5698; baseline -0.004 -3"><span class='ocrx_word' id='word_1_787' title='bbox 1943 5637 2134 5695; x_wconf 87' lang='lat' dir='ltr'><strong>ditavit</strong></span> <span class='ocrx_word' id='word_1_788' title='bbox 2165 5634 2281 5691; x_wconf 70' lang='lat' dir='ltr'><strong>liceo</strong></span> <span class='ocrx_word' id='word_1_789' title='bbox 2305 5632 2492 5689; x_wconf 90' lang='lat' dir='ltr'><strong>eadem</strong></span> <span class='ocrx_word' id='word_1_790' title='bbox 2521 5631 2693 5686; x_wconf 89' lang='lat' dir='ltr'><strong>oratio</strong></span> <span class='ocrx_word' id='word_1_791' title='bbox 2719 5627 2948 5698; x_wconf 87' lang='lat' dir='ltr'><strong>repetita</strong></span> <span class='ocrx_word' id='word_1_792' title='bbox 2984 5627 3206 5685; x_wconf 88' lang='lat' dir='ltr'><strong>inferius</strong></span> <span class='ocrx_word' id='word_1_793' title='bbox 3236 5644 3386 5689; x_wconf 87' lang='lat' dir='ltr'><strong>unm.</strong></span> <span class='ocrx_word' id='word_1_794' title='bbox 3419 5626 3479 5688; x_wconf 85' lang='lat'><strong>5.</strong></span> <span class='ocrx_word' id='word_1_795' title='bbox 3530 5600 3537 5661; x_wconf 34' lang='grc' dir='ltr'><strong>’λ</strong></span> <span class='ocrx_word' id='word_1_796' title='bbox 3572 5604 3577 5638; x_wconf 39' lang='grc' dir='ltr'>λ</span> 
     </span>
    </p>
   </div>
   <div class='ocr_carea' id='block_1_116' title="bbox 1948 5699 3534 5841">
    <p class='ocr_par' dir='ltr' id='par_1_116' title="bbox 1948 5699 3534 5841">
     <span class='ocr_line' id='line_1_116' title="bbox 2024 5699 3534 5837; baseline 0 -73"><span class='ocrx_word' id='word_1_797' title='bbox 2024 5707 2279 5837; x_wconf 48' lang='grc' dir='ltr'><strong>ἒθιέειιιοὶε</strong></span> <span class='ocrx_word' id='word_1_798' title='bbox 2333 5703 2551 5761; x_wconf 87' lang='lat' dir='ltr'><strong>mutatis</strong></span> <span class='ocrx_word' id='word_1_799' title='bbox 2599 5710 2774 5763; x_wconf 80' lang='lat' dir='ltr'><strong>exstat</strong></span> <span class='ocrx_word' id='word_1_800' title='bbox 2814 5700 2957 5771; x_wconf 83' lang='lat' dir='ltr'><strong>apud</strong></span> <span class='ocrx_word' id='word_1_801' title='bbox 3012 5699 3283 5761; x_wconf 81' lang='lat' dir='ltr'><strong>Gelasium</strong></span> <span class='ocrx_word' id='word_1_802' title='bbox 3332 5701 3427 5759; x_wconf 90' lang='lat' dir='ltr'><strong>lib.</strong></span> <span class='ocrx_word' id='word_1_803' title='bbox 3467 5715 3534 5773; x_wconf 76' lang='grc' dir='ltr'>ι.</span> 
     </span>
     <span class='ocr_line' id='line_1_117' title="bbox 1948 5794 2153 5841; baseline 0.01 -9"><span class='ocrx_word' id='word_1_804' title='bbox 1948 5799 2005 5841; x_wconf 82' lang='grc' dir='ltr'><strong>η.</strong></span> <span class='ocrx_word' id='word_1_805' title='bbox 2103 5794 2153 5834; x_wconf 72' lang='grc'><strong>⁶.</strong></span> 
     </span>
    </p>
   </div>
  </div>
