4018 6314
490 345 593 402 119

1483 333 1708 391 οΡΕιιΑ
1749 332 1805 387 S.
1850 327 2053 385 LEONI
2094 325 2332 384 MAGNO
2373 323 2788 382 ATTRIBUTA.

3678 328 3778 389 120

490 462 656 521 tionis
686 458 1012 530 exemplum.
1056 454 1122 510 Et
1168 454 1350 526 populi
1384 455 1458 509 tui
1487 451 1711 509 salvatio
1742 448 2078 518 sempiterna
2105 450 2158 510 Α
2185 443 2447 513 benignus
2474 442 2773 509 accumula,
2804 449 2936 498 utet
2967 439 3034 496 de
3065 439 3203 495 bona
3248 440 3668 498 conversatione
3694 442 3776 502 sui

492 557 586 612 ﬁat
614 553 894 624 praemium
923 545 1239 605 sacerdotis.
1287 546 1410 613 Per,
1438 552 1544 600 etc.

568 648 723 720 117
758 654 783 683 ι
810 641 1039 700 Puriﬁca
1069 655 1189 706 nos,
1219 638 1524 693 misericors
1549 635 1714 703 Deus,
1746 643 1803 689 ut
1829 631 2082 688 Ecclesia:

492 750 599 798 tuae
632 752 842 810 preces,
867 749 987 806 quae
1020 732 1115 787 tibi
1144 740 1310 803 grata:
1331 736 1474 796 sunt,
1507 741 1657 783 sacra
1688 726 1797 796 (At.
1828 722 1939 795 pia)
1966 738 2085 777 mu-

494 850 624 890 nera
672 833 997 894 deterentes,
1050 826 1181 881 ﬁant
1218 822 1447 894 expiatis
1478 820 1747 877 mentibus
1794 818 2081 890 gratiores.

494 928 621 982 Per.
662 934 767 981 etc.

539 942 601 984 er
662 942 767 981 etc.

564 970 704 1074 V’ere
732 1017 971 1088 dignum.
1008 1012 1186 1081 Teque
1218 1007 1287 1065 de
1326 1007 1431 1063 tuis
1458 1005 1803 1077 magniﬁcare
1848 1000 2083 1058 muneri-

492 1115 614 1171 bus.
643 1112 773 1181 Quis
793 1112 935 1167 enim
968 1107 1067 1161 hoc
1083 1104 1280 1174 dignus
1305 1105 1502 1157 existat
1524 1099 1725 1167 ofﬁcio,
1777 1095 1882 1151 nisi
1910 1095 2082 1167 gratia

492 1218 599 1263 tua:
628 1201 987 1261 miserationis
1014 1206 1322 1268 praeventus
1360 1193 1615 1264 aptetur?
1664 1190 1799 1247 Cum
1830 1203 1960 1259 ergo
2005 1186 2082 1242 tui

494 1300 642 1365 doni,
668 1313 776 1353 non
813 1293 984 1349 nostri
1011 1290 1084 1346 sit
1115 1288 1316 1354 meriti,
1368 1295 1475 1341 tum
1507 1284 1858 1339 nihilominus
1885 1280 2082 1353 guber-

492 1387 1041 1453 nationisintererit,
1095 1392 1302 1438 utnon
1357 1380 1427 1434 sit
1482 1374 1873 1449 negligentibus
1921 1387 2081 1444 pmna

488 1495 771 1558 perpetua,
809 1481 904 1537 sed
935 1480 1112 1550 potius
1134 1473 1554 1546 exsequentibus
1591 1478 1963 1541 competenter
1991 1468 2085 1523 ﬁat

491 1595 649 1637 causa
677 1571 1130 1634 remunerationis
1160 1580 1394 1624 acternze.
1427 1566 1551 1631 Per,
1581 1574 1687 1619 etc.

558 1673 588 1712 ι)
614 1674 892 1727 Munerum
936 1678 1172 1731 tuorum,
1204 1661 1452 1728 Domine,
1486 1657 1731 1729 largitate
1762 1654 2080 1726 gaudentes,

491 1767 762 1837 supplices
790 1764 1146 1833 deprecamur
1177 1766 1232 1810 ut
1263 1756 1454 1825 quibus
1492 1750 1704 1807 donasti
1734 1748 1894 1818 hujus
1924 1748 2082 1803 mini-

2188 538 2434 609 praasulis
2464 552 2681 608 semper
2704 538 2960 605 exsultet,
2993 544 3047 593 et
3071 534 3139 592 de
3164 550 3333 591 sacrae
3361 534 3674 595 festivitatis
3693 552 3775 596 ce-

2186 635 2433 691 lebritate
2462 634 2695 688 laetetur.
2721 631 2845 698 Per,
2877 642 2983 687 etc.

2259 728 2326 783 V.
2361 725 2496 781 Item
2528 726 2655 780 alia.
2685 753 2758 767 ——
2788 724 3013 781 Domine
3036 724 3199 791 Deus,
3221 723 3381 780 Pater
3415 723 3629 795 gloriae,
3661 724 3775 783 fons

2184 822 2472 885 bonorum,
2523 820 2614 891 qui
2650 820 2777 875 licet
2826 818 3121 875 Ecelesiam
3185 829 3329 874 tuam
3369 828 3481 874 toto
3512 829 3775 876 terrarum

2186 914 2317 970 orbe
2345 913 2593 969 diﬁ'usam
2624 912 2870 983 largitate
2898 925 3183 966 munerum
3206 910 3378 967 ditare
3411 925 3517 966 non
3541 911 3772 981 desinas,

2187 1007 2373 1063 sedem
2405 1016 2581 1061 tamen
2611 1004 2752 1061 beati
2790 1004 3021 1075 apostoli
3052 1004 3126 1058 tui
3153 1002 3305 1087 .Petri
3347 1011 3502 1057 tanto
3547 1018 3774 1075 prOpen-

2186 1103 2300 1158 sius
2326 1111 2352 1150 8
2385 1101 2630 1169 intueris,
2662 1109 2862 1169 quanto
2910 1099 3195 1155 sublimius
3245 1113 3367 1155 esse
3397 1099 3620 1154 voluisti
3648 1117 3663 1167 ;
3713 1100 3775 1162 da

2186 1193 2321 1249 mibi
2349 1192 2552 1247 famulo
2577 1202 2668 1247 tuo
2699 1192 2855 1262 hujus
2884 1190 3232 1263 providentiae
3261 1198 3367 1246 tua:
3410 1191 3773 1261 dispositioni.

2186 1286 2286 1342 bus
2313 1285 2571 1356 exhibere
2608 1293 2969 1355 congruenter
2997 1283 3255 1349 ofﬁcium,
3286 1292 3466 1339 certus
3488 1292 3545 1339 te
3571 1287 3771 1341 univer.

2186 1378 2261 1431 sis
2311 1376 2568 1432 Ecclesiis
2618 1375 2941 1431 collaturum
2992 1374 3252 1446 quidquid
3305 1374 3381 1431 illi
3426 1376 3769 1447 prmstiteris,

2184 1488 2343 1543 quam
2375 1469 2402 1509 ιι
2432 1480 2625 1527 cuncta
2648 1471 2962 1539 respiciunt.
2994 1469 3120 1537 Per,
3154 1478 3261 1525 etc.

2258 1564 2481 1619 Domine
2503 1573 2708 1629 sancte,
2762 1563 2921 1619 Pater
2950 1563 3325 1633 omnipotens,
3372 1574 3586 1620 aeterne
3626 1564 3753 1621 Deus

2184 1658 2252 1713 da
2282 1656 2437 1713 nobis
2462 1657 2648 1727 gratiae
2679 1666 2783 1711 tuae
2808 1656 3121 1727 dignatione
3166 1657 3373 1727 augeri,
3400 1668 3513 1712 etc.
3550 1656 3567 1695 ί

2259 1751 2485 1805 Domine
2511 1759 2718 1817 sancte,
2746 1750 2901 1804 Pater
2930 1751 3305 1819 omnipotens,
3354 1759 3564 1808 aeterne
3612 1752 3762 1821 Deus,

490 1836 641 1915 sterii
663 1858 996 1922 facultatem,
1032 1851 1232 1907 tribuas
1266 1846 1623 1905 sufﬁcientem
1659 1844 1887 1915 gratiam
1918 1840 2078 1896 tnini-
2111 1836 2161 1897 B
2189 1845 2281 1915 qui
2315 1860 2400 1900 me
2424 1844 2569 1899 nulla
2602 1843 2882 1914 praeditum
2918 1844 3106 1899 ﬁducia
3130 1846 3468 1915 meritorum,
3500 1845 3766 1907 ineﬁ‘abilis

488 1951 713 2007 strandi.
748 1950 868 2013 Per,
906 1956 1011 2002 etc.

564 2054 585 2081 ε
611 2041 878 2106 Gaudeat,
906 2038 1151 2101 Domine,
1182 2046 1512 2107 qutesumus,
1539 2028 1790 2101 populus,
1823 2034 1913 2082 tua
1942 2040 2085 2082 sem-

494 2153 589 2208 per
620 2132 998 2191 benedictione
1020 2128 1276 2194 conﬁsus,
1312 2133 1367 2182 et
1404 2122 1707 2179 cmlestium
1749 2133 1927 2177 rerum
1976 2118 2083 2173 fre-

493 2227 841 2299 quentatione
884 2222 1147 2295 proﬁciat,
1201 2229 1261 2276 ut
1300 2228 1352 2274 et
1390 2214 1773 2286 temporalibus
1807 2209 2083 2270 beneﬁciis

492 2322 797 2392 adjuvetur,
822 2328 876 2374 et
903 2316 1181 2374 erudiatur
1208 2313 1445 2368 aeternis.
1490 2310 1609 2376 Per,
1646 2318 1756 2365 etc.

563 2413 651 2469 IV.
689 2412 820 2466 Item
850 2412 975 2464 alia.
1005 2441 1073 2459 -η
1119 2409 1193 2463 Da
1228 2406 1407 2470 nobis,
1446 2415 1778 2474 quaesumus,
1833 2399 2081 2466 Domine,

493 2514 694 2563 sanctae
722 2506 965 2575 regimen
991 2500 1309 2569 disciplinae,
1353 2508 1411 2552 ιιι
1462 2510 1556 2565 per
1583 2503 1728 2549 tuam
1772 2492 1999 2563 gratiam
2031 2500 2085 2547 et

494 2598 792 2653 moderatio
837 2595 1237 2667 gubernantutn
1265 2631 1281 2657 ,
1348 2595 1405 2644 et
1452 2584 1759 2643 obedientia
1804 2583 2084 2655 proveniat

495 2690 852 2747 subditorum.
885 2687 1008 2753 Per,
1043 2695 1149 2741 etc.

565 2781 593 2821 ἀ
623 2783 843 2851 Tribue,
890 2793 1219 2851 quaesumus,
1271 2776 1515 2841 Domine,
1566 2771 1811 2828 ﬁdelibus
1859 2770 1997 2840 tuis,
2026 2778 2085 2825 ut

491 2874 714 2946 jejuniis
740 2872 1082 2945 paschalibus
1103 2868 1491 2925 convenienter
1517 2873 1790 2936 aptentur,
1814 2872 1869 2918 et
1908 2876 2085 2917 susce-

489 2977 583 3039 pta
613 2967 927 3023 solemniter
957 2965 1235 3034 castigatio
1265 2960 1561 3030 corporalis
1592 2959 1659 3014 ad
1691 2958 1923 3014 fructum
1944 2970 2081 3011 cun-

487 3070 697 3116 ctarum
728 3066 967 3113 transeat
995 3058 1317 3111 animarum.
1341 3052 1465 3117 Per.
1508 3061 1614 3107 etc.

561 3152 729 3208 Aufer
751 3168 778 3205 a
811 3151 986 3217 nobis,
1012 3148 1256 3214 Domine,
1289 3157 1618 3218 quaesumus,
1649 3142 1959 3214 iniquitates
1985 3156 2083 3197 no-

2188 1938 2373 2009 gratiaa
2406 1952 2649 2003 munere,
2692 1935 2910 1991 familiae
2943 1946 3047 1992 tua:
3081 1936 3374 2007 praesidere
3406 1938 3665 2006 tribuisti,
3705 1951 3751 1994 at

2194 2032 2325 2088 tolle
2353 2046 2488 2101 quos
2530 2031 2779 2096 suscitas,
2811 2040 2865 2087 et
2900 2033 3135 2102 guberna
3170 2047 3306 2103 quos
3345 2033 3541 2104 erigis,
3577 2044 3633 2089 ut
3655 2050 3751 2104 quo

2189 2142 2307 2182 rum
2337 2136 2522 2181 auctor
2550 2134 2604 2179 tu
2626 2124 2915 2191 bonorum,
2949 2126 3023 2180 sis
3053 2126 3169 2195 ipse
3192 2125 3488 2196 perfector.
3522 2128 3647 2197 Per,
3676 2138 3751 2184 etc

2264 2216 2278 2267 i
2318 2218 2480 2285 Deus,
2509 2217 2662 2287 cujus
2693 2217 2958 2273 universae.
2987 2218 3087 2273 vim
3135 2219 3503 2275 misericordia
3535 2232 3618 2276 est
3646 2238 3747 2277 sem

2189 2325 2285 2381 per
2310 2317 2367 2366 et
2395 2310 2613 2377 veritas,
2647 2311 2829 2380 operis
2865 2310 2940 2365 tui
2981 2310 3121 2367 dona
3160 2327 3515 2383 prosequere,
3552 2326 3607 2371 et
3639 2316 3764 2387 quod

2187 2402 2515 2473 possibilitas
2556 2417 2663 2457 non
2691 2402 2853 2458 habet
2880 2400 3185 2473 fragilitatis
3225 2404 3499 2473 humanas,
3542 2408 3646 2463 tuis
3689 2408 3747 2463 be

2188 2494 2395 2552 neﬁcits
2424 2496 2700 2567 impende,
2728 2506 2788 2551 ut
2813 2497 3127 2554 calestibus
3156 2501 3432 2571 mysteriis
3458 2504 3744 2558 servientes

2186 2598 2240 2644 et
2262 2588 2388 2645 ﬁdei
2418 2588 2726 2659 integritate
2751 2588 2979 2657 fundati,
3012 2598 3069 2646 et
3095 2592 3290 2647 mentis
3314 2592 3532 2650 luceant
3557 2596 3763 2666 puritate

2185 2680 2483 2751 conspicui.
2519 2679 2643 2749 Per,
2675 2692 2783 2737 etc.

2258 2772 2485 2828 Domine
2506 2772 2672 2841 Deus,
2706 2774 2865 2830 Pater
2894 2774 3101 2845 gloria),
3124 2774 3246 2832 fons
3286 2776 3576 2846 bonorum,
3608 2789 3705 2836 etc.
3738 2776 3761 2818 ι

2256 2865 2608 2937 Omnipotens
2647 2877 2703 2923 et
2725 2868 3037 2925 misericors
3068 2870 3228 2936 Deus,
3262 2872 3351 2942 qui
3372 2872 3603 2943 benigne
3637 2887 3760 2929 sent-

2185 2975 2282 3030 per
2311 2962 2573 3030 operaris,
2602 2970 2660 3016 ut
2688 2963 2955 3032 possimus
2978 2962 3205 3033 implere
3229 2980 3351 3035 qua:
3391 2966 3660 3036 praecipis.
3688 2966 3760 3020 di-

2185 3054 2446 3110 lectarum
2475 3055 2572 3111 tibi
2598 3056 2778 3111 ovium
2798 3056 2986 3113 adesto
3018 3057 3237 3127 pastori,
3266 3058 3388 3126 quia
3433 3059 3509 3113 tui
3544 3069 3624 3114 est
3664 3073 3756 3113 mtt-

2186 3150 2332 3205 neris
2372 3157 2585 3219 tuacque
2637 3150 2850 3205 virtutis
2896 3160 2955 3205 ut
3004 3160 3059 3205 et
3103 3149 3320 3221 regendi
3357 3150 3683 3217 obedientes.
3710 3158 3754 3206 et

487 3251 646 3312 stras,
684 3251 741 3298 ut
764 3244 830 3297 ad
859 3252 1041 3297 sancta
1073 3250 1383 3295 sanctorum
1414 3238 1564 3308 puris
1596 3250 1904 3292 mereamur
1948 3250 2077 3291 sen-
2106 3218 2154 3283 δ
2191 3218 2505 3313 probabiles
2520 3242 2727 3313 possim
2754 3257 2877 3299 esse
2908 3218 3318 3311 rectores.'Per,
3350 3250 3458 3299 etc.

489 3336 637 3391 sibus
667 3336 908 3389 introire.
944 3334 1069 3399 Per,
1092 3340 1198 3388 etc.

563 3427 706 3482 Vere
738 3426 977 3496 dignum.
1007 3424 1106 3492 Qui
1152 3422 1377 3493 singulis
1409 3420 1710 3490 quibusque
1748 3418 2083 3488 temporibus

493 3520 883 3577 convenienter
912 3516 1218 3573 adhibenda
1242 3515 1544 3584 dispensas.
1579 3514 1770 3581 Aptius
1817 3512 2081 3582 siquidem

489 3624 652 3683 atque
676 3611 955 3666 decentius
1009 3610 1091 3663 his
1133 3608 1325 3664 diebus
1356 3617 1379 3647 ο
1427 3606 1750 3677 episcopalis
1788 3605 1951 3661 ofﬁcii
1988 3621 2082 3662 su-

489 3713 671 3774 scepta
692 3703 951 3773 principia
966 3700 1326 3767 celebramus,
1344 3699 1536 3769 quibus
1552 3710 1607 3755 et
1636 3698 1891 3755 Ecclesiae
1917 3700 2083 3755 totius

491 3797 837 3853 observantia
861 3795 1052 3851 devota
1092 3794 1387 3861 concurrit,
1421 3801 1476 3848 et
1497 3793 1686 3861 ipsius,
1716 3792 1801 3846 cui
1827 3792 2081 3847 sacerdo-

492 3890 603 3944 tale
632 3888 989 3944 ministerinm
1044 3886 1356 3957 deputatum
1395 3894 1499 3953 est,
1535 3884 1713 3938 natale
1758 3884 1955 3940 colitur
1989 3899 2081 3939 sa-

492 3979 777 4037 cramenti.
802 3978 1047 4049 Dumque
1067 3978 1367 4033 restrictius
1396 3974 1815 4045 castigatiusque
1836 3975 2082 4030 viventes

490 4077 549 4131 in
571 4075 767 4131 summi
788 4073 1054 4145 pontificis
1072 4070 1403 4145 proﬁciendo
1420 4069 1658 4125 membra
1684 4067 2078 4135 transferimur,

490 4170 745 4240 adeptum
800 4165 1169 4239 temporaliter
1218 4165 1361 4220 hunc
1389 4163 1674 4230 honorem,
1728 4162 1906 4233 potius
1963 4160 2079 4218 ﬁeri

492 4276 773 4331 speramus
803 4259 1227 4325 mternumJ‘er,
1256 4269 1363 4313 etc.

570 4357 729 4425 118
755 4351 774 4390 τ
799 4353 1023 4420 Praesta,
1057 4352 1307 4417 Domine,
1358 4363 1689 4421 quaesumus,
1717 4357 1777 4403 ut
1802 4356 1857 4403 et
1885 4348 1953 4404 de
1982 4362 2080 4403 no-

491 4454 621 4500 strae
647 4443 972 4512 gaudeamus
1011 4442 1371 4512 provectionis
1397 4450 1708 4512 augmento,
1751 4449 1807 4495 et
1845 4439 1913 4495 de
1941 4453 2077 4495 con-

488 4550 626 4605 gruo
655 4534 976 4588 sacramenti
1004 4534 1269 4602 paschalis
1296 4532 1573 4601 obsequio.
1608 4531 1734 4595 Per,
1766 4539 1873 4586 etc.

2262 3337 2403 3392 Deus
2441 3336 2773 3405 misericors,
2808 3337 2921 3391 Rex
2955 3347 3179 3402 aeterne,
3206 3337 3272 3392 da
3306 3321 3541 3394 servituti
3563 3344 3737 3390 nostra

2193 3441 2512 3498 prosperum
2545 3441 2789 3485 cursum.
2810 3430 2877 3483 Et
2905 3429 3074 3484 uttibi
3101 3430 3151 3485 in
3181 3430 3361 3501 populi
3384 3430 3452 3484 tui
3480 3427 3736 3481 devotione

2189 3518 2518 3588 placeamus,
2550 3529 2603 3575 tu
2650 3530 2836 3575 sancto
2870 3522 3098 3591 prazside
3134 3522 3307 3593 gregi,
3353 3531 3406 3579 et
3447 3521 3509 3576 ad
3548 3530 3743 3575 tuorum

2187 3610 2586 3667 observantiam
2626 3614 2783 3685 119
2817 3613 3190 3669 mandatorum
3235 3624 3291 3669 tu
3321 3613 3555 3671 omnium
3594 3611 3750 3683 dirige

2185 3702 2507 3758 voluntates.
2540 3703 2665 3771 Per,
2696 3713 2803 3759 etc.

2266 3793 2283 3832 ι
2322 3795 2495 3859 Deus,
2538 3795 2690 3865 cujus
2729 3795 2953 3852 arbitrio
2992 3796 3232 3852 omnium
3275 3794 3601 3853 saeculorum
3630 3794 3753 3851 ordo

2184 3885 2443 3949 decurrit,
2476 3886 2685 3956 respice
2714 3887 2977 3957 propitius
3006 3888 3070 3941 ad
3107 3896 3306 3943 nostra:
3337 3898 3550 3959 tempus
3576 3887 3753 3953 aetatis,

2186 3989 2240 4033 et
2280 3987 2337 4034 ut
2379 3977 2474 4033 tibi
2504 3980 2736 4033 servitus
2766 3989 2947 4034 nostra
2980 3981 3346 4051 eomplaceat,
3387 3990 3478 4036 tua
3522 3982 3575 4038 in
3618 3980 3757 4036 nobis

2184 4070 2323 4126 dona
2351 4085 2631 4125 conserva.
2660 4071 2786 4137 Per,
2810 4081 2916 4127 etc.

2256 4162 2421 4229 Deus,
2454 4162 2664 4217 dierum
2700 4173 3106 4236 temporumque
3137 4176 3446 4222 nostrorum
3487 4179 3676 4237 potens
3711 4171 3760 4221 et

2183 4256 2452 4327 benignus
2475 4256 2800 4320 moderator,
2824 4258 3032 4314 collatis
3058 4260 3109 4313 in
3139 4275 3223 4314 me
3251 4274 3346 4329 per
3370 4260 3599 4330 gratiam
3624 4273 3758 4317 tuam

2182 4350 2475 4420 propitiare
2500 4350 2835 4415 muneribus,
2868 4362 2921 4406 et
2947 4352 2999 4406 in
3029 4351 3170 4406 hunc
3196 4351 3446 4407 aﬁ‘ectum
3474 4352 3650 4424 dirige
3672 4369 3757 4409 cor

2183 4444 2355 4515 plebis
2386 4454 2441 4498 et
2470 4443 2738 4512 praesulis,
2773 4456 2831 4498 ut
2861 4459 2962 4500 nec
2994 4446 3194 4515 pastori
3221 4445 3528 4501 obedientia
3570 4440 3751 4508 gregis.

2184 4551 2284 4590 nec
2309 4535 2457 4605 gregi
2482 4534 2621 4590 desit
2647 4550 2775 4591 cura
2800 4539 3055 4607 pastoris.
3088 4537 3211 4602 Per,
3238 4546 3342 4592 etc.

560 4624 995 4681 Benedictionem
1029 4634 1193 4690 tuam,
1223 4623 1463 4690 Domine,
1509 4623 1707 4693 populo
1752 4622 2077 4692 supplicanti
2104 4611 2158 4671 ι)
2255 4624 2343 4679 Vl.
2375 4623 2509 4678 Item
2534 4626 2659 4681 alia.
2683 4654 2753 4667 —-
2786 4627 2946 4694 Deus,
2987 4628 3077 4698 qui
3115 4638 3333 4700 pr0pter
3367 4628 3628 4686 Ecclesiae
3671 4637 3762 4681 tu...

565 4793 591 4821 ι
618 4779 844 4837 Codices
872 4777 1032 4848 Grcg.
1065 4777 1361 4848 Muratorii,
1392 4786 1446 4833 et
1494 4774 1709 4848 Missale
1746 4773 1903 4830 Rom.
1936 4774 2074 4848 hanc

484 4854 787 4911 orationem
817 4845 1108 4921 praeferunt
1136 4846 1237 4905 fer.
1265 4849 1299 4904 5
1328 4858 1450 4920 post
1488 4846 1821 4903 Dominicam
1852 4862 1902 4901 tv
1932 4845 2075 4914 Qua-

486 4924 827 4982 dragesimze.

560 4943 827 5052 13:53::
840 4991 1020 5049 Gelas.
1046 4992 1140 5046 lib.
1171 5006 1252 5059 ιιι,
1280 5006 1335 5045 ιι.
1368 4991 1457 5058 37,
1486 4990 1602 5045 haec
1629 4989 1805 5045 oratio
1834 4989 2072 5060 assigna-

483 5079 572 5125 tur
602 5070 655 5122 ιη
682 5066 863 5121 Natali
894 5064 1195 5134 presbyteri.

559 5151 581 5179 ε
616 5139 742 5194 Haec
773 5131 943 5191 exstat
981 5131 1119 5188 inter
1141 5135 1415 5189 orationes
1446 5131 1782 5202 quotidianas
1820 5132 2066 5188 codicum

480 5210 707 5279 Gregor.
741 5208 883 5279 apud
901 5204 1274 5279 Muratorium.

554 5274 850 5336 tl'Gelasius
875 5278 967 5332 lib.
1000 5292 1060 5341 ιι,
1104 5292 1157 5328 ιι.
1190 5275 1283 5341 60,
1306 5274 1445 5330 hanc
1491 5276 1788 5330 orationem
1824 5275 1877 5329 in
1920 5274 2062 5330 diem

482 5352 693 5407 sabbati
727 5349 927 5405 mensis
961 5346 1175 5415 septimi
1220 5346 1510 5401 transtulit.
1545 5345 1657 5402 Sub
1706 5346 1862 5400 ﬁnem
1893 5346 2062 5402 codex

480 5422 761 5485 mendose,
784 5420 986 5473 cunctis
1009 5428 1249 5471 transeat.
1288 5417 1363 5471 Ex
1392 5416 1607 5473 Gelasio
1637 5417 2060 5472 emendavimus.

559 5503 583 5530 ο
614 5493 711 5547 Hic
740 5490 1009 5547 ordinatio
1036 5490 1304 5559 pontiﬁcis
1346 5489 1638 5551 indiCatur,
1671 5505 1790 5559 quae
1834 5491 1884 5543 in
1936 5504 2066 5558 qna-

480 5562 835 5634 dragesimale
879 5562 1143 5634 jejunium
1175 5576 1305 5615 voce
1328 5560 1660 5634 observantia:
1699 5560 2061 5634 designatum,

480 5646 538 5691 et
574 5631 817 5689 oratione
842 5631 1073 5687 secunda
1090 5646 1401 5699 expressum
1438 5633 1538 5687 sub
1560 5631 1834 5685 Paschalis
1858 5641 2066 5700 tempus

480 5704 687 5762 incidit.
718 5705 851 5760 Sunt
878 5703 968 5772 qui
1000 5714 1184 5771 putant
1212 5704 1324 5757 haec
1356 5703 1525 5772 aptari
1556 5702 1717 5757 Felici
1748 5702 1831 5765 Ill,
1853 5706 1942 5771 qui
1975 5718 2061 5757 or-

480 5719 687 5762 tnctntt.
718 5719 851 5760 Sunt
878 5719 968 5827 ﬁt"
1000 5719 1184 5771 putant
1212 5719 1324 5757 nuce
1356 5719 1525 5772 aptart
1557 5719 1717 5757 rettcr
1748 5719 1831 5765 Ill,
1853 5719 1942 5771 qut
1975 5719 2061 5757 or-

479 5778 697 5833 dinatus
743 5775 840 5830 fuit
919 5777 965 5829 ie
993 5778 1027 5830 6
1054 5774 1221 5829 Martii
1250 5790 1335 5828 an.
1366 5774 1493 5829 485.
1521 5773 1629 5829 Sed
1656 5789 1775 5828 cum
1812 5772 2063 5828 Zosimus

482 5855 826 5905 consecratus
852 5846 1012 5903 fuerit
1039 5845 1127 5902 die
1147 5846 1215 5902 18
1236 5845 1433 5911 Martii,
1458 5855 1517 5900 ut
1536 5860 1722 5901 omnes
1772 5858 1914 5900 nunc
1941 5859 2066 5900 eru-

2185 4777 2283 4833 diti
2302 4779 2650 4856 conveniunt,
2680 4782 2784 4836 utri
2812 4781 2988 4851 potius
3020 4784 3133 4838 hazc
3165 4783 3324 4839 Missa
3353 4796 3615 4856 congruat
3636 4784 3761 4842 divi-

2181 4864 2312 4904 nare
2334 4850 2606 4906 nolumus.

2256 4918 2527 5003 ‘JLegilt-tr
2554 4926 2604 4977 in
2632 4922 2811 5003 Gelas.
2842 4924 2935 4980 lib.
2971 4940 3013 4993 ι,
3064 4942 3120 4982 ιι.
3148 4928 3240 4996 97,
3275 4932 3331 4984 in
3364 4927 3549 4983 Natali
3585 4944 3757 4984 come-

2176 4994 2420 5047 crationis
2449 4994 2673 5047 diaconi.

2177 5135 2189 5148 .
2252 5073 2276 5110 8
2307 5063 2503 5148 Voces,
2526 5065 2982 5148 intueris,_quant_o
3010 5071 3300 5148 sublimius,
3350 5087 3468 5143 qua:
3501 5072 3621 5148 _boc
3650 5072 3759 5126 loco

2175 5135 2229 5217 in
2256 5150 2354 5189 ms.
2382 5135 2598 5217 desunt,
2622 5135 2881 5217 suppletae
2935 5138 3150 5197 fuerunt
3176 5159 3249 5217 ex,
3270 5135 3382 5200 bac
3416 5143 3611 5217 eadem
3630 5157 3755 5217 gora-

2169 5206 2325 5330 gerres
2343 5206 2501 5277 paulo
2528 5216 2649 5277 post
2671 5210 2898 5277 repetita
2920 5226 2933 5275 ;
2953 5226 3019 5265 ex
3049 5228 3153 5284 qua
3184 5216 3345 5270 etiam
3369 5229 3495 5270 mox
3516 5214 3757 5270 addimus

2245 5295 2298 5330 ια
2333 5318 2344 5330 .

2206 5294 2344 5331 usus.

2231 5298 2611 5426 Lffuigegendum
2640 5348 2860 5426 videtur
2879 5365 3094 5411 cunctae.

2247 5421 2261 5497 ξ
2304 5421 2499 5497 {ladem
2530 5432 2619 5497 est
2638 5435 2702 5476 ac
2726 5422 2899 5477 oratio
2920 5426 3151 5481 secunda
3187 5426 3361 5483 Missae
3387 5444 3468 5484 ιιι.

2246 5490 2260 5568 _t'
2303 5490 2494 5568 Earum
2519 5490 2697 5568 differt
2722 5507 2750 5546 a
2774 5498 2927 5549 tertia
2949 5498 3193 5554 oratione
3209 5499 3447 5568 ejusdem
3474 5498 3651 5554 Missas
3678 5512 3749 5552 ιιι.

2242 5560 2269 5597 ¹ί
2302 5562 2569 5632 Repetitio
2600 5562 2757 5631 hujus
2806 5568 3062 5623 orationis
3114 5570 3164 5625 in
3198 5560 3297 5625 hac
3344 5572 3532 5627 eadem
3573 5571 3747 5632 Missa,

2169 5632 2490 5688 Collectoris
2516 5646 2604 5688 aut
2633 5640 2976 5692 amanuensis
3006 5642 3304 5697 oscitantite
3335 5642 3642 5698 tribuenda.

2170 5790 2202 5830 ῃ
2252 5700 2515 5829 ἔξιθεὶιιιι
2538 5704 2678 5775 apud
2706 5703 2974 5763 Gelasium
3008 5711 3103 5766 lib.
3138 5728 3182 5778 ι,
3226 5729 3281 5769 n.
3314 5715 3415 5781 98,
3457 5723 3514 5770 et
3539 5713 3631 5769 lib.
3662 5725 3745 5777 ιιι,
