4018 6314
281 380 386 437 121
1105 380 1309 438 LIBER
1346 381 1833 439 SACRAMENTOI

1999 381 2344 439 ECCLESIA'Z
2383 381 2713 442 ΒΟΜΑΝΑΞ.

3454 389 3552 455 128

275 500 645 573 gubernacula
660 499 1107 572 disponenda,sic
1124 501 1239 571 ejus
1252 501 1523 571 principes
1538 499 1861 569 sublimasti,
1892 501 1945 560 Α
1970 501 2155 569 elatio,
2188 500 2284 556 sed
2322 501 2494 571 potius
2526 500 2795 557 modestos
2823 500 3023 558 efﬁciat
3054 501 3447 563 administratio
3470 506 3547 567 le-

166 634 183 641 -
276 603 342 650 ut
363 594 611 651 minimos
629 608 871 666 quosque
893 608 1002 649 non
1021 593 1261 660 deseras,
1286 603 1506 665 praesta,
1530 609 1861 666 quasumus,
1965 595 2150 666 gitima
2177 593 2478 650 eharitatis.
2508 592 2627 659 Per,
2655 602 2758 650 etc.

271 695 340 742 ut
383 687 691 758 apostolicae
730 686 888 757 ﬁdei,
932 687 1300 759 doctrinaeque
1325 688 1551 759 vestigia
1582 688 1665 744 vel
1705 687 1864 759 longe
2038 688 2203 757 Deus,
2230 691 2319 761 qui
2348 689 2489 744 bona
2515 698 2701 744 cuncta
2728 700 2781 745 et
2807 690 3029 748 inchoas
3053 691 3321 765 benignus
3346 704 3399 752 et
3424 711 3545 768 per-

268 794 593 850 sequamur,
622 781 903 851 imitando,
932 797 1071 853 quae,
1113 782 1241 839 licet
1267 782 1505 849 inﬁrmo,
1544 784 1864 840 comitamur
1963 782 2103 853 ﬁcis,
2131 783 2198 839 da
2227 783 2406 851 nobis,
2432 783 2572 837 sicut
2596 780 2663 838 de
2690 783 2852 839 initiis
2884 794 2987 839 tua:
3018 786 3201 854 gratia:
3226 788 3543 860 gloriamur,

266 872 478 929 ofﬁcio.
506 872 629 939 Per,
654 883 759 931 etc.
1963 880 2034 934 ita
2061 878 2129 934 de
2156 876 2490 947 perfectione
2514 875 2770 945 gaudere.
2801 876 2920 944 Per,
2944 887 3050 934 etc.

350 976 379 1005 α
402 968 483 1023 Ad
522 968 771 1039 gloriam,
800 968 1049 1037 Domine,
1094 970 1172 1024 tui
1201 968 1454 1037 nominis,
1500 984 1676 1024 annua
1725 968 1860 1025 festa
2037 969 2064 1009 ά
2093 971 2418 1042 Rrpleantur
2445 969 2905 1025 consolationibus
2936 972 3072 1039 tuis,
3106 972 3358 1041 Domine,
3390 990 3541 1045 qua:-

264 1069 583 1131 repetentes
611 1062 964 1119 sacerdotalis
992 1062 1234 1131 exordii,
1278 1064 1510 1118 hostiam
1549 1062 1643 1117 tibi
1689 1062 1865 1117 laudis
1964 1078 2171 1132 sumus,
2202 1074 2413 1119 tuorum
2445 1062 2607 1119 corda
2636 1061 2896 1127 ﬁdelium,
2932 1064 3234 1136 pariterque
3264 1076 3318 1120 et
3346 1066 3413 1122 de
3440 1066 3541 1123 Ec.

260 1152 577 1223 offerimus,
608 1155 924 1226 suppliciter
952 1164 1244 1211 exorantes
1289 1165 1348 1209 ut
1393 1154 1548 1224 cuius
1577 1151 1865 1208 ministerii
1966 1155 2146 1211 clesize
2177 1156 2485 1224 praesulum,
2533 1163 2585 1210 et
2624 1153 2693 1211 de
2732 1170 2829 1209 suo
2869 1154 3108 1210 referant
3147 1158 3334 1226 gaudia
3364 1159 3538 1216 votiva

259 1246 390 1303 vice
416 1248 509 1302 tibi
537 1250 805 1305 servimus
832 1250 1110 1317 immeriti,
1134 1248 1405 1318 suﬁ'ragiis
1431 1248 1549 1319 ejus
1571 1246 1866 1303 reddantur
1967 1247 2230 1315 profectu,
2262 1263 2325 1303 ac
2354 1246 2733 1317 temporalibus
2762 1246 2966 1302 solatiis
2994 1247 3220 1314 incitati,
3244 1251 3539 1321 promptius

255 1341 498 1411 accepti.
528 1341 651 1409 Per,
678 1352 787 1398 etc.
1964 1349 2163 1393 aeterna
2189 1338 2511 1394 desiderent.
2543 1337 2666 1403 Per,
2694 1347 2798 1394 etc.

342 1434 484 1490 Vere
509 1434 754 1505 dignum.
796 1434 932 1490 Cum
972 1434 1330 1490 exsultatione
1359 1432 1615 1503 trepidos,
1657 1440 1711 1487 et
1740 1447 1857 1487 eum
2039 1428 2174 1483 VIII.
2209 1428 2341 1482 Item
2369 1429 2493 1482 alia.
2518 1458 2589 1469 —
2633 1430 2794 1494 Deus,
2825 1428 2914 1499 qui
2953 1429 3078 1485 licet
3108 1432 3417 1487 universum
3449 1448 3537 1501 ge-

258 1540 477 1597 pavore
501 1527 773 1583 laetantes.
805 1529 956 1585 Sicut
983 1530 1126 1583 enim
1156 1528 1224 1583 de
1253 1538 1343 1583 tuo
1374 1543 1593 1582 munere
1619 1526 1857 1597 gratula-
1959 1538 2058 1579 nus
2106 1523 2397 1577 humanum
2446 1523 2652 1581 caelesti
2709 1523 2827 1593 lege
2879 1524 3172 1595 disponas,
3245 1524 3540 1583 Ecclesiam

260 1636 420 1689 mur,
454 1620 527 1675 ita
550 1621 616 1677 de
639 1632 826 1677 nostra
854 1621 1135 1689 fragilitate
1164 1621 1471 1675 metuimus.
1510 1617 1851 1689 thuantum
1956 1624 2134 1671 tamen
2186 1624 2330 1669 tuam
2380 1615 2597 1685 speciali
2646 1615 3046 1684 dispensatione
3092 1617 3432 1685 moderaris,
3487 1629 3539 1677 et

260 1711 341 1768 de
370 1713 616 1767 humanae
646 1712 968 1767 conditionis
994 1712 1303 1767 excessibus
1331 1710 1705 1776 formidamus,
1732 1720 1853 1766 tan-
1954 1711 2174 1782 dignum
2202 1712 2294 1766 tibi
2331 1725 2430 1766 nos
2457 1710 2716 1767 exhibere
2754 1709 3107 1766 ministerium
3143 1712 3381 1767 concede
3418 1728 3537 1782 pro-

253 1810 377 1859 tum
404 1804 471 1859 de
503 1812 587 1858 tua
615 1805 820 1872 gratia,
863 1820 981 1875 qua:
1007 1804 1257 1859 virtutem
1288 1804 1497 1873 perﬁcit
1535 1804 1587 1859 in
1620 1804 1848 1859 inﬁrmi-

1953 1806 2137 1877 pitius,
2166 1816 2219 1861 et
2243 1805 2434 1876 dignos
2459 1820 2551 1876 per
2579 1812 2724 1860 tuam
2755 1804 2986 1876 gratiam
3012 1803 3287 1862 ministros
3316 1804 3532 1863 offerre.

251 1903 409 1962 tate,
450 1894 805 1961 conﬁdimus;
852 1895 1171 1966 propensius
1200 1894 1550 1965 implorantes
1572 1904 1647 1951 .ut
1687 1911 1848 1967 quem
1878 1894 1927 1955 B
1956 1898 2079 1966 Per,
2104 1906 2209 1954 etc.

249 1995 425 2043 tantae
458 1988 603 2044 sedis
640 1988 846 2045 honore
875 1988 1161 2054 decorasti,
1194 1988 1437 2043 moribus
1467 1988 1702 2044 existere
1741 2004 1849 2045 non

244 2078 481 2151 patiaris
511 2080 817 2151 indignum,
853 2090 907 2137 et
946 2080 1099 2151 cujus
1129 2081 1317 2136 forma:
1346 2095 1713 2137 successorem
1745 2097 1848 2136 no-

244 2173 405 2228 mine
437 2173 760 2242 prrestitisti,
788 2184 1221 2244 quantocumque
1250 2174 1411 2229 etiam
1440 2174 1597 2229 bona:
1622 2189 1848 2230 conver-

244 2266 483 2323 sationis
512 2268 705 2323 annisu
733 2267 849 2323 ﬁeri
879 2269 1081 2324 tribuas
1112 2277 1455 2325 sectatorem.
1484 2269 1608 2335 Per,
1632 2279 1735 2324 etc.

316 2359 555 2425 Praesta,
602 2375 935 2432 quaesumus,
986 2362 1233 2427 Domine,
1279 2376 1398 2417 cum
1444 2376 1664 2419 accessu
1709 2372 1845 2418 tem-

246 2465 448 2522 porum
497 2453 631 2507 recti
683 2452 1067 2509 moderaminis
1116 2455 1544 2520 incrementum,
1599 2464 1658 2507 ut
1702 2453 1845 2523 quod

247 2546 517 2617 dignitate
548 2545 916 2616 praeferimus,
944 2546 1105 2617 justis
1130 2547 1430 2602 actionibus
1460 2561 1838 2618 exsequamur.

247 2639 373 2709 Per,
406 2650 513 2695 etc.

319 2732 644 2803 Multiplica,
693 2733 939 2803 Domine,
978 2749 1309 2805 qumsumus,
1359 2735 1410 2788 in
1460 2733 1702 2789 Ecclesia
1751 2741 1839 2789 tua

261 2829 509 2899 spiritum
533 2829 721 2899 gratia:
750 2842 908 2899 quem
937 2828 1162 2895 dedisti;
1194 2837 1252 2884 ut
1299 2843 1393 2898 per
1419 2828 1634 2897 dignum
1664 2828 1840 2898 ponti-

264 2920 367 2978 ﬁcis
400 2922 726 2989 institutum,
755 2932 963 2977 crescat
1002 2931 1217 2977 tuorum
1246 2921 1676 2977 devotio'sancta
1708 2920 1839 2976 Iide-

270 3014 412 3069 lium.
437 3014 563 3080 Per,
590 3025 695 3070 etc.

335 3106 443 3162 VII.
471 3106 601 3162 Item
628 3108 851 3162 alia.—
893 3108 1249 3177 Omnipotens
1294 3108 1623 3177 sempiterne
1667 3108 1835 3171 Deus,

285 3198 423 3269 origo
462 3210 763 3256 cunctarum
808 3199 1178 3269 perfectioque
1218 3199 1504 3267 virtutum,
1552 3200 1617 3253 da
1661 3198 1835 3264 nobis,

2020 1992 2244 2058 Praesta,
2268 2005 2598 2062 quaesumus,
2621 1991 2961 2061 omnipotens
2987 1989 3152 2059 Deus,
3179 1998 3238 2045 ut
3262 1989 3402 2061 quod
3428 1990 3533 2046 fra-

1948 2086 2041 2154 gili
2074 2085 2383 2156 supplemus
2410 2083 2614 2152 ofﬁcio,
2650 2093 2739 2139 tuo
2769 2084 2946 2155 potius
2977 2082 3286 2155 perﬁciatur
3312 2082 3529 2139 effectu.

1948 2178 2071 2245 Per,
2098 2190 2204 2235 etc.

2018 2273 2269 2327 Omnium
2320 2281 2595 2339 nostrum,
2645 2271 2898 2338 Domine,
2948 2286 3277 2341 quaesumus,
3324 2272 3533 2331 hostias

1948 2364 2210 2434 propitius
2235 2363 2465 2427 intuere,
2485 2372 2543 2418 ut
2564 2371 2617 2419 et
2637 2362 2780 2433 quod
2802 2372 2976 2418 actum
2998 2374 3080 2419 est
3098 2379 3193 2435 per
3209 2364 3526 2436 obsequium

1946 2456 2280 2527 deputatum,
2318 2466 2371 2512 et
2398 2456 2635 2511 ﬁdelium
2664 2465 2785 2511 vota
2820 2456 3168 2527 populorum,
3215 2465 3305 2512 tua
3351 2460 3527 2529 potius

1944 2549 2253 2621 dignatione
2280 2548 2542 2604 ﬁrmetur.
2572 2548 2696 2614 Per,
2720 2558 2827 2605 etc.

2014 2642 2154 2699 Vere
2183 2643 2425 2713 dignum.
2460 2640 2788 2712 Suppliciter
2818 2642 3166 2710 implorantes
3195 2652 3252 2697 ut
3283 2652 3522 2697 nostram

1947 2735 2150 2807 pariter
2191 2747 2244 2791 et
2293 2750 2480 2791 eorum
2524 2750 2659 2804 quos
2701 2750 2794 2803 per
2835 2736 2907 2789 tui
2947 2735 3188 2790 muneris
3226 2733 3521 2804 largitatem

1939 2843 2111 2885 sacrte
2141 2828 2355 2883 familiae
2385 2828 2745 2898 suhrogamus
2776 2828 3067 2894 antistites,
3105 2827 3243 2884 bene
3272 2825 3364 2882 tibi
3408 2825 3523 2897 pls-

1940 2924 2099 2979 citam
2130 2923 2375 2992 perﬁcies
2402 2923 2739 2977 servitutem.
2772 2920 2893 2989 Per,
2921 2931 3025 2977 etc.

2266 3080 2419 3147 121
2462 3076 2567 3129 Pro
2594 3076 2828 3145 episcopo
2859 3074 3197 3140 onerandum,

2012 3211 2163 3267 Hanc
2189 3212 2350 3281 igitur
2374 3209 2727 3273 oblationem,
2753 3222 2911 3278 quam
2940 3207 3037 3262 tibi
3060 3206 3331 3262 offerimus
3354 3205 3521 3280 (illius

280 3305 579 3361 quaesumus.
603 3304 660 3350 ει
679 3308 944 3349 exercere
966 3308 1085 3364 (Ιυω
1108 3302 1251 3348 ηαδ
1273 3304 1417 3361 sunt.
1446 3302 1499 3348 οἳ
1525 3294 1680 3365 120
1705 3306 1840 3362 Pm‘
1865 3272 1910 3335 Ο
1943 3314 1997 3360 et
2024 3302 2189 3375 illius)
2208 3272 2539 3357 famulorum
2570 3313 2805 3367 tuorum,
2835 3301 3026 3371 quibus
3052 3316 3319 3356 summum
3343 3317 3525 3359 sacer-

272 3380 439 3440 dicare
496 3400 615 3456 qua
673 3400 834 3451 vera,
900 3394 958 3439 ut
1018 3386 1429 3441 instructionem
1488 3389 1671 3454 gratia:
1734 3394 1839 3440 tute

264 3478 589 3547 praebeamus
643 3488 697 3535 et
743 3478 953 3550 agendo
1007 3479 1110 3533 tuis
1163 3477 1409 3534 ﬁdelibus
1464 3487 1516 3533 et
1568 3477 1834 3533 docendo.

266 3568 373 3638 Per,
416 3579 527 3627 etc.

325 3662 572 3734 Suscipe,
602 3663 847 3733 Domine,
878 3677 1209 3734 quaesumus,
1237 3662 1536 3718 oblationes
1566 3670 1620 3717 et
1646 3676 1836 3734 preces

260 3769 380 3824 quas
403 3762 463 3811 et
486 3770 586 3826 pro
611 3756 912 3811 reverentia
936 3755 1172 3825 paschali
1195 3755 1465 3825 supplices
1493 3755 1832 3823 adhibemus,

261 3858 309 3904 et
332 3863 431 3918 pro
458 3850 801 3905 solemnitate
824 3847 848 3887 ³
875 3848 1161 3905 recolenda
1186 3848 1463 3919 primordii
1486 3848 1835 3903 sacerdotalis

258 3940 553 4011 oﬁerimus,
570 3951 628 3995 ut
647 3957 835 3997 eorum
858 3942 1015 3996 nobis
1032 3940 1416 3996 intercessione
1432 3940 1538 3995 sint
1555 3955 1832 4010 prospera,

257 4049 381 4105 quos
422 4035 581 4089 nobis
619 4033 780 4104 hujus
808 4034 1044 4089 muneris
1084 4042 1139 4090 et
1173 4034 1422 4089 doctores
1456 4031 1740 4089 consﬁtuis
1781 4041 1836 4088 et

255 4137 527 4197 patronos.
560 4126 687 4193 Per,
708 4137 813 4182 etc.

316 4221 462 4278 Vere
487 4222 725 4292 dignum.
758 4220 939 4291 Teque
969 4218 1241 4291 profusius
1269 4218 1579 4290 implorare,
1610 4225 1666 4270 ut
1692 4214 1836 4287 quod

253 4330 387 4372 nunc
413 4314 485 4385 pii
511 4316 666 4370 nobis
687 4323 770 4370 est
789 4316 993 4379 oneris,
1019 4313 1264 4384 perpetui
1286 4314 1355 4367 sit
1378 4313 1619 4366 honoris.
1650 4310 1834 4380 Neque

252 4421 343 4464 nos
372 4407 549 4478 magis
575 4407 810 4461 oblectet
846 4404 1203 4476 praerogativa
1232 4401 1459 4473 fastigii,
1492 4416 1651 4472 quam
1682 4415 1834 4455 com-

252 4509 441 4570 petens
487 4502 629 4555 actio
675 4499 981 4570 dignitatis,
1019 4505 1227 4567 catque
1275 4494 1568 4551 secundum
1620 4493 1834 4548 beatum

250 4595 549 4664 apostolum
579 4593 802 4648 Paulum
829 4593 1115 4647 docentem
1142 4609 1156 4645 :
1190 4588 1559 4661 Episcopatum
1585 4589 1673 4658 qui
1697 4588 1834 4642 desi-

1939 3397 2146 3453 dotium
2168 3396 2462 3459 contulisti,
2481 3410 2809 3465 qutesumus,
2830 3394 3093 3466 benignus
3112 3393 3337 3460 efﬁcias,
3356 3404 3410 3451 et
3432 3404 3521 3451 tua

1937 3491 1991 3546 in
2019 3490 2099 3546 eis
2126 3490 2265 3546 dona
2296 3488 2655 3559 prosequaris.
2686 3487 2808 3555 Per,
2841 3499 2948 3543 etc.

2008 3583 2305 3639 Ecclesiam
2336 3591 2504 3647 tuam,
2538 3581 2781 3647 Domine,
2808 3581 3067 3651 benignus
3097 3580 3361 3647 illumiua,
3387 3589 3445 3636 ut
3464 3590 3520 3638 et

1937 3676 2117 3749 gregis
2149 3677 2221 3732 tui
2254 3675 2498 3745 proﬁciat
2527 3674 2724 3744 ubique
2764 3687 3081 3740 successus,
3123 3683 3179 3728 et
3215 3674 3352 3743 grati
3393 3672 3522 3729 ﬁant

1940 3770 2141 3824 nomini
2167 3778 2281 3837 tuo,
2313 3777 2365 3823 te
2389 3768 2745 3837 gubernante,
2776 3778 3039 3835 pastores.
3072 3764 3194 3829 Per,
3221 3774 3327 3821 etc.

2010 3860 2118 3925 Da,
2160 3873 2491 3929 quaesumus,
2526 3858 2774 3921 Domine,
2806 3866 2944 3912 utet
2972 3857 3156 3911 ﬁdeles
3196 3856 3270 3911 tui
3299 3856 3523 3927 diligant

1936 3950 2197 4021 praesules
2234 3964 2382 4016 suos,
2416 3956 2470 4004 et
2500 3948 2567 4004 ab
2598 3950 2675 4004 eis
2706 3957 2888 4003 mutuo
2918 3948 3225 4019 diligantur,
3265 3959 3425 4018 atque
3464 3956 3523 4004 ut

1939 4052 2201 4112 perpetuo
2234 4052 2601 4109 perseverent,
2634 4049 2849 4110 praesta,
2876 4055 3204 4110 quaesumus,
3239 4050 3296 4095 ut
3317 4040 3519 4095 °utris~

1938 4149 2042 4205 que
2066 4134 2270 4202 justitia
2300 4148 2406 4187 non
2435 4132 2595 4196 desit,
2625 4142 2679 4186 et
2708 4132 2899 4199 pietas.
2929 4131 3051 4199 Per,
3079 4141 3183 4186 etc.

2009 4223 2103 4278 IX.
2138 4222 2271 4275 Item
2297 4223 2423 4278 alia.
2447 4250 2519 4261 -
2543 4219 2562 4257 ί
2591 4220 2812 4290 Largire
2838 4219 3011 4284 nobis,
3040 4218 3285 4284 Domine,
3308 4233 3523 4313 quaesu-

1940 4330 2081 4379 mus,
2115 4314 2359 4383 spiritum
2387 4310 2655 4380 cogitandi
2700 4325 2821 4380 qua:
2849 4310 2990 4363 bona
3043 4318 3186 4373 sunt,
3224 4310 3521 4378 promptius

1940 4416 1997 4462 et
2023 4405 2232 4475 agendi,
2266 4413 2323 4457 ut
2350 4404 2439 4472 qui
2471 4402 2587 4457 sine
2615 4412 2665 4457 te
2692 4417 2811 4457 esse
2840 4416 2946 4457 non
2986 4415 3289 4473 possumus,
3320 4416 3520 4458 secun-

1941 4498 2066 4553 dum
2099 4509 2150 4552 te
2180 4496 2363 4551 vivere
2393 4494 2686 4549 valeamus.
2720 4494 2844 4560 Per,
2869 4502 2973 4549 etc.

2015 4591 2085 4644 Da
2135 4588 2309 4655 nobis,
2362 4586 2606 4654 Domine,
2654 4600 2982 4657 quaesumus,
3032 4594 3090 4641 ut
3134 4585 3185 4640 in
3231 4595 3321 4641 tua
3349 4586 3519 4657 gratia

254 4650 415 4753 derat,
448 4688 633 4741 bonum
664 4703 790 4758 opus
820 4686 1160 4756 concupiscit,
1193 4650 1333 4739 sacri
1368 4650 1599 4738 nominis
1630 4683 1828 4737 verita-
1861 4650 1912 4710 θ
1940 4682 2200 4738 veraciter
2230 4679 2585 4745 conﬁdentes,
2615 4686 2672 4735 et
2699 4693 2822 4749 qua
2853 4688 2905 4734 te
2936 4678 3095 4749 digna
3132 4687 3257 4733 sunt
3288 4678 3519 4749 postule-

252 4790 350 4837 tem
372 4792 577 4838 sancta:
598 4779 1025 4837 conversationis
1048 4779 1099 4833 in
1123 4777 1280 4833 nobis
1302 4784 1564 4831 monstret
1582 4774 1826 4831 effectus.

250 4876 312 4933 Et
345 4879 437 4947 qui
477 4878 596 4933 loco
626 4876 839 4932 caeteris
868 4873 1245 4947 praesidemus,
1276 4871 1485 4926 cunctis
1523 4867 1828 4923 rationabili

250 4969 539 5027 subdamur
563 4968 780 5025 aﬁ'ectu.
832 4967 943 5024 Nec
970 4980 1070 5022 nos
1096 4963 1321 5021 extollat
1358 4963 1515 5019 nexia
1546 4961 1828 5032 potestatis

316 5174 459 5230 'Est
495 5173 548 5227 in
577 5172 698 5228 cod.
739 5169 921 5226 Gelae.
951 5168 1044 5225 lib.
1074 5183 1113 5235 ι,
1155 5182 1212 5222 n.
1236 5164 1371 5233 100,
1417 5170 1473 5218 et
1498 5162 1568 5231 _in
1597 5160 1821 5231 Gregor.

250 5242 478 5300 Memrdi
510 5252 642 5299 tom.
668 5241 755 5308 Ill,
778 5257 833 5312 p.
856 5239 981 5294 227.

310 5313 632 5370 ιιιηᾱὶιεειῐιιι·
664 5307 1026 5367 anniversaria
1058 5307 1367 5363 solemnitas
1404 5313 1457 5360 et
1490 5316 1820 5358 commemo-

250 5386 378 5456 ratio
408 5385 517 5441 diei
544 5385 757 5450 natalis,
778 5398 881 5455 quo
902 5382 1022 5452 quis
1043 5380 1108 5456 ad
1133 5377 1493 5456 pontiﬁcatum
1517 5384 1824 5456 assumptus

250 5455 361 5512 fuit.
394 5457 517 5513 Haec
546 5467 725 5511 autem
746 5445 935 5510 oratio
951 5467 1015 5508 eo
1041 5445 1242 5519 die'qui
1275 5464 1396 5519 cum
1425 5445 1661 5515 paschali
1690 5456 1824 5499 tem-

249 5539 373 5599 pore
401 5528 674 5583 concurrit
702 5518 1326 5599 adhibita_cognos_citur_.
1357 5518 1453 5573 Cui
1484 5526 1673 5599 autem
1692 5531 1823 5584 pon-

255 5590 381 5655 tiﬁci
418 5600 472 5655 id
508 5597 824 5662 conveniat,
864 5596 984 5650 aliis
1014 5590 1409 5665 diiudicandum
1449 5590 1820 5665 relinquimus.

251 5665 403 5725 Forte
428 5686 549 5726 cum
581 5656 949 5725 anniversaria
978 5656 1093 5720 dies
1137 5663 1327 5718 natalis
1352 5660 1553 5717 Zosimi
1594 5656 1681 5713 aut
1712 5656 1817 5711 Fe-

249 5736 453 5810 licislll
493 5744 546 5797 in
589 5739 1060 5810 Quadragesimam
1110 5734 1373 5790 incideret
1420 5748 1481 5810 ex
1532 5728 1822 5810 annot.

250 5807 381 5883 (C31.
411 5816 533 5881 119,
562 5800 719 5883 ηῖυ),
745 5800 847 5867 hoc
875 5818 1059 5883 autem
1087 5817 1327 5875 tempore
1365 5803 1602 5883 episcopi
1642 5800 1824 5879 multis

251 5874 436 5941 ofﬁciis
464 5874 737 5956 occupati,
786 5883 853 5938 ad
892 5879 1153 5953 synodum
1202 5874 1322 5948 qum
1364 5878 1417 5930 in
1460 5874 1824 5929 anniversario

233 5356 245 5389 l

1938 4791 2081 4839 mus,
2108 4783 2163 4829 et
2183 4773 2382 4842 jugiter
2411 4771 2674 4842 postulata
2701 4785 2994 4827 sumamus.
3024 4769 3149 4839 Per,
3174 4779 3282 4828 etc.

2010 4866 2208 4921 Dicatze
2240 4864 2369 4930 tibi,
2412 4864 2660 4929 Domine,
2703 4878 3033 4932 quaesumus,
3069 4864 3343 4934 capiamus
3370 4864 3517 4920 obla-

1940 4958 2102 5015 tionis
2139 4956 2421 5023 eﬁectum,
2467 4964 2525 5010 ut
2565 4968 2595 5009 a
2644 4964 2871 5012 terrente
2910 4956 3188 5011 vetustatis
3229 4966 3517 5013 cenversa-

1933 5158 2201 5229 pontiﬁcis
2228 5156 2413 5229 haberi
2442 5156 2646 5213 solebat
2686 5172 2750 5213 ex
2793 5155 3157 5212 admonitione
3196 5154 3249 5208 in
3278 5153 3517 5225 primum

1934 5228 2236 5286 sermonem
2262 5229 2319 5288 S.
2344 5228 2541 5284 Leonis
2563 5246 2618 5284 n.
2637 5231 2691 5294 ὅ,
2716 5228 2939 5283 Romam
2963 5241 3245 5295 accurrere
3267 5240 3373 5280 non
3395 5240 3513 5295 pos-

1932 5310 2075 5364 sent.
2104 5316 2163 5355 ea
2191 5300 2505 5355 solemnitas
2532 5311 2653 5370 post
2679 5298 2879 5355 Pascha
2907 5298 3162 5353 translata
3190 5294 3309 5350 fuit.

1942 5430 1953 5439 ,
2011 5383 2033 5411 ο
2057 5371 2189 5426 Cod.
2218 5372 2494 5437 mendose,
2520 5383 2576 5426 ut
2596 5387 2731 5441 quis.

2001 5441 2029 5480 ἀ
2057 5443 2150 5497 Est
2179 5444 2231 5497 in
2262 5442 2438 5498 Gelns.
2472 5436 2561 5497 lib.
2594 5436 2639 5506 ι’,
2687 5458 2739 5495 n.
2770 5439 2901 5503 I00,
2942 5447 2997 5509 et
3026 5437 3167 5509 apud
3202 5436 3513 5495 Menardum

1934 5526 2063 5571 tom.
2094 5514 2176 5579 Ill,
2203 5530 2253 5583 p.
2278 5511 2382 5567 228
2408 5512 2641 5580 Operum
2668 5513 2724 5567 S.
2749 5508 3010 5580 Gregorii.

2006 5596 2029 5623 ο
2054 5585 2210 5647 ϐοά..
2236 5594 2521 5653 utrumque,
2554 5596 2852 5651 perperam.

2010 5658 2027 5693 τ
2053 5655 2106 5709 In
2137 5655 2350 5710 Gelasio
2381 5648 2464 5708 est
2490 5648 2745 5717 Missa'iv,
2778 5668 2870 5720 pro
2902 5650 3183 5705 Dominicis
3209 5648 3418 5719 diebus;
3456 5651 3511 5707 in

1930 5727 2084 5780 codd.
2104 5726 2261 5794 Greg.
2281 5723 2574 5794 Muratorij,
2592 5723 2860 5777 Dominica
2882 5722 2950 5777 IX
2972 5730 3089 5792 past
3106 5721 3345 5789 Pentec.;
3370 5724 3511 5794 apud

1932 5791 2265 5872 Menardum,
2294 5793 2502 5872 Qtlllllil:
2529 5791 2605 5872 li;
2640 5793 2906 5872 i_n_Miss:_ili_
2928 5791 3105 5859 Rom,
3134 5794 3343 5849 Domin.
3370 5791 3510 5849 VIII.

1932 5867 1988 5923 1η
2020 5875 2203 5921 nostro
2230 5863 2413 5921 codice
2442 5861 2527 5915 llic
2556 5863 2815 5931 incipiunt
2842 5867 3011 5926 Missa:
3038 5880 3363 5925 communes.
