4018 6314
477 333 585 394 125

1466 330 1696 389 OPERA
1734 331 1792 387 S.
1834 330 2037 390 LEONI
2077 333 2314 394 MAGNO
2355 332 2767 391 ATTRIBUTA.

3658 332 3763 393 ΗΔ

477 453 626 511 tione
653 449 914 519 mandati,
941 448 1176 506 caelestis
1203 446 1327 505 vitae
1358 445 1694 520 profectibus
1725 447 2063 504 innovemur.
2094 452 2150 517 Α
2172 449 2421 518 vivimus,
2456 457 2510 504 et
2553 463 2651 519 pro
2697 446 2922 518 singulis
2970 446 3274 519 quibusque
3319 441 3574 504 sun’sroii's
3616 456 3765 507 tuam

476 540 603 613 Per,
635 553 739 601 etc.

551 637 689 692 Vere
718 636 961 708 dignum.
992 634 1061 691 Ut
1090 634 1179 709 qui
1211 640 1264 690 te
1292 641 1512 689 auctore
1538 646 1724 690 sumus
1754 633 1981 705 conditi,
2018 644 2071 692 te

480 740 795 805 reparatore
826 732 1118 796 salvemur,
1152 739 1206 786 et
1231 730 1320 800 qui
1354 728 1535 786 faciles
1567 744 1598 785 a
1631 740 1719 785 tua
1750 730 2072 789 rectitudine

477 826 869 898 discrepamus,
889 825 955 881 ad
979 840 1096 881 eam
1123 834 1211 881 tua
1234 824 1581 881 miseratione
1602 840 1948 893 revocemur;
1974 840 2073 882 nec

480 924 849 992 relinquamur
881 922 1080 977 nostris
1110 921 1454 990 excessibus,
1502 921 1597 977 sed
1638 929 1743 977 tuae
1779 920 2074 979 subdamur

483 1015 781 1073 clementer
808 1025 861 1069 et
888 1014 1283 1071 incessabiliter
1310 1014 1597 1070 voluntati.
1628 1015 1753 1081 Per,
1779 1024 1889 1071 etc.

554 1110 785 1176 Perﬁce,
827 1110 1085 1176 Domine,
1130 1095 1467 1182 quaesumus,
1512 1110 1778 1183 benignus
1808 1111 1860 1167 in
1892 1110 2070 1180 nobis,

484 1215 544 1263 ut
570 1223 687 1278 qum
719 1206 887 1261 sacris
926 1205 1197 1278 mysteriis
1234 1204 1578 1278 proﬁtemur,
1627 1206 1730 1280 piis
1772 1205 2075 1263 actionibus

484 1316 860 1369 exsequamur.
896 1300 1018 1367 Per,
1049 1309 1155 1356 etc.

557 1393 776 1450 Plebem
812 1404 977 1455 tuam,
1024 1394 1270 1457 Domine,
1301 1409 1633 1465 quaesumus,
1667 1395 1895 1451 interius
1922 1403 2076 1452 exte-

484 1486 704 1558 riusque
733 1497 1004 1555 restaura,
1024 1496 1260 1556 utquam
1291 1489 1567 1560 corporeis
1596 1504 1699 1542 non
1730 1489 1812 1545 vis
1841 1489 2077 1545 delecta-

488 1580 718 1636 tionibus
771 1580 1042 1651 impediri,
1091 1581 1321 1651 spiritali
1369 1582 1533 1638 facias
1559 1582 1744 1653 vigere
1772 1583 2073 1654 proposito,

488 1684 542 1731 et
562 1676 639 1730 sic
662 1676 822 1730 rebus
846 1677 1025 1731 foveas
1051 1677 1380 1747 transituris,
1404 1686 1462 1732 ut
1485 1678 1685 1734 tribuas
1711 1678 1884 1748 potius
1910 1676 2079 1733 inlue-

487 1784 611 1825 rere
639 1770 939 1841 perpetuis.
968 1769 1093 1837 Per,
1119 1782 1225 1826 etc.

2179 543 2600 603 muniﬁcentiam
2630 542 2951 616 praedicare;
2981 557 3050 599 ne
3076 542 3306 609 collatis,
3330 552 3432 598 etc.
3463 539 3491 579 ά

2247 641 2470 708 Praesta,
2488 642 2741 709 Domine,
2758 652 3085 712 quaesumus,
3104 647 3163 694 ut
3184 637 3593 709 temporalibus,
3614 645 3767 697 etc.‘

2246 737 2543 805 Succurre,
2598 736 2856 807 Domine,
2911 750 3251 807 quaesumus,
3308 734 3507 806 populo
3558 733 3770 807 suppli-

2176 833 2346 899 canti,
2375 840 2477 888 etc.
2507 830 2528 868 ί

2250 927 2365 985 XII.
2398 926 2533 982 Item
2560 927 2774 983 alia.—
2796 925 3148 995 Omnipotens
3177 936 3229 980 et
3261 923 3569 979 misericors
3600 921 3770 993 Deus,

2179 1021 2572 1094 pr0pitiatiouis
2596 1029 2697 1076 tuae
2722 1020 2859 1075 dona
2886 1018 3201 1088 multiplica,
3222 1028 3277 1073 et
3297 1018 3503 1072 cunctis
3527 1018 3776 1075 hostibus

2178 1116 2384 1172 caelesti
2411 1115 2608 1169 virtute
2639 1112 2990 1183 compressis,
3022 1122 3367 1184 augmentum
3404 1113 3561 1167 nobis
3597 1112 3778 1167 tribue

2179 1209 2456 1278 religionis
2483 1217 2536 1264 et
2562 1208 2729 1279 pacis.
2761 1206 2885 1273 Per,
2914 1216 3019 1264 etc.

2253 1301 2521 1357 Virtutum
2544 1300 2844 1356 caelestium
2866 1298 3029 1367 Deus,
3049 1299 3424 1369 promissionis
3449 1306 3555 1354 tuae
3576 1314 3780 1356 munus

2181 1412 2504 1469 exsequere,
2535 1405 2593 1451 ut
2621 1397 2944 1468 evangelicae
2968 1397 3180 1451 veritati
3208 1395 3585 1452 rebellantium
3614 1396 3782 1452 corda

2182 1493 2501 1550 subdantur.
2535 1491 2659 1558 Per,
2685 1500 2792 1547 etc.

2256 1585 2566 1642 Muneribus
2600 1584 2829 1649 nostris,
2868 1598 3203 1655 quaesumus,
3258 1583 3511 1650 Domine,
3546 1585 3782 1656 gratiam

2185 1687 2290 1735 tuae
2316 1678 2634 1750 placationis
2658 1679 2940 1744 intersere,
2966 1686 3024 1733 ut
3046 1688 3099 1733 et
3122 1678 3312 1734 collata
3336 1678 3489 1751 123
3512 1679 3667 1733 nobis
3696 1695 3783 1735 re-

2185 1771 2364 1828 media
2393 1770 2614 1837 tuearis,
2642 1781 2697 1826 et
2720 1769 3047 1826 conferenda
3082 1771 3347 1841 perﬁcias.
3381 1771 3501 1836 Per,
3530 1780 3640 1826 etc.

558 1860 627 1916 X.
662 1860 795 1917 Item
825 1864 949 1917 alia.
970 1896 1040 1904 —
1066 1864 1417 1935 Omnipotens
1451 1868 1777 1937 sempiterne
1805 1868 1967 1934 Deus,
1992 1867 2079 1938 qui
2110 1865 2159 1929 B
2258 1866 2397 1922 Vere
2447 1866 2691 1939 dignum.
2747 1865 3123 1938 Supplicautes
3177 1878 3235 1919 ut
3266 1874 3289 1913 ε
3322 1876 3371 1921 te
3398 1881 3495 1922 nos
3538 1865 3783 1937 placatus

488 1970 587 2013 nos
617 1956 685 2011 ab
724 1956 968 2016 hostibus
998 1958 1246 2015 defendis
1287 1961 1616 2031 immeritos,
1667 1970 1892 2032 praesta,
1932 1976 2081 2032 quae-

488 2063 707 2118 sumus,
751 2060 808 2107 ut
849 2061 904 2107 et
940 2068 1151 2108 morum
1185 2053 1343 2111 nobis
1382 2054 1521 2110 adsit
1555 2064 1607 2111 et
1639 2055 1761 2111 fidei
1793 2057 2081 2124 rectitudo,

436 2168 439 2169 ν
493 2148 775 2217 122mm
810 2147 1023 2217 pietatis
1046 2157 1147 2202 ture
1172 2164 1475 2203 mereamur
1498 2161 1801 2221 augmenta.
1830 2151 1952 2219 Per,
1973 2160 2078 2206 etc.

560 2240 903 2309 Quaesumus,
936 2241 1159 2297 Domine
1188 2242 1334 2297 Deus
1361 2252 1563 2314 noster,
1593 2254 1648 2299 ut
1690 2244 2084 2315 propitiationis

490 2339 595 2388 tute
623 2331 780 2388 nobis
808 2334 1002 2389 collata
1031 2335 1293 2391 securitas
1323 2352 1433 2391 non
1463 2352 1560 2391 nos
1585 2338 1784 2393 efﬁciat
1811 2338 2085 2409 negligen-

492 2432 599 2493 tes,
620 2426 715 2481 sed
744 2426 918 2495 potius
939 2426 1005 2483 ad
1025 2427 1229 2485 cultum
1253 2430 1488 2485 nominis
1507 2431 1583 2485 tui
1604 2431 1791 2487 reddat
1810 2440 2082 2503 acceptos.

490 2520 613 2587 Per,
642 2531 751 2578 etc.

565 2625 590 2652 ⁸
614 2615 817 2684 Sacris,
844 2615 1092 2683 Domine,
1117 2619 1391 2690 mysteriis
1412 2618 1633 2692 expiati,
1658 2628 1711 2676 et
1729 2620 1940 2679 veniam
1964 2636 2086 2679 con-

492 2722 786 2779 sequamur
811 2714 866 2763 et
888 2709 1137 2779 gratiam.
1169 2710 1294 2778 Per,
1319 2718 1425 2766 etc.

564 2800 706 2857 Vere
726 2800 965 2874 dignum.
993 2802 1348 2859 Clementiam
1375 2814 1516 2861 tuam
1541 2814 1651 2861 toto
1676 2808 1838 2864 corde
1862 2822 2087 2876 poscen-

492 2902 608 2963 tes,
657 2902 717 2949 ut
762 2896 853 2965 qui
887 2909 986 2950 nos
1029 2912 1061 2952 a
1105 2898 1476 2969 corporalibus
1508 2899 1673 2955 tueris
1704 2898 1979 2968 adversis,
2019 2901 2087 2957 ab

494 2988 741 3045 hostibus
771 3006 984 3062 quoque
1013 2992 1209 3048 mentis
1238 2992 1519 3063 expedias,
1564 3003 1619 3049 et
1652 3011 1786 3065 quos
1816 2996 2085 3053 exteriore

493 3084 688 3139 tribuis
736 3084 1122 3155 tranquillitate
1166 3085 1433 3155 gaudere,
1482 3087 1713 3145 interius
1755 3088 1921 3146 facias
1964 3104 2085 3146 esse

490 3178 767 3252 paciﬁcos.
802 3178 923 3245 Per,
953 3187 1059 3236 etc.

2183 1960 2378 2017 devoto
2410 1958 2583 2015 facias
2609 1957 2773 2016 corde
2798 1958 2991 2014 sectari
3022 1980 3032 2013 :
3063 1959 3187 2030 quia
3219 1960 3359 2013 sicut
3399 1960 3559 2015 totius
3582 1958 3786 2016 adver-

2183 2054 2357 2111 sitatis
2387 2062 2653 2111 estcausa
2686 2055 2791 2109 tuis
2820 2070 2925 2110 non
2940 2054 3163 2111 obedire
3194 2054 3500 2124 praeceptis,
3534 2052 3605 2107 ita
3635 2070 3788 2125 prae-

2184 2151 2340 2220 cipue
2387 2150 2761 2220 prosperitatis
2816 2147 3039 2203 eﬁ’ectus
3076 2155 3180 2215 est,
3241 2146 3505 2202 bonorum
3536 2144 3790 2202 omnium

2183 2245 2339 2316 sequi
2368 2244 2757 2300 convenienter
2778 2252 3076 2298 auctorem.
3100 2240 3224 2309 Per,
3258 2250 3362 2296 etc.

2258 2336 2287 2374 1*
2316 2338 2427 2393 Tua
2450 2352 2569 2405 nos,
2602 2351 2931 2409 quaesumus,
2966 2334 3215 2400 Domine,
3254 2342 3440 2389 sancta
3472 2332 3783 2405 puriﬁcent,

2186 2442 2241 2489 et
2263 2432 2608 2502 Operationes
2652 2448 2763 2489 suae
2788 2430 3070 2503 perﬁciant
3099 2444 3197 2486 nos
3231 2438 3467 2501 pacatos.
3500 2428 3624 2495 Per,
3671 2436 3783 2484 etc.

2266 2526 2282 2562 ί
2315 2525 2525 2581 Moveat
2554 2526 2811 2593 pietatem
2842 2535 3007 2590 tuam,
3033 2537 3362 2594 quzesumus,
3381 2520 3626 2589 Domine,
3651 2520 3786 2576 sub-

2182 2618 2342 2689 jectae
2400 2617 2495 2671 tibi
2526 2616 2696 2686 plebis
2753 2615 2997 2685 affectus,
3052 2624 3104 2670 et
3152 2613 3582 2670 misericordiam
3634 2622 3783 2668 tuam

2187 2711 2512 2783 supplicatio
2534 2709 2709 2766 ﬁdelis
2737 2710 3076 2779 obtineat,ut
3103 2708 3245 2781 quod
3274 2709 3483 2765 meritis
3510 2725 3615 2763 non
3645 2725 3785 2780 prae-

2188 2804 2377 2872 sumit,
2412 2803 2761 2875 indulgentia:
2790 2813 2894 2859 tuae
2929 2804 3175 2874 largitate
3206 2801 3488 2874 percipiat.
3522 2801 3645 2870 Per,
3676 2814 3781 2858 etc.

2260 2897 2401 2956 XIII.
2427 2896 2559 2952 Item
2583 2897 2794 2952 alia.—-
2826 2896 2840 2949 i
2883 2895 3106 2953 Peccata
3140 2905 3346 2965 nostra,
3377 2895 3629 2965 Domine,
3663 2911 3783 2969 pro-

2189 2990 2408 3061 pitiatus
2434 2989 2676 3059 absolve,
2707 2999 2763 3045 et
2791 2990 3051 3060 quidquid
3080 3005 3174 3061 pro
3218 2991 3455 3061 peccatis
3486 3006 3780 3055 meremur,

2190 3082 2474 3137 miseratus
2504 3088 2707 3137 averte.
2743 3079 2865 3148 Per,
2899 3090 3005 3137 etc.

2261 3174 2289 3213 κ
2312 3174 2585 3244 Concede,
2615 3191 2945 3248 quaesumus,
2974 3176 3313 3249 omnipotens
3344 3175 3513 3247 Deus,
3552 3188 3606 3233 ut
3643 3177 3780 3232 viam

566 3273 593 3313 δ
618 3275 860 3346 Repleti,
894 3275 1148 3345 Domine,
1182 3276 1495 3332 muneribus
1524 3277 1716 3347 sacris,
1745 3275 1835 3345 da,
1866 3293 2081 3351 (ιιιεεειι.
2109 3260 2156 3324 C
2188 3278 2337 3327 tuam
2358 3270 2553 3327 devota
2586 3278 2766 3326 mente
2798 3279 3103 3339 currentes,
3128 3271 3529 3342 surripientium
3561 3271 3777 3329 delicto-

492 3382 643 3435 mus,
697 3374 754 3423 ut
794 3367 851 3423 in
894 3368 1187 3440 gratiarum
1229 3382 1445 3439 semper
1485 3368 1699 3426 actione
1742 3384 2076 3427 maneamus.

494 3462 618 3529 Per,
646 3470 750 3519 etc.

567 3554 845 3622 Guberna,
882 3554 1131 3622 Domine,
1162 3568 1496 3625 quaesumus,
1528 3562 1672 3613 tuam
1702 3556 1945 3630 placatus
1974 3557 2082 3614 Ec-

495 3646 746 3713 clesiam,
791 3655 853 3703 ut
898 3648 1104 3717 potenti
1136 3648 1506 3705 moderatione
1535 3648 1763 3716 directa,
1807 3659 1863 3709 et
1904 3652 2083 3709 incre-

495 3748 675 3795 menta
709 3739 972 3797 libertatis
1001 3740 1252 3812 accipiat,
1296 3748 1352 3798 et
1381 3741 1433 3799 in
1466 3742 1744 3815 religionis
1775 3742 2084 3818 integritate

500 3833 772 3903 peraistat.
802 3832 925 3895 Per,
951 3840 1058 3889 etc.

573 3922 662 3979 XI.
694 3922 827 3978 Item
854 3924 1065 3983 atia.—-—
1086 3925 1167 3982 Ad
1194 3936 1244 3983 te
1266 3928 1429 3984 corda
1452 3937 1659 3995 nostra,
1680 3928 1841 3986 Pater
1861 3937 2081 3997 aeterne,

497 4028 772 4081 converte,
796 4019 920 4090 quia
947 4020 1109 4076 nullis
1132 4023 1454 4079 necessariis
1478 4022 1811 4094 indigebunt,
1835 4038 1970 4095 quos
1993 4034 2084 4081 tuo

496 4112 661 4167 cultui
692 4112 1009 4181 praestiteris
1035 4128 1157 4171 esse
1185 4116 1477 4185 subjectos.
1508 4117 1634 4183 Per,
1661 4126 1767 4173 etc.

574 4213 595 4242 ε
622 4202 691 4260 Ut
721 4205 931 4261 cunctis
962 4220 1083 4275 nos,
1121 4207 1367 4276 Domine,
1396 4207 1580 4265 foveas
1610 4208 1957 4280 adjumentis,
1983 4210 2087 4266 tuis

497 4288 619 4367 apt!
649 4298 915 4368 propitius
942 4297 1265 4368 disciplinis.
1292 4300 1417 4369 Per,
1442 4310 1547 4358 etc.

574 4388 909 4444 Sacriﬁcium
935 4389 1231 4447 deferimus
1256 4393 1323 4448 de
1349 4394 1694 4464 perceptione
1721 4404 1955 4463 tuorum,
1984 4396 2089 4453 Do-

498 4483 665 4547 mine,
705 4484 1092 4552 praestitorum,
1117 4495 1175 4540 ut
1202 4487 1547 4557 percipienda
1570 4492 1813 4547 securius
1839 4490 2087 4547 uberius-

498 4589 604 4646 que
630 4588 923 4630 sumamus.
954 4574 1079 4641 Per,
1104 4585 1210 4632 etc.

2185 3378 2307 3421 rum
2338 3362 2561 3436 laqueos
2589 3364 2908 3421 evadamus.
2945 3363 3070 3434 Per,
3103 3376 3210 3422 etc.

2257 3456 2511 3512 Puriﬁcet
2538 3471 2657 3525 nos,
2686 3457 2937 3525 Domine,
2981 3459 3219 3515 coelestis
3268 3456 3533 3527 exsecutio
3580 3469 3760 3511 sacra-

2187 3561 2381 3628 menti,
2417 3570 2469 3615 et
2520 3561 2587 3616 ad
2636 3570 2781 3617 tuam
2812 3562 3265 3634 magniﬁcentiam
3307 3561 3611 3635 capiendam
3638 3560 3776 3619 divi-

2186 3663 2271 3721 nis
2301 3664 2585 3720 effectibus
2611 3680 2829 3735 semper
2860 3666 3144 3722 instauret.
3175 3666 3303 3734 Per,
3333 3676 3439 3725 etc.

2260 3765 2401 3822 Vere
2446 3765 2688 3838 dignum.
2732 3768 2802 3823 Ut
2840 3769 2931 3839 qui
2974 3778 3027 3825 te
3070 3779 3293 3826 auctore
3340 3769 3703 3835 subsistimus,
3728 3778 3786 3826 te

2118 3920 2121 3925 .
2188 3869 2542 3940 dispensante
2566 3871 2886 3944 dirigamur.
2938 3872 3055 3929 Non
3089 3876 3289 3930 nostris
3320 3874 3571 3930 sensibus
3622 3873 3789 3930 relin-

2189 3988 2435 4044 quamur,
2464 3976 2560 4030 sed
2590 3975 2656 4030 ad
2686 3983 2793 4031 tuae
2819 3976 3027 4033 reducti
3071 3992 3287 4048 semper
3339 3977 3614 4033 tramitem
3646 3976 3788 4033 veri-

2190 4076 2335 4143 tatis,
2362 4076 2477 4132 haac
2502 4077 2815 4133 Studeamus
2844 4094 3101 4135 exercere
3132 4095 3251 4148 qua:
3283 4081 3629 4150 prmcipis,ut
3658 4093 3783 4151 pos-

2188 4180 2358 4237 simus
2386 4182 2524 4236 dona
2556 4183 2839 4253 percipere
2875 4200 2994 4254 qua:
3036 4183 3327 4253 promittis.
3364 4183 3499 4251 Per,
3534 4192 3645 4239 etc.

2206 4276 2227 4281 ’
2268 4275 2533 4357 ΓΞίιιιιριὶ
2565 4285 2833 4354 sacriﬁcii,
2886 4286 3133 4355 Domine,
3178 4295 3433 4359 perpetua
3488 4302 3590 4343 nos
3640 4288 3799 4344 tuitio

2189 4400 2301 4445 non
2324 4388 2617 4460 relinquat,
2662 4398 2716 4445 et
2760 4389 2919 4446 noxia
2944 4404 3159 4462 semper
3188 4405 3219 4445 a
3248 4389 3401 4447 nobis
3449 4399 3645 4448 cuncta
3702 4382 3801 4449 de?-

2190 4483 2375 4554 pellat.
2410 4483 2533 4551 Per,
2573 4492 2681 4549 etc,

2263 4575 2483 4643 Adesto,
2512 4576 2761 4645 Domine,
2792 4577 3047 4635 ﬁdelibus
3072 4578 3200 4645 tuis,
3231 4586 3285 4635 et
3312 4588 3401 4634 tua
3424 4588 3612 4635 sancta
3649 4579 3804 4637 cele-

576 4667 711 4726 Vere
742 4668 982 4739 dignum.
1023 4668 1303 4742 Simulque
1330 4687 1428 4743 pro
1458 4688 1682 4731 munere
1709 4674 1951 4745 generali
1979 4689 2086 4745 quo
2115 4664 2169 4728 D
2193 4676 2476 4735 brantibus
2503 4694 2638 4751 auge
2660 4679 2967 4740 devotionis
3001 4680 3277 4752 etl‘ectum,
3310 4692 3370 4739 ut
3395 4690 3455 4738 et
3508 4682 3605 4739 tibi
3647 4699 3805 4742 sem-

572 4918 597 4947 α
622 4908 747 4977 Haec
777 4908 949 4963 oratio
974 4906 1203 4963 habetur
1225 4906 1277 4960 in
1305 4920 1435 4961 mss.
1461 4906 1683 4977 Gregor.
1713 4919 1774 4959 ac
1799 4905 1851 4960 in
1881 4905 2080 4964 Missali

502 4981 656 5037 Rom.
684 4976 783 5038 fer.
809 4983 842 5036 5
866 4989 984 5049 post
1010 4978 1342 5034 Dominicam
1368 4976 1909 5049 IllrQuadragesimaz.

570 5053 595 5092 δ
620 5055 712 5109 Est
734 5054 785 5107 iu
808 5047 1033 5121 Gregor.
1057 5048 1487 5121 Sacramentario
1511 5047 1771 5121 Menardi,
1797 5064 1859 5104 ac
1882 5050 1932 5103 in
1957 5051 2080 5105 Mis-

495 5126 593 5186 sali
622 5126 777 5181 Rom.
802 5116 888 5181 die
915 5116 1187 5178 Dominica
1214 5130 1333 5189 post
1352 5119 1735 5175 Ascensioncm
1763 5120 1994 5175 Domini.

572 5207 593 5235 ε
625 5197 747 5254 llaec
777 5205 829 5252 et
860 5194 1292 5266 sequensoratio
1333 5190 1802 5266 suprahabentur
1832 5192 1882 5246 iu
1916 5194 2077 5251 Missa

498 5285 617 5338 xm,
652 5268 679 5341 ᾗ
710 5269 796 5335 17,
828 5262 1148 5341 pro-jejunio
1180 5264 1379 5341 mensis
1407 5262 1618 5317 decimi.
1656 5262 1785 5341 llinc
1814 5273 1992 5341 autem
2024 5267 2074 5321 iu

497 5333 739 5410 sequevuti
774 5333 1012 5395 securius
1029 5333 1434 5410 emendavimus
1466 5349 1561 5405 pro
1592 5336 1775 5403 securi,
1809 5336 1947 5407 quod
1977 5337 2079 5395 hoc

496 5406 896 5471 locbmeudose
923 5410 1091 5465 codex
1121 5406 1355 5478 praefert.
1431 5476 1461 5478 Ἡ
1597 5477 1603 5478 ί
1705 5477 1714 5478 7
1830 5406 1841 5407 ί
2036 5439 2043 5445 ,

566 5482 591 5521 (1
616 5483 872 5553 Sequitur
902 5488 957 5536 ut
984 5482 1035 5553 in
1064 5476 1374 5553 praefatione
1398 5476 1571 5533 Missa:
1594 5477 1848 5534 laudatae.

572 5566 594 5593 ο
618 5552 965 5609 (Ξυιιδὶιηὶιειῐι
994 5552 1158 5606 habes
1186 5552 1402 5607 ibidem.

574 5626 593 5664 ί
622 5625 825 5683 Similis
865 5635 946 5680 est
984 5626 1036 5679 in
1073 5623 1260 5679 eadem
1289 5624 1446 5679 Missa
1477 5637 1603 5690 xm,
1648 5621 1721 5676 ita
1754 5630 1841 5689 ut,
1885 5622 1932 5678 si
1963 5624 2079 5689 pri-

496 5713 640 5761 mam
670 5698 973 5755 orntionem
1005 5696 1268 5769 excipias,
1310 5694 1516 5768 reliqua
1542 5709 1666 5751 cum
1695 5693 1886 5751 eadem
1920 5695 2075 5753 Missa

496 5771 843 5830 Conveniam.

570 5854 593 5889 ις
617 5842 801 5900 Codex
837 5842 946 5907 tibi,
978 5842 1118 5914 quod
1150 5856 1267 5895 cum
1302 5855 1406 5895 non
1437 5848 1761 5914 congrueret
1791 5839 2076 5914 verbose-

498 5917 645 5980 ctnri.
692 5912 1009 5976 Muratorius
1055 5917 1277 5973 mutavit
1307 5914 1407 5970 ltoc
1436 5912 1661 5971 verbum
1714 5913 1769 5971 in
1814 5913 2073 5984 fmuuluri.

2190 4908 2421 4966 Facilius
2448 4909 2853 4967 emendavimus
2886 4919 2953 4977 te.
2989 4919 3200 4969 retento
3227 4909 3434 4975 sectari,
3461 4922 3585 4964 eum
3620 4909 3804 4980 probe

2188 4985 2513 5055 respondeat
2542 4984 2787 5053 subjecto
2817 4986 2985 5040 verbo
3030 4985 3188 5055 sequi.

2262 5054 2289 5091 ιι
2317 5056 2507 5109 Afﬁnis
2539 5058 2694 5110 estin
2726 5056 2919 5111 Missali
2954 5058 3177 5112 Rom.in
3202 5054 3428 5109 sabbato
3459 5062 3578 5121 post
3608 5056 3810 5111 Domi-

2188 5126 2364 5198 nicam
2397 5126 2462 5181 ιν
2494 5127 2954 5198 Quadragesimm.
2982 5128 3042 5183 In
3068 5127 3228 5181 codd.
3263 5141 3391 5179 vero
3429 5124 3664 5192 Gregor.
3703 5144 3805 5183 eo-

2186 5196 2310 5272 dem
2343 5198 2427 5253 die
2464 5199 2666 5272 eadem
2700 5196 2803 5272 est,
2840 5210 3059 5272 excepta
3084 5214 3219 5272 voce
3257 5207 3488 5272 pacatos,
3534 5210 3645 5272 pro
3693 5216 3805 5272 qua

2188 5268 2389 5342 habent
2415 5270 2652 5342 placitos.
2690 5271 2782 5325 Est
2813 5274 2972 5326 etiam
3004 5271 3057 5326 in
3090 5271 3270 5326 Geras.
3300 5270 3389 5323 lib.
3426 5284 3465 5335 ι,
3493 5286 3547 5321 ιι.
3579 5269 3679 5324 54.

2264 5340 2279 5378 ί
2320 5340 2492 5397 Est‘in
2520 5358 2646 5396 mss.
2680 5342 2905 5406 Gregor.
2935 5345 3076 5398 inter
3103 5343 3377 5396 orationes
3408 5355 3504 5408 pro
3540 5345 3807 5411 peccatis.

2264 5414 2277 5463 ἱ
2318 5414 2372 5469 1η
2402 5413 2559 5469 codd.
2590 5413 2751 5485 Greg.
2788 5414 3063 5469 Muratorii
3092 5413 3812 5485 habeturinterprationes

2186 5486 2529 5557 tnatutiuales
2557 5486 2642 5540 vel
2666 5481 3087 5555 vespertinales;
3124 5484 3262 5557 apud
3304 5481 3617 5539 Meuardum
3654 5501 3804 5544 vero

2188 5554 2327 5627 inter
2375 5557 2739 5627 quotidianas.

2260 5626 2285 5667 ιι
2320 5624 2466 5684 lianc
2495 5640 2723 5699 uterque
2765 5628 2936 5686 codex
2984 5627 3264 5687 Muratorii
3305 5624 3472 5683 refert
3498 5628 3648 5683 inter
3680 5645 3817 5687 ora.

2187 5698 2360 5757 tiones
2389 5698 2751 5768 quotidianus.

2261 5772 2275 5810 ι
2308 5774 2360 5828 1η
2386 5772 2610 5845 Gregor.
2644 5788 2773 5828 mss.
2804 5782 2858 5829 et
2884 5774 2946 5845 in
3002 5773 3205 5830 Missali
3257 5772 3503 5829 Romano
3555 5770 3813 5835 habetur

2180 5844 2279 5904 fer.
2303 5849 2334 5903 ﬁ
2360 5854 2478 5920 post
2514 5846 2843 5903 Dominicam
2878 5844 3180 5904 Passionis.
