4018 6314
202 393 302 457 125
1013 394 1213 451 LIBER
1250 392 1864 455 SACRAHEN'I‘ORUM
1901 391 2255 452 ECCLESU!
2295 393 2619 451 ROMANE.
3369 391 3467 450 126

199 525 293 593 per
341 510 628 568 exhibeant
679 512 910 570 debitam
960 514 1297 580 servitutem,
1324 521 1379 569 et
1415 512 1483 573 ad
1540 511 1776 569 remedia
1803 512 1856 573 Δ
1883 511 2155 580 famulari,
2205 512 2433 571 salutem
2469 512 2623 573 nonis
2674 511 2850 571 tribue
2878 510 3075 571 mentis
3120 519 3174 568 et
3202 510 3464 578 corporis.

190 596 389 674 iugiter
422 612 621 659 aeterna
661 606 962 676 proﬁciant.
990 606 1112 674 Per,
1138 616 1242 663 etc.
1885 610 2011 677 Per,
2046 618 2153 666 etc.

268 695 409 753 XIV.
430 696 560 752 Item
576 698 1008 772 alim—Respice
1038 718 1153 770 nos,
1176 717 1355 758 rerum
1380 700 1620 757 omnium
1638 700 1781 757 Deus
1960 717 1981 744 ε
2016 705 2405 761 Misericordia:
2430 712 2534 759 tuae
2560 705 2831 769 remediis,
2863 716 3191 774 quaesumus,
3216 701 3464 769 Domine,

192 803 409 847 creator
435 801 491 848 et
515 804 712 861 l'CClOl‘,
749 804 805 852 et
834 809 891 851 ut
921 805 1025 852 1083
1060 796 1451 867 propitiationis
1481 796 1781 851 sentiamus
1882 802 2147 873 fragilitas
2178 810 2364 856 nostra
2390 800 2671 866 subsistat.
2702 807 2762 854 ιιι
2784 815 2901 870 (με
2927 800 3008 854 sui
3030 798 3343 855 conditione
3372 796 3467 854 de-

193 885 468 954 effectum,
502 896 613 943 toto
645 905 740 945 nos
765 892 939 946 tribue
965 891 1059 946 tibi
1089 891 1251 946 corde
1278 892 1506 947 servire.
1530 891 1652 955 Per,
1677 898 1780 943 etc.
1882 894 2029 959 fecit,
2066 904 2155 950 tua
2187 893 2527 965 vegetatione
2556 902 2854 960 reparatur.
2884 892 3008 960 Per,
3037 903 3144 948 etc.

262 978 345 1035 Ad
379 988 490 1047 tua,
520 980 763 1049 Domine,
795 984 1053 1039 beneficia
1094 984 1408 1039 fiducialiter
1472 980 1631 1056 12h
1679 982 1782 1036 im-

1956 991 2298 1059 Quwsumus,
2332 988 2559 1043 Domine
2586 986 2730 1043 Deus
2756 995 2958 1053 noster,
2988 996 3046 1041 ut
3066 984 3292 1041 interius
3313 982 3468 1040 nobis

196 1076 487 1144 petranda,
520 1092 828 1148 quzesumus
868 1089 924 1133 ut
958 1095 1213 1135 exercere
1241 1094 1359 1148 qua:
1391 1078 1484 1131 tibi
1512 1084 1639 1133 sunt
1669 1076 1785 1145 pla-
1887 1087 2234 1155 θιιετίυερυε
2263 1086 2548 1141 conteram
2575 1082 2692 1137 [me
2714 1082 2966 1153 mysteria
3014 1082 3318 1149 sanitatem,
3349 1096 3468 1149 qua,

188 1168 320 1231 cita,
356 1178 411 1224 et
438 1170 580 1225 velle
620 1171 777 1226 nobis
808 1172 1049 1243 largiaris
1079 1181 1134 1227 et
1164 1187 1344 1242 posse.
1378 1171 1504 1235 Per,
1537 1178 1644 1224 etc.

1933 1180 2105 1237 imulis
2133 1180 2239 1236 tuis
2269 1181 2321 1235 in
2348 1188 2581 1248 utroque
2609 1175 2827 1235 voluisti
2860 1172 3111 1245 pt‘mbere
3149 1173 3464 1231 subsidium.
3505 1192 3531 1231 θ

261 1262 430 1331 Deus,
464 1274 651 1320 auctor
682 1268 910 1323 sincera:
935 1267 1241 1323 devotionis
1268 1274 1323 1319 et
1350 1265 1517 1333 pacis,
1537 1263 1789 1332 da,qua:-
1891 1276 2016 1341 per,
2057 1288 2162 1331 εις,

186 1372 399 1424 sumus,
428 1369 551 1414 utet
578 1361 917 1428 majestatem
946 1371 1089 1415 tuam
1119 1358 1506 1414 convenienter
1532 1356 1641 1411 hoc
1670 1371 1783 1409 mu—
1962 1368 1988 1408 d
2009 1371 2151 1427 νοτε
2173 1370 2414 1440 dignun
2437 1367 2538 1434 Qui
2556 1364 2789 1420 famulo.
2815 1371 2938 1419 ιοοι
2968 1362 3091 1418 ideo
3119 1361 3471 1430 corporaliter

186 1470 325 1511 nere
345 1471 696 1521 veneremur,
730 1465 786 1510 et
810 1456 949 1509 sacri
980 1454 1391 1525 participatione
1435 1449 1678 1521 mysterii
1726 1447 1787 1502 [ὶ-
1887 1465 2162 1531 urbem,
2211 1472 2269 1518 ιη
2317 1472 2496 1517 meme
2546 1459 2851 1529 proﬁciang,
2910 1465 3161 1527 ροιοηιε,
3182 1454 3509 1511 “lende”.

184 1547 388 1605 deliter
418 1548 675 1604 sensibus
697 1549 968 1605 uniamur.
1006 1548 1126 1612 Per,
1150 1556 1253 1602 etc.

1933 1574 2041 1613 nam
2070 1559 2138 1611 sit
2168 1554 2382 1625 pietatis
2416 1563 2516 1607 tua:
2546 1550 2797 1621 praeclara
2826 1548 3080 1613 salvatio,
3098 1547 3226 1603 dum
3251 1554 3477 1615 praestas

268 1639 411 1695 Vere
436 1640 679 1710 dignum.
704 1640 807 1708 Qui
839 1640 959 1695 ideo
986 1654 1084 1694 nos
1114 1638 1397 1707 imaginem
1440 1645 1581 1690 tuam
1628 1632 1780 1688 beni-

1933 1660 2217 1720 teperetur
2251 1647 2409 1703 nobis
2437 1645 2600 1701 etiam
2651 1642 2936 1699 .nfirmitas
2982 1642 3097 1710 ipsa
3128 1638 3471 1695 medicinam.

187 1749 337 1805 gnus
376 1736 610 1790 existere
643 1736 877 1798 voluisti,
908 1743 965 1789 ut
1007 1743 1242 1788 tenorem
1293 1746 1517 1787 summa
1556 1730 1782 1799 iustitia:
1884 1743 2011 1809 per,
2052 1752 2157 1797 οιο,

183 1828 396 1896 pariter
425 1837 477 1883 et
499 1826 712 1897 pietatis
746 1828 1038 1896 imitemur,
1082 1827 1221 1897 quod
1272 1827 1421 1882 brevi
1461 1825 1781 1895 compendio
1960 1835 2125 1901 [)eug’
2155 1834 2245 1905 qui
2268 1831 2541 1903 diligendo
2568 1829 2819 1900 “uisas,
2845 1834 2898 1883 οι
2920 1824 3234 1896 ωδιίδιηάο
3260 1836 3360 1879 ηας
3385 1837 3472 1880 τε.

180 1921 485 1991 poterimus
518 1922 765 1991 implere,
794 1922 837 1975 si
864 1936 961 1991 per
1002 1932 1143 1976 tuam
1176 1921 1332 1977 nobis
1380 1921 1609 1991 gratiam
1647 1934 1777 1975 con-
1805 1914 1853 1977 Β
1882 1926 2051 1986 foves.
2087 1935 2282 1997 praesta
2322 1934 2379 1979 nt
2422 1926 2492 1979 de
2529 1931 2759 1992 utroque
2783 1919 2878 1975 tibi
2907 1919 3109 1991 gratias
3137 1932 3354 1987 semper
3380 1930 3467 1971 re-

181 2014 412 2069 cedatur
442 2024 498 2068 ut
526 2023 579 2069 et
604 2024 654 2069 te
679 2022 923 2069 nostrum
953 2014 1185 2069 nitamur
1208 2029 1391 2069 amare
1418 2015 1700 2080 factorem,
1722 2025 1775 2070 et
1880 2020 2024 2076 ferre
2054 2018 2345 2073 valeamus.
2386 2016 2509 2083 Per,
2539 2024 2645 2071 etc.

184 2107 558 2178 nosmetipsos
586 2107 850 2163 veraciter
873 2106 1149 2178 libereque
1176 2106 1403 2177 diligere
1418 2122 1556 2177 quos
1579 2106 1774 2163 fecisti.
1957 2124 1978 2150 οι
2010 2113 2207 2177 Tuere,
2241 2111 2485 2177 Domine,
2518 2107 2773 2179 populum
2805 2115 2976 2173 tuum,
3022 2113 3076 2160 et
3125 2104 3194 2157 ab
3222 2102 3474 2160 omnibus

182 2200 308 2267 Per.
339 2210 449 2256 εισι
1882 2207 2117 2279 peccatis
2147 2206 2439 2260 clementer
2467 2200 2862 2271 emunda,quia
2895 2197 3041 2254 nulla
3064 2197 3115 2252 ei
3140 2196 3358 2253 nocebit
3376 2195 3472 2251 ad—

256 2304 282 2333 ³
307 2296 579 2365 Spiritum
610 2296 787 2362 nobis,
822 2296 1066 2364 Domine,
1083 2306 1188 2352 tua:
1209 2295 1494 2351 citaritatis
1535 2295 1778 2362 infunde.
1884 2302 2135 2363 versitas.
2162 2300 2208 2354 si
2240 2299 2382 2361 nulla
2404 2298 2716 2352 dominetur
2748 2294 3023 2364 iniquitas.
3055 2292 3180 2358 Per,
3220 2301 3327 2347 etc.

191 2397 245 2445 ut
269 2402 410 2459 quos
436 2403 543 2443 uno
573 2389 784 2445 cwlesti
820 2403 958 2458 pane
1000 2388 1227 2455 satiasti,
1261 2403 1365 2443 una
1396 2387 1562 2443 facias
1584 2388 1781 2459 pietate
1954 2394 2120 2450 XVII.
2152 2392 2286 2447 [tam
2308 2393 2508 2445 alia.—-
2533 2390 2695 2459 Eripe
2726 2404 2848 2454 nos,
2872 2385 3468 2455 Domine,quatsumus,

187 2481 505 2538 concordes.
542 2481 668 2553 Per,
704 2489 811 2538 etc.
1883 2487 1953 2543 ab
1981 2487 2065 2542 his
2092 2502 2211 2558 qua
2240 2485 2437 2540 divinat
2468 2492 2595 2540 sunt
2623 2482 2896 2538 contraria
2927 2479 3214 2536 voluntati.
3244 2478 3311 2534 Et
3347 2477 3472 2548 quia

250 2575 553 2639 confirma.
587 2575 835 2641 Domine.
870 2587 1205 2646 quaesumuS.
1240 2583 1455 2629 ιυοτιιῐιι
1509 2575 1673 2629 corda
1719 2574 1781 2627 li-
1882 2583 1961 2638 tui
1981 2583 2163 2653 operis
2182 2590 2267 2639 est
2287 2594 2449 2636 omne
2477 2578 2618 2651 quod
2652 2577 2902 2644 vivimus,
2934 2583 3129 2646 prasta
3159 2582 3217 2629 ut
3262 2572 3339 2627 tui
3390 2570 3471 2625 fa-

192 2668 404 2736 liorum,
432 2676 491 2724 et
516 2668 705 2738 gratia
731 2677 837 2723 tuae
868 2668 1069 2723 virtute
1093 2668 1410 2735 corrobora,
1440 2676 1493 2721 ut
1522 2676 1577 2722 et
1602 2667 1659 2722 in
1691 2675 1780 2723 tua
1880 2676 2015 2732 muli
2041 2675 2134 2731 tibi
2161 2675 2371 2745 placere
2403 2674 2693 2743 possimus.
2719 2670 2841 2737 Per,
2874 2680 2979 2725 etc.

197 2763 291 2819 sint
340 2762 739 2832 supplicatione
768 2762 971 2829 devoti,
998 2774 1052 2817 et
1079 2772 1266 2817 mutua
1322 2760 1613 2817 dilectione
1667 2762 1779 2817 siu-
1953 2770 2297 2838 Quasumus,
2329 2766 2578 2832 Domine,
2599 2779 2666 2819 ne
2692 2777 2789 2819 nos
2820 2760 2955 2816 tales
2983 2760 3207 2831 patiaris
3235 2761 3472 2817 existere

204 2858 319 2913 ceri.
346 2857 477 2924 Per.
502 2864 609 2911 θια-
1880 2861 2075 2933 quibus
2102 2860 2294 2915 merito
2324 2858 2674 2913 dominentur
2716 2854 2966 2911 adversa.
3024 2852 3131 2909 Sed
3160 2852 3469 2923 ltujusmodi

265 2948 376 3006 XV.
414 2948 551 3006 Item
600 2949 727 3004 alia.
754 2976 826 2994 α·-
853 2949 1194 3017 Quaesumus,
1226 2950 1571 3021 omnipotens
1610 2951 1775 3020 Deus,
1881 2957 2064 3026 potius
2093 2953 2232 3010 effici
2266 2953 2488 3017 tribuas,
2521 2950 2610 3020 qui
2637 2946 2914 3005 beneficiis
2943 2947 3051 3002 tuis
3074 2960 3184 3001 non
3213 2954 3472 3016 perpetuo

218 3042 687 3100 nemultitudinem
739 3054 936 3100 nostra:
995 3044 1279 3114 pravitatis
1328 3044 1595 3110 attendas,
1625 3044 1719 3100 sed
1749 3059 1779 3099 a
1879 3052 2186 3121 judicemur
2210 3047 2430 3117 indigni.
2467 3046 2590 3109 Per,
2622 3053 2727 3099 etc.

225 3137 432 3204 peccatis
458 3137 709 3193 abstrahe
736 3138 973 3209 fragiles,
1006 3146 1064 3193 et
1092 3138 1161 3192 ad
1212 3151 1274 3193 ea
1311 3152 1432 3207 quae
1461 3146 1606 3192 recta
1632 3147 1778 3204 sunt,
1956 3142 2135 3198 oblati
2159 3139 2431 3206 sacriﬁcii,
2466 3136 2716 3201 Domine,
2750 3146 3083 3204 quaesumus,
3126 3138 3347 3201 pmtet
3392 3131 3472 3186 ef-

235 3235 421 3283 tuorum
443 3230 599 3302 dirige
625 3230 951 3286 voluntates.
982 3230 1107 3297 Per,
1138 3238 1243 3285 etc.

1933 3248 2082 3305 ictus,
2108 3246 2168 3293 ut
2188 3235 2363 3293 eidem
2388 3230 2771 3288 convenienter
2806 3234 3070 3297 aptemur.
3100 3225 3224 3293 Per,
3262 3233 3369 3279 etc.

287 3323 395 3381 Non
447 3326 705 3383 retribuas
749 3326 929 3395 nobis,
986 3339 1318 3397 quaesumus,
1364 3324 1609 3391 Domine,
1665 3337 1784 3393 quae

1964 3304 2101 3388 Vere
2130 3330 2371 3401 dignum.
2400 3326 2734 3396 Majestatem
2778 3331 2923 3377 tuam
2960 3319 3175 3376 devotis
3206 3318 3476 3376 mentibus

225 3418 366 3475 malis
383 3421 634 3491 operibus
666 3435 1057 3492 promeremur,
1085 3419 1178 3475 sed
1209 3433 1344 3489 quos
1359 3418 1481 3489 jure
1507 3418 1733 3487 corripis
1750 3431 1781 3473 a

1933 3427 2257 3498 nplorantes,
2274 3430 2332 3476 ut
2351 3421 2492 3476 sicut
2518 3432 2583 3474 ex
2605 3426 2658 3473 te
2682 3416 2943 3472 habemus
2963 3428 3087 3470 esse
3112 3411 3253 3483 quod
3267 3426 3473 3481 sumus,

220 3515 427 3571 veritate
449 3516 985 3587 digressos,protege
1011 3522 1097 3569 tua
1123 3513 1467 3569 miseratione
1483 3519 1779 3567 correctos.
1886 3522 1965 3578 sic
1994 3530 2093 3591 per
2114 3514 2338 3590 gratiam
2372 3520 2515 3569 tuam
2543 3518 2599 3566 et
2629 3509 2766 3566 bene
2794 3507 2933 3565 veno
2962 3521 3259 3576 sumam",
3302 3514 3358 3561 ει
3380 3505 3476 3561 bo.

218 3608 320 3678 Ρετο
356 3622 459 3668 ειε-
1886 3629 2013 3672 num
2042 3626 2201 3685 posse
2228 3608 2370 3681 quod
2394 3608 2664 3663 volumus.
2695 3604 2816 3671 Per,
2847 3611 2949 3659 etc.

275 3704 484 3760 Prosint
516 3704 954 3773 nobis,Domine,
984 3704 1319 3775 frequentata
1351 3702 1629 3772 mysteria,
1660 3714 1783 3772 quas
1960 3710 2059 3779 Da,
2086 3718 2413 3779 quasumus,
2444 3700 2789 3771 omnipotens
2814 3698 2979 3763 Deus,
3017 3704 3077 3751 ut
3097 3693 3478 3767 mysteriorum

218 3812 301 3853 nos
321 3816 349 3854 a
380 3800 765 3870 cupiditatibus
807 3800 1036 3855 terrenis
1074 3799 1385 3869 expediant,
1415 3806 1469 3853 et
1506 3797 1787 3852 instituant
1888 3805 2085 3861 virtute
2107 3808 2416 3856 sanctorum
2445 3795 2551 3850 vita
2576 3800 2757 3849 nostra
2783 3790 3047 3845 firmetur.
3070 3788 3194 3857 Per,
3226 3794 3330 3841 etc.

214 3906 382 3951 amare
420 3895 683 3951 coelestia.
718 3895 841 3964 Per,
876 3901 984 3950 etc.
1176 3899 1185 3904 '
1575 3956 1583 3961 _
1962 3898 2121 3955 Plebs
2151 3904 2261 3963 tua,
2289 3891 2538 3957 Domine,
2566 3884 2916 3944 sacramentis
2943 3878 3480 3953 puriﬁcatactelesti-

277 3989 415 4045 Vere
458 3989 701 4060 dignum.
746 3986 813 4045 Ut
843 3990 1074 4044 divinam
1098 3988 1296 4061 jugiter
1325 3988 1550 4059 gratiam
1592 3987 1784 4043 subse-

214 4092 452 4154 quentes,
482 4083 749 4153 justitiam
780 4091 948 4149 tuam,
973 4097 1130 4153 quam
1156 4082 1365 4138 delictis
1389 4082 1587 4137 nostris
1617 4082 1790 4137 inces-

214 4188 385 4236 santer
416 4175 766 4247 offendimus,
797 4188 921 4234 actu
950 4178 1177 4234 meliore
1204 4173 1790 4249 plaeemus.thnibus

214 4275 393 4329 merita
426 4273 655 4329 debetur
681 4287 835 4345 pana
859 4271 1152 4341 perversis,
1170 4269 1503 4339 indulgentia
1529 4267 1793 4322 tribuatur

215 4366 274 4421 ab
303 4367 593 4437 iniquitate
621 4365 981 4423 cessantibus.
1014 4364 1139 4428 Per,
1167 4371 1277 4419 etc.

280 4464 359 4519 Ah
386 4462 536 4519 omni
570 4476 757 4517 errore
782 4476 902 4527 nos,
936 4458 1183 4527 Domine,
1217 4470 1545 4527 quaesumus,
1580 4453 1796 4525 expient

217 4566 551 4615 sacramenta
583 4571 700 4628 quae
722 4554 1067 4626 sumpsimus,
1092 4562 1145 4608 et
1165 4550 1505 4608 dulcedinem
1531 4550 1798 4607 mentibus

217 4652 411 4706 DOSll‘iS
446 4660 547 4705 tua:
572 4651 858 4707 suavitatis
891 4649 1193 4706 infundant.
1220 4648 1344 4715 Per,
1369 4656 1477 4703 etc.

281 4741 308 4780 δ
341 4745 417 4797 Da
452 4743 646 4815 populo
698 4752 811 4811 tuo,
865 4741 1491 4811 Domine,.quaesumus,
1551 4740 1797 4812 spiritum

217 4836 459 4891 veritatis
485 4844 538 4891 et
566 4835 731 4905 pacis,
766 4842 827 4890 ut
850 4843 903 4889 et
929 4846 979 4889 te
1012 4842 1122 4888 tota
1148 4842 1325 4888 mente
1351 4844 1700 4903 cognoscant,
1744 4843 1800 4891 et

218 4942 331 4996 quae
360 4927 456 4983 tibi
502 4937 626 4983 sunt
658 4926 848 4998 placita
878 4933 990 4981 toto
1029 4923 1191 4981 corde
1219 4932 1505 4992 sectantes,
1533 4924 1797 4983 bonorum

218 5026 426 5077 tuorum
452 5033 666 5089 semper
697 5032 917 5075 munere
944 5017 1233 5089 potiantur.
1262 5017 1383 5085 Per,
1404 5027 1511 5074 etc.

290 5113 445 5189 125
476 5112 614 5169 XVI.
650 5110 783 5167 Item
809 5112 933 5168 alia.
965 5140 1035 5153 -—
1066 5110 1347 5170 Protector
1388 5110 1442 5168 in
1490 5120 1543 5169 te
1573 5128 1799 5185 speran-

220 5207 344 5263 tinm
374 5209 539 5277 Dens,
570 5216 785 5279 praesta,
841 5218 1171 5279 quaesumus,
1206 5215 1261 5263 ut
1283 5208 1618 5279 maiestatem
1647 5218 1793 5267 tuam

219 5301 331 5359 sine
352 5302 655 5359 cessatione
681 5300 983 5371 laudemus,
1015 5309 1069 5356 et
1092 5310 1149 5355 ut
1174 5300 1268 5356 tibi
1307 5301 1575 5372 possimus
1596 5304 1799 5375 jugiter

288 5470 316 5501 ι
345 5461 470 5519 Haec
498 5462 671 5518 oratio
698 5469 781 5518 est
808 5461 863 5517 in
888 5460 1044 5517 codd.
1072 5460 1417 5531 Gregorianis
1439 5471 1491 5517 et
1515 5462 1566 5517 in
1600 5462 1801 5521 Missali

222 5533 380 5605 Rom.
400 5534 500 5591 fer.
524 5536 557 5591 6
579 5542 705 5590 ante
740 5535 963 5605 primam
990 5532 1314 5588 Dominicam
1342 5532 1795 5605 Quadragesimaa.

222 5604 451 5677 Rursum
478 5606 533 5662 in
565 5604 755 5662 eodem
776 5605 972 5662 Missali
1018 5612 1068 5659 et
1094 5605 1149 5660 in
1173 5605 1359 5660 iisdem
1387 5604 1543 5660 codd.
1576 5607 1693 5677 ipso
1714 5608 1802 5663 die

222 5676 517 5745 Pascbatis,
547 5679 637 5734 ubi
665 5677 868 5733 idcirco
896 5685 1111 5732 mutatte
1142 5685 1266 5731 sunt
1293 5690 1451 5732 voces
1484 5693 1585 5733 uno
1604 5676 1803 5735 ’cmlesti

222 5765 365 5823 parte
385 5752 435 5806 in
460 5750 557 5805 has
591 5751 927 5823 sacramentis
950 5747 1301 5823 paschalibus.

292 5821 321 5861 ι
341 5821 620 5879 Invenitur
644 5822 698 5878 in
722 5838 854 5879 mss.
886 5818 1046 5892 Gr'eg.
1073 5818 1344 5877 Muratorii
1370 5819 1508 5876 inter
1533 5820 1804 5879 orationes

225 5893 583 5964 quotidianae.

299 5975 322 6005 α
358 5964 453 6025 Est
479 5966 535 6024 in
560 5964 717 6026 codd.
763 5964 927 6038 Greg.
956 5979 1017 6022 ac
1045 5966 1099 6024 in
1130 5963 1328 6023 blissali
1358 5965 1512 6022 Rom.
1547 5965 1646 6023 fer.
1678 5967 1712 6025 ὁ
1752 5967 1806 6025 in

1891 3993 2012 4058 bus,
2039 3987 2183 4061 quod
2222 3985 2386 4041 sumit
2415 3982 2697 4051 intelligat,
2732 3977 2874 4048 quod
2897 3983 3055 4046 gustu
3085 3971 3289 4029 delibat
3319 3971 3483 4026 mori-

1892 4086 1992 4141 bus
2027 4078 2417 4153 apprehendat,
2452 4073 2595 4145 quod
2649 4070 2806 4143 126
2841 4067 2999 4138 iustis
3027 4063 3360 4121 orationibus
3387 4077 3484 4117 ex-

1894 4178 2030 4249 petit
2055 4185 2140 4228 tua
2170 4170 2514 4229 miseratione
2544 4164 2828 4234 percipiat.
2864 4160 2988 4223 Per,
3020 4168 3125 4214 etc.

1966 4266 2152 4325 XVlll.
2187 4264 2321 4317 Item
2350 4261 2473 4315 alia.
2502 4285 2572 4299 -—
2611 4252 3032 4323 Magnificamus,
3084 4247 3331 4311 Domine,
3364 4244 3479 4299 cle-

1896 4364 2153 4423 mentiam
2180 4369 2346 4421 tuam,
2375 4354 2467 4425 qui
2487 4358 2543 4407 et
2584 4349 2795 4405 veniam
2822 4343 3216 4418 peccatoribus,
3241 4350 3296 4398 et
3318 4341 3487 4398 mise-

1898 4459 1972 4517 ris
1994 4462 2219 4529 praestas
2244 4448 2523 4506 auxilium.
2550 4445 2678 4508 Per,
2705 4449 2811 4498 etc.

1970 4528 2183 4610 l‘lomini
2240 4554 2331 4601 tuo
2357 4588 2371 4614 ,
2425 4551 2754 4613 quasnmus,
2786 4536 2929 4591 Deus
2973 4541 3215 4599 aeterne,
3258 4528 3325 4585 da
3371 4528 3487 4600 glo-

1902 4647 2077 4711 riam,
2132 4654 2255 4699 cum
2306 4646 2363 4695 et
2405 4632 2694 4692 immeritis
2736 4628 3054 4688 benefacere
3107 4639 3215 4681 non
3262 4622 3485 4682 omittis.

1904 4741 2399 4901 Pe:fer‘emriignum.
2452 4823 2769 4879 Referentes
2796 4816 2995 4890 gratias
3023 4821 3077 4871 et
3106 4819 3387 4885 precantes
3430 4818 3490 4866 ut

1904 4928 1998 4985 tibi
2031 4937 2131 4981 nos
2153 4922 2379 4994 placitos
2404 4929 2527 4973 esse
2565 4911 2870 4985 perficiens,
2896 4906 3090 4979 quibus
3116 4903 3385 4964 succurris
3410 4903 3491 4956 in-

1904 5020 2103 5093 dignis,
2136 5011 2448 5087 prOpitieris
2478 5007 2733 5077 acceptis.
2765 5005 2891 5069 Per,
2918 5010 3025 5059 etc.

1974 5085 2187 5182 Quanto
2248 5113 2324 5172 te,
2368 5102 2616 5165 Domine,
2648 5096 2944 5170 praedicare
2990 5091 3311 5182 sufficimus,
3347 5085 3367 5124 τ
3396 5086 3488 5156 qui

1901 5208 2100 5283 pariter
2116 5198 2400 5258 immeritis
2418 5194 2607 5251 tribuis
2628 5192 2696 5247 de
2718 5202 2950 5247 maerore
2965 5184 3223 5241 laetitiam.
3245 5181 3368 5283 Der,
3384 5186 3488 5234 etc.

1980 5302 2079 5367 Da,
2122 5305 2454 5367 quaesumus,
2488 5284 2736 5352 Domine,
2768 5280 3023 5354 populum
3050 5285 3195 5333 tuum
3224 5275 3289 5328 ad
3313 5281 3364 5328 te
3382 5280 3494 5327 toto

1909 5461 2112 5536 jejunio
2133 5455 2335 5536 mensis
2363 5451 2656 5536 septimi;
2698 5514 2876 5536 “nn
2902 5526 2916 5536 .
2962 5509 3080 5536 nm
3119 5505 3313 5536 “cum,

1978 5507 2585 5594 g'ﬁotatio-‘marg'inalis
2610 5519 2671 5594 in
2692 5514 2917 5594 codice:
2953 5509 3081 5592 Post
3119 5507 3493 5594 inﬁrmitatem.

1983 5613 2007 5643 ε
2032 5576 2462 5657 nitidi-infe
2491 5600 2614 5647 ante
2643 5586 2972 5657 Dominicam
3000 5576 3499 5657 prima-rnﬁQuadra—

1907 5652 2268 5750 genium—tum
2289 5652 2341 5726 in
2374 5665 2531 5750 codd.
2566 5660 2904 5750 Greg.,_tu:m
2925 5652 3497 5750 iob-lissalLf't‘omlang;

1985 5723 2559 5802 l"EI—odos"triendose,
2604 5723 2701 5800 quir
2741 5723 2905 5797 perire
2948 5726 3162 5802 meritis.
3196 5723 3501 5779 Blancltinii

1909 5798 2346 5878 emendationem
2388 5798 2651 5867 orationis
2680 5798 3058 5873 subsequentis
3094 5806 3269 5856 textus
3298 5805 3465 5865 appro

1912 5894 2028 5947 bat.
