4018 6314
550 419 648 475 127

1511 408 1741 467 OPERA
1779 408 1837 465 S.
1862 360 2078 466 ILEONI
2115 406 2353 465 MAGNO
2390 409 2797 467 ATTRIBUTA.

3716 412 3809 479 128

546 536 711 595 corde
738 532 977 592 converti
1011 549 1025 588 :
1058 532 1180 603 quia
1201 544 1336 602 quos
1357 528 1602 585 defendis
1631 527 1792 583 etiam
1817 526 2133 597 delinquen-
2160 525 2213 586 Α
2309 526 2476 597 Hujus
2505 528 2682 594 nobis,
2715 528 2971 598 Domine,
3000 543 3302 600 quaesumus
3324 573 3339 600 ,
3370 533 3617 590 sacriﬁcii
3645 534 3810 605 placa-

552 638 654 694 tes,
685 626 873 697 majori
894 626 1090 696 pietate
1110 622 1276 678 tueris
1304 621 1513 677 sincera
1549 619 1645 675 tibi
1673 628 1854 676 mente
1881 618 2132 675 devotos.

548 721 674 787 “er,
705 728 812 776 etc.

621 812 761 868 XIX.
791 809 922 865 Item
948 809 1077 867 alia.
1100 839 1171 850 —
1191 809 1413 875 Praesta,
1446 820 1777 876 quaesumus,
1798 804 2138 875 omnipotens

548 904 714 969 Deus,
748 913 804 958 ut
833 904 972 959 inter
1000 903 1311 957 innumeros
1332 900 1456 953 vitae
1484 898 1765 969 praesentis
1790 912 2028 964 errores,
2047 906 2139 953 tuo

549 1011 767 1065 semper
791 994 1155 1050 moderamine
1178 992 1494 1062 dirigamur.
1520 990 1646 1055 Per,
1671 1000 1780 1045 etc.
2034 1051 2037 1053 ἓ

621 1088 729 1142 Fac
761 1102 877 1149 nos,
904 1100 1231 1157 qnesumus,
1258 1084 1506 1151 Domine,
1540 1098 1658 1154 qua:
1684 1091 1807 1137 sunt
1830 1092 1975 1139 recta
2017 1097 2137 1139 sec-

551 1180 675 1246 tari,
708 1179 1068 1248 integritatem
1098 1162 1442 1234 conscientiae
1474 1175 1700 1246 diligere
1724 1190 1943 1247 semper
1982 1184 2037 1232 et
2058 1174 2137 1231 fa-

550 1286 672 1327 mtc.
697 1272 816 1335 Per,
849 1280 957 1325 etc.

615 1364 874 1421 Sacriﬁcii
912 1363 1007 1429 tui,
1060 1362 1310 1429 Domine,
1368 1371 1395 1399 ι
1446 1362 1696 1417 salutaris
1744 1361 2030 1418 effectibus
2081 1373 2137 1418 et

546 1472 645 1513 nos
674 1458 898 1527 expiari,
934 1466 988 1512 et
1026 1465 1115 1511 tua
1145 1470 1245 1511 nos
1266 1454 1586 1511 conﬁdimus
1624 1456 1863 1512 remedia
1914 1471 2136 1527 prome-

544 1550 671 1605 reri.
703 1549 825 1616 Per,
855 1556 962 1603 etc.

618 1640 757 1696 Vere
785 1640 1025 1710 dignum.
1050 1639 1152 1708 Qui
1184 1655 1303 1695 cum
1337 1655 1543 1695 summa
1592 1640 1667 1694 sis
1696 1638 1880 1706 Ratio,
1927 1654 2134 1710 nosque

494 1804 499 1807 η
547 1731 837 1788 rationales
866 1730 1351 1795 eﬁ'eceris,certum
1381 1740 1466 1786 est
1495 1742 1699 1787 tantum
1724 1748 1822 1786 nos
1846 1748 1871 1784 a
1900 1740 1989 1786 tua
2014 1746 2131 1801 par-

546 1828 858 1897 ticipatione
884 1825 1185 1895 discedere,
1239 1835 1497 1895 quantum
1528 1826 1596 1879 ab
1626 1826 1892 1895 aequitatis
1922 1828 2131 1879 tramite

2239 620 2386 676 tione
2414 635 2704 689 succurre,
2758 624 2911 693 cujus
2958 624 3209 680 remediis
3255 626 3493 696 dignaris
3540 626 3809 688 absolvere

2238 722 2568 785 peccatores.
2601 716 2725 784 Per,
2751 728 2854 773 etc.

2311 806 2450 863 Vere
2477 807 2719 878 dignum.
2751 808 2881 877 Quia
2901 849 2917 876 ,
2946 808 3071 865 dum
3101 810 3357 867 beneﬁcia
3391 820 3477 868 tua
3506 812 3715 884 largiris
3744 816 3810 871 in-

2238 897 2442 971 dignis,
2476 915 2663 970 magna
2707 900 2904 970 pietate
2952 917 3049 957 nos
3095 902 3355 959 admones
3376 944 3391 968 ,
3424 904 3591 958 multo
3622 907 3809 975 petiora

2238 994 2380 1049 dona
2411 1002 2720 1063 sumpturos
2750 996 2795 1050 si
2841 994 3256 1065 praeceptionum
3301 1005 3512 1052 tuarum
3553 1007 3610 1053 et
3654 999 3812 1053 erudi-

2244 1084 2475 1140 tionibus
2507 1085 2848 1155 proﬁciamus
2877 1097 2929 1142 et
2952 1086 3126 1143 factis.
3160 1087 3283 1155 Per,
3315 1097 3419 1143 etc.

2308 1179 2634 1249 Majestatem
2668 1188 2842 1247 tuam,
2878 1181 3134 1250 Domine,
3167 1182 3436 1252 supplices
3474 1183 3810 1250 deprecamur

2237 1279 2296 1325 ut
2318 1284 2416 1326 nos
2444 1282 2497 1326 et
2526 1272 2835 1329 coelestibus
2864 1274 3083 1342 expiare
3135 1274 3435 1343 mysteriis,
3469 1282 3525 1328 et
3555 1274 3811 1344 perpetuis

2238 1377 2345 1418 non
2371 1363 2588 1419 desinas
2620 1366 2799 1421 fovere
2824 1365 3104 1435 praesidiis.
3139 1366 3260 1431 Per,
3291 1376 3397 1422 etc.

2312 1454 2486 1510 'l'uere
2528 1456 2824 1525 propitius,
2875 1456 3135 1523 Domine,
3184 1471 3521 1526 quaesumus,
3573 1457 3810 1512 familiam

2244 1555 2407 1612 tuam,
2441 1557 2495 1601 et
2524 1564 2679 1617 quam
2707 1549 2934 1617 benigna
2965 1549 3278 1605 defensione
3307 1564 3414 1604 non
3442 1549 3678 1619 deseris,
3711 1565 3808 1620 pro-

2242 1641 2462 1708 pensius
2484 1640 2576 1695 tibi
2602 1638 2769 1695 redde
2790 1640 3113 1710 subjectam,
3140 1651 3200 1696 ut
3226 1643 3451 1711 gratiam
3484 1651 3653 1708 tuam,
3676 1658 3809 1713 quam

2236 1732 2399 1785 sumit
2422 1730 2676 1797 indebita,
2705 1734 2974 1805 copiosius
3001 1733 3191 1789 devota
3223 1735 3498 1805 percipiat.
3534 1736 3663 1801 Per,
3686 1746 3777 1791 etc.

2307 1822 2471 1880 XXII.
2500 1823 2635 1878 Item
2656 1824 2782 1880 alia.
2806 1857 2878 1868 —
2905 1828 3044 1883 Dens
3066 1868 3079 1892 ,
3130 1828 3218 1898 qui
3242 1826 3506 1897 justitiam
3554 1828 3731 1900 diligis
3765 1838 3808 1885 et

548 1920 850 1985 devianius,
871 1927 926 1973 et
971 1928 1175 1973 tantum
1231 1918 1283 1971 in
1326 1926 1414 1972 tua
1466 1916 1817 1972 similitudine
1853 1915 1881 1955 ι)
1929 1931 2138 1987 perma~
2166 1913 2216 1973 B
2242 1916 2438 1986 injusta
2484 1918 2841 1987 condemnas,
2870 1920 2937 1975 da
2970 1920 3125 1975 nobis
3146 1962 3160 1986 ,
3194 1937 3498 1990 quaesumus
3522 1964 3535 1987 ,
3568 1935 3629 1978 et
3657 1938 3809 1979 amara

545 2027 693 2079 nere,
718 2020 974 2083 quantum
1022 2026 1131 2067 non
1181 2010 1490 2066 divellimur
1531 2011 1600 2065 ab
1637 2009 1825 2065 ordine
1855 2008 2123 2065 veritatis.

543 2104 649 2162 Per
664 2150 679 2176 ,
711 2115 817 2161 etc.

616 2201 812 2256 Sancta
844 2208 930 2254 tua
954 2213 1076 2267 nos,
1107 2200 1357 2266 Domine,
1381 2213 1711 2270 quaesumus,
1735 2208 1790 2254 et
1809 2197 2131 2255 viviﬁcando

545 2304 831 2361 renovent,
860 2303 916 2350 et
935 2296 1253 2350 renovando
1282 2294 1573 2351 viviﬁcent.
1599 2294 1723 2363 Per,
1748 2306 1857 2350 etc.

626 2399 647 2426 α
679 2386 890 2442 Fideles
920 2397 1060 2454 tuos,
1080 2387 1331 2453 Domine,
1350 2387 1653 2443 benedictio
1678 2388 1981 2443 desiderata
2004 2403 2134 2444 con-

546 2479 747 2546 ﬁrmet,
779 2495 898 2551 quae
917 2495 1012 2537 eos
1042 2489 1097 2536 et
1141 2496 1170 2535 a
1222 2491 1308 2535 tua
1356 2481 1629 2535 voluntate
1657 2495 1949 2551 numquam
1976 2480 2135 2536 faciat

545 2572 875 2643 discrepare,
907 2583 961 2629 et
1002 2574 1108 2630 tuis
1158 2589 1375 2645 semper
1402 2574 1680 2645 indulgeat
1706 2574 1980 2631 beneﬁciis
2007 2590 2131 2646 grao

546 2666 727 2722 tulari.
756 2668 878 2735 Per,
910 2677 1016 2723 etc.

618 2757 733 2813 XX.
767 2756 900 2813 Item
928 2760 1053 2814 alia.
1087 2789 1156 2799 —
1179 2756 1204 2797 ἀ
1235 2760 1461 2825 Praesta,
1511 2759 1760 2826 Domine,
1801 2773 2130 2829 quaesumus,

546 2858 603 2904 ut
635 2852 893 2906 mentium
922 2851 1276 2921 reprobarum
1308 2866 1411 2907 non
1446 2866 1696 2906 curemus
1726 2850 1996 2920 nbloquia,
2038 2851 2132 2906 sed

547 2942 736 2997 eadem
782 2944 1047 3012 pravitate
1087 2946 1440 3015 calcata’quaa
1463 2944 1649 2999 domui
1679 2954 1781 2998 tuae
1813 2945 1966 3017 127
1997 2959 2131 3000 con-

543 3032 763 3088 veniunt
788 3034 1185 3091 rationabiliter
1212 3052 1591 3108 exsequamur.
1624 3037 1746 3100 Per,
1776 3046 1880 3093 etc.

611 3125 948 3196 Quaasumus,
979 3129 1237 3185 virtutum
1264 3132 1564 3187 caleatium
1593 3130 1756 3196 Deus,
1783 3140 1841 3185 ut
1865 3131 2130 3202 despectis

543 3218 859 3277 falsitatibus
892 3221 1207 3292 impiorum,
1254 3225 1598 3279 conscientia:
1637 3225 1903 3296 famaeque
1928 3237 2129 3281 nostrae

542 3310 817 3379 profutura
847 3323 1137 3367 sectemur.
1163 3311 1287 3383 Per,
1321 3326 1426 3369 etc.

617 3402 722 3469 Da,
764 3419 1100 3473 quaesumus,
1144 3407 1485 3477 omnipotens
1522 3409 1685 3474 Dens,
1714 3419 1772 3463 ut
1803 3408 1958 3479 hujus
1982 3411 2130 3465 obla-

546 3494 705 3549 tionis
734 3494 957 3550 eﬂ'ectus
983 3505 1036 3550 et
1068 3496 1160 3552 tibi
1202 3513 1307 3552 non
1342 3499 1533 3568 placita
1558 3499 1814 3565 refutare,
1841 3509 1894 3555 et
1914 3511 2130 3569 praestet

546 3585 700 3641 nobis
726 3600 904 3642 amare
929 3603 1046 3656 quae
1076 3598 1221 3643 recta
1248 3599 1389 3646 sunt.
1424 3590 1544 3655 Per,
1569 3601 1673 3646 etc.
1881 3660 1887 3667 ι

622 3680 756 3735 Vere
793 3680 1033 3752 dignum.
1084 3682 1154 3739 Ut
1190 3699 1289 3738 nos
1329 3685 1397 3739 ab
1425 3686 1686 3765 opera_riis
1731 3686 2023 3758 iniquitatis
2049 3688 2130 3742 di-

546 3783 771 3845 gnanter
793 3776 1082 3845 expedias.
1125 3786 1179 3832 et
1207 3793 1305 3833 nec
1336 3780 1550 3848 proprio
1587 3794 1710 3837 reos
1750 3782 1863 3837 ﬁeri
1910 3783 2127 3853 patiaris

546 3881 807 3936 excessu,
855 3883 954 3923 nec
998 3869 1190 3924 alienis
1238 3871 1598 3941 impietatihus
1625 3874 1866 3942 praebere
1902 3890 2127 3932 consen-

546 3974 688 4013 sum.
714 3958 817 4014 Sed
860 3975 1039 4015 mores
1078 3971 1293 4016 nostros
1320 3975 1373 4017 et
1401 3964 1769 4020 moderatione
1800 3981 2089 4037 componas
2110 4011 2123 4036 ,

548 4060 606 4106 ut
629 4060 733 4106 tam
759 4052 810 4107 in
842 4053 995 4110 nobis
1020 4070 1182 4125 quam
1213 4057 1263 4110 in
1292 4056 1410 4111 aliis
1444 4073 1563 4127 quae
1597 4066 1723 4113 sunt
1764 4059 1905 4129 justa
1946 4077 2127 4118 serve-

545 4158 683 4199 mus.
718 4144 839 4212 Per,
872 4157 978 4204 etc.

615 4236 697 4292 Ab
720 4238 941 4293 occultis
968 4240 1169 4295 nostris
1194 4240 1392 4297 munda
1416 4256 1539 4309 nos,
1564 4242 1813 4313 Domine,
1835 4256 1886 4301 et
1907 4245 1975 4301 ab
1998 4246 2127 4301 alie-

543 4331 626 4385 nis
659 4332 1004 4401 pravitatibus
1032 4334 1292 4406 benignus
1320 4338 1564 4407 absolve,
1595 4349 1655 4394 ut
1676 4349 1767 4396 tua
1788 4352 1970 4397 sancta
1996 4358 2125 4412 pura

544 4435 723 4481 tuente
748 4442 1038 4483 sumamus.
1072 4428 1192 4499 Per,
1224 4440 1329 4487 etc.

616 4517 894 4575 Familiam
926 4530 1091 4588 tuam,
1122 4522 1369 4588 Domine,
1399 4528 1683 4595 propitiata
1715 4529 1996 4597 maiestate
2022 4529 2125 4583 cir-

543 4610 814 4680 cumspice
834 4651 849 4677 ,
877 4622 937 4667 ut
967 4628 1067 4668 nec
1095 4615 1207 4669 suis
1229 4614 1425 4671 infecta
1455 4616 1525 4671 sit
1551 4618 1696 4673 vitiis
1716 4661 1731 4684 ,
1764 4634 1865 4674 nec
1888 4621 2121 4675 externis
2150 4655 2200 4717 Β

543 4703 775 4774 obligata
801 4706 1063 4775 peccatis,
1097 4707 1191 4763 sed
1221 4709 1289 4764 ab
1321 4710 1558 4781 utrisque
1581 4710 1747 4767 libera
1782 4712 1875 4766 tibi
1910 4727 2123 4783 semper

542 4803 599 4851 et
627 4805 847 4865 purgata
877 4796 1165 4854 deserviat.
1202 4800 1323 4867 Per,
1355 4809 1461 4857 etc.

618 4886 759 4943 XXI.
800 4886 934 4943 Item
976 4891 1101 4946 alia.
1147 4920 1216 4932 —
1254 4892 1363 4960 Da,
1407 4908 1749 4963 quaesumus,
1788 4898 2125 4966 omnipotens

542 4982 706 5051 Deus,
748 4992 806 5039 ut
836 4993 946 5039 toto
970 4986 1062 5041 tibi
1084 4986 1248 5042 corde
1278 4987 1613 5055 famulemur,
1642 4992 1766 5060 quia
1793 4992 1937 5049 nulla
1972 4994 2124 5053 nobis

539 5076 849 5146 praevalebit
872 5077 1163 5147 hostilitas,
1186 5082 1231 5137 si
1261 5082 1313 5136 in
1337 5088 1409 5147 te,
1443 5081 1688 5151 Domine,
1713 5086 1980 5143 veraciter
1998 5102 2127 5143 con-

540 5168 786 5227 Iidatnus.
818 5171 942 5240 Per,
972 5182 1077 5230 etc.

615 5369 638 5397 ι
665 5359 916 5415 Mendose
938 5359 1140 5429 pariter
1167 5358 1219 5414 in
1245 5358 1390 5425 eod.,
1419 5359 1665 5414 servimus
1692 5358 1975 5427 c/fectibus.
2006 5359 2121 5416 Mu-

542 5432 722 5484 ratorii
746 5431 1174 5486 emendationem
1190 5430 1544 5497 suscepimus.

610 5500 637 5538 ι’
658 5499 817 5573 god,
842 5517 1251 5573 permaneamus,
1282 5502 1442 5573 male.

616 5582 637 5609 ο
664 5570 1153 5644 Legitu‘rgsabbato
1197 5582 1315 5644 post
1350 5572 1577 5643 primam
1610 5573 1943 5630 Dominicam
1972 5575 2119 5644 Qua-

539 5641 859 5712 dragesitnai
900 5642 954 5698 in
983 5642 1225 5700 Romano
1246 5641 1474 5701 Missali.

612 5711 844 5786 {Prima
875 5729 996 5783 pars
1026 5714 1182 5786 hujus
1208 5716 1465 5772 orationis
1490 5719 1655 5772 estin
1677 5714 1893 5772 Gelasio
1914 5715 2013 5772 lib.
2037 5732 2116 5781 ut,

540 5799 599 5841 ιι.
626 5784 715 5851 67,
738 5793 794 5841 et
815 5786 865 5841 in
887 5786 1008 5842 cod.
1032 5784 1257 5859 Gregor.
1300 5787 1573 5843 Muralorii
1612 5797 1667 5845 et
1705 5787 1930 5843 Pamelii
1980 5787 2120 5844 inter

542 5872 730 5929 preces
758 5868 942 5913 contra
965 5860 1341 5930 obloquentes.

619 5938 641 5966 ε
668 5931 797 5986 Cum
824 5929 877 5989 in
905 5945 1005 5988 tus.
1041 5928 1183 5989 desit
1211 5933 1407 6002 potius,
1444 5928 1787 5987 Blancliinins
1815 5930 2000 6001 primis
2028 5945 2122 5986 cn-

2234 2024 2355 2079 quae
2387 2020 2531 2065 recta
2563 2021 2705 2077 sunt,
2736 2020 2790 2067 et
2818 2027 3068 2081 perversa
3102 2014 3291 2069 vitare.
3319 2015 3439 2081 Per,
3467 2025 3577 2070 etc.

2312 2099 2566 2156 Veritatis
2596 2113 2783 2157 auctor
2805 2113 2859 2159 et
2890 2104 3271 2160 misericordiae
3291 2148 3304 2171 ,
3341 2107 3480 2162 Deus
3499 2149 3514 2173 ,
3553 2111 3707 2181 128
3732 2109 3806 2179 qui

2239 2208 2339 2249 nos
2366 2204 2421 2249 et
2450 2195 2807 2252 sollicitudine
2834 2213 2937 2252 non
2965 2198 3143 2269 pigros
3164 2214 3286 2255 esse
3307 2243 3321 2266 ,
3356 2211 3407 2255 et
3438 2204 3707 2257 neminem
3728 2203 3805 2257 la:-

2233 2287 2363 2342 dere
2392 2288 2635 2356 voluisti,
2668 2300 2861 2360 praesta
2888 2332 2903 2357 ,
2932 2306 3269 2361 quaesumus,
3306 2302 3362 2346 ut
3391 2294 3522 2348 nulli
3558 2296 3710 2350 noxia
3733 2312 3803 2351 cu-

2234 2380 2442 2450 piamus
2473 2380 2671 2437 inferre
2693 2424 2708 2447 ,
2736 2394 2790 2437 et
2817 2398 3013 2439 vexare
3053 2383 3386 2440 molientium
3429 2401 3714 2443 caveamus
3739 2390 3803 2442 in-

2234 2486 2445 2529 cursus.
2480 2473 2606 2538 Per,
2638 2486 2743 2529 etc.

2305 2567 2386 2621 Ab
2417 2568 2642 2622 occultis
2671 2570 2871 2624 nostris
2920 2579 3005 2624 tua
3046 2584 3165 2639 nos,
3202 2570 3444 2638 Domine,
3475 2581 3657 2627 sancta
3684 2574 3801 2643 puri-

2233 2660 2415 2726 ﬁcent,
2446 2669 2500 2715 et
2528 2661 2594 2714 ab
2621 2663 2858 2717 externis
2888 2662 3166 2717 erroribus
3216 2671 3474 2734 perpetua
3504 2664 3698 2720 virtute
3724 2666 3801 2719 de-

2231 2752 2468 2808 fendant.
2500 2752 2621 2820 Per,
2656 2765 2761 2810 etc.

2306 2845 2447 2901 Vere
2497 2846 2735 2915 dignum.
2769 2847 3188 2902 Misericordiam
3221 2857 3400 2915 tuam,
3431 2846 3684 2911 Domine.
3719 2849 3800 2904 de-

2232 2949 2513 3008 precantes
2536 2981 2550 3005 ,
2584 2948 2641 2993 ut
2672 2950 2769 2994 nos
2800 2939 2991 2993 divinis
3034 2939 3193 2994 rebus
3244 2940 3450 2994 tribuas
3479 2941 3691 2996 studere
3718 2957 3792 2996 ve-

2233 3030 2452 3096 raciter,
2498 3045 2597 3085 nec
2644 3030 2744 3086 sub
2768 3033 2947 3100 specie
2978 3031 3250 3101 religionis
3280 3046 3462 3086 saeros
3513 3032 3797 3103 impugnare

2234 3125 2453 3194 patiaris
2479 3124 2719 3180 eﬂ'ectus.
2752 3125 3017 3192 Quoniam
3055 3126 3156 3179 sibi
3203 3125 3375 3179 modis
3426 3126 3671 3181 omnibus
3712 3126 3801 3179 ini-

2231 3219 2353 3275 mici
2385 3230 2508 3275 sunt
2537 3221 2627 3291 qui
2660 3229 2762 3275 tuae
2794 3221 3051 3276 voluntati
3082 3223 3324 3276 nituntur
3361 3235 3483 3276 esse
3528 3218 3793 3281 contrarii,

2155 3290 2203 3355 (ἶ
2234 3316 2463 3383 prepriae
2496 3325 2519 3352 θ
2552 3290 2727 3384 potius
2764 3317 2952 3372 salutis
3001 3326 3287 3386 operantes
3331 3316 3614 3381 excidium,
3645 3327 3786 3382 quam

2232 3406 2335 3460 tuis
2362 3406 2798 3475 dispositionibus
2824 3409 3048 3463 adversa
3078 3419 3259 3464 mente
3290 3409 3527 3464 nocituri.
3552 3407 3659 3466 Per,
3682 3410 3775 3456 etc.

2309 3496 2545 3553 Muneris
2594 3498 2758 3554 divini
2806 3503 3115 3570 perceptio,
3169 3515 3495 3570 quaesumus,
3549 3495 3780 3557 Domine,

2233 3605 2449 3661 semper
2478 3606 2508 3644 a
2550 3592 2701 3647 nobis
2731 3602 2784 3647 et
2816 3605 3028 3662 peccata
3057 3603 3237 3648 nostra
3266 3595 3602 3660 submoveat,
3628 3600 3679 3645 et
3703 3603 3789 3643 ex-

2230 3690 2379 3737 terna
2406 3681 2657 3749 depellat.
2693 3683 2816 3750 Per,
2848 3696 2934 3740 etc

2303 3776 2561 3847 Pepnlum
2595 3786 2763 3845 tuum,
2795 3776 3049 3845 Domine,
3081 3792 3389 3848 quaesumus
3410 3818 3424 3841 .
3455 3773 3662 3847 posside
3688 3786 3791 3827 cce-

2229 3866 2454 3923 Iestibus
2486 3869 2771 3935 institutis,
2806 3878 2863 3924 ut
2892 3871 3069 3925 omnia
3092 3870 3310 3925 vitando
3339 3886 3456 3939 quae
3488 3867 3621 3922 mala
3646 3876 3793 3931 sunt,

2228 3970 2282 4015 et
2308 3960 2445 4014 bona
2489 3970 2679 4015 cuncta
2721 3962 2979 4017 sectando
2999 4004 3015 4029 ,
3048 3979 3152 4017 non
3184 3962 3602 4033 indignationem
3630 3968 3796 4023 tuam,

2227 4054 2321 4109 sed
2346 4054 2547 4124 jngiter
2575 4056 2997 4111 misericordiam
3029 4067 3406 4127 consequatur.
3445 4054 3568 4123 Per,
3599 4064 3702 4109 etc.

2299 4154 2490 4211 XXIII.
2530 4155 2661 4211 Item
2687 4157 2814 4213 alia.
2845 4187 2915 4198 —
2942 4156 3220 4225 Concede,
3265 4158 3607 4228 omnipotens
3644 4154 3802 4216 Deus.

2226 4268 2359 4314 utet
2384 4259 2700 4330 gaudiorum
2742 4259 3131 4330 plenitudinem
3174 4274 3593 4329 consequamur,
3622 4267 3675 4313 et
3702 4269 3805 4311 ma-

2224 4361 2401 4431 iestati
2430 4372 2541 4435 tuae
2567 4362 2883 4431 propensius
2904 4362 3069 4416 simus
3089 4362 3289 4418 devoti.
3320 4362 3443 4425 Per,
3469 4371 3581 4417 etc.

2302 4464 2323 4503 ί
2357 4465 2665 4531 Oﬁ‘erimus,
2702 4465 2957 4533 Domine,
2991 4466 3178 4522 Iaudes
3196 4478 3251 4522 et
3280 4480 3534 4534 munera,
3570 4481 3668 4535 pro
3694 4478 3809 4520 con-

2228 4568 2397 4622 cessis
2425 4568 2697 4622 beneﬁciis
2726 4568 3040 4623 exhibentes
3068 4570 3288 4640 gratias,
3320 4581 3371 4624 et
3396 4584 3494 4639 pro
3522 4569 3811 4626 conceden-

2227 4668 2310 4724 dis
2332 4670 2645 4740 suppliciter
2673 4670 3041 4740 deprecantes.
3068 4671 3186 4737 Per,
3221 4681 3325 4728 etc.

2240 4766 2242 4769 ’
2304 4772 2442 4827 Vere
2473 4772 2713 4842 dignum.
2744 4771 2844 4839 Qui
2878 4772 3006 4826 facis
3046 4772 3308 4827 mirabilia
3341 4787 3534 4844 magna
3558 4774 3707 4829 solus
3727 4815 3740 4839 ,
3769 4781 3815 4827 et

2226 4890 2334 4931 non
2386 4885 2586 4929 tantum
2631 4890 2725 4945 pro
2769 4878 3001 4946 peccatis
3034 4876 3236 4931 nostris
3278 4892 3383 4932 non
3415 4878 3679 4934 retribnis
3708 4891 3815 4947 qua:

2229 4995 2522 5041 meremur,
2572 4978 2665 5033 sed
2695 4978 2915 5048 insuper
2944 4981 3105 5035 etiam
3138 4981 3521 5036 consolationis
3553 4990 3659 5038 tua:
3688 4981 3818 5036 dona

2228 5088 2454 5149 praestas
2480 5077 2796 5145 immeritis;
2831 5080 3000 5151 magis
3030 5096 3127 5136 nos
3157 5081 3223 5137 ad
3251 5082 3451 5137 cultum
3480 5084 3721 5138 nominis
3752 5080 3818 5135 tui

2230 5183 2320 5254 pio
2350 5180 2579 5253 largiens
2608 5197 2831 5238 munere
2856 5184 3156 5256 provocari,
3192 5199 3352 5255 quam
3381 5183 3563 5240 debita
3595 5184 3811 5255 castiga-

3315 5315 3341 5343 4

2224 5361 2323 5425 ris,
2356 5368 2408 5415 et
2430 5375 2495 5415 ex
2526 5375 2592 5415 eo
2620 5360 2939 5414 Muratorius
2969 5360 3106 5415 hanc
3132 5359 3416 5416 lectionem
3444 5359 3676 5416 liberius
3699 5360 3817 5416 sub.

2225 5433 2515 5487 stituerunt
2550 5449 2561 5485 :
2600 5432 2701 5499 Qui
2731 5433 2951 5501 propria!
2991 5432 3175 5485 salutis
3220 5440 3483 5501 aperantes
3524 5433 3815 5493 excidium,

2227 5504 2329 5557 tuis
2354 5503 2773 5571 dispositionibus
2806 5506 3021 5556 adversa
3050 5512 3212 5556 mente
3250 5503 3500 5556 nituntur.
3534 5505 3609 5557 At
3639 5517 3821 5557 emen-

2226 5574 2372 5628 datio
2400 5589 2557 5643 quam
2587 5574 2726 5627 idem
2756 5572 3104 5629 Blancliinius
3130 5572 3380 5629 secundis
3411 5574 3559 5628 curis
3592 5574 3818 5637 notavit,

2224 5660 2450 5715 quaeque
2477 5646 2630 5699 unins
2658 5643 2897 5700 adverbii
2923 5646 3092 5714 potius
3113 5644 3387 5700 additione
3411 5655 3621 5700 textum
3644 5653 3818 5706 sanat.

2225 5716 2549 5787 probabilior
2583 5717 2691 5787 visa
2726 5726 2828 5769 est.

2303 5785 2321 5823 ί
2357 5787 2501 5841 Ινιηηο
2528 5785 2785 5841 exhibent
2814 5787 2972 5842 codd.
2999 5786 3225 5858 Gregor.
3254 5797 3307 5844 et
3327 5787 3542 5844 Missale
3574 5788 3737 5844 Rom.
3769 5788 3818 5841 in

2228 5859 2555 5913 orationibus
2586 5860 2957 5915 connnunibus
2984 5861 3050 5914 ad
3084 5861 3397 5932 repellendas
3431 5871 3759 5931 tempestates
