  <div class='ocr_page' id='page_1' title='image "/cluster/home/n/w/nwhite01/storage/ocr_20150623/55/hvd.32044015471592/070.png"; bbox 0 0 4018 6314; ppageno 0'>
   <div class='ocr_carea' id='block_1_1' title="bbox 192 365 298 423">
    <p class='ocr_par' dir='ltr' id='par_1_1' title="bbox 192 365 298 423">
     <span class='ocr_line' id='line_1_1' title="bbox 192 365 298 423; baseline 0.019 -2"><span class='ocrx_word' id='word_1_1' title='bbox 192 365 298 423; x_wconf 62' lang='grc'><strong>119</strong></span> 
     </span>
    </p>
   </div>
   <div class='ocr_carea' id='block_1_2' title="bbox 1020 357 2635 421">
    <p class='ocr_par' dir='ltr' id='par_1_2' title="bbox 1020 357 2635 421">
     <span class='ocr_line' id='line_1_2' title="bbox 1020 357 2635 421; baseline -0.001 -1"><span class='ocrx_word' id='word_1_2' title='bbox 1020 363 1218 420; x_wconf 83' lang='lat' dir='ltr'><strong>LIBER</strong></span> <span class='ocrx_word' id='word_1_3' title='bbox 1256 361 1871 421; x_wconf 75' lang='lat' dir='ltr'><strong>SACRAMENTORUM</strong></span> <span class='ocrx_word' id='word_1_4' title='bbox 1913 358 2264 420; x_wconf 70' lang='grc' dir='ltr'><strong>εοοιιςευε</strong></span> <span class='ocrx_word' id='word_1_5' title='bbox 2302 357 2635 419; x_wconf 66' lang='lat' dir='ltr'><strong>RUMANE.</strong></span> 
     </span>
    </p>
   </div>
   <div class='ocr_carea' id='block_1_3' title="bbox 3363 361 3471 420">
    <p class='ocr_par' dir='ltr' id='par_1_3' title="bbox 3363 361 3471 420">
     <span class='ocr_line' id='line_1_3' title="bbox 3363 361 3471 420; baseline 0 0"><span class='ocrx_word' id='word_1_6' title='bbox 3363 361 3471 420; x_wconf 67' lang='lat'><strong>130</strong></span> 
     </span>
    </p>
   </div>
   <div class='ocr_carea' id='block_1_4' title="bbox 190 469 3475 553">
    <p class='ocr_par' dir='ltr' id='par_1_4' title="bbox 190 469 3475 553">
     <span class='ocr_line' id='line_1_4' title="bbox 190 469 3475 553; baseline -0.002 -16"><span class='ocrx_word' id='word_1_7' title='bbox 190 482 340 538; x_wconf 88' lang='lat' dir='ltr'><strong>tione</strong></span> <span class='ocrx_word' id='word_1_8' title='bbox 365 473 646 552; x_wconf 67' lang='lat' dir='ltr'><strong>compelli,</strong></span> <span class='ocrx_word' id='word_1_9' title='bbox 695 488 751 538; x_wconf 92' lang='lat' dir='ltr'><strong>et</strong></span> <span class='ocrx_word' id='word_1_10' title='bbox 792 491 1084 539; x_wconf 62' lang='lat' dir='ltr'><strong>clementer</strong></span> <span class='ocrx_word' id='word_1_11' title='bbox 1130 483 1412 553; x_wconf 80' lang='lat' dir='ltr'><strong>indulgens</strong></span> <span class='ocrx_word' id='word_1_12' title='bbox 1464 492 1522 539; x_wconf 92' lang='lat' dir='ltr'><strong>ut</strong></span> <span class='ocrx_word' id='word_1_13' title='bbox 1566 483 1777 540; x_wconf 79' lang='lat' dir='ltr'><strong>servilis</strong></span> <span class='ocrx_word' id='word_1_14' title='bbox 1803 487 1857 547; x_wconf 75' lang='grc' dir='ltr'><strong>Α</strong></span> <span class='ocrx_word' id='word_1_15' title='bbox 1880 479 2163 551; x_wconf 89' lang='lat' dir='ltr'><strong>guinibus,</strong></span> <span class='ocrx_word' id='word_1_16' title='bbox 2196 494 2369 548; x_wconf 90' lang='lat' dir='ltr'><strong>neque</strong></span> <span class='ocrx_word' id='word_1_17' title='bbox 2392 493 2460 534; x_wconf 87' lang='lat' dir='ltr'><strong>ex</strong></span> <span class='ocrx_word' id='word_1_18' title='bbox 2481 475 2758 531; x_wconf 88' lang='lat' dir='ltr'><strong>voluntate</strong></span> <span class='ocrx_word' id='word_1_19' title='bbox 2785 469 2997 539; x_wconf 86' lang='lat' dir='ltr'><strong>carnis,</strong></span> <span class='ocrx_word' id='word_1_20' title='bbox 3026 469 3122 527; x_wconf 83' lang='lat' dir='ltr'><strong>sed</strong></span> <span class='ocrx_word' id='word_1_21' title='bbox 3148 469 3218 528; x_wconf 89' lang='lat' dir='ltr'><strong>de</strong></span> <span class='ocrx_word' id='word_1_22' title='bbox 3246 477 3339 527; x_wconf 90' lang='lat' dir='ltr'><strong>tuo</strong></span> <span class='ocrx_word' id='word_1_23' title='bbox 3359 473 3475 543; x_wconf 88' lang='lat' dir='ltr'><strong>spi-</strong></span> 
     </span>
    </p>
   </div>
   <div class='ocr_carea' id='block_1_5' title="bbox 189 573 1563 640">
    <p class='ocr_par' dir='ltr' id='par_1_5' title="bbox 189 573 1563 640">
     <span class='ocr_line' id='line_1_5' title="bbox 189 573 1563 640; baseline 0.001 -11"><span class='ocrx_word' id='word_1_24' title='bbox 189 579 369 630; x_wconf 88' lang='lat' dir='ltr'><strong>metus</strong></span> <span class='ocrx_word' id='word_1_25' title='bbox 395 574 447 628; x_wconf 94' lang='lat' dir='ltr'><strong>in</strong></span> <span class='ocrx_word' id='word_1_26' title='bbox 475 573 724 630; x_wconf 77' lang='lat' dir='ltr'><strong>an‘ectum</strong></span> <span class='ocrx_word' id='word_1_27' title='bbox 755 583 988 631; x_wconf 91' lang='lat' dir='ltr'><strong>transeat</strong></span> <span class='ocrx_word' id='word_1_28' title='bbox 1019 576 1271 632; x_wconf 80' lang='lat' dir='ltr'><strong>filiorum.</strong></span> <span class='ocrx_word' id='word_1_29' title='bbox 1304 576 1425 640; x_wconf 86' lang='lat' dir='ltr'><strong>Per,</strong></span> <span class='ocrx_word' id='word_1_30' title='bbox 1455 586 1563 632; x_wconf 91' lang='lat' dir='ltr'><strong>etc.</strong></span> 
     </span>
    </p>
   </div>
   <div class='ocr_carea' id='block_1_6' title="bbox 162 666 1778 741">
    <p class='ocr_par' dir='ltr' id='par_1_6' title="bbox 162 666 1778 741">
     <span class='ocr_line' id='line_1_6' title="bbox 162 666 1778 741; baseline 0.002 -19"><span class='ocrx_word' id='word_1_31' title='bbox 162 707 176 731; x_wconf 60' lang='grc' dir='ltr'><strong>ς</strong></span> <span class='ocrx_word' id='word_1_32' title='bbox 260 666 398 723; x_wconf 85' lang='lat' dir='ltr'><strong>Toto</strong></span> <span class='ocrx_word' id='word_1_33' title='bbox 451 668 576 735; x_wconf 89' lang='lat' dir='ltr'><strong>tibi,</strong></span> <span class='ocrx_word' id='word_1_34' title='bbox 626 670 883 738; x_wconf 83' lang='lat' dir='ltr'><strong>Domine,</strong></span> <span class='ocrx_word' id='word_1_35' title='bbox 942 670 1106 726; x_wconf 87' lang='lat' dir='ltr'><strong>corde</strong></span> <span class='ocrx_word' id='word_1_36' title='bbox 1154 666 1440 741; x_wconf 83' lang='lat' dir='ltr'><strong>substrati,</strong></span> <span class='ocrx_word' id='word_1_37' title='bbox 1488 671 1778 727; x_wconf 73' lang='lat' dir='ltr'><strong>bonitatem</strong></span> 
     </span>
    </p>
   </div>
   <div class='ocr_carea' id='block_1_7' title="bbox 164 744 1779 835">
    <p class='ocr_par' dir='ltr' id='par_1_7' title="bbox 164 744 1779 835">
     <span class='ocr_line' id='line_1_7' title="bbox 164 744 1779 835; baseline 0.004 -22"><span class='ocrx_word' id='word_1_38' title='bbox 164 744 341 814; x_wconf 82' lang='lat' dir='ltr'><strong>’tuam</strong></span> <span class='ocrx_word' id='word_1_39' title='bbox 389 760 660 831; x_wconf 84' lang='lat' dir='ltr'><strong>supplices</strong></span> <span class='ocrx_word' id='word_1_40' title='bbox 706 775 993 819; x_wconf 80' lang='lat' dir='ltr'><strong>exoramus</strong></span> <span class='ocrx_word' id='word_1_41' title='bbox 1045 772 1103 818; x_wconf 91' lang='lat' dir='ltr'><strong>ut</strong></span> <span class='ocrx_word' id='word_1_42' title='bbox 1150 778 1248 819; x_wconf 90' lang='lat' dir='ltr'><strong>nos</strong></span> <span class='ocrx_word' id='word_1_43' title='bbox 1291 772 1347 819; x_wconf 90' lang='lat' dir='ltr'><strong>et</strong></span> <span class='ocrx_word' id='word_1_44' title='bbox 1392 763 1779 835; x_wconf 81' lang='lat' dir='ltr'><strong>temporalibus</strong></span> 
     </span>
    </p>
   </div>
   <div class='ocr_carea' id='block_1_8' title="bbox 188 850 1776 926">
    <p class='ocr_par' dir='ltr' id='par_1_8' title="bbox 188 850 1776 926">
     <span class='ocr_line' id='line_1_8' title="bbox 188 850 1776 926; baseline 0.005 -21"><span class='ocrx_word' id='word_1_45' title='bbox 188 850 459 921; x_wconf 68' lang='lat' dir='ltr'><strong>praesidiis</strong></span> <span class='ocrx_word' id='word_1_46' title='bbox 503 851 685 910; x_wconf 85' lang='lat' dir='ltr'><strong>fovere</strong></span> <span class='ocrx_word' id='word_1_47' title='bbox 732 870 840 910; x_wconf 89' lang='lat' dir='ltr'><strong>non</strong></span> <span class='ocrx_word' id='word_1_48' title='bbox 883 854 1134 926; x_wconf 84' lang='lat' dir='ltr'><strong>desinas,</strong></span> <span class='ocrx_word' id='word_1_49' title='bbox 1163 866 1217 912; x_wconf 93' lang='lat' dir='ltr'><strong>et</strong></span> <span class='ocrx_word' id='word_1_50' title='bbox 1245 856 1463 914; x_wconf 70' lang='lat' dir='ltr'><strong>aeternis</strong></span> <span class='ocrx_word' id='word_1_51' title='bbox 1508 857 1776 914; x_wconf 86' lang='lat' dir='ltr'><strong>instruere</strong></span> 
     </span>
    </p>
   </div>
   <div class='ocr_carea' id='block_1_9' title="bbox 186 947 1107 1017">
    <p class='ocr_par' dir='ltr' id='par_1_9' title="bbox 186 947 1107 1017">
     <span class='ocr_line' id='line_1_9' title="bbox 186 947 1107 1017; baseline 0.008 -17"><span class='ocrx_word' id='word_1_52' title='bbox 186 959 300 1001; x_wconf 92' lang='lat' dir='ltr'><strong>non</strong></span> <span class='ocrx_word' id='word_1_53' title='bbox 328 947 565 1004; x_wconf 87' lang='lat' dir='ltr'><strong>omittas.</strong></span> <span class='ocrx_word' id='word_1_54' title='bbox 599 948 719 1017; x_wconf 87' lang='lat' dir='ltr'><strong>Per,</strong></span> <span class='ocrx_word' id='word_1_55' title='bbox 749 959 856 1007; x_wconf 86' lang='lat' dir='ltr'><strong>etc.</strong></span> <span class='ocrx_word' id='word_1_56' title='bbox 1100 1009 1107 1015; x_wconf 88' lang='lat'><em>_</em></span> 
     </span>
    </p>
   </div>
   <div class='ocr_carea' id='block_1_10' title="bbox 260 1037 1780 1115">
    <p class='ocr_par' dir='ltr' id='par_1_10' title="bbox 260 1037 1780 1115">
     <span class='ocr_line' id='line_1_10' title="bbox 260 1037 1780 1115; baseline 0.003 -20"><span class='ocrx_word' id='word_1_57' title='bbox 260 1037 520 1107; x_wconf 63' lang='lat' dir='ltr'><strong>Letetur,</strong></span> <span class='ocrx_word' id='word_1_58' title='bbox 551 1040 808 1111; x_wconf 86' lang='lat' dir='ltr'><strong>Domine,</strong></span> <span class='ocrx_word' id='word_1_59' title='bbox 855 1056 1191 1114; x_wconf 82' lang='lat' dir='ltr'><strong>quaesumus,</strong></span> <span class='ocrx_word' id='word_1_60' title='bbox 1230 1044 1457 1115; x_wconf 88' lang='lat' dir='ltr'><strong>populus</strong></span> <span class='ocrx_word' id='word_1_61' title='bbox 1502 1052 1657 1111; x_wconf 87' lang='lat' dir='ltr'><strong>tuus,</strong></span> <span class='ocrx_word' id='word_1_62' title='bbox 1689 1053 1780 1100; x_wconf 91' lang='lat' dir='ltr'><strong>tua</strong></span> 
     </span>
    </p>
   </div>
   <div class='ocr_carea' id='block_1_11' title="bbox 184 1128 1782 1206">
    <p class='ocr_par' dir='ltr' id='par_1_11' title="bbox 184 1128 1782 1206">
     <span class='ocr_line' id='line_1_11' title="bbox 184 1128 1782 1206; baseline 0.005 -23"><span class='ocrx_word' id='word_1_63' title='bbox 184 1128 411 1188; x_wconf 87' lang='lat' dir='ltr'><strong>dextera</strong></span> <span class='ocrx_word' id='word_1_64' title='bbox 438 1132 770 1205; x_wconf 80' lang='lat' dir='ltr'><strong>sublevatus,</strong></span> <span class='ocrx_word' id='word_1_65' title='bbox 803 1143 857 1191; x_wconf 91' lang='lat' dir='ltr'><strong>et</strong></span> <span class='ocrx_word' id='word_1_66' title='bbox 884 1152 912 1189; x_wconf 94' lang='lat' dir='ltr'><strong>a</strong></span> <span class='ocrx_word' id='word_1_67' title='bbox 946 1136 1287 1191; x_wconf 81' lang='lat' dir='ltr'><strong>tribulatione</strong></span> <span class='ocrx_word' id='word_1_68' title='bbox 1318 1136 1615 1206; x_wconf 84' lang='lat' dir='ltr'><strong>respirans,</strong></span> <span class='ocrx_word' id='word_1_69' title='bbox 1646 1150 1782 1191; x_wconf 89' lang='lat' dir='ltr'><strong>con-</strong></span> 
     </span>
    </p>
   </div>
   <div class='ocr_carea' id='block_1_12' title="bbox 184 1221 1787 1297">
    <p class='ocr_par' dir='ltr' id='par_1_12' title="bbox 184 1221 1787 1297">
     <span class='ocr_line' id='line_1_12' title="bbox 184 1221 1787 1297; baseline 0.004 -20"><span class='ocrx_word' id='word_1_70' title='bbox 184 1221 353 1278; x_wconf 90' lang='lat' dir='ltr'><strong>tinuis</strong></span> <span class='ocrx_word' id='word_1_71' title='bbox 385 1233 695 1296; x_wconf 89' lang='lat' dir='ltr'><strong>protegatur</strong></span> <span class='ocrx_word' id='word_1_72' title='bbox 720 1226 971 1292; x_wconf 83' lang='lat' dir='ltr'><strong>auxiliis,</strong></span> <span class='ocrx_word' id='word_1_73' title='bbox 1001 1237 1058 1284; x_wconf 90' lang='lat' dir='ltr'><strong>et</strong></span> <span class='ocrx_word' id='word_1_74' title='bbox 1096 1227 1346 1297; x_wconf 90' lang='lat' dir='ltr'><strong>religiosa</strong></span> <span class='ocrx_word' id='word_1_75' title='bbox 1374 1227 1787 1283; x_wconf 82' lang='lat' dir='ltr'><strong>conversatione</strong></span> 
     </span>
    </p>
   </div>
   <div class='ocr_carea' id='block_1_13' title="bbox 185 1318 1782 1391">
    <p class='ocr_par' dir='ltr' id='par_1_13' title="bbox 185 1318 1782 1391">
     <span class='ocr_line' id='line_1_13' title="bbox 185 1318 1782 1391; baseline 0.004 -20"><span class='ocrx_word' id='word_1_76' title='bbox 185 1318 513 1389; x_wconf 86' lang='lat' dir='ltr'><strong>proficiens,</strong></span> <span class='ocrx_word' id='word_1_77' title='bbox 554 1327 611 1376; x_wconf 88' lang='lat' dir='ltr'><strong>et</strong></span> <span class='ocrx_word' id='word_1_78' title='bbox 650 1322 1007 1390; x_wconf 69' lang='lat' dir='ltr'><strong>prmsentibus</strong></span> <span class='ocrx_word' id='word_1_79' title='bbox 1033 1321 1190 1377; x_wconf 84' lang='lat' dir='ltr'><strong>bonis</strong></span> <span class='ocrx_word' id='word_1_80' title='bbox 1216 1320 1447 1391; x_wconf 78' lang='lat' dir='ltr'><strong>gaudeat</strong></span> <span class='ocrx_word' id='word_1_81' title='bbox 1473 1328 1527 1376; x_wconf 92' lang='lat' dir='ltr'><strong>et</strong></span> <span class='ocrx_word' id='word_1_82' title='bbox 1567 1320 1782 1377; x_wconf 82' lang='lat' dir='ltr'><strong>futuris.</strong></span> 
     </span>
    </p>
   </div>
   <div class='ocr_carea' id='block_1_14' title="bbox 187 1412 457 1480">
    <p class='ocr_par' dir='ltr' id='par_1_14' title="bbox 187 1412 457 1480">
     <span class='ocr_line' id='line_1_14' title="bbox 187 1412 457 1480; baseline 0.007 -13"><span class='ocrx_word' id='word_1_83' title='bbox 187 1412 317 1480; x_wconf 85' lang='lat' dir='ltr'><strong>Per,</strong></span> <span class='ocrx_word' id='word_1_84' title='bbox 350 1420 457 1469; x_wconf 87' lang='lat' dir='ltr'><strong>etc.</strong></span> 
     </span>
    </p>
   </div>
   <div class='ocr_carea' id='block_1_15' title="bbox 264 1503 1783 1575">
    <p class='ocr_par' dir='ltr' id='par_1_15' title="bbox 264 1503 1783 1575">
     <span class='ocr_line' id='line_1_15' title="bbox 264 1503 1783 1575; baseline -0.002 -15"><span class='ocrx_word' id='word_1_85' title='bbox 264 1513 293 1542; x_wconf 72' lang='grc'><strong><em>³</em></strong></span> <span class='ocrx_word' id='word_1_86' title='bbox 317 1505 635 1573; x_wconf 89' lang='lat' dir='ltr'><strong>Precamur,</strong></span> <span class='ocrx_word' id='word_1_87' title='bbox 678 1505 1018 1575; x_wconf 87' lang='lat' dir='ltr'><strong>omnipotens</strong></span> <span class='ocrx_word' id='word_1_88' title='bbox 1049 1505 1217 1570; x_wconf 90' lang='lat' dir='ltr'><strong>Deus,</strong></span> <span class='ocrx_word' id='word_1_89' title='bbox 1251 1519 1437 1560; x_wconf 90' lang='lat' dir='ltr'><strong>omnes</strong></span> <span class='ocrx_word' id='word_1_90' title='bbox 1466 1503 1783 1575; x_wconf 81' lang='lat' dir='ltr'><strong>propitiatus</strong></span> 
     </span>
    </p>
   </div>
   <div class='ocr_carea' id='block_1_16' title="bbox 182 1592 1782 1666">
    <p class='ocr_par' dir='ltr' id='par_1_16' title="bbox 182 1592 1782 1666">
     <span class='ocr_line' id='line_1_16' title="bbox 182 1592 1782 1666; baseline -0.001 -16"><span class='ocrx_word' id='word_1_91' title='bbox 182 1610 214 1650; x_wconf 89' lang='lat' dir='ltr'><strong>a</strong></span> <span class='ocrx_word' id='word_1_92' title='bbox 248 1596 416 1651; x_wconf 88' lang='lat' dir='ltr'><strong>nobis</strong></span> <span class='ocrx_word' id='word_1_93' title='bbox 445 1610 663 1652; x_wconf 89' lang='lat' dir='ltr'><strong>remove</strong></span> <span class='ocrx_word' id='word_1_94' title='bbox 691 1596 1011 1666; x_wconf 85' lang='lat' dir='ltr'><strong>pravitates,</strong></span> <span class='ocrx_word' id='word_1_95' title='bbox 1042 1605 1095 1651; x_wconf 87' lang='lat' dir='ltr'><strong>et</strong></span> <span class='ocrx_word' id='word_1_96' title='bbox 1142 1603 1361 1651; x_wconf 88' lang='lat' dir='ltr'><strong>cunctas</strong></span> <span class='ocrx_word' id='word_1_97' title='bbox 1386 1594 1649 1665; x_wconf 86' lang='lat' dir='ltr'><strong>benignus</strong></span> <span class='ocrx_word' id='word_1_98' title='bbox 1689 1592 1782 1649; x_wconf 80' lang='lat' dir='ltr'><strong>de-</strong></span> 
     </span>
    </p>
   </div>
   <div class='ocr_carea' id='block_1_17' title="bbox 182 1688 949 1761">
    <p class='ocr_par' dir='ltr' id='par_1_17' title="bbox 182 1688 949 1761">
     <span class='ocr_line' id='line_1_17' title="bbox 182 1688 949 1761; baseline -0.003 -16"><span class='ocrx_word' id='word_1_99' title='bbox 182 1689 345 1759; x_wconf 87' lang='lat' dir='ltr'><strong>pelle</strong></span> <span class='ocrx_word' id='word_1_100' title='bbox 375 1690 655 1761; x_wconf 86' lang='lat' dir='ltr'><strong>nequitias.</strong></span> <span class='ocrx_word' id='word_1_101' title='bbox 686 1688 813 1755; x_wconf 92' lang='lat' dir='ltr'><strong>Per,</strong></span> <span class='ocrx_word' id='word_1_102' title='bbox 847 1699 949 1745; x_wconf 89' lang='lat' dir='ltr'><strong>etc.</strong></span> 
     </span>
    </p>
   </div>
   <div class='ocr_carea' id='block_1_18' title="bbox 906 1782 1070 1837">
    <p class='ocr_par' dir='ltr' id='par_1_18' title="bbox 906 1782 1070 1837">
     <span class='ocr_line' id='line_1_18' title="bbox 906 1782 1070 1837; baseline -0.012 0"><span class='ocrx_word' id='word_1_103' title='bbox 906 1782 1070 1837; x_wconf 82' lang='lat' dir='ltr'><strong>XXX.</strong></span> 
     </span>
    </p>
   </div>
   <div class='ocr_carea' id='block_1_19' title="bbox 619 1875 1363 1947">
    <p class='ocr_par' dir='ltr' id='par_1_19' title="bbox 619 1875 1363 1947">
     <span class='ocr_line' id='line_1_19' title="bbox 619 1875 1363 1947; baseline -0.011 -12"><span class='ocrx_word' id='word_1_104' title='bbox 619 1876 777 1947; x_wconf 73' lang='lat'><strong>129</strong></span> <span class='ocrx_word' id='word_1_105' title='bbox 809 1876 891 1929; x_wconf 79' lang='lat' dir='ltr'><strong>Ad</strong></span> <span class='ocrx_word' id='word_1_106' title='bbox 920 1875 1142 1945; x_wconf 77' lang='lat' dir='ltr'><strong>virgines</strong></span> <span class='ocrx_word' id='word_1_107' title='bbox 1171 1890 1363 1929; x_wconf 36' lang='lat' dir='ltr'><strong>sacras.</strong></span> 
     </span>
    </p>
   </div>
   <div class='ocr_carea' id='block_1_20' title="bbox 252 1965 1783 2039">
    <p class='ocr_par' dir='ltr' id='par_1_20' title="bbox 252 1965 1783 2039">
     <span class='ocr_line' id='line_1_20' title="bbox 252 1965 1783 2039; baseline 0.002 -17"><span class='ocrx_word' id='word_1_108' title='bbox 252 1965 283 2005; x_wconf 72' lang='grc' dir='ltr'>δ</span> <span class='ocrx_word' id='word_1_109' title='bbox 321 1966 590 2039; x_wconf 83' lang='lat' dir='ltr'><strong>Respice,</strong></span> <span class='ocrx_word' id='word_1_110' title='bbox 622 1967 879 2033; x_wconf 88' lang='lat' dir='ltr'><strong>Domine,</strong></span> <span class='ocrx_word' id='word_1_111' title='bbox 925 1968 1185 2038; x_wconf 91' lang='lat' dir='ltr'><strong>propitius</strong></span> <span class='ocrx_word' id='word_1_112' title='bbox 1214 1983 1376 2038; x_wconf 88' lang='lat' dir='ltr'><strong>super</strong></span> <span class='ocrx_word' id='word_1_113' title='bbox 1422 1966 1517 2024; x_wconf 90' lang='lat' dir='ltr'><strong>has</strong></span> <span class='ocrx_word' id='word_1_114' title='bbox 1554 1967 1783 2025; x_wconf 82' lang='lat' dir='ltr'><strong>famulas</strong></span> 
     </span>
    </p>
   </div>
   <div class='ocr_carea' id='block_1_21' title="bbox 186 2061 1785 2132">
    <p class='ocr_par' dir='ltr' id='par_1_21' title="bbox 186 2061 1785 2132">
     <span class='ocr_line' id='line_1_21' title="bbox 186 2061 1785 2132; baseline 0.002 -17"><span class='ocrx_word' id='word_1_115' title='bbox 186 2070 337 2127; x_wconf 89' lang='lat' dir='ltr'><strong>tuas,</strong></span> <span class='ocrx_word' id='word_1_116' title='bbox 397 2071 459 2115; x_wconf 88' lang='lat' dir='ltr'><strong>ut</strong></span> <span class='ocrx_word' id='word_1_117' title='bbox 507 2061 825 2132; x_wconf 77' lang='lat' dir='ltr'><strong>virginitatis</strong></span> <span class='ocrx_word' id='word_1_118' title='bbox 875 2069 1075 2115; x_wconf 69' lang='lat' dir='ltr'><strong>sanctre</strong></span> <span class='ocrx_word' id='word_1_119' title='bbox 1128 2062 1493 2130; x_wconf 88' lang='lat' dir='ltr'><strong>propositum,</strong></span> <span class='ocrx_word' id='word_1_120' title='bbox 1543 2063 1683 2132; x_wconf 89' lang='lat' dir='ltr'><strong>quod</strong></span> <span class='ocrx_word' id='word_1_121' title='bbox 1732 2070 1785 2118; x_wconf 89' lang='lat' dir='ltr'><strong>te</strong></span> 
     </span>
    </p>
   </div>
   <div class='ocr_carea' id='block_1_22' title="bbox 183 2150 1781 2227">
    <p class='ocr_par' dir='ltr' id='par_1_22' title="bbox 183 2150 1781 2227">
     <span class='ocr_line' id='line_1_22' title="bbox 183 2150 1781 2227; baseline 0.003 -19"><span class='ocrx_word' id='word_1_122' title='bbox 183 2150 488 2225; x_wconf 78' lang='lat' dir='ltr'><strong>inSpirante</strong></span> <span class='ocrx_word' id='word_1_123' title='bbox 551 2154 885 2225; x_wconf 88' lang='lat' dir='ltr'><strong>suscipiunt,</strong></span> <span class='ocrx_word' id='word_1_124' title='bbox 956 2165 1007 2211; x_wconf 92' lang='lat' dir='ltr'><strong>te</strong></span> <span class='ocrx_word' id='word_1_125' title='bbox 1064 2156 1395 2227; x_wconf 78' lang='lat' dir='ltr'><strong>gubernante</strong></span> <span class='ocrx_word' id='word_1_126' title='bbox 1459 2156 1781 2213; x_wconf 84' lang='lat' dir='ltr'><strong>custodiant.</strong></span> 
     </span>
    </p>
   </div>
   <div class='ocr_carea' id='block_1_23' title="bbox 185 2245 455 2313">
    <p class='ocr_par' dir='ltr' id='par_1_23' title="bbox 185 2245 455 2313">
     <span class='ocr_line' id='line_1_23' title="bbox 185 2245 455 2313; baseline -0.007 -12"><span class='ocrx_word' id='word_1_127' title='bbox 185 2245 312 2313; x_wconf 87' lang='lat' dir='ltr'><strong>Per,</strong></span> <span class='ocrx_word' id='word_1_128' title='bbox 346 2257 455 2303; x_wconf 87' lang='lat' dir='ltr'><strong>etc.</strong></span> 
     </span>
    </p>
   </div>
   <div class='ocr_carea' id='block_1_24' title="bbox 250 2340 1787 2412">
    <p class='ocr_par' dir='ltr' id='par_1_24' title="bbox 250 2340 1787 2412">
     <span class='ocr_line' id='line_1_24' title="bbox 250 2340 1787 2412; baseline 0.001 -17"><span class='ocrx_word' id='word_1_129' title='bbox 250 2340 404 2396; x_wconf 91' lang='lat' dir='ltr'><strong>Deus</strong></span> <span class='ocrx_word' id='word_1_130' title='bbox 424 2381 440 2407; x_wconf 93' lang='lat'><strong>,</strong></span> <span class='ocrx_word' id='word_1_131' title='bbox 486 2349 760 2397; x_wconf 91' lang='lat' dir='ltr'><strong>castorum</strong></span> <span class='ocrx_word' id='word_1_132' title='bbox 806 2356 1093 2412; x_wconf 88' lang='lat' dir='ltr'><strong>corporum</strong></span> <span class='ocrx_word' id='word_1_133' title='bbox 1123 2341 1389 2411; x_wconf 88' lang='lat' dir='ltr'><strong>benignus</strong></span> <span class='ocrx_word' id='word_1_134' title='bbox 1415 2341 1705 2410; x_wconf 88' lang='lat' dir='ltr'><strong>habitator,</strong></span> <span class='ocrx_word' id='word_1_135' title='bbox 1733 2349 1787 2397; x_wconf 89' lang='lat' dir='ltr'><strong>et</strong></span> 
     </span>
    </p>
   </div>
   <div class='ocr_carea' id='block_1_25' title="bbox 162 2432 1786 2503">
    <p class='ocr_par' dir='ltr' id='par_1_25' title="bbox 162 2432 1786 2503">
     <span class='ocr_line' id='line_1_25' title="bbox 162 2432 1786 2503; baseline 0.001 -17"><span class='ocrx_word' id='word_1_136' title='bbox 162 2433 623 2502; x_wconf 11' lang='lat' dir='ltr'><strong>vincorruptarum</strong></span> <span class='ocrx_word' id='word_1_137' title='bbox 658 2433 800 2487; x_wconf 89' lang='lat' dir='ltr'><strong>Deus</strong></span> <span class='ocrx_word' id='word_1_138' title='bbox 830 2442 1041 2488; x_wconf 87' lang='lat' dir='ltr'><strong>amator</strong></span> <span class='ocrx_word' id='word_1_139' title='bbox 1079 2432 1409 2499; x_wconf 88' lang='lat' dir='ltr'><strong>animarum;</strong></span> <span class='ocrx_word' id='word_1_140' title='bbox 1460 2433 1603 2489; x_wconf 88' lang='lat' dir='ltr'><strong>Deus</strong></span> <span class='ocrx_word' id='word_1_141' title='bbox 1628 2474 1644 2500; x_wconf 94' lang='lat'><strong>,</strong></span> <span class='ocrx_word' id='word_1_142' title='bbox 1694 2433 1786 2503; x_wconf 89' lang='lat' dir='ltr'><strong>qui</strong></span> 
     </span>
    </p>
   </div>
   <div class='ocr_carea' id='block_1_26' title="bbox 190 2524 1784 2603">
    <p class='ocr_par' dir='ltr' id='par_1_26' title="bbox 190 2524 1784 2603">
     <span class='ocr_line' id='line_1_26' title="bbox 190 2524 1784 2603; baseline 0.001 -24"><span class='ocrx_word' id='word_1_143' title='bbox 190 2524 475 2580; x_wconf 87' lang='lat' dir='ltr'><strong>humanam</strong></span> <span class='ocrx_word' id='word_1_144' title='bbox 498 2524 855 2603; x_wconf 84' lang='lat' dir='ltr'><strong>substantiam</strong></span> <span class='ocrx_word' id='word_1_145' title='bbox 888 2526 940 2579; x_wconf 93' lang='lat' dir='ltr'><strong>in</strong></span> <span class='ocrx_word' id='word_1_146' title='bbox 973 2526 1159 2595; x_wconf 86' lang='lat' dir='ltr'><strong>primis</strong></span> <span class='ocrx_word' id='word_1_147' title='bbox 1189 2524 1495 2581; x_wconf 89' lang='lat' dir='ltr'><strong>hominibus</strong></span> <span class='ocrx_word' id='word_1_148' title='bbox 1516 2525 1784 2581; x_wconf 87' lang='lat' dir='ltr'><strong>diabolica</strong></span> 
     </span>
    </p>
   </div>
   <div class='ocr_carea' id='block_1_27' title="bbox 191 2616 1785 2690">
    <p class='ocr_par' dir='ltr' id='par_1_27' title="bbox 191 2616 1785 2690">
     <span class='ocr_line' id='line_1_27' title="bbox 191 2616 1785 2690; baseline 0.002 -19"><span class='ocrx_word' id='word_1_149' title='bbox 191 2617 371 2673; x_wconf 81' lang='lat' dir='ltr'><strong>fraude</strong></span> <span class='ocrx_word' id='word_1_150' title='bbox 401 2616 641 2672; x_wconf 82' lang='lat' dir='ltr'><strong>vitiatam</strong></span> <span class='ocrx_word' id='word_1_151' title='bbox 663 2662 677 2685; x_wconf 92' lang='lat'><strong>,</strong></span> <span class='ocrx_word' id='word_1_152' title='bbox 729 2617 802 2672; x_wconf 90' lang='lat' dir='ltr'><strong>ita</strong></span> <span class='ocrx_word' id='word_1_153' title='bbox 849 2620 905 2673; x_wconf 90' lang='lat' dir='ltr'><strong>in</strong></span> <span class='ocrx_word' id='word_1_154' title='bbox 934 2617 1111 2674; x_wconf 85' lang='lat' dir='ltr'><strong>Verbo</strong></span> <span class='ocrx_word' id='word_1_155' title='bbox 1148 2626 1271 2687; x_wconf 93' lang='lat' dir='ltr'><strong>tuo,</strong></span> <span class='ocrx_word' id='word_1_156' title='bbox 1307 2633 1402 2687; x_wconf 89' lang='lat' dir='ltr'><strong>per</strong></span> <span class='ocrx_word' id='word_1_157' title='bbox 1431 2618 1574 2690; x_wconf 93' lang='lat' dir='ltr'><strong>quod</strong></span> <span class='ocrx_word' id='word_1_158' title='bbox 1602 2620 1785 2675; x_wconf 87' lang='lat' dir='ltr'><strong>omnia</strong></span> 
     </span>
    </p>
   </div>
   <div class='ocr_carea' id='block_1_28' title="bbox 190 2710 1782 2785">
    <p class='ocr_par' dir='ltr' id='par_1_28' title="bbox 190 2710 1782 2785">
     <span class='ocr_line' id='line_1_28' title="bbox 190 2710 1782 2785; baseline 0.002 -20"><span class='ocrx_word' id='word_1_159' title='bbox 190 2710 318 2765; x_wconf 85' lang='lat' dir='ltr'><strong>facta</strong></span> <span class='ocrx_word' id='word_1_160' title='bbox 348 2718 501 2779; x_wconf 89' lang='lat' dir='ltr'><strong>sunt,</strong></span> <span class='ocrx_word' id='word_1_161' title='bbox 530 2725 771 2781; x_wconf 87' lang='lat' dir='ltr'><strong>reparas,</strong></span> <span class='ocrx_word' id='word_1_162' title='bbox 800 2720 859 2767; x_wconf 87' lang='lat' dir='ltr'><strong>nt</strong></span> <span class='ocrx_word' id='word_1_163' title='bbox 878 2727 997 2768; x_wconf 91' lang='lat' dir='ltr'><strong>eam</strong></span> <span class='ocrx_word' id='word_1_164' title='bbox 1026 2728 1131 2767; x_wconf 92' lang='lat' dir='ltr'><strong>non</strong></span> <span class='ocrx_word' id='word_1_165' title='bbox 1160 2711 1333 2767; x_wconf 93' lang='lat' dir='ltr'><strong>solum</strong></span> <span class='ocrx_word' id='word_1_166' title='bbox 1357 2712 1421 2767; x_wconf 90' lang='lat' dir='ltr'><strong>ad</strong></span> <span class='ocrx_word' id='word_1_167' title='bbox 1454 2712 1641 2785; x_wconf 68' lang='lat' dir='ltr'><strong>primm</strong></span> <span class='ocrx_word' id='word_1_168' title='bbox 1668 2716 1782 2769; x_wconf 91' lang='lat' dir='ltr'><strong>ori-</strong></span> 
     </span>
    </p>
   </div>
   <div class='ocr_carea' id='block_1_29' title="bbox 199 2801 1782 2875">
    <p class='ocr_par' dir='ltr' id='par_1_29' title="bbox 199 2801 1782 2875">
     <span class='ocr_line' id='line_1_29' title="bbox 199 2801 1782 2875; baseline 0.005 -21"><span class='ocrx_word' id='word_1_169' title='bbox 199 2801 320 2871; x_wconf 87' lang='lat' dir='ltr'><strong>ginis</strong></span> <span class='ocrx_word' id='word_1_170' title='bbox 350 2803 715 2859; x_wconf 89' lang='lat' dir='ltr'><strong>innocentiam</strong></span> <span class='ocrx_word' id='word_1_171' title='bbox 762 2818 981 2859; x_wconf 88' lang='lat' dir='ltr'><strong>revoces</strong></span> <span class='ocrx_word' id='word_1_172' title='bbox 1002 2844 1017 2868; x_wconf 96' lang='lat'><strong>,</strong></span> <span class='ocrx_word' id='word_1_173' title='bbox 1067 2803 1162 2859; x_wconf 89' lang='lat' dir='ltr'><strong>sed</strong></span> <span class='ocrx_word' id='word_1_174' title='bbox 1191 2804 1353 2860; x_wconf 92' lang='lat' dir='ltr'><strong>etiam</strong></span> <span class='ocrx_word' id='word_1_175' title='bbox 1398 2804 1464 2859; x_wconf 88' lang='lat' dir='ltr'><strong>ad</strong></span> <span class='ocrx_word' id='word_1_176' title='bbox 1495 2806 1782 2875; x_wconf 88' lang='lat' dir='ltr'><strong>experien-</strong></span> 
     </span>
    </p>
   </div>
   <div class='ocr_carea' id='block_1_30' title="bbox 205 2892 1784 2965">
    <p class='ocr_par' dir='ltr' id='par_1_30' title="bbox 205 2892 1784 2965">
     <span class='ocr_line' id='line_1_30' title="bbox 205 2892 1784 2965; baseline 0.006 -21"><span class='ocrx_word' id='word_1_177' title='bbox 205 2892 314 2947; x_wconf 85' lang='lat' dir='ltr'><strong>tiam</strong></span> <span class='ocrx_word' id='word_1_178' title='bbox 371 2894 727 2964; x_wconf 88' lang='lat' dir='ltr'><strong>quorumdam</strong></span> <span class='ocrx_word' id='word_1_179' title='bbox 780 2894 1087 2963; x_wconf 90' lang='lat' dir='ltr'><strong>bonorum,</strong></span> <span class='ocrx_word' id='word_1_180' title='bbox 1121 2911 1241 2965; x_wconf 80' lang='lat' dir='ltr'><strong>quae</strong></span> <span class='ocrx_word' id='word_1_181' title='bbox 1294 2897 1348 2951; x_wconf 88' lang='lat' dir='ltr'><strong>in</strong></span> <span class='ocrx_word' id='word_1_182' title='bbox 1396 2911 1537 2951; x_wconf 87' lang='lat' dir='ltr'><strong>novo</strong></span> <span class='ocrx_word' id='word_1_183' title='bbox 1580 2897 1784 2953; x_wconf 65' lang='lat' dir='ltr'><strong>saeculo</strong></span> 
     </span>
    </p>
   </div>
   <div class='ocr_carea' id='block_1_31' title="bbox 210 2976 1785 3058">
    <p class='ocr_par' dir='ltr' id='par_1_31' title="bbox 210 2976 1785 3058">
     <span class='ocr_line' id='line_1_31' title="bbox 210 2976 1785 3058; baseline 0.003 -20"><span class='ocrx_word' id='word_1_184' title='bbox 210 2994 315 3040; x_wconf 89' lang='lat' dir='ltr'><strong>sunt</strong></span> <span class='ocrx_word' id='word_1_185' title='bbox 341 2986 589 3043; x_wconf 87' lang='lat' dir='ltr'><strong>habenda</strong></span> <span class='ocrx_word' id='word_1_186' title='bbox 608 3028 623 3053; x_wconf 92' lang='lat'><strong>,</strong></span> <span class='ocrx_word' id='word_1_187' title='bbox 656 2976 919 3058; x_wconf 85' lang='lat' dir='ltr'><strong>perducas</strong></span> <span class='ocrx_word' id='word_1_188' title='bbox 938 3029 955 3056; x_wconf 96' lang='lat'><strong>,</strong></span> <span class='ocrx_word' id='word_1_189' title='bbox 986 2997 1041 3043; x_wconf 86' lang='lat' dir='ltr'><strong>et</strong></span> <span class='ocrx_word' id='word_1_190' title='bbox 1068 2987 1358 3043; x_wconf 91' lang='lat' dir='ltr'><strong>obstrictos</strong></span> <span class='ocrx_word' id='word_1_191' title='bbox 1396 2988 1573 3044; x_wconf 90' lang='lat' dir='ltr'><strong>adhuc</strong></span> <span class='ocrx_word' id='word_1_192' title='bbox 1596 2988 1785 3044; x_wconf 91' lang='lat' dir='ltr'><strong>condi-</strong></span> 
     </span>
    </p>
   </div>
   <div class='ocr_carea' id='block_1_32' title="bbox 208 3077 1784 3151">
    <p class='ocr_par' dir='ltr' id='par_1_32' title="bbox 208 3077 1784 3151">
     <span class='ocr_line' id='line_1_32' title="bbox 208 3077 1784 3151; baseline 0.004 -24"><span class='ocrx_word' id='word_1_193' title='bbox 208 3077 344 3151; x_wconf 76' lang='lat' dir='ltr'><strong>tione</strong></span> <span class='ocrx_word' id='word_1_194' title='bbox 370 3079 699 3148; x_wconf 87' lang='lat' dir='ltr'><strong>mortalium,</strong></span> <span class='ocrx_word' id='word_1_195' title='bbox 716 3078 829 3150; x_wconf 89' lang='lat' dir='ltr'><strong>jam</strong></span> <span class='ocrx_word' id='word_1_196' title='bbox 863 3079 928 3134; x_wconf 91' lang='lat' dir='ltr'><strong>ad</strong></span> <span class='ocrx_word' id='word_1_197' title='bbox 960 3079 1364 3135; x_wconf 86' lang='lat' dir='ltr'><strong>similitudinem</strong></span> <span class='ocrx_word' id='word_1_198' title='bbox 1395 3080 1661 3150; x_wconf 88' lang='lat' dir='ltr'><strong>provehas</strong></span> <span class='ocrx_word' id='word_1_199' title='bbox 1690 3095 1784 3134; x_wconf 90' lang='lat' dir='ltr'><strong>an-</strong></span> 
     </span>
    </p>
   </div>
   <div class='ocr_carea' id='block_1_33' title="bbox 224 3166 1784 3241">
    <p class='ocr_par' dir='ltr' id='par_1_33' title="bbox 224 3166 1784 3241">
     <span class='ocr_line' id='line_1_33' title="bbox 224 3166 1784 3241; baseline 0.004 -23"><span class='ocrx_word' id='word_1_200' title='bbox 224 3166 434 3232; x_wconf 84' lang='lat' dir='ltr'><strong>gelorum</strong></span> <span class='ocrx_word' id='word_1_201' title='bbox 463 3186 477 3223; x_wconf 88' lang='lat'><strong>:</strong></span> <span class='ocrx_word' id='word_1_202' title='bbox 508 3170 740 3239; x_wconf 89' lang='lat' dir='ltr'><strong>respice,</strong></span> <span class='ocrx_word' id='word_1_203' title='bbox 773 3169 1017 3237; x_wconf 88' lang='lat' dir='ltr'><strong>Domine,</strong></span> <span class='ocrx_word' id='word_1_204' title='bbox 1061 3184 1225 3241; x_wconf 84' lang='lat' dir='ltr'><strong>super</strong></span> <span class='ocrx_word' id='word_1_205' title='bbox 1248 3170 1344 3223; x_wconf 88' lang='lat' dir='ltr'><strong>has</strong></span> <span class='ocrx_word' id='word_1_206' title='bbox 1374 3168 1599 3224; x_wconf 88' lang='lat' dir='ltr'><strong>famulas</strong></span> <span class='ocrx_word' id='word_1_207' title='bbox 1628 3177 1747 3224; x_wconf 89' lang='lat' dir='ltr'><strong>tuas</strong></span> <span class='ocrx_word' id='word_1_208' title='bbox 1765 3208 1784 3236; x_wconf 95' lang='lat'><strong>,</strong></span> 
     </span>
    </p>
   </div>
   <div class='ocr_carea' id='block_1_34' title="bbox 1880 566 3472 647">
    <p class='ocr_par' dir='ltr' id='par_1_34' title="bbox 1880 566 3472 647">
     <span class='ocr_line' id='line_1_34' title="bbox 1880 566 3472 647; baseline -0.006 -17"><span class='ocrx_word' id='word_1_209' title='bbox 1880 576 1986 630; x_wconf 88' lang='lat' dir='ltr'><strong>ritu</strong></span> <span class='ocrx_word' id='word_1_210' title='bbox 2026 574 2220 647; x_wconf 83' lang='lat' dir='ltr'><strong>genitis</strong></span> <span class='ocrx_word' id='word_1_211' title='bbox 2250 572 2485 627; x_wconf 89' lang='lat' dir='ltr'><strong>indidisti</strong></span> <span class='ocrx_word' id='word_1_212' title='bbox 2516 588 2530 624; x_wconf 87' lang='lat'><strong>:</strong></span> <span class='ocrx_word' id='word_1_213' title='bbox 2560 570 2722 626; x_wconf 90' lang='lat' dir='ltr'><strong>etiam</strong></span> <span class='ocrx_word' id='word_1_214' title='bbox 2767 568 2867 624; x_wconf 88' lang='lat' dir='ltr'><strong>hoc</strong></span> <span class='ocrx_word' id='word_1_215' title='bbox 2893 567 3091 623; x_wconf 90' lang='lat' dir='ltr'><strong>donum</strong></span> <span class='ocrx_word' id='word_1_216' title='bbox 3123 567 3176 622; x_wconf 92' lang='lat' dir='ltr'><strong>in</strong></span> <span class='ocrx_word' id='word_1_217' title='bbox 3207 566 3472 638; x_wconf 89' lang='lat' dir='ltr'><strong>quasdam</strong></span> 
     </span>
    </p>
   </div>
   <div class='ocr_carea' id='block_1_35' title="bbox 1880 661 3477 736">
    <p class='ocr_par' dir='ltr' id='par_1_35' title="bbox 1880 661 3477 736">
     <span class='ocr_line' id='line_1_35' title="bbox 1880 661 3477 736; baseline -0.007 -11"><span class='ocrx_word' id='word_1_218' title='bbox 1880 677 2095 725; x_wconf 86' lang='lat' dir='ltr'><strong>mentes</strong></span> <span class='ocrx_word' id='word_1_219' title='bbox 2120 666 2187 723; x_wconf 89' lang='lat' dir='ltr'><strong>de</strong></span> <span class='ocrx_word' id='word_1_220' title='bbox 2214 665 2475 736; x_wconf 84' lang='lat' dir='ltr'><strong>largitatis</strong></span> <span class='ocrx_word' id='word_1_221' title='bbox 2500 673 2601 717; x_wconf 63' lang='lat' dir='ltr'><strong>tua:</strong></span> <span class='ocrx_word' id='word_1_222' title='bbox 2629 663 2772 717; x_wconf 89' lang='lat' dir='ltr'><strong>fonte</strong></span> <span class='ocrx_word' id='word_1_223' title='bbox 2794 662 3035 727; x_wconf 82' lang='lat' dir='ltr'><strong>deﬂuxit,</strong></span> <span class='ocrx_word' id='word_1_224' title='bbox 3065 669 3125 715; x_wconf 90' lang='lat' dir='ltr'><strong>ut</strong></span> <span class='ocrx_word' id='word_1_225' title='bbox 3145 675 3267 715; x_wconf 91' lang='lat' dir='ltr'><strong>cum</strong></span> <span class='ocrx_word' id='word_1_226' title='bbox 3300 661 3477 715; x_wconf 86' lang='lat' dir='ltr'><strong>bono-</strong></span> 
     </span>
    </p>
   </div>
   <div class='ocr_carea' id='block_1_36' title="bbox 1880 758 3476 834">
    <p class='ocr_par' dir='ltr' id='par_1_36' title="bbox 1880 758 3476 834">
     <span class='ocr_line' id='line_1_36' title="bbox 1880 758 3476 834; baseline -0.004 -13"><span class='ocrx_word' id='word_1_227' title='bbox 1880 780 1993 821; x_wconf 88' lang='lat' dir='ltr'><strong>rem</strong></span> <span class='ocrx_word' id='word_1_228' title='bbox 2018 764 2323 834; x_wconf 89' lang='lat' dir='ltr'><strong>nuptiarum</strong></span> <span class='ocrx_word' id='word_1_229' title='bbox 2355 760 2499 816; x_wconf 89' lang='lat' dir='ltr'><strong>nulla</strong></span> <span class='ocrx_word' id='word_1_230' title='bbox 2523 759 2801 815; x_wconf 89' lang='lat' dir='ltr'><strong>interdicta</strong></span> <span class='ocrx_word' id='word_1_231' title='bbox 2844 758 3197 826; x_wconf 86' lang='lat' dir='ltr'><strong>minuissent,</strong></span> <span class='ocrx_word' id='word_1_232' title='bbox 3224 774 3287 815; x_wconf 91' lang='lat' dir='ltr'><strong>ac</strong></span> <span class='ocrx_word' id='word_1_233' title='bbox 3310 773 3476 829; x_wconf 87' lang='lat' dir='ltr'><strong>super</strong></span> 
     </span>
    </p>
   </div>
   <div class='ocr_carea' id='block_1_37' title="bbox 1878 850 3471 925">
    <p class='ocr_par' dir='ltr' id='par_1_37' title="bbox 1878 850 3471 925">
     <span class='ocr_line' id='line_1_37' title="bbox 1878 850 3471 925; baseline -0.004 -13"><span class='ocrx_word' id='word_1_234' title='bbox 1878 867 2122 912; x_wconf 90' lang='lat' dir='ltr'><strong>sanctum</strong></span> <span class='ocrx_word' id='word_1_235' title='bbox 2151 854 2462 925; x_wconf 79' lang='lat' dir='ltr'><strong>coniugium</strong></span> <span class='ocrx_word' id='word_1_236' title='bbox 2511 850 2731 906; x_wconf 84' lang='lat' dir='ltr'><strong>initialis</strong></span> <span class='ocrx_word' id='word_1_237' title='bbox 2769 851 3067 906; x_wconf 87' lang='lat' dir='ltr'><strong>benedictio</strong></span> <span class='ocrx_word' id='word_1_238' title='bbox 3092 859 3471 922; x_wconf 80' lang='lat' dir='ltr'><strong>permaneret,</strong></span> 
     </span>
    </p>
   </div>
   <div class='ocr_carea' id='block_1_38' title="bbox 1888 941 3475 1015">
    <p class='ocr_par' dir='ltr' id='par_1_38' title="bbox 1888 941 3475 1015">
     <span class='ocr_line' id='line_1_38' title="bbox 1888 941 3475 1015; baseline -0.006 -8"><span class='ocrx_word' id='word_1_239' title='bbox 1888 952 2189 1007; x_wconf 83' lang='lat' dir='ltr'><strong>existerent</strong></span> <span class='ocrx_word' id='word_1_240' title='bbox 2220 959 2395 1004; x_wconf 91' lang='lat' dir='ltr'><strong>tamen</strong></span> <span class='ocrx_word' id='word_1_241' title='bbox 2428 944 2777 1001; x_wconf 86' lang='lat' dir='ltr'><strong>sublimiores</strong></span> <span class='ocrx_word' id='word_1_242' title='bbox 2806 945 3025 1011; x_wconf 69' lang='lat' dir='ltr'><strong>animae,</strong></span> <span class='ocrx_word' id='word_1_243' title='bbox 3052 958 3172 1015; x_wconf 76' lang='lat' dir='ltr'><strong>quae</strong></span> <span class='ocrx_word' id='word_1_244' title='bbox 3207 944 3258 998; x_wconf 92' lang='lat' dir='ltr'><strong>in</strong></span> <span class='ocrx_word' id='word_1_245' title='bbox 3290 941 3389 997; x_wconf 90' lang='lat' dir='ltr'><strong>viri</strong></span> <span class='ocrx_word' id='word_1_246' title='bbox 3412 956 3475 998; x_wconf 87' lang='lat' dir='ltr'><strong>ac</strong></span> 
     </span>
    </p>
   </div>
   <div class='ocr_carea' id='block_1_39' title="bbox 1884 1036 3473 1111">
    <p class='ocr_par' dir='ltr' id='par_1_39' title="bbox 1884 1036 3473 1111">
     <span class='ocr_line' id='line_1_39' title="bbox 1884 1036 3473 1111; baseline -0.003 -14"><span class='ocrx_word' id='word_1_247' title='bbox 1884 1043 2129 1098; x_wconf 85' lang='lat' dir='ltr'><strong>mulieris</strong></span> <span class='ocrx_word' id='word_1_248' title='bbox 2158 1041 2353 1111; x_wconf 90' lang='lat' dir='ltr'><strong>copula</strong></span> <span class='ocrx_word' id='word_1_249' title='bbox 2386 1038 2695 1095; x_wconf 86' lang='lat' dir='ltr'><strong>fastidirent</strong></span> <span class='ocrx_word' id='word_1_250' title='bbox 2725 1036 3078 1102; x_wconf 89' lang='lat' dir='ltr'><strong>connubium,</strong></span> <span class='ocrx_word' id='word_1_251' title='bbox 3121 1037 3473 1108; x_wconf 87' lang='lat' dir='ltr'><strong>concupisce-</strong></span> 
     </span>
    </p>
   </div>
   <div class='ocr_carea' id='block_1_40' title="bbox 1882 1129 3444 1201">
    <p class='ocr_par' dir='ltr' id='par_1_40' title="bbox 1882 1129 3444 1201">
     <span class='ocr_line' id='line_1_40' title="bbox 1882 1129 3444 1201; baseline -0.004 -11"><span class='ocrx_word' id='word_1_252' title='bbox 1882 1142 2007 1190; x_wconf 88' lang='lat' dir='ltr'><strong>rent</strong></span> <span class='ocrx_word' id='word_1_253' title='bbox 2034 1143 2452 1197; x_wconf 88' lang='lat' dir='ltr'><strong>sacramentum,</strong></span> <span class='ocrx_word' id='word_1_254' title='bbox 2480 1146 2581 1187; x_wconf 89' lang='lat' dir='ltr'><strong>nec</strong></span> <span class='ocrx_word' id='word_1_255' title='bbox 2611 1131 2947 1185; x_wconf 86' lang='lat' dir='ltr'><strong>imitarentur</strong></span> <span class='ocrx_word' id='word_1_256' title='bbox 2976 1129 3115 1198; x_wconf 90' lang='lat' dir='ltr'><strong>quod</strong></span> <span class='ocrx_word' id='word_1_257' title='bbox 3145 1132 3337 1201; x_wconf 88' lang='lat' dir='ltr'><strong>nuptiis</strong></span> <span class='ocrx_word' id='word_1_258' title='bbox 3359 1130 3444 1200; x_wconf 87' lang='lat' dir='ltr'><strong>agi</strong></span> 
     </span>
    </p>
   </div>
   <div class='ocr_carea' id='block_1_41' title="bbox 1893 1223 3477 1296">
    <p class='ocr_par' dir='ltr' id='par_1_41' title="bbox 1893 1223 3477 1296">
     <span class='ocr_line' id='line_1_41' title="bbox 1893 1223 3477 1296; baseline -0.001 -15"><span class='ocrx_word' id='word_1_259' title='bbox 1893 1238 1999 1292; x_wconf 91' lang='lat' dir='ltr'><strong>tur,</strong></span> <span class='ocrx_word' id='word_1_260' title='bbox 2033 1226 2129 1281; x_wconf 88' lang='lat' dir='ltr'><strong>sed</strong></span> <span class='ocrx_word' id='word_1_261' title='bbox 2169 1226 2456 1296; x_wconf 87' lang='lat' dir='ltr'><strong>diligerent</strong></span> <span class='ocrx_word' id='word_1_262' title='bbox 2482 1224 2622 1293; x_wconf 91' lang='lat' dir='ltr'><strong>quod</strong></span> <span class='ocrx_word' id='word_1_263' title='bbox 2646 1223 2845 1293; x_wconf 90' lang='lat' dir='ltr'><strong>nuptiis</strong></span> <span class='ocrx_word' id='word_1_264' title='bbox 2873 1231 3212 1292; x_wconf 65' lang='lat' dir='ltr'><strong>praenotatur.</strong></span> <span class='ocrx_word' id='word_1_265' title='bbox 3250 1224 3477 1294; x_wconf 80' lang='lat' dir='ltr'><strong>Agnovit</strong></span> 
     </span>
    </p>
   </div>
   <div class='ocr_carea' id='block_1_42' title="bbox 1886 1314 3477 1384">
    <p class='ocr_par' dir='ltr' id='par_1_42' title="bbox 1886 1314 3477 1384">
     <span class='ocr_line' id='line_1_42' title="bbox 1886 1314 3477 1384; baseline -0.003 -10"><span class='ocrx_word' id='word_1_266' title='bbox 1886 1328 2158 1374; x_wconf 88' lang='lat' dir='ltr'><strong>auctorem</strong></span> <span class='ocrx_word' id='word_1_267' title='bbox 2210 1333 2364 1374; x_wconf 89' lang='lat' dir='ltr'><strong>suum</strong></span> <span class='ocrx_word' id='word_1_268' title='bbox 2408 1316 2557 1372; x_wconf 85' lang='lat' dir='ltr'><strong>beata</strong></span> <span class='ocrx_word' id='word_1_269' title='bbox 2593 1314 2906 1383; x_wconf 87' lang='lat' dir='ltr'><strong>virginitas,</strong></span> <span class='ocrx_word' id='word_1_270' title='bbox 2945 1322 3001 1368; x_wconf 88' lang='lat' dir='ltr'><strong>et</strong></span> <span class='ocrx_word' id='word_1_271' title='bbox 3036 1315 3226 1368; x_wconf 50' lang='lat' dir='ltr'><strong>aemula</strong></span> <span class='ocrx_word' id='word_1_272' title='bbox 3258 1314 3477 1384; x_wconf 85' lang='lat' dir='ltr'><strong>integri-</strong></span> 
     </span>
    </p>
   </div>
   <div class='ocr_carea' id='block_1_43' title="bbox 1885 1406 3480 1481">
    <p class='ocr_par' dir='ltr' id='par_1_43' title="bbox 1885 1406 3480 1481">
     <span class='ocr_line' id='line_1_43' title="bbox 1885 1406 3480 1481; baseline -0.002 -16"><span class='ocrx_word' id='word_1_273' title='bbox 1885 1413 2010 1466; x_wconf 89' lang='lat' dir='ltr'><strong>tatis</strong></span> <span class='ocrx_word' id='word_1_274' title='bbox 2037 1412 2313 1481; x_wconf 68' lang='lat' dir='ltr'><strong>angelicm,</strong></span> <span class='ocrx_word' id='word_1_275' title='bbox 2342 1409 2483 1463; x_wconf 89' lang='lat' dir='ltr'><strong>illius</strong></span> <span class='ocrx_word' id='word_1_276' title='bbox 2507 1406 2763 1472; x_wconf 89' lang='lat' dir='ltr'><strong>thalamo,</strong></span> <span class='ocrx_word' id='word_1_277' title='bbox 2794 1407 2935 1461; x_wconf 88' lang='lat' dir='ltr'><strong>illius</strong></span> <span class='ocrx_word' id='word_1_278' title='bbox 2971 1406 3129 1477; x_wconf 79' lang='lat'><strong>130</strong></span> <span class='ocrx_word' id='word_1_279' title='bbox 3155 1406 3399 1462; x_wconf 90' lang='lat' dir='ltr'><strong>cubiculo</strong></span> <span class='ocrx_word' id='word_1_280' title='bbox 3421 1421 3480 1462; x_wconf 84' lang='lat' dir='ltr'><strong>se</strong></span> 
     </span>
    </p>
   </div>
   <div class='ocr_carea' id='block_1_44' title="bbox 1883 1498 3482 1572">
    <p class='ocr_par' dir='ltr' id='par_1_44' title="bbox 1883 1498 3482 1572">
     <span class='ocr_line' id='line_1_44' title="bbox 1883 1498 3482 1572; baseline -0.004 -15"><span class='ocrx_word' id='word_1_281' title='bbox 1883 1503 2125 1569; x_wconf 86' lang='lat' dir='ltr'><strong>devovit,</strong></span> <span class='ocrx_word' id='word_1_282' title='bbox 2160 1502 2247 1572; x_wconf 91' lang='lat' dir='ltr'><strong>qui</strong></span> <span class='ocrx_word' id='word_1_283' title='bbox 2294 1502 2371 1555; x_wconf 87' lang='lat' dir='ltr'><strong>sic</strong></span> <span class='ocrx_word' id='word_1_284' title='bbox 2414 1507 2687 1570; x_wconf 69' lang='lat' dir='ltr'><strong>perpetua:</strong></span> <span class='ocrx_word' id='word_1_285' title='bbox 2733 1498 3051 1568; x_wconf 88' lang='lat' dir='ltr'><strong>virginitatis</strong></span> <span class='ocrx_word' id='word_1_286' title='bbox 3090 1507 3173 1551; x_wconf 89' lang='lat' dir='ltr'><strong>est</strong></span> <span class='ocrx_word' id='word_1_287' title='bbox 3216 1511 3482 1565; x_wconf 73' lang='lat' dir='ltr'><strong>epotisus,</strong></span> 
     </span>
    </p>
   </div>
   <div class='ocr_carea' id='block_1_45' title="bbox 1886 1588 3480 1663">
    <p class='ocr_par' dir='ltr' id='par_1_45' title="bbox 1886 1588 3480 1663">
     <span class='ocr_line' id='line_1_45' title="bbox 1886 1588 3480 1663; baseline -0.004 -14"><span class='ocrx_word' id='word_1_288' title='bbox 1886 1594 2336 1663; x_wconf 89' lang='lat' dir='ltr'><strong>quemadmodum</strong></span> <span class='ocrx_word' id='word_1_289' title='bbox 2370 1602 2641 1662; x_wconf 72' lang='lat' dir='ltr'><strong>perpetua:</strong></span> <span class='ocrx_word' id='word_1_290' title='bbox 2669 1590 2986 1661; x_wconf 87' lang='lat' dir='ltr'><strong>virginitatis</strong></span> <span class='ocrx_word' id='word_1_291' title='bbox 3034 1598 3116 1643; x_wconf 91' lang='lat' dir='ltr'><strong>est</strong></span> <span class='ocrx_word' id='word_1_292' title='bbox 3158 1589 3316 1643; x_wconf 80' lang='lat' dir='ltr'><strong>illius.</strong></span> <span class='ocrx_word' id='word_1_293' title='bbox 3372 1588 3480 1643; x_wconf 88' lang='lat' dir='ltr'><strong>Im-</strong></span> 
     </span>
    </p>
   </div>
   <div class='ocr_carea' id='block_1_46' title="bbox 1884 1680 3481 1756">
    <p class='ocr_par' dir='ltr' id='par_1_46' title="bbox 1884 1680 3481 1756">
     <span class='ocr_line' id='line_1_46' title="bbox 1884 1680 3481 1756; baseline -0.003 -17"><span class='ocrx_word' id='word_1_294' title='bbox 1884 1686 2223 1756; x_wconf 86' lang='lat' dir='ltr'><strong>plorantibus</strong></span> <span class='ocrx_word' id='word_1_295' title='bbox 2249 1700 2374 1754; x_wconf 91' lang='lat' dir='ltr'><strong>ergo</strong></span> <span class='ocrx_word' id='word_1_296' title='bbox 2401 1683 2656 1738; x_wconf 88' lang='lat' dir='ltr'><strong>auxilium</strong></span> <span class='ocrx_word' id='word_1_297' title='bbox 2704 1692 2885 1748; x_wconf 88' lang='lat' dir='ltr'><strong>tuum,</strong></span> <span class='ocrx_word' id='word_1_298' title='bbox 2919 1681 3168 1745; x_wconf 88' lang='lat' dir='ltr'><strong>Domine,</strong></span> <span class='ocrx_word' id='word_1_299' title='bbox 3202 1689 3257 1735; x_wconf 92' lang='lat' dir='ltr'><strong>et</strong></span> <span class='ocrx_word' id='word_1_300' title='bbox 3278 1680 3481 1735; x_wconf 87' lang='lat' dir='ltr'><strong>confir-</strong></span> 
     </span>
    </p>
   </div>
   <div class='ocr_carea' id='block_1_47' title="bbox 1891 1773 3477 1844">
    <p class='ocr_par' dir='ltr' id='par_1_47' title="bbox 1891 1773 3477 1844">
     <span class='ocr_line' id='line_1_47' title="bbox 1891 1773 3477 1844; baseline -0.005 -11"><span class='ocrx_word' id='word_1_301' title='bbox 1891 1779 2023 1833; x_wconf 90' lang='lat' dir='ltr'><strong>mari</strong></span> <span class='ocrx_word' id='word_1_302' title='bbox 2056 1794 2111 1833; x_wconf 91' lang='lat' dir='ltr'><strong>se</strong></span> <span class='ocrx_word' id='word_1_303' title='bbox 2138 1776 2527 1832; x_wconf 88' lang='lat' dir='ltr'><strong>benedictionis</strong></span> <span class='ocrx_word' id='word_1_304' title='bbox 2556 1785 2657 1830; x_wconf 64' lang='lat' dir='ltr'><strong>tua;</strong></span> <span class='ocrx_word' id='word_1_305' title='bbox 2680 1774 3084 1830; x_wconf 86' lang='lat' dir='ltr'><strong>consecratione</strong></span> <span class='ocrx_word' id='word_1_306' title='bbox 3114 1773 3477 1844; x_wconf 87' lang='lat' dir='ltr'><strong>cupientibus,</strong></span> 
     </span>
    </p>
   </div>
   <div class='ocr_carea' id='block_1_48' title="bbox 1814 1866 3479 1941">
    <p class='ocr_par' dir='ltr' id='par_1_48' title="bbox 1814 1866 3479 1941">
     <span class='ocr_line' id='line_1_48' title="bbox 1814 1866 3479 1941; baseline -0.004 -14"><span class='ocrx_word' id='word_1_307' title='bbox 1814 1875 1865 1935; x_wconf 85' lang='lat' dir='ltr'><strong>B</strong></span> <span class='ocrx_word' id='word_1_308' title='bbox 1894 1872 1961 1927; x_wconf 91' lang='lat' dir='ltr'><strong>da</strong></span> <span class='ocrx_word' id='word_1_309' title='bbox 1990 1870 2341 1941; x_wconf 88' lang='lat' dir='ltr'><strong>protectionis</strong></span> <span class='ocrx_word' id='word_1_310' title='bbox 2371 1878 2474 1925; x_wconf 69' lang='lat' dir='ltr'><strong>tuae</strong></span> <span class='ocrx_word' id='word_1_311' title='bbox 2502 1870 2776 1925; x_wconf 91' lang='lat' dir='ltr'><strong>munimen</strong></span> <span class='ocrx_word' id='word_1_312' title='bbox 2806 1879 2857 1925; x_wconf 94' lang='lat' dir='ltr'><strong>et</strong></span> <span class='ocrx_word' id='word_1_313' title='bbox 2888 1870 3125 1940; x_wconf 90' lang='lat' dir='ltr'><strong>regimen</strong></span> <span class='ocrx_word' id='word_1_314' title='bbox 3149 1914 3163 1935; x_wconf 89' lang='lat'><strong>,</strong></span> <span class='ocrx_word' id='word_1_315' title='bbox 3205 1884 3269 1922; x_wconf 90' lang='lat' dir='ltr'><strong>ne</strong></span> <span class='ocrx_word' id='word_1_316' title='bbox 3311 1866 3479 1922; x_wconf 85' lang='lat' dir='ltr'><strong>hostis</strong></span> 
     </span>
    </p>
   </div>
   <div class='ocr_carea' id='block_1_49' title="bbox 1892 1959 3477 2035">
    <p class='ocr_par' dir='ltr' id='par_1_49' title="bbox 1892 1959 3477 2035">
     <span class='ocr_line' id='line_1_49' title="bbox 1892 1959 3477 2035; baseline -0.003 -18"><span class='ocrx_word' id='word_1_317' title='bbox 1892 1964 2144 2035; x_wconf 86' lang='lat' dir='ltr'><strong>antiquus</strong></span> <span class='ocrx_word' id='word_1_318' title='bbox 2171 2007 2183 2029; x_wconf 89' lang='lat'><strong>,</strong></span> <span class='ocrx_word' id='word_1_319' title='bbox 2218 1964 2305 2033; x_wconf 90' lang='lat' dir='ltr'><strong>qui</strong></span> <span class='ocrx_word' id='word_1_320' title='bbox 2336 1962 2713 2017; x_wconf 88' lang='lat' dir='ltr'><strong>excellentiora</strong></span> <span class='ocrx_word' id='word_1_321' title='bbox 2738 1960 2913 2017; x_wconf 88' lang='lat' dir='ltr'><strong>studia</strong></span> <span class='ocrx_word' id='word_1_322' title='bbox 2942 1960 3309 2015; x_wconf 85' lang='lat' dir='ltr'><strong>subtilioribus</strong></span> <span class='ocrx_word' id='word_1_323' title='bbox 3340 1959 3477 2013; x_wconf 80' lang='lat' dir='ltr'><strong>infc-</strong></span> 
     </span>
    </p>
   </div>
   <div class='ocr_carea' id='block_1_50' title="bbox 1887 2051 3479 2125">
    <p class='ocr_par' dir='ltr' id='par_1_50' title="bbox 1887 2051 3479 2125">
     <span class='ocr_line' id='line_1_50' title="bbox 1887 2051 3479 2125; baseline -0.004 -13"><span class='ocrx_word' id='word_1_324' title='bbox 1887 2066 1991 2113; x_wconf 91' lang='lat' dir='ltr'><strong>stat</strong></span> <span class='ocrx_word' id='word_1_325' title='bbox 2022 2056 2260 2121; x_wconf 86' lang='lat' dir='ltr'><strong>insidiis,</strong></span> <span class='ocrx_word' id='word_1_326' title='bbox 2292 2055 2356 2110; x_wconf 93' lang='lat' dir='ltr'><strong>ad</strong></span> <span class='ocrx_word' id='word_1_327' title='bbox 2390 2054 2779 2111; x_wconf 88' lang='lat' dir='ltr'><strong>obseurandam</strong></span> <span class='ocrx_word' id='word_1_328' title='bbox 2823 2054 3071 2125; x_wconf 76' lang='lat' dir='ltr'><strong>perfecue</strong></span> <span class='ocrx_word' id='word_1_329' title='bbox 3100 2052 3336 2108; x_wconf 64' lang='lat' dir='ltr'><strong>scientia:</strong></span> <span class='ocrx_word' id='word_1_330' title='bbox 3364 2051 3479 2120; x_wconf 85' lang='lat' dir='ltr'><strong>pal-</strong></span> 
     </span>
    </p>
   </div>
   <div class='ocr_carea' id='block_1_51' title="bbox 1888 2146 3480 2219">
    <p class='ocr_par' dir='ltr' id='par_1_51' title="bbox 1888 2146 3480 2219">
     <span class='ocr_line' id='line_1_51' title="bbox 1888 2146 3480 2219; baseline -0.003 -14"><span class='ocrx_word' id='word_1_331' title='bbox 1888 2165 2029 2205; x_wconf 88' lang='lat' dir='ltr'><strong>mam</strong></span> <span class='ocrx_word' id='word_1_332' title='bbox 2052 2191 2065 2213; x_wconf 87' lang='lat'><strong>,</strong></span> <span class='ocrx_word' id='word_1_333' title='bbox 2098 2164 2191 2219; x_wconf 90' lang='lat' dir='ltr'><strong>per</strong></span> <span class='ocrx_word' id='word_1_334' title='bbox 2217 2148 2446 2219; x_wconf 85' lang='lat' dir='ltr'><strong>aliquam</strong></span> <span class='ocrx_word' id='word_1_335' title='bbox 2479 2156 2657 2219; x_wconf 90' lang='lat' dir='ltr'><strong>serpat</strong></span> <span class='ocrx_word' id='word_1_336' title='bbox 2685 2148 2880 2203; x_wconf 90' lang='lat' dir='ltr'><strong>mentis</strong></span> <span class='ocrx_word' id='word_1_337' title='bbox 2908 2147 3198 2211; x_wconf 90' lang='lat' dir='ltr'><strong>incuriam,</strong></span> <span class='ocrx_word' id='word_1_338' title='bbox 3229 2154 3281 2200; x_wconf 88' lang='lat' dir='ltr'><strong>et</strong></span> <span class='ocrx_word' id='word_1_339' title='bbox 3309 2146 3480 2215; x_wconf 88' lang='lat' dir='ltr'><strong>rapiat</strong></span> 
     </span>
    </p>
   </div>
   <div class='ocr_carea' id='block_1_52' title="bbox 1888 2238 3478 2316">
    <p class='ocr_par' dir='ltr' id='par_1_52' title="bbox 1888 2238 3478 2316">
     <span class='ocr_line' id='line_1_52' title="bbox 1888 2238 3478 2316; baseline -0.004 -16"><span class='ocrx_word' id='word_1_340' title='bbox 1888 2244 1955 2300; x_wconf 90' lang='lat' dir='ltr'><strong>de</strong></span> <span class='ocrx_word' id='word_1_341' title='bbox 2002 2246 2274 2316; x_wconf 89' lang='lat' dir='ltr'><strong>proposito</strong></span> <span class='ocrx_word' id='word_1_342' title='bbox 2315 2245 2615 2315; x_wconf 89' lang='lat' dir='ltr'><strong>virginum,</strong></span> <span class='ocrx_word' id='word_1_343' title='bbox 2661 2242 2801 2311; x_wconf 89' lang='lat' dir='ltr'><strong>quod</strong></span> <span class='ocrx_word' id='word_1_344' title='bbox 2846 2241 3005 2297; x_wconf 87' lang='lat' dir='ltr'><strong>etiam</strong></span> <span class='ocrx_word' id='word_1_345' title='bbox 3052 2240 3290 2295; x_wconf 90' lang='lat' dir='ltr'><strong>moribus</strong></span> <span class='ocrx_word' id='word_1_346' title='bbox 3320 2238 3478 2294; x_wconf 87' lang='lat' dir='ltr'><strong>decet</strong></span> 
     </span>
    </p>
   </div>
   <div class='ocr_carea' id='block_1_53' title="bbox 1891 2333 3476 2408">
    <p class='ocr_par' dir='ltr' id='par_1_53' title="bbox 1891 2333 3476 2408">
     <span class='ocr_line' id='line_1_53' title="bbox 1891 2333 3476 2408; baseline -0.005 -15"><span class='ocrx_word' id='word_1_347' title='bbox 1891 2339 2066 2394; x_wconf 86' lang='lat' dir='ltr'><strong>inesse</strong></span> <span class='ocrx_word' id='word_1_348' title='bbox 2095 2348 2398 2408; x_wconf 89' lang='lat' dir='ltr'><strong>nuptarum.</strong></span> <span class='ocrx_word' id='word_1_349' title='bbox 2437 2349 2459 2377; x_wconf 73' lang='grc' dir='ltr'>ε</span> <span class='ocrx_word' id='word_1_350' title='bbox 2507 2336 2587 2394; x_wconf 90' lang='lat' dir='ltr'><strong>Sit</strong></span> <span class='ocrx_word' id='word_1_351' title='bbox 2618 2337 2669 2391; x_wconf 93' lang='lat' dir='ltr'><strong>iu</strong></span> <span class='ocrx_word' id='word_1_352' title='bbox 2699 2337 2811 2401; x_wconf 90' lang='lat' dir='ltr'><strong>eis,</strong></span> <span class='ocrx_word' id='word_1_353' title='bbox 2849 2336 3103 2401; x_wconf 79' lang='lat' dir='ltr'><strong>Domine,</strong></span> <span class='ocrx_word' id='word_1_354' title='bbox 3148 2349 3239 2402; x_wconf 88' lang='lat' dir='ltr'><strong>per</strong></span> <span class='ocrx_word' id='word_1_355' title='bbox 3278 2333 3476 2386; x_wconf 87' lang='lat' dir='ltr'><strong>donum</strong></span> 
     </span>
    </p>
   </div>
   <div class='ocr_carea' id='block_1_54' title="bbox 1888 2426 3477 2503">
    <p class='ocr_par' dir='ltr' id='par_1_54' title="bbox 1888 2426 3477 2503">
     <span class='ocr_line' id='line_1_54' title="bbox 1888 2426 3477 2503; baseline -0.007 -14"><span class='ocrx_word' id='word_1_356' title='bbox 1888 2431 2121 2503; x_wconf 84' lang='lat' dir='ltr'><strong>Spiritus</strong></span> <span class='ocrx_word' id='word_1_357' title='bbox 2170 2432 2241 2485; x_wconf 91' lang='lat' dir='ltr'><strong>tui</strong></span> <span class='ocrx_word' id='word_1_358' title='bbox 2262 2473 2278 2498; x_wconf 94' lang='lat'><strong>,</strong></span> <span class='ocrx_word' id='word_1_359' title='bbox 2311 2430 2543 2501; x_wconf 89' lang='lat' dir='ltr'><strong>prudens</strong></span> <span class='ocrx_word' id='word_1_360' title='bbox 2575 2428 2833 2483; x_wconf 88' lang='lat' dir='ltr'><strong>modestia</strong></span> <span class='ocrx_word' id='word_1_361' title='bbox 2855 2467 2871 2492; x_wconf 97' lang='lat'><strong>,</strong></span> <span class='ocrx_word' id='word_1_362' title='bbox 2905 2426 3118 2495; x_wconf 87' lang='lat' dir='ltr'><strong>sapiens</strong></span> <span class='ocrx_word' id='word_1_363' title='bbox 3144 2426 3477 2495; x_wconf 83' lang='lat' dir='ltr'><strong>benignitas,</strong></span> 
     </span>
    </p>
   </div>
   <div class='ocr_carea' id='block_1_55' title="bbox 1888 2517 3477 2597">
    <p class='ocr_par' dir='ltr' id='par_1_55' title="bbox 1888 2517 3477 2597">
     <span class='ocr_line' id='line_1_55' title="bbox 1888 2517 3477 2597; baseline -0.005 -18"><span class='ocrx_word' id='word_1_364' title='bbox 1888 2517 2065 2597; x_wconf 77' lang='lat' dir='ltr'><strong>gravis</strong></span> <span class='ocrx_word' id='word_1_365' title='bbox 2110 2524 2301 2581; x_wconf 82' lang='lat' dir='ltr'><strong>lenitas</strong></span> <span class='ocrx_word' id='word_1_366' title='bbox 2326 2568 2342 2591; x_wconf 92' lang='lat'><strong>,</strong></span> <span class='ocrx_word' id='word_1_367' title='bbox 2385 2533 2528 2579; x_wconf 85' lang='lat' dir='ltr'><strong>casta</strong></span> <span class='ocrx_word' id='word_1_368' title='bbox 2558 2522 2794 2578; x_wconf 89' lang='lat' dir='ltr'><strong>libertas.</strong></span> <span class='ocrx_word' id='word_1_369' title='bbox 2830 2522 2886 2577; x_wconf 90' lang='lat' dir='ltr'><strong>ln</strong></span> <span class='ocrx_word' id='word_1_370' title='bbox 2915 2521 3173 2576; x_wconf 90' lang='lat' dir='ltr'><strong>charitate</strong></span> <span class='ocrx_word' id='word_1_371' title='bbox 3206 2519 3477 2582; x_wconf 80' lang='lat' dir='ltr'><strong>ferveant,</strong></span> 
     </span>
    </p>
   </div>
   <div class='ocr_carea' id='block_1_56' title="bbox 1888 2612 3481 2688">
    <p class='ocr_par' dir='ltr' id='par_1_56' title="bbox 1888 2612 3481 2688">
     <span class='ocr_line' id='line_1_56' title="bbox 1888 2612 3481 2688; baseline -0.006 -13"><span class='ocrx_word' id='word_1_372' title='bbox 1888 2628 1943 2675; x_wconf 86' lang='lat' dir='ltr'><strong>et</strong></span> <span class='ocrx_word' id='word_1_373' title='bbox 1967 2619 2101 2674; x_wconf 84' lang='lat' dir='ltr'><strong>nihil</strong></span> <span class='ocrx_word' id='word_1_374' title='bbox 2137 2627 2292 2674; x_wconf 88' lang='lat' dir='ltr'><strong>extra</strong></span> <span class='ocrx_word' id='word_1_375' title='bbox 2328 2627 2379 2674; x_wconf 90' lang='lat' dir='ltr'><strong>te</strong></span> <span class='ocrx_word' id='word_1_376' title='bbox 2410 2617 2666 2688; x_wconf 88' lang='lat' dir='ltr'><strong>diligant;</strong></span> <span class='ocrx_word' id='word_1_377' title='bbox 2705 2614 3043 2671; x_wconf 88' lang='lat' dir='ltr'><strong>laudabiliter</strong></span> <span class='ocrx_word' id='word_1_378' title='bbox 3073 2616 3272 2679; x_wconf 89' lang='lat' dir='ltr'><strong>vivant,</strong></span> <span class='ocrx_word' id='word_1_379' title='bbox 3300 2612 3481 2666; x_wconf 82' lang='lat' dir='ltr'><strong>lauda-</strong></span> 
     </span>
    </p>
   </div>
   <div class='ocr_carea' id='block_1_57' title="bbox 1888 2706 3478 2784">
    <p class='ocr_par' dir='ltr' id='par_1_57' title="bbox 1888 2706 3478 2784">
     <span class='ocr_line' id='line_1_57' title="bbox 1888 2706 3478 2784; baseline -0.006 -17"><span class='ocrx_word' id='word_1_380' title='bbox 1888 2715 2041 2783; x_wconf 85' lang='lat' dir='ltr'><strong>rique</strong></span> <span class='ocrx_word' id='word_1_381' title='bbox 2068 2729 2174 2769; x_wconf 91' lang='lat' dir='ltr'><strong>non</strong></span> <span class='ocrx_word' id='word_1_382' title='bbox 2202 2720 2481 2784; x_wconf 88' lang='lat' dir='ltr'><strong>appetant.</strong></span> <span class='ocrx_word' id='word_1_383' title='bbox 2516 2710 2593 2768; x_wconf 87' lang='lat' dir='ltr'><strong>Te</strong></span> <span class='ocrx_word' id='word_1_384' title='bbox 2623 2712 2672 2765; x_wconf 92' lang='lat' dir='ltr'><strong>in</strong></span> <span class='ocrx_word' id='word_1_385' title='bbox 2709 2712 2992 2765; x_wconf 86' lang='lat' dir='ltr'><strong>sanctitate</strong></span> <span class='ocrx_word' id='word_1_386' title='bbox 3034 2707 3274 2777; x_wconf 89' lang='lat' dir='ltr'><strong>corporis</strong></span> <span class='ocrx_word' id='word_1_387' title='bbox 3296 2748 3310 2770; x_wconf 93' lang='lat'><strong>,</strong></span> <span class='ocrx_word' id='word_1_388' title='bbox 3344 2714 3393 2759; x_wconf 89' lang='lat' dir='ltr'><strong>te</strong></span> <span class='ocrx_word' id='word_1_389' title='bbox 3426 2706 3478 2758; x_wconf 90' lang='lat' dir='ltr'><strong>in</strong></span> 
     </span>
    </p>
   </div>
   <div class='ocr_carea' id='block_1_58' title="bbox 1886 2802 3477 2878">
    <p class='ocr_par' dir='ltr' id='par_1_58' title="bbox 1886 2802 3477 2878">
     <span class='ocr_line' id='line_1_58' title="bbox 1886 2802 3477 2878; baseline -0.005 -16"><span class='ocrx_word' id='word_1_390' title='bbox 1886 2807 2051 2862; x_wconf 90' lang='lat' dir='ltr'><strong>animi</strong></span> <span class='ocrx_word' id='word_1_391' title='bbox 2100 2808 2179 2863; x_wconf 92' lang='lat' dir='ltr'><strong>sui</strong></span> <span class='ocrx_word' id='word_1_392' title='bbox 2232 2809 2462 2878; x_wconf 87' lang='lat' dir='ltr'><strong>puritate</strong></span> <span class='ocrx_word' id='word_1_393' title='bbox 2507 2806 2832 2877; x_wconf 76' lang='lat' dir='ltr'><strong>glorificent.</strong></span> <span class='ocrx_word' id='word_1_394' title='bbox 2882 2804 3081 2859; x_wconf 83' lang='lat' dir='ltr'><strong>Amore</strong></span> <span class='ocrx_word' id='word_1_395' title='bbox 3123 2810 3175 2857; x_wconf 92' lang='lat' dir='ltr'><strong>te</strong></span> <span class='ocrx_word' id='word_1_396' title='bbox 3222 2802 3477 2867; x_wconf 80' lang='lat' dir='ltr'><strong>timeant,</strong></span> 
     </span>
    </p>
   </div>
   <div class='ocr_carea' id='block_1_59' title="bbox 1888 2893 3477 2964">
    <p class='ocr_par' dir='ltr' id='par_1_59' title="bbox 1888 2893 3477 2964">
     <span class='ocr_line' id='line_1_59' title="bbox 1888 2893 3477 2964; baseline -0.006 -11"><span class='ocrx_word' id='word_1_397' title='bbox 1888 2914 2071 2954; x_wconf 90' lang='lat' dir='ltr'><strong>amore</strong></span> <span class='ocrx_word' id='word_1_398' title='bbox 2099 2900 2190 2954; x_wconf 90' lang='lat' dir='ltr'><strong>tibi</strong></span> <span class='ocrx_word' id='word_1_399' title='bbox 2220 2898 2478 2955; x_wconf 86' lang='lat' dir='ltr'><strong>serviant.</strong></span> <span class='ocrx_word' id='word_1_400' title='bbox 2499 2898 2578 2951; x_wconf 85' lang='lat' dir='ltr'><strong>Tu</strong></span> <span class='ocrx_word' id='word_1_401' title='bbox 2602 2898 2679 2953; x_wconf 90' lang='lat' dir='ltr'><strong>eis</strong></span> <span class='ocrx_word' id='word_1_402' title='bbox 2711 2898 2883 2951; x_wconf 82' lang='lat' dir='ltr'><strong>honor</strong></span> <span class='ocrx_word' id='word_1_403' title='bbox 2912 2896 3008 2961; x_wconf 90' lang='lat' dir='ltr'><strong>sis,</strong></span> <span class='ocrx_word' id='word_1_404' title='bbox 3046 2904 3097 2949; x_wconf 93' lang='lat' dir='ltr'><strong>tu</strong></span> <span class='ocrx_word' id='word_1_405' title='bbox 3122 2893 3393 2964; x_wconf 92' lang='lat' dir='ltr'><strong>gaudium,</strong></span> <span class='ocrx_word' id='word_1_406' title='bbox 3421 2901 3477 2946; x_wconf 87' lang='lat' dir='ltr'><strong>tu</strong></span> 
     </span>
    </p>
   </div>
   <div class='ocr_carea' id='block_1_60' title="bbox 1886 2987 3479 3055">
    <p class='ocr_par' dir='ltr' id='par_1_60' title="bbox 1886 2987 3479 3055">
     <span class='ocr_line' id='line_1_60' title="bbox 1886 2987 3479 3055; baseline -0.004 -10"><span class='ocrx_word' id='word_1_407' title='bbox 1886 2992 2157 3045; x_wconf 84' lang='lat' dir='ltr'><strong>voluntas.</strong></span> <span class='ocrx_word' id='word_1_408' title='bbox 2180 2991 2260 3045; x_wconf 85' lang='lat' dir='ltr'><strong>Tu</strong></span> <span class='ocrx_word' id='word_1_409' title='bbox 2293 2993 2345 3045; x_wconf 94' lang='lat' dir='ltr'><strong>in</strong></span> <span class='ocrx_word' id='word_1_410' title='bbox 2378 3004 2611 3045; x_wconf 58' lang='lat' dir='ltr'><strong>maerore</strong></span> <span class='ocrx_word' id='word_1_411' title='bbox 2642 2990 2924 3055; x_wconf 81' lang='lat' dir='ltr'><strong>solatium,</strong></span> <span class='ocrx_word' id='word_1_412' title='bbox 2952 2996 3009 3042; x_wconf 90' lang='lat' dir='ltr'><strong>tu</strong></span> <span class='ocrx_word' id='word_1_413' title='bbox 3032 2987 3092 3040; x_wconf 87' lang='lat' dir='ltr'><strong>in</strong></span> <span class='ocrx_word' id='word_1_414' title='bbox 3130 2987 3479 3054; x_wconf 85' lang='lat' dir='ltr'><strong>ambiguitate</strong></span> 
     </span>
    </p>
   </div>
   <div class='ocr_carea' id='block_1_61' title="bbox 1890 3076 3478 3148">
    <p class='ocr_par' dir='ltr' id='par_1_61' title="bbox 1890 3076 3478 3148">
     <span class='ocr_line' id='line_1_61' title="bbox 1890 3076 3478 3148; baseline -0.006 -11"><span class='ocrx_word' id='word_1_415' title='bbox 1890 3084 2197 3147; x_wconf 88' lang='lat' dir='ltr'><strong>consilium,</strong></span> <span class='ocrx_word' id='word_1_416' title='bbox 2224 3092 2277 3137; x_wconf 94' lang='lat' dir='ltr'><strong>tu</strong></span> <span class='ocrx_word' id='word_1_417' title='bbox 2310 3082 2363 3135; x_wconf 91' lang='lat' dir='ltr'><strong>in</strong></span> <span class='ocrx_word' id='word_1_418' title='bbox 2394 3082 2587 3148; x_wconf 89' lang='lat' dir='ltr'><strong>injuria</strong></span> <span class='ocrx_word' id='word_1_419' title='bbox 2610 3080 2853 3134; x_wconf 81' lang='lat' dir='ltr'><strong>defensio</strong></span> <span class='ocrx_word' id='word_1_420' title='bbox 2876 3119 2889 3140; x_wconf 90' lang='lat'><strong>,</strong></span> <span class='ocrx_word' id='word_1_421' title='bbox 2922 3079 2973 3131; x_wconf 92' lang='lat' dir='ltr'><strong>in</strong></span> <span class='ocrx_word' id='word_1_422' title='bbox 3010 3076 3351 3131; x_wconf 88' lang='lat' dir='ltr'><strong>tribulatione</strong></span> <span class='ocrx_word' id='word_1_423' title='bbox 3378 3088 3478 3142; x_wconf 88' lang='lat' dir='ltr'><strong>pa-</strong></span> 
     </span>
    </p>
   </div>
   <div class='ocr_carea' id='block_1_62' title="bbox 1891 3165 3477 3243">
    <p class='ocr_par' dir='ltr' id='par_1_62' title="bbox 1891 3165 3477 3243">
     <span class='ocr_line' id='line_1_62' title="bbox 1891 3165 3477 3243; baseline -0.005 -15"><span class='ocrx_word' id='word_1_424' title='bbox 1891 3173 2099 3238; x_wconf 86' lang='lat' dir='ltr'><strong>tientia,</strong></span> <span class='ocrx_word' id='word_1_425' title='bbox 2126 3173 2177 3227; x_wconf 89' lang='lat' dir='ltr'><strong>in</strong></span> <span class='ocrx_word' id='word_1_426' title='bbox 2204 3180 2514 3243; x_wconf 81' lang='lat' dir='ltr'><strong>paupertate</strong></span> <span class='ocrx_word' id='word_1_427' title='bbox 2536 3171 2879 3235; x_wconf 89' lang='lat' dir='ltr'><strong>abundantia,</strong></span> <span class='ocrx_word' id='word_1_428' title='bbox 2911 3170 2963 3223; x_wconf 92' lang='lat' dir='ltr'><strong>in</strong></span> <span class='ocrx_word' id='word_1_429' title='bbox 2990 3167 3197 3237; x_wconf 88' lang='lat' dir='ltr'><strong>jejunio</strong></span> <span class='ocrx_word' id='word_1_430' title='bbox 3225 3166 3397 3232; x_wconf 89' lang='lat' dir='ltr'><strong>cibus,</strong></span> <span class='ocrx_word' id='word_1_431' title='bbox 3422 3165 3477 3220; x_wconf 90' lang='lat' dir='ltr'><strong>in</strong></span> 
     </span>
    </p>
   </div>
   <div class='ocr_carea' id='block_1_63' title="bbox 223 3256 3480 3332">
    <p class='ocr_par' dir='ltr' id='par_1_63' title="bbox 223 3256 3480 3332">
     <span class='ocr_line' id='line_1_63' title="bbox 223 3256 3480 3332; baseline 0 -19"><span class='ocrx_word' id='word_1_432' title='bbox 223 3269 329 3327; x_wconf 65' lang='lat' dir='ltr'><strong>qua</strong></span> <span class='ocrx_word' id='word_1_433' title='bbox 369 3259 421 3314; x_wconf 88' lang='lat' dir='ltr'><strong>in</strong></span> <span class='ocrx_word' id='word_1_434' title='bbox 443 3274 589 3316; x_wconf 88' lang='lat' dir='ltr'><strong>manu</strong></span> <span class='ocrx_word' id='word_1_435' title='bbox 619 3270 711 3317; x_wconf 86' lang='lat' dir='ltr'><strong>tua</strong></span> <span class='ocrx_word' id='word_1_436' title='bbox 736 3262 1083 3317; x_wconf 67' lang='lat' dir='ltr'><strong>continentia:</strong></span> <span class='ocrx_word' id='word_1_437' title='bbox 1113 3276 1226 3317; x_wconf 86' lang='lat' dir='ltr'><strong>suae</strong></span> <span class='ocrx_word' id='word_1_438' title='bbox 1253 3262 1587 3332; x_wconf 89' lang='lat' dir='ltr'><strong>propositum</strong></span> <span class='ocrx_word' id='word_1_439' title='bbox 1618 3260 1787 3317; x_wconf 77' lang='lat' dir='ltr'><strong>collo-</strong></span> <span class='ocrx_word' id='word_1_440' title='bbox 1813 3265 1860 3329; x_wconf 89' lang='lat' dir='ltr'><strong>C</strong></span> <span class='ocrx_word' id='word_1_441' title='bbox 1892 3264 2201 3321; x_wconf 81' lang='lat' dir='ltr'><strong>infirmitate</strong></span> <span class='ocrx_word' id='word_1_442' title='bbox 2229 3264 2517 3319; x_wconf 89' lang='lat' dir='ltr'><strong>medicina.</strong></span> <span class='ocrx_word' id='word_1_443' title='bbox 2548 3262 2603 3318; x_wconf 90' lang='lat' dir='ltr'><strong>ln</strong></span> <span class='ocrx_word' id='word_1_444' title='bbox 2638 3274 2687 3317; x_wconf 91' lang='lat' dir='ltr'><strong>te</strong></span> <span class='ocrx_word' id='word_1_445' title='bbox 2717 3261 2945 3317; x_wconf 86' lang='lat' dir='ltr'><strong>habeant</strong></span> <span class='ocrx_word' id='word_1_446' title='bbox 2968 3260 3168 3324; x_wconf 91' lang='lat' dir='ltr'><strong>omnia,</strong></span> <span class='ocrx_word' id='word_1_447' title='bbox 3190 3272 3347 3330; x_wconf 89' lang='lat' dir='ltr'><strong>quem</strong></span> <span class='ocrx_word' id='word_1_448' title='bbox 3370 3256 3480 3313; x_wconf 90' lang='lat' dir='ltr'><strong>ele-</strong></span> 
     </span>
    </p>
   </div>
   <div class='ocr_carea' id='block_1_64' title="bbox 217 3352 1777 3425">
    <p class='ocr_par' dir='ltr' id='par_1_64' title="bbox 217 3352 1777 3425">
     <span class='ocr_line' id='line_1_64' title="bbox 217 3352 1777 3425; baseline 0.003 -20"><span class='ocrx_word' id='word_1_449' title='bbox 217 3359 403 3419; x_wconf 85' lang='lat' dir='ltr'><strong>cantes,</strong></span> <span class='ocrx_word' id='word_1_450' title='bbox 431 3353 479 3408; x_wconf 92' lang='lat' dir='ltr'><strong>ei</strong></span> <span class='ocrx_word' id='word_1_451' title='bbox 506 3353 847 3411; x_wconf 86' lang='lat' dir='ltr'><strong>devotionem</strong></span> <span class='ocrx_word' id='word_1_452' title='bbox 876 3369 1029 3409; x_wconf 88' lang='lat' dir='ltr'><strong>suam</strong></span> <span class='ocrx_word' id='word_1_453' title='bbox 1055 3352 1306 3419; x_wconf 75' lang='lat' dir='ltr'><strong>otferunt,</strong></span> <span class='ocrx_word' id='word_1_454' title='bbox 1334 3368 1364 3409; x_wconf 90' lang='lat' dir='ltr'><strong>a</strong></span> <span class='ocrx_word' id='word_1_455' title='bbox 1386 3368 1494 3425; x_wconf 92' lang='lat' dir='ltr'><strong>quo</strong></span> <span class='ocrx_word' id='word_1_456' title='bbox 1515 3354 1629 3425; x_wconf 88' lang='lat' dir='ltr'><strong>ipsa</strong></span> <span class='ocrx_word' id='word_1_457' title='bbox 1652 3362 1777 3411; x_wconf 88' lang='lat' dir='ltr'><strong>vota</strong></span> 
     </span>
    </p>
   </div>
   <div class='ocr_carea' id='block_1_65' title="bbox 211 3445 1773 3515">
    <p class='ocr_par' dir='ltr' id='par_1_65' title="bbox 211 3445 1773 3515">
     <span class='ocr_line' id='line_1_65' title="bbox 211 3445 1773 3515; baseline 0.006 -20"><span class='ocrx_word' id='word_1_458' title='bbox 211 3455 548 3515; x_wconf 86' lang='lat' dir='ltr'><strong>sumpserunt.</strong></span> <span class='ocrx_word' id='word_1_459' title='bbox 571 3446 797 3514; x_wconf 85' lang='lat' dir='ltr'><strong>Quando</strong></span> <span class='ocrx_word' id='word_1_460' title='bbox 825 3446 969 3502; x_wconf 90' lang='lat' dir='ltr'><strong>enim</strong></span> <span class='ocrx_word' id='word_1_461' title='bbox 1000 3445 1211 3502; x_wconf 89' lang='lat' dir='ltr'><strong>animus</strong></span> <span class='ocrx_word' id='word_1_462' title='bbox 1236 3446 1446 3502; x_wconf 89' lang='lat' dir='ltr'><strong>mortali</strong></span> <span class='ocrx_word' id='word_1_463' title='bbox 1476 3461 1640 3504; x_wconf 88' lang='lat' dir='ltr'><strong>carne</strong></span> <span class='ocrx_word' id='word_1_464' title='bbox 1662 3448 1773 3504; x_wconf 87' lang='lat' dir='ltr'><strong>cir-</strong></span> 
     </span>
    </p>
   </div>
   <div class='ocr_carea' id='block_1_66' title="bbox 207 3539 1775 3613">
    <p class='ocr_par' dir='ltr' id='par_1_66' title="bbox 207 3539 1775 3613">
     <span class='ocr_line' id='line_1_66' title="bbox 207 3539 1775 3613; baseline 0.003 -20"><span class='ocrx_word' id='word_1_465' title='bbox 207 3539 499 3606; x_wconf 87' lang='lat' dir='ltr'><strong>cumdatus,</strong></span> <span class='ocrx_word' id='word_1_466' title='bbox 551 3542 725 3613; x_wconf 90' lang='lat' dir='ltr'><strong>legem</strong></span> <span class='ocrx_word' id='word_1_467' title='bbox 754 3550 993 3608; x_wconf 79' lang='lat' dir='ltr'><strong>naturae,</strong></span> <span class='ocrx_word' id='word_1_468' title='bbox 1037 3541 1336 3597; x_wconf 87' lang='lat' dir='ltr'><strong>libertatem</strong></span> <span class='ocrx_word' id='word_1_469' title='bbox 1369 3540 1601 3598; x_wconf 62' lang='lat' dir='ltr'><strong>licentia</strong></span> <span class='ocrx_word' id='word_1_470' title='bbox 1622 3583 1637 3609; x_wconf 94' lang='lat'><strong>,</strong></span> <span class='ocrx_word' id='word_1_471' title='bbox 1666 3541 1775 3597; x_wconf 89' lang='lat' dir='ltr'><strong>vim</strong></span> 
     </span>
    </p>
   </div>
   <div class='ocr_carea' id='block_1_67' title="bbox 206 3632 1777 3701">
    <p class='ocr_par' dir='ltr' id='par_1_67' title="bbox 206 3632 1777 3701">
     <span class='ocr_line' id='line_1_67' title="bbox 206 3632 1777 3701; baseline 0.003 -17"><span class='ocrx_word' id='word_1_472' title='bbox 206 3632 631 3699; x_wconf 86' lang='lat' dir='ltr'><strong>consuetudinis,</strong></span> <span class='ocrx_word' id='word_1_473' title='bbox 665 3641 723 3689; x_wconf 89' lang='lat' dir='ltr'><strong>et</strong></span> <span class='ocrx_word' id='word_1_474' title='bbox 750 3632 997 3689; x_wconf 89' lang='lat' dir='ltr'><strong>stimulos</strong></span> <span class='ocrx_word' id='word_1_475' title='bbox 1035 3634 1209 3689; x_wconf 54' lang='lat' dir='ltr'><strong>aetatis</strong></span> <span class='ocrx_word' id='word_1_476' title='bbox 1247 3634 1552 3701; x_wconf 90' lang='lat' dir='ltr'><strong>evinceret,</strong></span> <span class='ocrx_word' id='word_1_477' title='bbox 1586 3633 1690 3689; x_wconf 89' lang='lat' dir='ltr'><strong>nisi</strong></span> <span class='ocrx_word' id='word_1_478' title='bbox 1719 3640 1777 3689; x_wconf 90' lang='lat' dir='ltr'><strong>tu</strong></span> 
     </span>
    </p>
   </div>
   <div class='ocr_carea' id='block_1_68' title="bbox 206 3723 1777 3801">
    <p class='ocr_par' dir='ltr' id='par_1_68' title="bbox 206 3723 1777 3801">
     <span class='ocr_line' id='line_1_68' title="bbox 206 3723 1777 3801; baseline 0.004 -22"><span class='ocrx_word' id='word_1_479' title='bbox 206 3723 327 3782; x_wconf 85' lang='lat' dir='ltr'><strong>hanc</strong></span> <span class='ocrx_word' id='word_1_480' title='bbox 348 3727 618 3784; x_wconf 81' lang='lat' dir='ltr'><strong>ﬂammam</strong></span> <span class='ocrx_word' id='word_1_481' title='bbox 649 3728 945 3784; x_wconf 90' lang='lat' dir='ltr'><strong>clementer</strong></span> <span class='ocrx_word' id='word_1_482' title='bbox 973 3729 1299 3785; x_wconf 89' lang='lat' dir='ltr'><strong>accenderes</strong></span> <span class='ocrx_word' id='word_1_483' title='bbox 1318 3775 1332 3799; x_wconf 92' lang='lat'><strong>,</strong></span> <span class='ocrx_word' id='word_1_484' title='bbox 1373 3738 1429 3785; x_wconf 92' lang='lat' dir='ltr'><strong>tu</strong></span> <span class='ocrx_word' id='word_1_485' title='bbox 1458 3729 1597 3785; x_wconf 89' lang='lat' dir='ltr'><strong>hanc</strong></span> <span class='ocrx_word' id='word_1_486' title='bbox 1625 3729 1777 3801; x_wconf 86' lang='lat' dir='ltr'><strong>cupi-</strong></span> 
     </span>
    </p>
   </div>
   <div class='ocr_carea' id='block_1_69' title="bbox 203 3818 1775 3892">
    <p class='ocr_par' dir='ltr' id='par_1_69' title="bbox 203 3818 1775 3892">
     <span class='ocr_line' id='line_1_69' title="bbox 203 3818 1775 3892; baseline 0.006 -22"><span class='ocrx_word' id='word_1_487' title='bbox 203 3818 408 3875; x_wconf 88' lang='lat' dir='ltr'><strong>ditatem</strong></span> <span class='ocrx_word' id='word_1_488' title='bbox 433 3820 701 3892; x_wconf 88' lang='lat' dir='ltr'><strong>benignus</strong></span> <span class='ocrx_word' id='word_1_489' title='bbox 722 3822 918 3892; x_wconf 88' lang='lat' dir='ltr'><strong>aleres,</strong></span> <span class='ocrx_word' id='word_1_490' title='bbox 936 3828 993 3877; x_wconf 90' lang='lat' dir='ltr'><strong>tu</strong></span> <span class='ocrx_word' id='word_1_491' title='bbox 1016 3821 1380 3879; x_wconf 89' lang='lat' dir='ltr'><strong>fortitudinem</strong></span> <span class='ocrx_word' id='word_1_492' title='bbox 1406 3824 1775 3879; x_wconf 77' lang='lat' dir='ltr'><strong>ministraresl</strong></span> 
     </span>
    </p>
   </div>
   <div class='ocr_carea' id='block_1_70' title="bbox 204 3911 1777 3989">
    <p class='ocr_par' dir='ltr' id='par_1_70' title="bbox 204 3911 1777 3989">
     <span class='ocr_line' id='line_1_70' title="bbox 204 3911 1777 3989; baseline 0.004 -23"><span class='ocrx_word' id='word_1_493' title='bbox 204 3911 367 3969; x_wconf 79' lang='lat' dir='ltr'><strong>Effusa</strong></span> <span class='ocrx_word' id='word_1_494' title='bbox 398 3930 629 3987; x_wconf 90' lang='lat' dir='ltr'><strong>namque</strong></span> <span class='ocrx_word' id='word_1_495' title='bbox 664 3917 718 3971; x_wconf 89' lang='lat' dir='ltr'><strong>in</strong></span> <span class='ocrx_word' id='word_1_496' title='bbox 747 3930 934 3972; x_wconf 89' lang='lat' dir='ltr'><strong>omnes</strong></span> <span class='ocrx_word' id='word_1_497' title='bbox 962 3925 1150 3987; x_wconf 86' lang='lat' dir='ltr'><strong>gentes</strong></span> <span class='ocrx_word' id='word_1_498' title='bbox 1176 3918 1346 3989; x_wconf 91' lang='lat' dir='ltr'><strong>gratia</strong></span> <span class='ocrx_word' id='word_1_499' title='bbox 1378 3927 1463 3973; x_wconf 93' lang='lat' dir='ltr'><strong>tua</strong></span> <span class='ocrx_word' id='word_1_500' title='bbox 1482 3963 1497 3987; x_wconf 87' lang='lat'><strong>,</strong></span> <span class='ocrx_word' id='word_1_501' title='bbox 1529 3933 1596 3974; x_wconf 86' lang='lat' dir='ltr'><strong>ex</strong></span> <span class='ocrx_word' id='word_1_502' title='bbox 1629 3917 1777 3973; x_wconf 89' lang='lat' dir='ltr'><strong>omni</strong></span> 
     </span>
    </p>
   </div>
   <div class='ocr_carea' id='block_1_71' title="bbox 200 4010 1777 4083">
    <p class='ocr_par' dir='ltr' id='par_1_71' title="bbox 200 4010 1777 4083">
     <span class='ocr_line' id='line_1_71' title="bbox 200 4010 1777 4083; baseline 0.004 -21"><span class='ocrx_word' id='word_1_503' title='bbox 200 4010 401 4067; x_wconf 88' lang='lat' dir='ltr'><strong>natione</strong></span> <span class='ocrx_word' id='word_1_504' title='bbox 424 4026 546 4083; x_wconf 63' lang='lat' dir='ltr'><strong>quae</strong></span> <span class='ocrx_word' id='word_1_505' title='bbox 573 4020 657 4068; x_wconf 90' lang='lat' dir='ltr'><strong>est</strong></span> <span class='ocrx_word' id='word_1_506' title='bbox 678 4012 779 4067; x_wconf 90' lang='lat' dir='ltr'><strong>sub</strong></span> <span class='ocrx_word' id='word_1_507' title='bbox 800 4013 973 4082; x_wconf 65' lang='lat' dir='ltr'><strong>calo,</strong></span> <span class='ocrx_word' id='word_1_508' title='bbox 1013 4012 1065 4067; x_wconf 94' lang='lat' dir='ltr'><strong>in</strong></span> <span class='ocrx_word' id='word_1_509' title='bbox 1108 4012 1383 4068; x_wconf 89' lang='lat' dir='ltr'><strong>stellarum</strong></span> <span class='ocrx_word' id='word_1_510' title='bbox 1414 4012 1777 4069; x_wconf 87' lang='lat' dir='ltr'><strong>innumerabi-</strong></span> 
     </span>
    </p>
   </div>
   <div class='ocr_carea' id='block_1_72' title="bbox 197 4099 1774 4174">
    <p class='ocr_par' dir='ltr' id='par_1_72' title="bbox 197 4099 1774 4174">
     <span class='ocr_line' id='line_1_72' title="bbox 197 4099 1774 4174; baseline 0.003 -19"><span class='ocrx_word' id='word_1_511' title='bbox 197 4099 288 4156; x_wconf 88' lang='lat' dir='ltr'><strong>lem</strong></span> <span class='ocrx_word' id='word_1_512' title='bbox 315 4118 601 4160; x_wconf 89' lang='lat' dir='ltr'><strong>numerum</strong></span> <span class='ocrx_word' id='word_1_513' title='bbox 628 4105 751 4160; x_wconf 88' lang='lat' dir='ltr'><strong>novi</strong></span> <span class='ocrx_word' id='word_1_514' title='bbox 776 4103 1106 4160; x_wconf 84' lang='lat' dir='ltr'><strong>Testamenti</strong></span> <span class='ocrx_word' id='word_1_515' title='bbox 1133 4105 1439 4161; x_wconf 63' lang='lat' dir='ltr'><strong>heredibus</strong></span> <span class='ocrx_word' id='word_1_516' title='bbox 1477 4104 1774 4174; x_wconf 89' lang='lat' dir='ltr'><strong>adoptatis,</strong></span> 
     </span>
    </p>
   </div>
   <div class='ocr_carea' id='block_1_73' title="bbox 198 4193 1779 4269">
    <p class='ocr_par' dir='ltr' id='par_1_73' title="bbox 198 4193 1779 4269">
     <span class='ocr_line' id='line_1_73' title="bbox 198 4193 1779 4269; baseline 0.003 -21"><span class='ocrx_word' id='word_1_517' title='bbox 198 4193 320 4252; x_wconf 89' lang='lat' dir='ltr'><strong>inter</strong></span> <span class='ocrx_word' id='word_1_518' title='bbox 344 4208 571 4254; x_wconf 71' lang='lat' dir='ltr'><strong>caeteras</strong></span> <span class='ocrx_word' id='word_1_519' title='bbox 621 4200 852 4255; x_wconf 88' lang='lat' dir='ltr'><strong>virtutes</strong></span> <span class='ocrx_word' id='word_1_520' title='bbox 887 4212 1021 4269; x_wconf 92' lang='lat' dir='ltr'><strong>quas</strong></span> <span class='ocrx_word' id='word_1_521' title='bbox 1060 4196 1186 4255; x_wconf 81' lang='lat' dir='ltr'><strong>ﬁliis</strong></span> <span class='ocrx_word' id='word_1_522' title='bbox 1214 4200 1319 4254; x_wconf 89' lang='lat' dir='ltr'><strong>tuis</strong></span> <span class='ocrx_word' id='word_1_523' title='bbox 1341 4240 1355 4266; x_wconf 93' lang='lat'><strong>,</strong></span> <span class='ocrx_word' id='word_1_524' title='bbox 1410 4213 1515 4253; x_wconf 94' lang='lat' dir='ltr'><strong>non</strong></span> <span class='ocrx_word' id='word_1_525' title='bbox 1556 4214 1621 4254; x_wconf 87' lang='lat' dir='ltr'><strong>ex</strong></span> <span class='ocrx_word' id='word_1_526' title='bbox 1653 4213 1779 4253; x_wconf 89' lang='lat' dir='ltr'><strong>san-</strong></span> 
     </span>
    </p>
   </div>
   <div class='ocr_carea' id='block_1_74' title="bbox 261 4399 1140 4473">
    <p class='ocr_par' dir='ltr' id='par_1_74' title="bbox 261 4399 1140 4473">
     <span class='ocr_line' id='line_1_74' title="bbox 261 4399 1140 4473; baseline -0.007 -14"><span class='ocrx_word' id='word_1_527' title='bbox 261 4414 283 4440; x_wconf 81' lang='grc' dir='ltr'>ἰ</span> <span class='ocrx_word' id='word_1_528' title='bbox 310 4402 493 4459; x_wconf 83' lang='lat' dir='ltr'><strong>Codex</strong></span> <span class='ocrx_word' id='word_1_529' title='bbox 522 4404 574 4456; x_wconf 92' lang='lat' dir='ltr'><strong>in</strong></span> <span class='ocrx_word' id='word_1_530' title='bbox 602 4416 796 4472; x_wconf 90' lang='lat' dir='ltr'><strong>marg.,</strong></span> <span class='ocrx_word' id='word_1_531' title='bbox 828 4399 894 4454; x_wconf 88' lang='lat' dir='ltr'><strong>In</strong></span> <span class='ocrx_word' id='word_1_532' title='bbox 913 4400 1140 4473; x_wconf 83' lang='lat' dir='ltr'><strong>jejunio.</strong></span> 
     </span>
    </p>
   </div>
   <div class='ocr_carea' id='block_1_75' title="bbox 258 4469 1774 4541">
    <p class='ocr_par' dir='ltr' id='par_1_75' title="bbox 258 4469 1774 4541">
     <span class='ocr_line' id='line_1_75' title="bbox 258 4469 1774 4541; baseline -0.005 -11"><span class='ocrx_word' id='word_1_533' title='bbox 258 4474 283 4512; x_wconf 74' lang='grc' dir='ltr'>δ</span> <span class='ocrx_word' id='word_1_534' title='bbox 314 4476 440 4530; x_wconf 68' lang='lat' dir='ltr'><strong>Haec</strong></span> <span class='ocrx_word' id='word_1_535' title='bbox 459 4484 515 4529; x_wconf 86' lang='lat' dir='ltr'><strong>et</strong></span> <span class='ocrx_word' id='word_1_536' title='bbox 534 4469 765 4541; x_wconf 77' lang='lat' dir='ltr'><strong>sequens</strong></span> <span class='ocrx_word' id='word_1_537' title='bbox 790 4469 980 4527; x_wconf 65' lang='lat' dir='ltr'><strong>oratio&#39;</strong></span> <span class='ocrx_word' id='word_1_538' title='bbox 1000 4472 1248 4541; x_wconf 90' lang='lat' dir='ltr'><strong>leguntur</strong></span> <span class='ocrx_word' id='word_1_539' title='bbox 1277 4470 1329 4523; x_wconf 93' lang='lat' dir='ltr'><strong>in</strong></span> <span class='ocrx_word' id='word_1_540' title='bbox 1360 4469 1540 4541; x_wconf 83' lang='lat' dir='ltr'><strong>Gelas.</strong></span> <span class='ocrx_word' id='word_1_541' title='bbox 1576 4469 1668 4541; x_wconf 88' lang='lat' dir='ltr'><strong>lib.</strong></span> <span class='ocrx_word' id='word_1_542' title='bbox 1716 4482 1774 4541; x_wconf 66' lang='grc' dir='ltr'><strong>ι,</strong></span> 
     </span>
    </p>
   </div>
   <div class='ocr_carea' id='block_1_76' title="bbox 200 4538 1776 4613">
    <p class='ocr_par' dir='ltr' id='par_1_76' title="bbox 200 4538 1776 4613">
     <span class='ocr_line' id='line_1_76' title="bbox 200 4538 1776 4613; baseline -0.003 -16"><span class='ocrx_word' id='word_1_543' title='bbox 200 4546 372 4602; x_wconf 76' lang='lat' dir='ltr'><strong>n.10&#39;5</strong></span> <span class='ocrx_word' id='word_1_544' title='bbox 395 4587 407 4610; x_wconf 91' lang='lat'><strong>,</strong></span> <span class='ocrx_word' id='word_1_545' title='bbox 450 4548 502 4599; x_wconf 90' lang='lat' dir='ltr'><strong>in</strong></span> <span class='ocrx_word' id='word_1_546' title='bbox 534 4538 692 4599; x_wconf 86' lang='lat' dir='ltr'><strong>codd.</strong></span> <span class='ocrx_word' id='word_1_547' title='bbox 737 4544 931 4613; x_wconf 86' lang='lat' dir='ltr'><strong>Greg.,</strong></span> <span class='ocrx_word' id='word_1_548' title='bbox 973 4544 1025 4595; x_wconf 89' lang='lat' dir='ltr'><strong>in</strong></span> <span class='ocrx_word' id='word_1_549' title='bbox 1058 4538 1417 4596; x_wconf 69' lang='lat' dir='ltr'><strong>benedictione</strong></span> <span class='ocrx_word' id='word_1_550' title='bbox 1454 4540 1666 4613; x_wconf 76' lang='lat' dir='ltr'><strong>virginis</strong></span> <span class='ocrx_word' id='word_1_551' title='bbox 1712 4538 1776 4593; x_wconf 88' lang='lat' dir='ltr'><strong>ab</strong></span> 
     </span>
    </p>
   </div>
   <div class='ocr_carea' id='block_1_77' title="bbox 196 4611 1776 4688">
    <p class='ocr_par' dir='ltr' id='par_1_77' title="bbox 196 4611 1776 4688">
     <span class='ocr_line' id='line_1_77' title="bbox 196 4611 1776 4688; baseline -0.003 -20"><span class='ocrx_word' id='word_1_552' title='bbox 196 4618 421 4688; x_wconf 71' lang='lat' dir='ltr'><strong>episcopo</strong></span> <span class='ocrx_word' id='word_1_553' title='bbox 470 4616 717 4682; x_wconf 84' lang='lat' dir='ltr'><strong>dicenda;</strong></span> <span class='ocrx_word' id='word_1_554' title='bbox 765 4611 1518 4688; x_wconf 7' lang='lat' dir='ltr'><strong>inf—Qrdinejlomano‘apud</strong></span> <span class='ocrx_word' id='word_1_555' title='bbox 1570 4611 1776 4688; x_wconf 72' lang='lat' dir='ltr'><strong>llittor-</strong></span> 
     </span>
    </p>
   </div>
   <div class='ocr_carea' id='block_1_78' title="bbox 198 4684 1777 4753">
    <p class='ocr_par' dir='ltr' id='par_1_78' title="bbox 198 4684 1777 4753">
     <span class='ocr_line' id='line_1_78' title="bbox 198 4684 1777 4753; baseline -0.003 -12"><span class='ocrx_word' id='word_1_556' title='bbox 198 4684 364 4753; x_wconf 76' lang='lat' dir='ltr'><strong>pium,</strong></span> <span class='ocrx_word' id='word_1_557' title='bbox 397 4691 533 4743; x_wconf 88' lang='lat' dir='ltr'><strong>etin</strong></span> <span class='ocrx_word' id='word_1_558' title='bbox 564 4687 863 4742; x_wconf 82' lang='lat' dir='ltr'><strong>Poutiticali</strong></span> <span class='ocrx_word' id='word_1_559' title='bbox 895 4686 1048 4741; x_wconf 88' lang='lat' dir='ltr'><strong>Rom.</strong></span> <span class='ocrx_word' id='word_1_560' title='bbox 1082 4684 1278 4740; x_wconf 90' lang='lat' dir='ltr'><strong>Leonis</strong></span> <span class='ocrx_word' id='word_1_561' title='bbox 1316 4684 1675 4753; x_wconf 90' lang='lat' dir='ltr'><strong>eloquentiam</strong></span> <span class='ocrx_word' id='word_1_562' title='bbox 1721 4689 1777 4737; x_wconf 89' lang='lat' dir='ltr'><strong>et</strong></span> 
     </span>
    </p>
   </div>
   <div class='ocr_carea' id='block_1_79' title="bbox 198 4758 823 4828">
    <p class='ocr_par' dir='ltr' id='par_1_79' title="bbox 198 4758 823 4828">
     <span class='ocr_line' id='line_1_79' title="bbox 198 4758 823 4828; baseline -0.002 -17"><span class='ocrx_word' id='word_1_563' title='bbox 198 4761 482 4815; x_wconf 83' lang='lat' dir='ltr'><strong>sententias</strong></span> <span class='ocrx_word' id='word_1_564' title='bbox 513 4758 823 4828; x_wconf 63' lang='lat' dir='ltr'><strong>praeferunt.</strong></span> 
     </span>
    </p>
   </div>
   <div class='ocr_carea' id='block_1_80' title="bbox 264 4810 2433 4899">
    <p class='ocr_par' dir='ltr' id='par_1_80' title="bbox 264 4810 2433 4899">
     <span class='ocr_line' id='line_1_80' title="bbox 264 4810 2433 4899; baseline -0.004 -13"><span class='ocrx_word' id='word_1_565' title='bbox 264 4810 869 4899; x_wconf 43' lang='lat' dir='ltr'><strong>é&#39;iiié’iéririiiis’dsﬁue</strong></span> <span class='ocrx_word' id='word_1_566' title='bbox 891 4830 956 4883; x_wconf 90' lang='lat' dir='ltr'><strong>ad</strong></span> <span class='ocrx_word' id='word_1_567' title='bbox 986 4829 1141 4882; x_wconf 88' lang='lat' dir='ltr'><strong>ﬁnem</strong></span> <span class='ocrx_word' id='word_1_568' title='bbox 1168 4825 1484 4899; x_wconf 65' lang='lat' dir='ltr'><strong>proponitur</strong></span> <span class='ocrx_word' id='word_1_569' title='bbox 1513 4840 1777 4879; x_wconf 86' lang='lat' dir='ltr'><strong>consecra-</strong></span> <span class='ocrx_word' id='word_1_570' title='bbox 1803 4810 1859 4871; x_wconf 80' lang='grc' dir='ltr'><strong>Ι)</strong></span> <span class='ocrx_word' id='word_1_571' title='bbox 1882 4826 2099 4899; x_wconf 65' lang='lat' dir='ltr'><strong>dictione</strong></span> <span class='ocrx_word' id='word_1_572' title='bbox 2119 4810 2433 4893; x_wconf 68' lang='lat' dir='ltr'><strong>sanctiﬁcari</strong></span> 
     </span>
    </p>
   </div>
   <div class='ocr_carea' id='block_1_81' title="bbox 198 4895 1776 4973">
    <p class='ocr_par' dir='ltr' id='par_1_81' title="bbox 198 4895 1776 4973">
     <span class='ocr_line' id='line_1_81' title="bbox 198 4895 1776 4973; baseline 0 -22"><span class='ocrx_word' id='word_1_573' title='bbox 198 4904 259 4955; x_wconf 83' lang='lat' dir='ltr'><strong>tio</strong></span> <span class='ocrx_word' id='word_1_574' title='bbox 286 4904 545 4973; x_wconf 75' lang='lat' dir='ltr'><strong>uirginum</strong></span> <span class='ocrx_word' id='word_1_575' title='bbox 575 4902 627 4956; x_wconf 92' lang='lat' dir='ltr'><strong>in</strong></span> <span class='ocrx_word' id='word_1_576' title='bbox 657 4895 1335 4973; x_wconf 13' lang='lat' dir='ltr'><strong>codd.rGreg._Muratorii.</strong></span> <span class='ocrx_word' id='word_1_577' title='bbox 1377 4895 1643 4953; x_wconf 67' lang='lat' dir='ltr'><strong>Caeterum</strong></span> <span class='ocrx_word' id='word_1_578' title='bbox 1670 4911 1776 4951; x_wconf 92' lang='lat' dir='ltr'><strong>non</strong></span> 
     </span>
    </p>
   </div>
   <div class='ocr_carea' id='block_1_82' title="bbox 198 4970 1278 5041">
    <p class='ocr_par' dir='ltr' id='par_1_82' title="bbox 198 4970 1278 5041">
     <span class='ocr_line' id='line_1_82' title="bbox 198 4970 1278 5041; baseline -0.003 -15"><span class='ocrx_word' id='word_1_579' title='bbox 198 4970 382 5041; x_wconf 57' lang='lat' dir='ltr'><strong>paucae</strong></span> <span class='ocrx_word' id='word_1_580' title='bbox 401 4974 673 5028; x_wconf 87' lang='lat' dir='ltr'><strong>variantes</strong></span> <span class='ocrx_word' id='word_1_581' title='bbox 705 4974 755 5027; x_wconf 92' lang='lat' dir='ltr'><strong>in</strong></span> <span class='ocrx_word' id='word_1_582' title='bbox 789 4972 872 5026; x_wconf 87' lang='lat' dir='ltr'><strong>bis</strong></span> <span class='ocrx_word' id='word_1_583' title='bbox 904 4970 1278 5040; x_wconf 71' lang='lat' dir='ltr'><strong>praeferuntur.</strong></span> 
     </span>
    </p>
   </div>
   <div class='ocr_carea' id='block_1_83' title="bbox 261 5039 1778 5106">
    <p class='ocr_par' dir='ltr' id='par_1_83' title="bbox 261 5039 1778 5106">
     <span class='ocr_line' id='line_1_83' title="bbox 261 5039 1778 5106; baseline -0.005 -5"><span class='ocrx_word' id='word_1_584' title='bbox 261 5044 287 5082; x_wconf 72' lang='grc' dir='ltr'><em>ά</em></span> <span class='ocrx_word' id='word_1_585' title='bbox 315 5046 373 5101; x_wconf 91' lang='lat' dir='ltr'><strong>ln</strong></span> <span class='ocrx_word' id='word_1_586' title='bbox 396 5045 577 5101; x_wconf 90' lang='lat' dir='ltr'><strong>Gelas.</strong></span> <span class='ocrx_word' id='word_1_587' title='bbox 610 5039 1040 5101; x_wconf 86' lang='lat' dir='ltr'><strong>Sacramentario</strong></span> <span class='ocrx_word' id='word_1_588' title='bbox 1062 5042 1158 5097; x_wconf 93' lang='lat' dir='ltr'><strong>lib.</strong></span> <span class='ocrx_word' id='word_1_589' title='bbox 1194 5055 1281 5106; x_wconf 84' lang='lat' dir='ltr'><strong>ut,</strong></span> <span class='ocrx_word' id='word_1_590' title='bbox 1316 5055 1371 5095; x_wconf 93' lang='lat' dir='ltr'><strong>n.</strong></span> <span class='ocrx_word' id='word_1_591' title='bbox 1403 5040 1504 5106; x_wconf 70' lang='lat'><strong>52,</strong></span> <span class='ocrx_word' id='word_1_592' title='bbox 1537 5040 1627 5095; x_wconf 90' lang='lat' dir='ltr'><strong>ubi</strong></span> <span class='ocrx_word' id='word_1_593' title='bbox 1661 5039 1778 5095; x_wconf 73' lang='lat' dir='ltr'><strong>htec</strong></span> 
     </span>
    </p>
   </div>
   <div class='ocr_carea' id='block_1_84' title="bbox 199 5112 1778 5186">
    <p class='ocr_par' dir='ltr' id='par_1_84' title="bbox 199 5112 1778 5186">
     <span class='ocr_line' id='line_1_84' title="bbox 199 5112 1778 5186; baseline -0.001 -19"><span class='ocrx_word' id='word_1_594' title='bbox 199 5124 297 5169; x_wconf 88' lang='lat' dir='ltr'><strong>tota</strong></span> <span class='ocrx_word' id='word_1_595' title='bbox 339 5116 499 5170; x_wconf 81' lang='lat' dir='ltr'><strong>Missa</strong></span> <span class='ocrx_word' id='word_1_596' title='bbox 533 5115 749 5186; x_wconf 86' lang='lat' dir='ltr'><strong>legitur,</strong></span> <span class='ocrx_word' id='word_1_597' title='bbox 795 5123 1015 5184; x_wconf 83' lang='lat' dir='ltr'><strong>excepta</strong></span> <span class='ocrx_word' id='word_1_598' title='bbox 1045 5112 1297 5186; x_wconf 72' lang='lat' dir='ltr'><strong>pratione</strong></span> <span class='ocrx_word' id='word_1_599' title='bbox 1326 5112 1579 5186; x_wconf 71' lang='lat' dir='ltr'><strong>Suscipe,~</strong></span> <span class='ocrx_word' id='word_1_600' title='bbox 1624 5112 1778 5165; x_wconf 50' lang='lat' dir='ltr'><strong>et‘in</strong></span> 
     </span>
    </p>
   </div>
   <div class='ocr_carea' id='block_1_85' title="bbox 196 5183 1777 5252">
    <p class='ocr_par' dir='ltr' id='par_1_85' title="bbox 196 5183 1777 5252">
     <span class='ocr_line' id='line_1_85' title="bbox 196 5183 1777 5252; baseline -0.004 -11"><span class='ocrx_word' id='word_1_601' title='bbox 196 5187 344 5243; x_wconf 84' lang='lat' dir='ltr'><strong>codd.</strong></span> <span class='ocrx_word' id='word_1_602' title='bbox 372 5183 626 5242; x_wconf 79' lang='lat' dir='ltr'><strong>Remensi</strong></span> <span class='ocrx_word' id='word_1_603' title='bbox 659 5183 1009 5251; x_wconf 82' lang='lat' dir='ltr'><strong>Menardi,ac</strong></span> <span class='ocrx_word' id='word_1_604' title='bbox 1032 5183 1339 5240; x_wconf 87' lang='lat' dir='ltr'><strong>Gellonensi</strong></span> <span class='ocrx_word' id='word_1_605' title='bbox 1367 5184 1505 5252; x_wconf 91' lang='lat' dir='ltr'><strong>apud</strong></span> <span class='ocrx_word' id='word_1_606' title='bbox 1532 5183 1777 5237; x_wconf 86' lang='lat' dir='ltr'><strong>Martene</strong></span> 
     </span>
    </p>
   </div>
   <div class='ocr_carea' id='block_1_86' title="bbox 195 5253 1779 5328">
    <p class='ocr_par' dir='ltr' id='par_1_86' title="bbox 195 5253 1779 5328">
     <span class='ocr_line' id='line_1_86' title="bbox 195 5253 1779 5328; baseline -0.003 -17"><span class='ocrx_word' id='word_1_607' title='bbox 195 5258 258 5312; x_wconf 86' lang='lat' dir='ltr'><strong>de</strong></span> <span class='ocrx_word' id='word_1_608' title='bbox 283 5262 453 5328; x_wconf 89' lang='lat' dir='ltr'><strong>antiq.</strong></span> <span class='ocrx_word' id='word_1_609' title='bbox 489 5259 633 5314; x_wconf 86' lang='lat' dir='ltr'><strong>Eccl.</strong></span> <span class='ocrx_word' id='word_1_610' title='bbox 663 5257 893 5318; x_wconf 84' lang='lat' dir='ltr'><strong>Ritibus,</strong></span> <span class='ocrx_word' id='word_1_611' title='bbox 921 5256 1013 5328; x_wconf 87' lang='lat' dir='ltr'><strong>lib.</strong></span> <span class='ocrx_word' id='word_1_612' title='bbox 1044 5271 1096 5328; x_wconf 39' lang='grc' dir='ltr'><strong>ιλ</strong></span> <span class='ocrx_word' id='word_1_613' title='bbox 1123 5270 1243 5325; x_wconf 90' lang='lat' dir='ltr'><strong>cap.</strong></span> <span class='ocrx_word' id='word_1_614' title='bbox 1276 5256 1329 5320; x_wconf 90' lang='lat'><strong>9,</strong></span> <span class='ocrx_word' id='word_1_615' title='bbox 1363 5270 1413 5308; x_wconf 93' lang='lat' dir='ltr'><strong>a.</strong></span> <span class='ocrx_word' id='word_1_616' title='bbox 1445 5255 1500 5319; x_wconf 84' lang='lat'><strong>5,</strong></span> <span class='ocrx_word' id='word_1_617' title='bbox 1532 5253 1779 5308; x_wconf 88' lang='lat' dir='ltr'><strong>inscribi-</strong></span> 
     </span>
    </p>
   </div>
   <div class='ocr_carea' id='block_1_87' title="bbox 200 5326 1781 5399">
    <p class='ocr_par' dir='ltr' id='par_1_87' title="bbox 200 5326 1781 5399">
     <span class='ocr_line' id='line_1_87' title="bbox 200 5326 1781 5399; baseline -0.002 -18"><span class='ocrx_word' id='word_1_618' title='bbox 200 5337 279 5383; x_wconf 88' lang='lat' dir='ltr'><strong>tur</strong></span> <span class='ocrx_word' id='word_1_619' title='bbox 323 5348 337 5383; x_wconf 91' lang='lat'><strong>:</strong></span> <span class='ocrx_word' id='word_1_620' title='bbox 376 5326 569 5399; x_wconf 81' lang='lat' dir='ltr'><strong>Incipit</strong></span> <span class='ocrx_word' id='word_1_621' title='bbox 600 5330 733 5383; x_wconf 86' lang='lat' dir='ltr'><strong>actio</strong></span> <span class='ocrx_word' id='word_1_622' title='bbox 763 5326 1026 5396; x_wconf 83' lang='lat' dir='ltr'><strong>nuptialis.</strong></span> <span class='ocrx_word' id='word_1_623' title='bbox 1055 5326 1252 5399; x_wconf 76' lang='lat' dir='ltr'><strong>Verum</strong></span> <span class='ocrx_word' id='word_1_624' title='bbox 1277 5328 1410 5379; x_wconf 88' lang='lat' dir='ltr'><strong>actio</strong></span> <span class='ocrx_word' id='word_1_625' title='bbox 1443 5340 1547 5399; x_wconf 83' lang='lat' dir='ltr'><strong>non</strong></span> <span class='ocrx_word' id='word_1_626' title='bbox 1579 5328 1781 5399; x_wconf 71' lang='lat' dir='ltr'><strong>oratio-</strong></span> 
     </span>
    </p>
   </div>
   <div class='ocr_carea' id='block_1_88' title="bbox 197 5395 1779 5469">
    <p class='ocr_par' dir='ltr' id='par_1_88' title="bbox 197 5395 1779 5469">
     <span class='ocr_line' id='line_1_88' title="bbox 197 5395 1779 5469; baseline -0.003 -16"><span class='ocrx_word' id='word_1_627' title='bbox 197 5415 310 5465; x_wconf 83' lang='lat' dir='ltr'><strong>nes,</strong></span> <span class='ocrx_word' id='word_1_628' title='bbox 333 5402 430 5457; x_wconf 88' lang='lat' dir='ltr'><strong>sed</strong></span> <span class='ocrx_word' id='word_1_629' title='bbox 452 5395 633 5456; x_wconf 74' lang='lat' dir='ltr'><strong>canon</strong></span> <span class='ocrx_word' id='word_1_630' title='bbox 664 5395 840 5456; x_wconf 67' lang='lat' dir='ltr'><strong>Missre</strong></span> <span class='ocrx_word' id='word_1_631' title='bbox 867 5399 1171 5469; x_wconf 88' lang='lat' dir='ltr'><strong>appellatus</strong></span> <span class='ocrx_word' id='word_1_632' title='bbox 1194 5397 1315 5461; x_wconf 83' lang='lat' dir='ltr'><strong>fuit,</strong></span> <span class='ocrx_word' id='word_1_633' title='bbox 1341 5406 1397 5451; x_wconf 91' lang='lat' dir='ltr'><strong>ut</strong></span> <span class='ocrx_word' id='word_1_634' title='bbox 1422 5398 1570 5465; x_wconf 90' lang='lat' dir='ltr'><strong>plura</strong></span> <span class='ocrx_word' id='word_1_635' title='bbox 1595 5395 1779 5469; x_wconf 86' lang='lat' dir='ltr'><strong>videre</strong></span> 
     </span>
    </p>
   </div>
   <div class='ocr_carea' id='block_1_89' title="bbox 198 5468 1782 5543">
    <p class='ocr_par' dir='ltr' id='par_1_89' title="bbox 198 5468 1782 5543">
     <span class='ocr_line' id='line_1_89' title="bbox 198 5468 1782 5543; baseline -0.002 -19"><span class='ocrx_word' id='word_1_636' title='bbox 198 5470 317 5543; x_wconf 84' lang='lat' dir='ltr'><strong>licet</strong></span> <span class='ocrx_word' id='word_1_637' title='bbox 366 5473 507 5541; x_wconf 89' lang='lat' dir='ltr'><strong>apud</strong></span> <span class='ocrx_word' id='word_1_638' title='bbox 555 5468 961 5543; x_wconf 77' lang='lat' dir='ltr'><strong>Ducangium_v.</strong></span> <span class='ocrx_word' id='word_1_639' title='bbox 1008 5472 1178 5534; x_wconf 81' lang='lat' dir='ltr'><strong>Actio,</strong></span> <span class='ocrx_word' id='word_1_640' title='bbox 1209 5469 1297 5539; x_wconf 93' lang='lat' dir='ltr'><strong>qui</strong></span> <span class='ocrx_word' id='word_1_641' title='bbox 1346 5469 1545 5543; x_wconf 78' lang='lat' dir='ltr'><strong>idcirco</strong></span> <span class='ocrx_word' id='word_1_642' title='bbox 1577 5468 1782 5543; x_wconf 77' lang='lat' dir='ltr'><strong>notavit</strong></span> 
     </span>
    </p>
   </div>
   <div class='ocr_carea' id='block_1_90' title="bbox 200 5538 1781 5609">
    <p class='ocr_par' dir='ltr' id='par_1_90' title="bbox 200 5538 1781 5609">
     <span class='ocr_line' id='line_1_90' title="bbox 200 5538 1781 5609; baseline -0.004 -12"><span class='ocrx_word' id='word_1_643' title='bbox 200 5538 529 5609; x_wconf 80' lang='lat' dir='ltr'><strong>Menardum,</strong></span> <span class='ocrx_word' id='word_1_644' title='bbox 560 5559 682 5600; x_wconf 86' lang='lat' dir='ltr'><strong>cum</strong></span> <span class='ocrx_word' id='word_1_645' title='bbox 706 5538 763 5597; x_wconf 60' lang='lat' dir='ltr'><strong>n:</strong></span> <span class='ocrx_word' id='word_1_646' title='bbox 797 5541 934 5598; x_wconf 64' lang='grc'><strong>1154</strong></span> <span class='ocrx_word' id='word_1_647' title='bbox 961 5543 1208 5595; x_wconf 81' lang='lat' dir='ltr'><strong>actionem</strong></span> <span class='ocrx_word' id='word_1_648' title='bbox 1230 5538 1519 5605; x_wconf 68' lang='lat' dir='ltr'><strong>nuptialem</strong></span> <span class='ocrx_word' id='word_1_649' title='bbox 1543 5554 1665 5594; x_wconf 87' lang='lat' dir='ltr'><strong>esse</strong></span> <span class='ocrx_word' id='word_1_650' title='bbox 1684 5539 1781 5592; x_wconf 87' lang='lat' dir='ltr'><strong>do-</strong></span> 
     </span>
    </p>
   </div>
   <div class='ocr_carea' id='block_1_91' title="bbox 199 5610 1780 5683">
    <p class='ocr_par' dir='ltr' id='par_1_91' title="bbox 199 5610 1780 5683">
     <span class='ocr_line' id='line_1_91' title="bbox 199 5610 1780 5683; baseline -0.002 -16"><span class='ocrx_word' id='word_1_651' title='bbox 199 5616 303 5670; x_wconf 90' lang='lat' dir='ltr'><strong>cuit</strong></span> <span class='ocrx_word' id='word_1_652' title='bbox 326 5618 606 5671; x_wconf 80' lang='lat' dir='ltr'><strong>Missarum</strong></span> <span class='ocrx_word' id='word_1_653' title='bbox 630 5615 910 5680; x_wconf 89' lang='lat' dir='ltr'><strong>solemnia,</strong></span> <span class='ocrx_word' id='word_1_654' title='bbox 936 5615 987 5667; x_wconf 94' lang='lat' dir='ltr'><strong>in</strong></span> <span class='ocrx_word' id='word_1_655' title='bbox 1015 5614 1209 5683; x_wconf 87' lang='lat' dir='ltr'><strong>quibus</strong></span> <span class='ocrx_word' id='word_1_656' title='bbox 1232 5610 1431 5683; x_wconf 59' lang='lat' dir='ltr'><strong>nuptiae</strong></span> <span class='ocrx_word' id='word_1_657' title='bbox 1460 5611 1780 5683; x_wconf 89' lang='lat' dir='ltr'><strong>benedicun-</strong></span> 
     </span>
    </p>
   </div>
   <div class='ocr_carea' id='block_1_92' title="bbox 202 5682 1781 5742">
    <p class='ocr_par' dir='ltr' id='par_1_92' title="bbox 202 5682 1781 5742">
     <span class='ocr_line' id='line_1_92' title="bbox 202 5682 1781 5742; baseline -0.002 -3"><span class='ocrx_word' id='word_1_658' title='bbox 202 5696 307 5741; x_wconf 90' lang='lat' dir='ltr'><strong>tur.</strong></span> <span class='ocrx_word' id='word_1_659' title='bbox 354 5686 407 5742; x_wconf 93' lang='lat' dir='ltr'><strong>ld</strong></span> <span class='ocrx_word' id='word_1_660' title='bbox 446 5696 624 5742; x_wconf 88' lang='lat' dir='ltr'><strong>autem</strong></span> <span class='ocrx_word' id='word_1_661' title='bbox 672 5686 958 5741; x_wconf 75' lang='lat' dir='ltr'><strong>Menardus</strong></span> <span class='ocrx_word' id='word_1_662' title='bbox 996 5682 1062 5740; x_wconf 72' lang='lat' dir='ltr'><strong>ex</strong></span> <span class='ocrx_word' id='word_1_663' title='bbox 1101 5684 1203 5739; x_wconf 84' lang='lat' dir='ltr'><strong>hoc</strong></span> <span class='ocrx_word' id='word_1_664' title='bbox 1249 5685 1328 5737; x_wconf 90' lang='lat' dir='ltr'><strong>sui</strong></span> <span class='ocrx_word' id='word_1_665' title='bbox 1375 5682 1577 5738; x_wconf 90' lang='lat' dir='ltr'><strong>codicis</strong></span> <span class='ocrx_word' id='word_1_666' title='bbox 1626 5682 1781 5737; x_wconf 92' lang='lat' dir='ltr'><strong>titulo</strong></span> 
     </span>
    </p>
   </div>
   <div class='ocr_carea' id='block_1_93' title="bbox 200 5754 1782 5830">
    <p class='ocr_par' dir='ltr' id='par_1_93' title="bbox 200 5754 1782 5830">
     <span class='ocr_line' id='line_1_93' title="bbox 200 5754 1782 5830; baseline -0.003 -17"><span class='ocrx_word' id='word_1_667' title='bbox 200 5756 411 5830; x_wconf 81' lang='lat' dir='ltr'><strong>docuit,</strong></span> <span class='ocrx_word' id='word_1_668' title='bbox 460 5775 566 5830; x_wconf 91' lang='lat' dir='ltr'><strong>quo</strong></span> <span class='ocrx_word' id='word_1_669' title='bbox 611 5758 745 5830; x_wconf 89' lang='lat' dir='ltr'><strong>actio</strong></span> <span class='ocrx_word' id='word_1_670' title='bbox 784 5757 1031 5830; x_wconf 74' lang='lat' dir='ltr'><strong>nuptialis</strong></span> <span class='ocrx_word' id='word_1_671' title='bbox 1060 5764 1279 5810; x_wconf 87' lang='lat' dir='ltr'><strong>vocatur</strong></span> <span class='ocrx_word' id='word_1_672' title='bbox 1308 5754 1467 5830; x_wconf 71' lang='lat' dir='ltr'><strong>Missa</strong></span> <span class='ocrx_word' id='word_1_673' title='bbox 1498 5755 1552 5808; x_wconf 89' lang='lat' dir='ltr'><strong>in</strong></span> <span class='ocrx_word' id='word_1_674' title='bbox 1583 5754 1782 5830; x_wconf 78' lang='lat' dir='ltr'><strong>nuptiis</strong></span> 
     </span>
    </p>
   </div>
   <div class='ocr_carea' id='block_1_94' title="bbox 201 5825 1782 5885">
    <p class='ocr_par' dir='ltr' id='par_1_94' title="bbox 201 5825 1782 5885">
     <span class='ocr_line' id='line_1_94' title="bbox 201 5825 1782 5885; baseline -0.001 -4"><span class='ocrx_word' id='word_1_675' title='bbox 201 5825 578 5885; x_wconf 78' lang='lat' dir='ltr'><strong>benediceudis</strong></span> <span class='ocrx_word' id='word_1_676' title='bbox 607 5829 894 5885; x_wconf 90' lang='lat' dir='ltr'><strong>celebrata.</strong></span> <span class='ocrx_word' id='word_1_677' title='bbox 929 5828 1033 5885; x_wconf 90' lang='lat' dir='ltr'><strong>Sed</strong></span> <span class='ocrx_word' id='word_1_678' title='bbox 1068 5841 1309 5882; x_wconf 90' lang='lat' dir='ltr'><strong>errorem</strong></span> <span class='ocrx_word' id='word_1_679' title='bbox 1340 5827 1391 5879; x_wconf 91' lang='lat' dir='ltr'><strong>in</strong></span> <span class='ocrx_word' id='word_1_680' title='bbox 1427 5828 1561 5881; x_wconf 88' lang='lat' dir='ltr'><strong>hanc</strong></span> <span class='ocrx_word' id='word_1_681' title='bbox 1589 5825 1782 5879; x_wconf 90' lang='lat' dir='ltr'><strong>inscri-</strong></span> 
     </span>
    </p>
   </div>
   <div class='ocr_carea' id='block_1_95' title="bbox 200 5896 1778 5972">
    <p class='ocr_par' dir='ltr' id='par_1_95' title="bbox 200 5896 1778 5972">
     <span class='ocr_line' id='line_1_95' title="bbox 200 5896 1778 5972; baseline -0.002 -18"><span class='ocrx_word' id='word_1_682' title='bbox 200 5902 433 5969; x_wconf 89' lang='lat' dir='ltr'><strong>ptionem</strong></span> <span class='ocrx_word' id='word_1_683' title='bbox 465 5903 777 5972; x_wconf 88' lang='lat' dir='ltr'><strong>irrepsisse,</strong></span> <span class='ocrx_word' id='word_1_684' title='bbox 810 5914 927 5970; x_wconf 74' lang='lat' dir='ltr'><strong>quae</strong></span> <span class='ocrx_word' id='word_1_685' title='bbox 952 5914 1021 5956; x_wconf 87' lang='lat' dir='ltr'><strong>ex</strong></span> <span class='ocrx_word' id='word_1_686' title='bbox 1049 5897 1335 5955; x_wconf 86' lang='lat' dir='ltr'><strong>Gelasiano</strong></span> <span class='ocrx_word' id='word_1_687' title='bbox 1364 5896 1418 5950; x_wconf 92' lang='lat' dir='ltr'><strong>in</strong></span> <span class='ocrx_word' id='word_1_688' title='bbox 1442 5896 1542 5950; x_wconf 91' lang='lat' dir='ltr'><strong>alia</strong></span> <span class='ocrx_word' id='word_1_689' title='bbox 1586 5896 1778 5953; x_wconf 90' lang='lat' dir='ltr'><strong>Sacra-</strong></span> 
     </span>
    </p>
   </div>
   <div class='ocr_carea' id='block_1_96' title="bbox 1888 3357 2731 3432">
    <p class='ocr_par' dir='ltr' id='par_1_96' title="bbox 1888 3357 2731 3432">
     <span class='ocr_line' id='line_1_96' title="bbox 1888 3357 2731 3432; baseline -0.006 -16"><span class='ocrx_word' id='word_1_690' title='bbox 1888 3375 2019 3432; x_wconf 90' lang='lat' dir='ltr'><strong>gere</strong></span> <span class='ocrx_word' id='word_1_691' title='bbox 2047 3374 2208 3431; x_wconf 90' lang='lat' dir='ltr'><strong>super</strong></span> <span class='ocrx_word' id='word_1_692' title='bbox 2235 3357 2436 3414; x_wconf 91' lang='lat' dir='ltr'><strong>omnia.</strong></span> <span class='ocrx_word' id='word_1_693' title='bbox 2470 3357 2593 3425; x_wconf 87' lang='lat' dir='ltr'><strong>Per,</strong></span> <span class='ocrx_word' id='word_1_694' title='bbox 2627 3366 2731 3412; x_wconf 86' lang='lat' dir='ltr'><strong>etc.</strong></span> 
     </span>
    </p>
   </div>
   <div class='ocr_carea' id='block_1_97' title="bbox 2578 3447 2750 3504">
    <p class='ocr_par' dir='ltr' id='par_1_97' title="bbox 2578 3447 2750 3504">
     <span class='ocr_line' id='line_1_97' title="bbox 2578 3447 2750 3504; baseline -0.006 -1"><span class='ocrx_word' id='word_1_695' title='bbox 2578 3447 2750 3504; x_wconf 75' lang='lat' dir='ltr'><strong>XXXI</strong></span> 
     </span>
    </p>
   </div>
   <div class='ocr_carea' id='block_1_98' title="bbox 2369 3541 3054 3615">
    <p class='ocr_par' dir='ltr' id='par_1_98' title="bbox 2369 3541 3054 3615">
     <span class='ocr_line' id='line_1_98' title="bbox 2369 3541 3054 3615; baseline 0 -18"><span class='ocrx_word' id='word_1_696' title='bbox 2369 3541 2559 3614; x_wconf 83' lang='lat' dir='ltr'><strong>Incipit</strong></span> <span class='ocrx_word' id='word_1_697' title='bbox 2581 3544 2765 3599; x_wconf 77' lang='lat' dir='ltr'><strong>eelatio</strong></span> <span class='ocrx_word' id='word_1_698' title='bbox 2789 3541 3054 3615; x_wconf 78' lang='lat' dir='ltr'><strong>nuptialis.</strong></span> 
     </span>
    </p>
   </div>
   <div class='ocr_carea' id='block_1_99' title="bbox 1954 3635 3479 3708">
    <p class='ocr_par' dir='ltr' id='par_1_99' title="bbox 1954 3635 3479 3708">
     <span class='ocr_line' id='line_1_99' title="bbox 1954 3635 3479 3708; baseline -0.001 -14"><span class='ocrx_word' id='word_1_699' title='bbox 1954 3637 2164 3694; x_wconf 79' lang='lat' dir='ltr'><strong>Exaudi</strong></span> <span class='ocrx_word' id='word_1_700' title='bbox 2214 3652 2346 3705; x_wconf 91' lang='lat' dir='ltr'><strong>nos,</strong></span> <span class='ocrx_word' id='word_1_701' title='bbox 2396 3638 2737 3708; x_wconf 87' lang='lat' dir='ltr'><strong>omnipotens</strong></span> <span class='ocrx_word' id='word_1_702' title='bbox 2775 3646 2830 3694; x_wconf 90' lang='lat' dir='ltr'><strong>et</strong></span> <span class='ocrx_word' id='word_1_703' title='bbox 2874 3636 3182 3692; x_wconf 88' lang='lat' dir='ltr'><strong>misericors</strong></span> <span class='ocrx_word' id='word_1_704' title='bbox 3210 3635 3386 3702; x_wconf 90' lang='lat' dir='ltr'><strong>Deus,</strong></span> <span class='ocrx_word' id='word_1_705' title='bbox 3418 3645 3479 3693; x_wconf 91' lang='lat' dir='ltr'><strong>ut</strong></span> 
     </span>
    </p>
   </div>
   <div class='ocr_carea' id='block_1_100' title="bbox 1881 3728 3478 3801">
    <p class='ocr_par' dir='ltr' id='par_1_100' title="bbox 1881 3728 3478 3801">
     <span class='ocr_line' id='line_1_100' title="bbox 1881 3728 3478 3801; baseline -0.001 -17"><span class='ocrx_word' id='word_1_706' title='bbox 1881 3730 2026 3801; x_wconf 93' lang='lat' dir='ltr'><strong>quod</strong></span> <span class='ocrx_word' id='word_1_707' title='bbox 2058 3739 2244 3787; x_wconf 92' lang='lat' dir='ltr'><strong>nostro</strong></span> <span class='ocrx_word' id='word_1_708' title='bbox 2275 3730 2611 3786; x_wconf 89' lang='lat' dir='ltr'><strong>ministratur</strong></span> <span class='ocrx_word' id='word_1_709' title='bbox 2636 3729 2835 3795; x_wconf 85' lang='lat' dir='ltr'><strong>officio,</strong></span> <span class='ocrx_word' id='word_1_710' title='bbox 2870 3738 2956 3784; x_wconf 90' lang='lat' dir='ltr'><strong>tua</strong></span> <span class='ocrx_word' id='word_1_711' title='bbox 2985 3728 3357 3785; x_wconf 90' lang='lat' dir='ltr'><strong>benedictione</strong></span> <span class='ocrx_word' id='word_1_712' title='bbox 3386 3742 3478 3799; x_wconf 88' lang='lat' dir='ltr'><strong>po-</strong></span> 
     </span>
    </p>
   </div>
   <div class='ocr_carea' id='block_1_101' title="bbox 1886 3824 3367 3894">
    <p class='ocr_par' dir='ltr' id='par_1_101' title="bbox 1886 3824 3367 3894">
     <span class='ocr_line' id='line_1_101' title="bbox 1886 3824 3367 3894; baseline 0.002 -15"><span class='ocrx_word' id='word_1_713' title='bbox 1886 3825 1991 3879; x_wconf 89' lang='lat' dir='ltr'><strong>tius</strong></span> <span class='ocrx_word' id='word_1_714' title='bbox 2015 3824 2319 3894; x_wconf 91' lang='lat' dir='ltr'><strong>impleatur.</strong></span> <span class='ocrx_word' id='word_1_715' title='bbox 2349 3824 2473 3891; x_wconf 84' lang='lat' dir='ltr'><strong>Per,</strong></span> <span class='ocrx_word' id='word_1_716' title='bbox 2502 3834 2609 3880; x_wconf 88' lang='lat' dir='ltr'><strong>etc.</strong></span> <span class='ocrx_word' id='word_1_717' title='bbox 3360 3825 3367 3831; x_wconf 76' lang='grc'><strong>’</strong></span> 
     </span>
    </p>
   </div>
   <div class='ocr_carea' id='block_1_102' title="bbox 1950 3916 3477 3989">
    <p class='ocr_par' dir='ltr' id='par_1_102' title="bbox 1950 3916 3477 3989">
     <span class='ocr_line' id='line_1_102' title="bbox 1950 3916 3477 3989; baseline -0.001 -16"><span class='ocrx_word' id='word_1_718' title='bbox 1950 3917 2195 3989; x_wconf 89' lang='lat' dir='ltr'><strong>Suscipe,</strong></span> <span class='ocrx_word' id='word_1_719' title='bbox 2229 3917 2487 3986; x_wconf 90' lang='lat' dir='ltr'><strong>Domine,</strong></span> <span class='ocrx_word' id='word_1_720' title='bbox 2521 3930 2859 3989; x_wconf 66' lang='lat' dir='ltr'><strong>quaesumus,</strong></span> <span class='ocrx_word' id='word_1_721' title='bbox 2888 3932 2989 3989; x_wconf 90' lang='lat' dir='ltr'><strong>pro</strong></span> <span class='ocrx_word' id='word_1_722' title='bbox 3019 3931 3173 3973; x_wconf 90' lang='lat' dir='ltr'><strong>sacra</strong></span> <span class='ocrx_word' id='word_1_723' title='bbox 3201 3916 3323 3988; x_wconf 90' lang='lat' dir='ltr'><strong>lege</strong></span> <span class='ocrx_word' id='word_1_724' title='bbox 3348 3931 3477 3971; x_wconf 86' lang='lat' dir='ltr'><strong>con-</strong></span> 
     </span>
    </p>
   </div>
   <div class='ocr_carea' id='block_1_103' title="bbox 1873 4009 3477 4082">
    <p class='ocr_par' dir='ltr' id='par_1_103' title="bbox 1873 4009 3477 4082">
     <span class='ocr_line' id='line_1_103' title="bbox 1873 4009 3477 4082; baseline -0.002 -16"><span class='ocrx_word' id='word_1_725' title='bbox 1873 4010 2006 4082; x_wconf 89' lang='lat' dir='ltr'><strong>jugii</strong></span> <span class='ocrx_word' id='word_1_726' title='bbox 2036 4024 2234 4066; x_wconf 88' lang='lat' dir='ltr'><strong>munus</strong></span> <span class='ocrx_word' id='word_1_727' title='bbox 2261 4009 2519 4077; x_wconf 90' lang='lat' dir='ltr'><strong>oblatum,</strong></span> <span class='ocrx_word' id='word_1_728' title='bbox 2547 4019 2600 4067; x_wconf 90' lang='lat' dir='ltr'><strong>et</strong></span> <span class='ocrx_word' id='word_1_729' title='bbox 2622 4011 2777 4080; x_wconf 90' lang='lat' dir='ltr'><strong>cujus</strong></span> <span class='ocrx_word' id='word_1_730' title='bbox 2812 4017 3025 4067; x_wconf 88' lang='lat' dir='ltr'><strong>creator</strong></span> <span class='ocrx_word' id='word_1_731' title='bbox 3053 4025 3111 4066; x_wconf 87' lang='lat' dir='ltr'><strong>es</strong></span> <span class='ocrx_word' id='word_1_732' title='bbox 3132 4010 3331 4080; x_wconf 89' lang='lat' dir='ltr'><strong>operis,</strong></span> <span class='ocrx_word' id='word_1_733' title='bbox 3359 4019 3477 4064; x_wconf 91' lang='lat' dir='ltr'><strong>esto</strong></span> 
     </span>
    </p>
   </div>
   <div class='ocr_carea' id='block_1_104' title="bbox 1880 4102 2475 4173">
    <p class='ocr_par' dir='ltr' id='par_1_104' title="bbox 1880 4102 2475 4173">
     <span class='ocr_line' id='line_1_104' title="bbox 1880 4102 2475 4173; baseline -0.003 -15"><span class='ocrx_word' id='word_1_734' title='bbox 1880 4103 2192 4173; x_wconf 87' lang='lat' dir='ltr'><strong>dispositor.</strong></span> <span class='ocrx_word' id='word_1_735' title='bbox 2218 4102 2340 4167; x_wconf 89' lang='lat' dir='ltr'><strong>Per,</strong></span> <span class='ocrx_word' id='word_1_736' title='bbox 2369 4109 2475 4158; x_wconf 90' lang='lat' dir='ltr'><strong>etc.</strong></span> 
     </span>
    </p>
   </div>
   <div class='ocr_carea' id='block_1_105' title="bbox 1956 4191 3477 4267">
    <p class='ocr_par' dir='ltr' id='par_1_105' title="bbox 1956 4191 3477 4267">
     <span class='ocr_line' id='line_1_105' title="bbox 1956 4191 3477 4267; baseline -0.003 -15"><span class='ocrx_word' id='word_1_737' title='bbox 1956 4197 2105 4252; x_wconf 81' lang='lat' dir='ltr'><strong>lianc</strong></span> <span class='ocrx_word' id='word_1_738' title='bbox 2131 4197 2295 4267; x_wconf 85' lang='lat' dir='ltr'><strong>igitur</strong></span> <span class='ocrx_word' id='word_1_739' title='bbox 2323 4196 2649 4252; x_wconf 89' lang='lat' dir='ltr'><strong>oblationem</strong></span> <span class='ocrx_word' id='word_1_740' title='bbox 2673 4194 2893 4250; x_wconf 70' lang='lat' dir='ltr'><strong>famula:</strong></span> <span class='ocrx_word' id='word_1_741' title='bbox 2928 4205 3031 4251; x_wconf 79' lang='lat' dir='ltr'><strong>tua:</strong></span> <span class='ocrx_word' id='word_1_742' title='bbox 3060 4191 3287 4266; x_wconf 86' lang='lat' dir='ltr'><strong>(illius),</strong></span> <span class='ocrx_word' id='word_1_743' title='bbox 3317 4208 3477 4263; x_wconf 90' lang='lat' dir='ltr'><strong>quam</strong></span> 
     </span>
    </p>
   </div>
   <div class='ocr_carea' id='block_1_106' title="bbox 1886 4391 3475 4458">
    <p class='ocr_par' dir='ltr' id='par_1_106' title="bbox 1886 4391 3475 4458">
     <span class='ocr_line' id='line_1_106' title="bbox 1886 4391 3475 4458; baseline -0.001 -7"><span class='ocrx_word' id='word_1_744' title='bbox 1886 4396 2148 4452; x_wconf 88' lang='lat' dir='ltr'><strong>mentaria</strong></span> <span class='ocrx_word' id='word_1_745' title='bbox 2182 4392 2395 4449; x_wconf 91' lang='lat' dir='ltr'><strong>videtur</strong></span> <span class='ocrx_word' id='word_1_746' title='bbox 2438 4392 2602 4449; x_wconf 88' lang='lat' dir='ltr'><strong>fuisse</strong></span> <span class='ocrx_word' id='word_1_747' title='bbox 2646 4391 2921 4458; x_wconf 90' lang='lat' dir='ltr'><strong>traducta,</strong></span> <span class='ocrx_word' id='word_1_748' title='bbox 2969 4408 3031 4447; x_wconf 88' lang='lat' dir='ltr'><strong>ex</strong></span> <span class='ocrx_word' id='word_1_749' title='bbox 3076 4400 3261 4448; x_wconf 90' lang='lat' dir='ltr'><strong>nostro</strong></span> <span class='ocrx_word' id='word_1_750' title='bbox 3287 4392 3475 4449; x_wconf 89' lang='lat' dir='ltr'><strong>codice</strong></span> 
     </span>
    </p>
   </div>
   <div class='ocr_carea' id='block_1_107' title="bbox 1887 4465 3477 4539">
    <p class='ocr_par' dir='ltr' id='par_1_107' title="bbox 1887 4465 3477 4539">
     <span class='ocr_line' id='line_1_107' title="bbox 1887 4465 3477 4539; baseline -0.003 -16"><span class='ocrx_word' id='word_1_751' title='bbox 1887 4468 2210 4539; x_wconf 88' lang='lat' dir='ltr'><strong>detegimus.</strong></span> <span class='ocrx_word' id='word_1_752' title='bbox 2262 4465 2466 4539; x_wconf 82' lang='lat' dir='ltr'><strong>Velatio</strong></span> <span class='ocrx_word' id='word_1_753' title='bbox 2510 4465 2987 4539; x_wconf 28' lang='lat' dir='ltr'><strong>autemhnuptialis</strong></span> <span class='ocrx_word' id='word_1_754' title='bbox 3034 4465 3331 4539; x_wconf 77' lang='lat' dir='ltr'><strong>appellatur</strong></span> <span class='ocrx_word' id='word_1_755' title='bbox 3363 4466 3477 4520; x_wconf 66' lang='lat' dir='ltr'><strong>haec</strong></span> 
     </span>
    </p>
   </div>
   <div class='ocr_carea' id='block_1_108' title="bbox 1885 4535 3473 4607">
    <p class='ocr_par' dir='ltr' id='par_1_108' title="bbox 1885 4535 3473 4607">
     <span class='ocr_line' id='line_1_108' title="bbox 1885 4535 3473 4607; baseline -0.001 -12"><span class='ocrx_word' id='word_1_756' title='bbox 1885 4535 2080 4607; x_wconf 78' lang='lat' dir='ltr'><strong>Missa,</strong></span> <span class='ocrx_word' id='word_1_757' title='bbox 2125 4555 2191 4594; x_wconf 94' lang='lat' dir='ltr'><strong>eo</strong></span> <span class='ocrx_word' id='word_1_758' title='bbox 2234 4538 2374 4607; x_wconf 89' lang='lat' dir='ltr'><strong>quod</strong></span> <span class='ocrx_word' id='word_1_759' title='bbox 2429 4537 2481 4591; x_wconf 93' lang='lat' dir='ltr'><strong>in</strong></span> <span class='ocrx_word' id='word_1_760' title='bbox 2538 4536 2918 4592; x_wconf 87' lang='lat' dir='ltr'><strong>benedicendis</strong></span> <span class='ocrx_word' id='word_1_761' title='bbox 2964 4535 3177 4605; x_wconf 73' lang='lat' dir='ltr'><strong>Sponsis</strong></span> <span class='ocrx_word' id='word_1_762' title='bbox 3230 4537 3473 4593; x_wconf 85' lang='lat' dir='ltr'><strong>velamen</strong></span> 
     </span>
    </p>
   </div>
   <div class='ocr_carea' id='block_1_109' title="bbox 1885 4608 3477 4680">
    <p class='ocr_par' dir='ltr' id='par_1_109' title="bbox 1885 4608 3477 4680">
     <span class='ocr_line' id='line_1_109' title="bbox 1885 4608 3477 4680; baseline -0.001 -15"><span class='ocrx_word' id='word_1_763' title='bbox 1885 4612 2073 4667; x_wconf 90' lang='lat' dir='ltr'><strong>iisdem</strong></span> <span class='ocrx_word' id='word_1_764' title='bbox 2130 4612 2518 4680; x_wconf 90' lang='lat' dir='ltr'><strong>imponeretur.</strong></span> <span class='ocrx_word' id='word_1_765' title='bbox 2568 4608 2737 4677; x_wconf 83' lang='lat' dir='ltr'><strong>Hujus</strong></span> <span class='ocrx_word' id='word_1_766' title='bbox 2793 4608 2925 4680; x_wconf 89' lang='lat' dir='ltr'><strong>ritus</strong></span> <span class='ocrx_word' id='word_1_767' title='bbox 2978 4609 3303 4663; x_wconf 87' lang='lat' dir='ltr'><strong>mentionem</strong></span> <span class='ocrx_word' id='word_1_768' title='bbox 3349 4608 3477 4664; x_wconf 82' lang='lat' dir='ltr'><strong>facit</strong></span> 
     </span>
    </p>
   </div>
   <div class='ocr_carea' id='block_1_110' title="bbox 1882 4679 3473 4751">
    <p class='ocr_par' dir='ltr' id='par_1_110' title="bbox 1882 4679 3473 4751">
     <span class='ocr_line' id='line_1_110' title="bbox 1882 4679 3473 4751; baseline -0.002 -13"><span class='ocrx_word' id='word_1_769' title='bbox 1882 4683 1937 4738; x_wconf 92' lang='lat' dir='ltr'><strong>S.</strong></span> <span class='ocrx_word' id='word_1_770' title='bbox 1986 4679 2303 4739; x_wconf 81' lang='lat' dir='ltr'><strong>Ambrosius</strong></span> <span class='ocrx_word' id='word_1_771' title='bbox 2351 4682 2401 4734; x_wconf 93' lang='lat' dir='ltr'><strong>in</strong></span> <span class='ocrx_word' id='word_1_772' title='bbox 2444 4681 2602 4751; x_wconf 85' lang='lat' dir='ltr'><strong>epiSl.</strong></span> <span class='ocrx_word' id='word_1_773' title='bbox 2642 4680 2706 4751; x_wconf 81' lang='lat' dir='ltr'><strong>l9</strong></span> <span class='ocrx_word' id='word_1_774' title='bbox 2735 4680 2799 4734; x_wconf 85' lang='lat' dir='ltr'><strong>ad</strong></span> <span class='ocrx_word' id='word_1_775' title='bbox 2834 4679 3082 4751; x_wconf 88' lang='lat' dir='ltr'><strong>Vigilium</strong></span> <span class='ocrx_word' id='word_1_776' title='bbox 3127 4696 3179 4734; x_wconf 93' lang='lat' dir='ltr'><strong>n.</strong></span> <span class='ocrx_word' id='word_1_777' title='bbox 3226 4682 3304 4741; x_wconf 84' lang='grc' dir='ltr'><strong>Π,</strong></span> <span class='ocrx_word' id='word_1_778' title='bbox 3337 4682 3473 4735; x_wconf 90' lang='lat' dir='ltr'><strong>scri-</strong></span> 
     </span>
    </p>
   </div>
   <div class='ocr_carea' id='block_1_111' title="bbox 1884 4750 3477 4825">
    <p class='ocr_par' dir='ltr' id='par_1_111' title="bbox 1884 4750 3477 4825">
     <span class='ocr_line' id='line_1_111' title="bbox 1884 4750 3477 4825; baseline -0.002 -17"><span class='ocrx_word' id='word_1_779' title='bbox 1884 4754 2016 4810; x_wconf 87' lang='lat' dir='ltr'><strong>bens</strong></span> <span class='ocrx_word' id='word_1_780' title='bbox 2050 4772 2064 4807; x_wconf 87' lang='lat'><strong>:</strong></span> <span class='ocrx_word' id='word_1_781' title='bbox 2096 4752 2276 4824; x_wconf 84' lang='lat' dir='ltr'><strong>Ipsum</strong></span> <span class='ocrx_word' id='word_1_782' title='bbox 2306 4753 2600 4825; x_wconf 83' lang='lat' dir='ltr'><strong>conjugium</strong></span> <span class='ocrx_word' id='word_1_783' title='bbox 2629 4750 2879 4825; x_wconf 75' lang='lat' dir='ltr'><strong>velamine</strong></span> <span class='ocrx_word' id='word_1_784' title='bbox 2912 4750 3227 4825; x_wconf 80' lang='lat' dir='ltr'><strong>sacerdotali</strong></span> <span class='ocrx_word' id='word_1_785' title='bbox 3254 4761 3302 4804; x_wconf 87' lang='lat' dir='ltr'><strong>et</strong></span> <span class='ocrx_word' id='word_1_786' title='bbox 3330 4752 3477 4825; x_wconf 45' lang='lat' dir='ltr'><strong>bene-7</strong></span> 
     </span>
    </p>
   </div>
   <div class='ocr_carea' id='block_1_112' title="bbox 2456 4824 3473 4889">
    <p class='ocr_par' dir='ltr' id='par_1_112' title="bbox 2456 4824 3473 4889">
     <span class='ocr_line' id='line_1_112' title="bbox 2456 4824 3473 4889; baseline 0.002 -13"><span class='ocrx_word' id='word_1_787' title='bbox 2456 4824 2671 4889; x_wconf 81' lang='lat' dir='ltr'><strong>oportet.</strong></span> <span class='ocrx_word' id='word_1_788' title='bbox 2705 4824 2961 4877; x_wconf 87' lang='lat' dir='ltr'><strong>Eumdem</strong></span> <span class='ocrx_word' id='word_1_789' title='bbox 2988 4839 3117 4878; x_wconf 89' lang='lat' dir='ltr'><strong>vero</strong></span> <span class='ocrx_word' id='word_1_790' title='bbox 3144 4824 3303 4877; x_wconf 90' lang='lat' dir='ltr'><strong>ritum</strong></span> <span class='ocrx_word' id='word_1_791' title='bbox 3333 4824 3473 4889; x_wconf 89' lang='lat' dir='ltr'><strong>apud</strong></span> 
     </span>
    </p>
   </div>
   <div class='ocr_carea' id='block_1_113' title="bbox 1881 4842 3471 4964">
    <p class='ocr_par' dir='ltr' id='par_1_113' title="bbox 1881 4842 3471 4964">
     <span class='ocr_line' id='line_1_113' title="bbox 1882 4842 3471 4893; baseline -0.001 -14"><span class='ocrx_word' id='word_1_792' title='bbox 1882 4842 2099 4880; x_wconf 86' lang='lat' dir='ltr'><strong>atcttone</strong></span> <span class='ocrx_word' id='word_1_793' title='bbox 2119 4842 2432 4893; x_wconf 75' lang='lat' dir='ltr'><strong>sancttpcan</strong></span> <span class='ocrx_word' id='word_1_794' title='bbox 2456 4842 2483 4876; x_wconf 90' lang='lat'><strong><em>0</em></strong></span> <span class='ocrx_word' id='word_1_795' title='bbox 2525 4842 2671 4877; x_wconf 72' lang='lat' dir='ltr'><strong>Oflel.</strong></span> <span class='ocrx_word' id='word_1_796' title='bbox 2705 4842 2961 4877; x_wconf 67' lang='lat' dir='ltr'><strong>numuem</strong></span> <span class='ocrx_word' id='word_1_797' title='bbox 2988 4842 3117 4878; x_wconf 70' lang='grc' dir='ltr'>νειτο</span> <span class='ocrx_word' id='word_1_798' title='bbox 3144 4842 3303 4877; x_wconf 80' lang='grc' dir='ltr'><strong>Πιιηη</strong></span> <span class='ocrx_word' id='word_1_799' title='bbox 3333 4842 3471 4889; x_wconf 84' lang='lat' dir='ltr'><strong>apuu</strong></span> 
     </span>
     <span class='ocr_line' id='line_1_114' title="bbox 1881 4842 3471 4964; baseline -0.004 -12"><span class='ocrx_word' id='word_1_800' title='bbox 1881 4896 2182 4953; x_wconf 80' lang='lat' dir='ltr'><strong>Romanam</strong></span> <span class='ocrx_word' id='word_1_801' title='bbox 2211 4910 2423 4964; x_wconf 90' lang='lat' dir='ltr'><strong>quoque</strong></span> <span class='ocrx_word' id='word_1_802' title='bbox 2454 4842 2747 4949; x_wconf 36' lang='lat' dir='ltr'><strong>Eloclesiam</strong></span> <span class='ocrx_word' id='word_1_803' title='bbox 2786 4894 3021 4960; x_wconf 83' lang='lat' dir='ltr'><strong>viguisse</strong></span> <span class='ocrx_word' id='word_1_804' title='bbox 3062 4902 3289 4964; x_wconf 89' lang='lat' dir='ltr'><strong>testatur</strong></span> <span class='ocrx_word' id='word_1_805' title='bbox 3333 4892 3471 4948; x_wconf 77' lang='lat' dir='ltr'><strong>Sili-</strong></span> 
     </span>
    </p>
   </div>
   <div class='ocr_carea' id='block_1_114' title="bbox 1879 4963 3478 5035">
    <p class='ocr_par' dir='ltr' id='par_1_114' title="bbox 1879 4963 3478 5035">
     <span class='ocr_line' id='line_1_115' title="bbox 1879 4963 3478 5035; baseline -0.004 -12"><span class='ocrx_word' id='word_1_806' title='bbox 1879 4969 1996 5024; x_wconf 87' lang='lat' dir='ltr'><strong>cius</strong></span> <span class='ocrx_word' id='word_1_807' title='bbox 2022 4971 2181 5035; x_wconf 91' lang='lat' dir='ltr'><strong>epist.</strong></span> <span class='ocrx_word' id='word_1_808' title='bbox 2216 4968 2246 5019; x_wconf 89' lang='lat'><strong>7</strong></span> <span class='ocrx_word' id='word_1_809' title='bbox 2281 4963 2531 5019; x_wconf 91' lang='lat' dir='ltr'><strong>editionis</strong></span> <span class='ocrx_word' id='word_1_810' title='bbox 2562 4965 2618 5019; x_wconf 87' lang='lat' dir='ltr'><strong>P.</strong></span> <span class='ocrx_word' id='word_1_811' title='bbox 2654 4966 2949 5020; x_wconf 87' lang='lat' dir='ltr'><strong>Constantii</strong></span> <span class='ocrx_word' id='word_1_812' title='bbox 2991 4982 3043 5019; x_wconf 92' lang='lat' dir='ltr'><strong>n.</strong></span> <span class='ocrx_word' id='word_1_813' title='bbox 3078 4965 3112 5019; x_wconf 79' lang='lat'><strong>3</strong></span> <span class='ocrx_word' id='word_1_814' title='bbox 3150 4985 3161 5017; x_wconf 87' lang='lat'><strong>:</strong></span> <span class='ocrx_word' id='word_1_815' title='bbox 3205 4963 3317 5035; x_wconf 81' lang='lat' dir='ltr'><strong>Nos</strong></span> <span class='ocrx_word' id='word_1_816' title='bbox 3355 4978 3478 5017; x_wconf 84' lang='lat' dir='ltr'><strong>sane</strong></span> 
     </span>
    </p>
   </div>
   <div class='ocr_carea' id='block_1_115' title="bbox 1881 5032 3472 5109">
    <p class='ocr_par' dir='ltr' id='par_1_115' title="bbox 1881 5032 3472 5109">
     <span class='ocr_line' id='line_1_116' title="bbox 1881 5032 3472 5109; baseline -0.004 -16"><span class='ocrx_word' id='word_1_817' title='bbox 1881 5032 2178 5109; x_wconf 76' lang='lat' dir='ltr'><strong>nuptiarum</strong></span> <span class='ocrx_word' id='word_1_818' title='bbox 2201 5046 2316 5091; x_wconf 87' lang='lat' dir='ltr'><strong>vota</strong></span> <span class='ocrx_word' id='word_1_819' title='bbox 2344 5052 2444 5090; x_wconf 86' lang='lat' dir='ltr'><strong>non</strong></span> <span class='ocrx_word' id='word_1_820' title='bbox 2473 5045 2802 5109; x_wconf 71' lang='lat' dir='ltr'><strong>aspernantes</strong></span> <span class='ocrx_word' id='word_1_821' title='bbox 2831 5037 3141 5109; x_wconf 82' lang='lat' dir='ltr'><strong>accipimus,</strong></span> <span class='ocrx_word' id='word_1_822' title='bbox 3166 5032 3352 5109; x_wconf 62' lang='lat' dir='ltr'><strong>quibus</strong></span> <span class='ocrx_word' id='word_1_823' title='bbox 3378 5050 3472 5109; x_wconf 56' lang='lat' dir='ltr'><strong>ige-</strong></span> 
     </span>
    </p>
   </div>
   <div class='ocr_carea' id='block_1_116' title="bbox 1880 5102 3467 5165">
    <p class='ocr_par' dir='ltr' id='par_1_116' title="bbox 1880 5102 3467 5165">
     <span class='ocr_line' id='line_1_117' title="bbox 1880 5102 3467 5165; baseline -0.006 0"><span class='ocrx_word' id='word_1_824' title='bbox 1880 5102 2068 5165; x_wconf 79' lang='lat' dir='ltr'><strong>lamine</strong></span> <span class='ocrx_word' id='word_1_825' title='bbox 2114 5110 2440 5164; x_wconf 87' lang='lat' dir='ltr'><strong>intersumus.</strong></span> <span class='ocrx_word' id='word_1_826' title='bbox 2489 5102 2603 5162; x_wconf 86' lang='lat' dir='ltr'><strong>Huc</strong></span> <span class='ocrx_word' id='word_1_827' title='bbox 2652 5107 2839 5161; x_wconf 80' lang='lat' dir='ltr'><strong>referri</strong></span> <span class='ocrx_word' id='word_1_828' title='bbox 2886 5102 3047 5162; x_wconf 79' lang='lat' dir='ltr'><strong>etiam</strong></span> <span class='ocrx_word' id='word_1_829' title='bbox 3094 5102 3346 5160; x_wconf 83' lang='lat' dir='ltr'><strong>videntur</strong></span> <span class='ocrx_word' id='word_1_830' title='bbox 3376 5102 3467 5157; x_wconf 87' lang='lat' dir='ltr'><strong>illa</strong></span> 
     </span>
    </p>
   </div>
   <div class='ocr_carea' id='block_1_117' title="bbox 1881 5174 3473 5247">
    <p class='ocr_par' dir='ltr' id='par_1_117' title="bbox 1881 5174 3473 5247">
     <span class='ocr_line' id='line_1_118' title="bbox 1881 5174 3473 5247; baseline -0.006 -11"><span class='ocrx_word' id='word_1_831' title='bbox 1881 5181 2081 5236; x_wconf 86' lang='lat' dir='ltr'><strong>Nicolai</strong></span> <span class='ocrx_word' id='word_1_832' title='bbox 2110 5181 2164 5244; x_wconf 92' lang='lat' dir='ltr'><strong>l,</strong></span> <span class='ocrx_word' id='word_1_833' title='bbox 2210 5180 2275 5233; x_wconf 92' lang='lat' dir='ltr'><strong>ad</strong></span> <span class='ocrx_word' id='word_1_834' title='bbox 2319 5178 2563 5233; x_wconf 90' lang='lat' dir='ltr'><strong>consulta</strong></span> <span class='ocrx_word' id='word_1_835' title='bbox 2614 5178 2961 5247; x_wconf 85' lang='lat' dir='ltr'><strong>Bulgarorum</strong></span> <span class='ocrx_word' id='word_1_836' title='bbox 3004 5191 3054 5232; x_wconf 93' lang='lat' dir='ltr'><strong>c.</strong></span> <span class='ocrx_word' id='word_1_837' title='bbox 3095 5174 3129 5229; x_wconf 80' lang='grc'>5</span> <span class='ocrx_word' id='word_1_838' title='bbox 3161 5192 3176 5229; x_wconf 90' lang='lat'>:</span> <span class='ocrx_word' id='word_1_839' title='bbox 3208 5175 3366 5247; x_wconf 78' lang='lat' dir='ltr'><strong>Ambo</strong></span> <span class='ocrx_word' id='word_1_840' title='bbox 3404 5175 3473 5227; x_wconf 84' lang='lat' dir='ltr'><strong>ad</strong></span> 
     </span>
    </p>
   </div>
   <div class='ocr_carea' id='block_1_118' title="bbox 1883 5246 3475 5321">
    <p class='ocr_par' dir='ltr' id='par_1_118' title="bbox 1883 5246 3475 5321">
     <span class='ocr_line' id='line_1_119' title="bbox 1883 5246 3475 5321; baseline -0.005 -15"><span class='ocrx_word' id='word_1_841' title='bbox 1883 5253 2139 5321; x_wconf 86' lang='lat' dir='ltr'><strong>nuptialia</strong></span> <span class='ocrx_word' id='word_1_842' title='bbox 2182 5250 2374 5319; x_wconf 69' lang='lat' dir='ltr'><strong>fwdera</strong></span> <span class='ocrx_word' id='word_1_843' title='bbox 2419 5246 2785 5321; x_wconf 84' lang='lat' dir='ltr'><strong>perducuntur,</strong></span> <span class='ocrx_word' id='word_1_844' title='bbox 2827 5257 2875 5303; x_wconf 85' lang='lat' dir='ltr'><strong>et</strong></span> <span class='ocrx_word' id='word_1_845' title='bbox 2912 5246 3378 5321; x_wconf 63' lang='lat' dir='ltr'><strong>primum_quide_m_</strong></span> <span class='ocrx_word' id='word_1_846' title='bbox 3420 5246 3475 5299; x_wconf 80' lang='lat' dir='ltr'><strong>in</strong></span> 
     </span>
    </p>
   </div>
   <div class='ocr_carea' id='block_1_119' title="bbox 1885 5316 3477 5389">
    <p class='ocr_par' dir='ltr' id='par_1_119' title="bbox 1885 5316 3477 5389">
     <span class='ocr_line' id='line_1_120' title="bbox 1885 5316 3477 5389; baseline -0.003 -12"><span class='ocrx_word' id='word_1_847' title='bbox 1885 5316 2117 5378; x_wconf 74' lang='lat' dir='ltr'><strong>Ecclesia</strong></span> <span class='ocrx_word' id='word_1_848' title='bbox 2148 5316 2354 5376; x_wconf 87' lang='lat' dir='ltr'><strong>Domini</strong></span> <span class='ocrx_word' id='word_1_849' title='bbox 2379 5316 2493 5373; x_wconf 82' lang='lat' dir='ltr'><strong>cum</strong></span> <span class='ocrx_word' id='word_1_850' title='bbox 2517 5320 2888 5383; x_wconf 88' lang='lat' dir='ltr'><strong>oblationibus,</strong></span> <span class='ocrx_word' id='word_1_851' title='bbox 2913 5316 3048 5389; x_wconf 51' lang='lat' dir='ltr'><strong>&#39;quas</strong></span> <span class='ocrx_word' id='word_1_852' title='bbox 3081 5316 3266 5384; x_wconf 61' lang='lat' dir='ltr'><strong>olerre</strong></span> <span class='ocrx_word' id='word_1_853' title='bbox 3294 5316 3477 5389; x_wconf 83' lang='lat' dir='ltr'><strong>debent</strong></span> 
     </span>
    </p>
   </div>
   <div class='ocr_carea' id='block_1_120' title="bbox 1884 5388 3471 5463">
    <p class='ocr_par' dir='ltr' id='par_1_120' title="bbox 1884 5388 3471 5463">
     <span class='ocr_line' id='line_1_121' title="bbox 1884 5388 3471 5463; baseline -0.006 -14"><span class='ocrx_word' id='word_1_854' title='bbox 1884 5394 1992 5449; x_wconf 87' lang='lat' dir='ltr'><strong>Deo</strong></span> <span class='ocrx_word' id='word_1_855' title='bbox 2019 5411 2107 5463; x_wconf 87' lang='lat' dir='ltr'><strong>per</strong></span> <span class='ocrx_word' id='word_1_856' title='bbox 2137 5392 2413 5447; x_wconf 86' lang='lat' dir='ltr'><strong>sacerdotis</strong></span> <span class='ocrx_word' id='word_1_857' title='bbox 2451 5408 2687 5454; x_wconf 84' lang='lat' dir='ltr'><strong>manum,</strong></span> <span class='ocrx_word' id='word_1_858' title='bbox 2719 5388 3034 5463; x_wconf 81' lang='lat' dir='ltr'><strong>statuuntur,</strong></span> <span class='ocrx_word' id='word_1_859' title='bbox 3066 5388 3471 5463; x_wconf 76' lang='lat' dir='ltr'><strong>sicque_demunt</strong></span> 
     </span>
    </p>
   </div>
   <div class='ocr_carea' id='block_1_121' title="bbox 1885 5460 3473 5529">
    <p class='ocr_par' dir='ltr' id='par_1_121' title="bbox 1885 5460 3473 5529">
     <span class='ocr_line' id='line_1_122' title="bbox 1885 5460 3473 5529; baseline -0.004 -10"><span class='ocrx_word' id='word_1_860' title='bbox 1885 5460 2280 5521; x_wconf 76' lang='lat' dir='ltr'><strong>benedictionem</strong></span> <span class='ocrx_word' id='word_1_861' title='bbox 2302 5474 2348 5518; x_wconf 89' lang='lat' dir='ltr'><strong>et</strong></span> <span class='ocrx_word' id='word_1_862' title='bbox 2376 5462 2603 5517; x_wconf 85' lang='lat' dir='ltr'><strong>velamen</strong></span> <span class='ocrx_word' id='word_1_863' title='bbox 2646 5464 2843 5517; x_wconf 69' lang='lat' dir='ltr'><strong>ere/este</strong></span> <span class='ocrx_word' id='word_1_864' title='bbox 2887 5460 3193 5529; x_wconf 83' lang='lat' dir='ltr'><strong>suscipiunt.</strong></span> <span class='ocrx_word' id='word_1_865' title='bbox 3221 5460 3370 5514; x_wconf 86' lang='lat' dir='ltr'><strong>llunc</strong></span> <span class='ocrx_word' id='word_1_866' title='bbox 3400 5460 3473 5513; x_wconf 90' lang='lat' dir='ltr'><strong>ri-</strong></span> 
     </span>
    </p>
   </div>
   <div class='ocr_carea' id='block_1_122' title="bbox 1885 5530 3477 5607">
    <p class='ocr_par' dir='ltr' id='par_1_122' title="bbox 1885 5530 3477 5607">
     <span class='ocr_line' id='line_1_123' title="bbox 1885 5530 3477 5607; baseline -0.004 -14"><span class='ocrx_word' id='word_1_867' title='bbox 1885 5547 1996 5593; x_wconf 90' lang='lat' dir='ltr'><strong>tum</strong></span> <span class='ocrx_word' id='word_1_868' title='bbox 2023 5544 2249 5607; x_wconf 90' lang='lat' dir='ltr'><strong>tangunt</strong></span> <span class='ocrx_word' id='word_1_869' title='bbox 2278 5537 2440 5607; x_wconf 79' lang='lat' dir='ltr'><strong>etiam</strong></span> <span class='ocrx_word' id='word_1_870' title='bbox 2473 5534 2544 5607; x_wconf 92' lang='lat' dir='ltr'><strong>S._</strong></span> <span class='ocrx_word' id='word_1_871' title='bbox 2566 5533 2800 5587; x_wconf 90' lang='lat' dir='ltr'><strong>lsidorus</strong></span> <span class='ocrx_word' id='word_1_872' title='bbox 2830 5531 3162 5607; x_wconf 69' lang='lat' dir='ltr'><strong>Hispalensis</strong></span> <span class='ocrx_word' id='word_1_873' title='bbox 3207 5530 3297 5607; x_wconf 75' lang='lat' dir='ltr'><strong>lib.</strong></span> <span class='ocrx_word' id='word_1_874' title='bbox 3341 5545 3377 5607; x_wconf 61' lang='grc' dir='ltr'><strong>[ι</strong></span> <span class='ocrx_word' id='word_1_875' title='bbox 3406 5530 3477 5587; x_wconf 84' lang='lat' dir='ltr'><strong>de</strong></span> 
     </span>
    </p>
   </div>
   <div class='ocr_carea' id='block_1_123' title="bbox 1883 5603 3476 5673">
    <p class='ocr_par' dir='ltr' id='par_1_123' title="bbox 1883 5603 3476 5673">
     <span class='ocr_line' id='line_1_124' title="bbox 1883 5603 3476 5673; baseline -0.006 -8"><span class='ocrx_word' id='word_1_876' title='bbox 1883 5603 2180 5673; x_wconf 40' lang='lat' dir='ltr'><strong>Ofﬁciisfc.</strong></span> <span class='ocrx_word' id='word_1_877' title='bbox 2212 5608 2297 5673; x_wconf 80' lang='lat' dir='ltr'><strong>l9,</strong></span> <span class='ocrx_word' id='word_1_878' title='bbox 2325 5614 2379 5661; x_wconf 84' lang='lat' dir='ltr'><strong>et</strong></span> <span class='ocrx_word' id='word_1_879' title='bbox 2403 5604 2689 5660; x_wconf 86' lang='lat' dir='ltr'><strong>Gratianus</strong></span> <span class='ocrx_word' id='word_1_880' title='bbox 2715 5618 2863 5658; x_wconf 82' lang='lat' dir='ltr'><strong>caus.</strong></span> <span class='ocrx_word' id='word_1_881' title='bbox 2894 5603 2984 5669; x_wconf 81' lang='lat'><strong>30,</strong></span> <span class='ocrx_word' id='word_1_882' title='bbox 3009 5617 3062 5670; x_wconf 91' lang='lat' dir='ltr'><strong>q.</strong></span> <span class='ocrx_word' id='word_1_883' title='bbox 3092 5603 3147 5670; x_wconf 87' lang='lat'><strong>5,</strong></span> <span class='ocrx_word' id='word_1_884' title='bbox 3172 5617 3219 5658; x_wconf 91' lang='lat' dir='ltr'><strong>c.</strong></span> <span class='ocrx_word' id='word_1_885' title='bbox 3248 5603 3300 5656; x_wconf 90' lang='lat'><strong>7.</strong></span> <span class='ocrx_word' id='word_1_886' title='bbox 3333 5603 3476 5670; x_wconf 83' lang='lat' dir='ltr'><strong>Qua-</strong></span> 
     </span>
    </p>
   </div>
   <div class='ocr_carea' id='block_1_124' title="bbox 1886 5673 3474 5744">
    <p class='ocr_par' dir='ltr' id='par_1_124' title="bbox 1886 5673 3474 5744">
     <span class='ocr_line' id='line_1_125' title="bbox 1886 5673 3474 5744; baseline -0.004 -8"><span class='ocrx_word' id='word_1_887' title='bbox 1886 5691 2007 5736; x_wconf 92' lang='lat' dir='ltr'><strong>tuor</strong></span> <span class='ocrx_word' id='word_1_888' title='bbox 2054 5682 2327 5734; x_wconf 86' lang='lat' dir='ltr'><strong>orationes</strong></span> <span class='ocrx_word' id='word_1_889' title='bbox 2376 5683 2664 5744; x_wconf 88' lang='lat' dir='ltr'><strong>sequentes</strong></span> <span class='ocrx_word' id='word_1_890' title='bbox 2706 5682 2920 5729; x_wconf 84' lang='lat' dir='ltr'><strong>exstant</strong></span> <span class='ocrx_word' id='word_1_891' title='bbox 2959 5674 3117 5728; x_wconf 88' lang='lat' dir='ltr'><strong>etiam</strong></span> <span class='ocrx_word' id='word_1_892' title='bbox 3171 5675 3223 5728; x_wconf 93' lang='lat' dir='ltr'><strong>in</strong></span> <span class='ocrx_word' id='word_1_893' title='bbox 3276 5673 3474 5729; x_wconf 80' lang='lat' dir='ltr'><strong>Missali</strong></span> 
     </span>
    </p>
   </div>
   <div class='ocr_carea' id='block_1_125' title="bbox 1884 5747 3470 5817">
    <p class='ocr_par' dir='ltr' id='par_1_125' title="bbox 1884 5747 3470 5817">
     <span class='ocr_line' id='line_1_126' title="bbox 1884 5747 3470 5817; baseline -0.003 -11"><span class='ocrx_word' id='word_1_894' title='bbox 1884 5751 2043 5806; x_wconf 85' lang='lat' dir='ltr'><strong>Rom.</strong></span> <span class='ocrx_word' id='word_1_895' title='bbox 2068 5750 2135 5805; x_wconf 89' lang='lat' dir='ltr'><strong>ad</strong></span> <span class='ocrx_word' id='word_1_896' title='bbox 2158 5750 2371 5804; x_wconf 85' lang='lat' dir='ltr'><strong>Missam</strong></span> <span class='ocrx_word' id='word_1_897' title='bbox 2400 5761 2492 5814; x_wconf 86' lang='lat' dir='ltr'><strong>pro</strong></span> <span class='ocrx_word' id='word_1_898' title='bbox 2514 5760 2700 5817; x_wconf 85' lang='lat' dir='ltr'><strong>sponso</strong></span> <span class='ocrx_word' id='word_1_899' title='bbox 2721 5758 2764 5799; x_wconf 88' lang='lat' dir='ltr'><strong>et</strong></span> <span class='ocrx_word' id='word_1_900' title='bbox 2792 5760 3013 5817; x_wconf 80' lang='lat' dir='ltr'><strong>sponsa;</strong></span> <span class='ocrx_word' id='word_1_901' title='bbox 3042 5760 3109 5801; x_wconf 86' lang='lat' dir='ltr'><strong>ex</strong></span> <span class='ocrx_word' id='word_1_902' title='bbox 3136 5747 3318 5816; x_wconf 86' lang='lat' dir='ltr'><strong>quinta</strong></span> <span class='ocrx_word' id='word_1_903' title='bbox 3338 5759 3470 5801; x_wconf 78' lang='lat' dir='ltr'><strong>vero</strong></span> 
     </span>
    </p>
   </div>
   <div class='ocr_carea' id='block_1_126' title="bbox 1886 5815 3187 5893">
    <p class='ocr_par' dir='ltr' id='par_1_126' title="bbox 1886 5815 3187 5893">
     <span class='ocr_line' id='line_1_127' title="bbox 1886 5815 3187 5893; baseline -0.005 -14"><span class='ocrx_word' id='word_1_904' title='bbox 1886 5823 2082 5893; x_wconf 87' lang='lat' dir='ltr'><strong>aliquae</strong></span> <span class='ocrx_word' id='word_1_905' title='bbox 2110 5829 2317 5877; x_wconf 91' lang='lat' dir='ltr'><strong>tantum</strong></span> <span class='ocrx_word' id='word_1_906' title='bbox 2347 5816 2632 5875; x_wconf 77' lang='lat' dir='ltr'><strong>sententiae</strong></span> <span class='ocrx_word' id='word_1_907' title='bbox 2654 5815 2922 5889; x_wconf 73' lang='lat' dir='ltr'><strong>excerpta:</strong></span> <span class='ocrx_word' id='word_1_908' title='bbox 2952 5815 3187 5874; x_wconf 89' lang='lat' dir='ltr'><strong>fuerunt.</strong></span> 
     </span>
    </p>
   </div>
  </div>
