4018 6314
542 380 640 449 131

1525 384 1749 446 OPERA
1787 384 1846 444 S.
1886 382 2093 443 LEONI
2131 382 2372 442 MAGNO
2411 381 2829 443 ATTRIBUTA.‘

538 499 637 558 tibi
664 498 939 557 offerimus
963 511 1061 571 pro
1078 499 1280 557 famula
1308 506 1397 557 tua
1424 469 1613 575 (ειιά),
1646 516 1988 573 quaesumus,
2024 500 2131 556 Do-
2157 502 2209 561 Α
2236 516 2351 554 rum
2392 501 2631 574 requiem
2678 499 2696 540 ί
2737 509 2897 572 atque
2936 499 3003 556 ad
3043 498 3284 556 caelestia
3320 510 3489 569 regna
3525 496 3818 569 perveniat.

538 597 714 664 mine,
764 595 1008 666 placatus
1037 596 1287 669 aspicias.
1329 595 1434 652 Pro
1471 610 1575 667 qua
1616 596 1953 668 majestatem
1983 602 2130 649 tuam

536 689 807 761 supplices
837 703 1124 745 exoramus
1162 698 1218 744 ut
1253 688 1391 744 sicut
1436 703 1556 744 eam
1591 687 1657 743 ad
1688 696 1898 744 aetatem
1932 684 2133 756 nuptiis

542 791 929 856 congruentem
963 784 1246 855 pervenire
1273 781 1539 851 tribuisti,
1570 783 1648 838 sic
1671 782 1942 838 consortio
1970 780 2132 837 mari-

537 879 631 934 tali
663 888 751 934 tuo
793 893 1015 934 munere
1045 877 1381 949 copulatam,
1424 875 1728 932 desiderata
1775 875 1961 931 sobole
2002 890 2135 947 gau-

538 970 669 1028 dere
710 970 985 1042 perficias,
1038 979 1198 1042 atque
1242 968 1309 1025 ad
1348 978 1598 1041 Optatam
1640 970 1836 1025 seriem
1870 984 1990 1025 cum
2033 982 2131 1024 suo

538 1064 767 1137 conjuge
794 1062 1058 1135 provehas
1087 1062 1350 1134 benignus
1376 1077 1663 1117 annorum.
1698 1059 1824 1128 Per,
1850 1073 1955 1116 etc.

607 1157 947 1225 Qumsumus,
975 1156 1317 1225 omnipotens
1346 1154 1508 1223 Deus,
1546 1152 1787 1210 instituta
1822 1152 1975 1227 131
2008 1166 2133 1223 pro-

536 1248 787 1306 videntiae
832 1259 933 1304 tuae
978 1249 1065 1319 pio
1101 1247 1287 1303 favore
1326 1248 1612 1312 comitare;
1645 1256 1697 1302 et
1729 1261 1865 1318 quos
1894 1244 2131 1316 legitima

538 1342 796 1399 societate
818 1343 1117 1411 connectis,
1143 1341 1387 1411 longaeva
1413 1356 1546 1411 pace
1570 1338 1802 1396 custodi.
1832 1339 1955 1409 Per,
1988 1348 2094 1393 etc.

602 1434 828 1502 Adesto,
859 1434 1107 1499 Domine,
1137 1431 1617 1504 supplicationibus
1643 1432 1866 1498 nostris,
1893 1438 1946 1485 et
1975 1430 2133 1485 insti-

534 1527 664 1583 tutis
699 1528 828 1595 tuis,
858 1527 1052 1596 quibus
1078 1525 1519 1597 propagationem
1557 1522 1778 1579 humani
1803 1522 2015 1595 generis
2046 1537 2132 1577 or-

535 1623 755 1691 dinasti,
784 1623 1046 1693 benignus
1073 1623 1305 1690 assiste;
1346 1632 1405 1679 ut
1431 1621 1597 1692 quod,
1634 1632 1686 1678 te
1713 1630 1931 1678 auctore
1950 1620 2134 1692 jungi-

537 1724 648 1783 tur,
682 1724 733 1772 te
762 1715 1053 1771 auxiliante
1084 1724 1347 1771 servetur.
1379 1716 1504 1782 Per,
1538 1724 1643 1773 etc.

610 1811 791 1881 Pater,
821 1811 1003 1866 mundi
1033 1810 1302 1878 conditor,
1334 1811 1669 1868 nascentium
1691 1808 1923 1881 genitor,
1954 1807 2135 1865 multi-

2233 595 2356 664 Per,
2393 606 2497 652 etc.
2532 632 2537 633 κ

2927 686 3145 746 XXXII.

2646 781 2801 856 132
2840 781 3071 841 MENSE
3110 775 3425 838 ocrosst.

2714 869 2794 926 De
2819 872 3046 927 siccitate
3076 872 3341 942 temporis.

2305 975 2331 1017 ε
2357 965 2517 1032 Deus,
2544 966 2595 1019 in
2633 980 2740 1037 quo
2769 964 3018 1033 vivimus,
3055 981 3334 1023 movemur
3365 974 3421 1021 et
3454 980 3670 1033 sumus,
3704 965 3813 1037 plu-

2232 1060 2374 1115 viam
2402 1058 2557 1114 nobis
2586 1058 2757 1114 tribue
2790 1068 3199 1131 congruentem,
3231 1068 3293 1115 ut
3321 1059 3686 1131 praesentibus
3703 1060 3814 1115 sub-

2233 1154 2385 1210 sidiis
2431 1153 2765 1211 sufﬁcienter
2805 1154 2973 1224 adjuti
2997 1200 3012 1225 ,
3061 1154 3387 1227 sempiterna
3416 1152 3718 1211 ﬁducialius
3740 1169 3816 1226 ap-

2236 1258 2501 1319 petamus.
2536 1244 2661 1314 Per,
2688 1256 2794 1303 etc.

2306 1339 2534 1394 Domum
2568 1347 2736 1405 tuam,
2763 1338 3011 1405 Domine,
3036 1352 3365 1410 quaesumus,
3404 1336 3728 1406 propitiatus
3750 1336 3817 1393 i-

2235 1435 2439 1501 habita,
2463 1445 2516 1491 et
2548 1433 2883 1491 subditorum
2913 1433 3007 1490 tibi
3039 1433 3274 1489 ﬁdelium
3303 1430 3463 1489 corda
3492 1432 3744 1501 puriﬁca,
3771 1440 3818 1486 ut

2234 1528 2373 1585 bene
2410 1527 2618 1597 placitis
2651 1527 2985 1595 inhzerendo,
3025 1535 3219 1584 cuncta
3245 1542 3364 1601 qua:
3394 1525 3539 1583 bona
3574 1537 3699 1582 sunt
3724 1540 3817 1584 nte-

2236 1630 2461 1675 reantur
2492 1620 2756 1690 accipere.
2793 1620 2915 1687 Per,
2947 1629 3054 1676 etc.

2306 1713 2335 1753 ιι
2359 1716 2564 1771 Exaudi
2608 1731 2727 1783 nos,
2754 1715 2978 1772 Domine
3025 1716 3169 1772 Deus
3198 1725 3402 1779 noster,
3426 1724 3479 1771 et
3526 1714 3807 1771 Ecclesiam

2234 1820 2381 1866 tuam
2432 1811 2569 1867 inter
2609 1810 2794 1867 mundi
2843 1811 3085 1868 turbines
3126 1811 3479 1867 ﬂuctuantem
3510 1852 3524 1877 ,
3583 1808 3812 1867 clementi

539 1904 803 1975 plicandae
847 1904 1072 1974 originis
1112 1903 1407 1971 institutor,
1452 1903 1539 1975 qui
1580 1904 1710 1959 Adae
1749 1902 1997 1959 comitem
2031 1901 2135 1958 tuis
2164 1894 2214 1956 B
2238 1904 2629 1977 gubernatione
2668 1904 2971 1975 moderare,
3018 1912 3079 1960 ut
3110 1900 3395 1975 tranquillo
3426 1919 3596 1961 cursu
3628 1911 3814 1975 portum

540 1999 787 2056 manibus
814 1998 1063 2054 addidisti
1089 2039 1104 2065 ,
1154 1995 1307 2068 cujus
1351 2012 1414 2053 ex
1448 1996 1660 2052 ossibus
1686 2011 1807 2052 ossa
1836 1996 2133 2052 crescentia

540 2108 724 2165 parem
756 2091 983 2146 formam
1014 2089 1317 2147 admirabili
1342 2090 1654 2145 diversitate
1681 2091 1975 2160 signarent,
2009 2087 2134 2143 hinc

538 2186 609 2242 ad
642 2186 803 2241 totius
834 2184 1188 2240 multitudinis
1228 2184 1639 2249 incrementum,
1670 2181 1965 2254 coniugalis
1993 2179 2135 2238 thori

538 2278 687 2350 iussa
723 2278 996 2333 consortia
1018 2319 1032 2343 ,
1076 2292 1181 2347 quo
1225 2286 1395 2331 totum
1441 2276 1582 2331 inter
1612 2291 1671 2331 se
1701 2276 1954 2331 saeculum
1982 2274 2137 2331 colli-

542 2380 752 2441 garent,
784 2369 1004 2425 humani
1036 2370 1247 2439 generis
1274 2368 1479 2426 fcedera
1511 2379 1829 2426 uetuerunt.
1870 2368 1960 2425 Sic
1988 2370 2132 2425 enim

540 2464 639 2519 tibi
682 2462 937 2535 placitum
978 2462 1323 2527 necessario,
1374 2472 1431 2516 ut
1472 2460 1596 2530 quia
1626 2462 1781 2531 longe
1808 2470 1952 2515 esset
1980 2459 2132 2516 inﬁr-

543 2560 702 2626 mius,
738 2557 879 2629 quod
910 2558 1113 2612 homini
1142 2554 1340 2622 simile,
1374 2570 1533 2626 quam
1564 2554 1704 2625 quod
1736 2554 1826 2609 tibi
1856 2553 1966 2610 Deo
1993 2553 2135 2609 fece-

538 2665 654 2716 ras,
684 2649 898 2705 additus
941 2648 1149 2705 fortiori
1190 2663 1352 2704 sexus
1394 2647 1674 2715 infirmior,
1707 2664 1870 2702 unum
1898 2647 2137 2704 efficeret

543 2758 609 2800 ex
649 2743 891 2813 duobus,
936 2752 990 2798 et
1021 2741 1137 2813 pari
1174 2741 1399 2812 pignore
1423 2740 1636 2795 soboles
1665 2740 1831 2794 mixta
1862 2750 2133 2806 manaret;

545 2837 671 2894 dum
703 2851 799 2909 per
830 2836 1075 2892 ordinem
1105 2833 1298 2890 flueret
1324 2834 1528 2904 digesta
1557 2832 1873 2905 posteritas,
1904 2848 1966 2887 ac
1992 2831 2138 2903 prio-

547 2947 637 2988 res
664 2941 689 2969 α
726 2939 952 2988 ventura
989 2938 1362 2999 sequerentur,
1409 2943 1509 2984 nec
1545 2928 1710 2982 ullum
1754 2926 1856 2981 sibi
1894 2926 2052 2980 ﬁnem
2082 2926 2137 2981 in

545 3034 654 3079 tam
686 3024 838 3080 brevi
870 3024 1121 3091 termino,
1153 3022 1395 3092 quamvis
1430 3030 1575 3077 esset
1602 3020 1801 3076 caduca
1828 3022 2130 3090 posteritas.

544 3117 629 3175 Ad
659 3119 775 3174 haec
815 3118 974 3189 igitur
1001 3117 1027 3156 ι)
1072 3128 1308 3173 venturze
1350 3117 1504 3187 hujus
1542 3115 1756 3173 famulae
1794 3125 1918 3181 tusc,
1954 3116 2132 3181 Pater.

545 3213 855 3269 rudimenta
904 3214 1221 3280 sanctitica,
1274 3224 1333 3267 ut
1380 3212 1521 3266 bono
1565 3220 1619 3267 et
1649 3227 1905 3281 prospero
1937 3213 2135 3268 sociata

2237 2009 2513 2072 perpetua:
2544 2000 2848 2057 securitatis
2877 1999 3134 2056 inveniat.
3167 1998 3290 2065 Per,
3319 2006 3426 2055 etc.

2314 2093 2613 2165 *Respice,
2649 2108 2978 2166 quaesumus,
3016 2093 3263 2161 Domine,
3303 2101 3545 2149 nostram
3584 2092 3813 2165 propitius

2237 2186 2555 2240 servitutem
2582 2226 2598 2253 ,
2641 2194 2701 2240 ut
2738 2185 2879 2256 quod
2912 2184 3190 2241 offerimus
3228 2185 3300 2241 sit
3328 2184 3426 2240 tibi
3457 2200 3662 2242 munus
3688 2198 3815 2242 acos-

2236 2286 2409 2348 ptum,
2440 2277 2511 2334 sit
2540 2285 2740 2333 nostra:
2771 2277 3043 2349 fragilitati
3079 2278 3401 2334 subsidium.
3435 2278 3561 2345 Per,
3594 2289 3697 2335 etc.

2310 2368 2451 2425 Vere
2481 2370 2722 2441 dignum.
2770 2370 2853 2426 Ad
2899 2370 3051 2441 cujus
3090 2370 3412 2427 immensam
3457 2370 3810 2442 pertinctglo~

2236 2462 2372 2519 riam
2403 2471 2460 2518 ut
2501 2477 2607 2519 non
2638 2463 2810 2519 solum
2844 2463 3163 2519 mortalibus
3195 2472 3286 2519 tua
3319 2463 3529 2520 Deitate
3557 2476 3811 2520 succurro-

2236 2559 2337 2627 ris,
2360 2558 2454 2614 sed
2485 2558 2551 2615 de
2580 2558 2695 2628 ipsa
2721 2558 2885 2615 etiam
2913 2558 3236 2614 mortalitate
3263 2566 3448 2615 nostra
3478 2558 3639 2614 nobis
3662 2569 3811 2614 reme-

2236 2652 2381 2709 diutn
2413 2652 2731 2724 provideris,
2763 2662 2817 2707 et
2859 2652 3098 2724 perditos
3122 2693 3137 2719 ,
3182 2651 3330 2708 unde
3366 2650 3477 2723 (Af.
3507 2649 3638 2724 quo)
3661 2649 3811 2722 perie-

2237 2756 2378 2813 rant,
2406 2745 2531 2803 inde
2558 2746 2799 2802 salvaris.
2834 2746 2956 2809 Per,
2990 2754 3098 2802 etc.

2312 2837 2326 2889 ἱ
2358 2838 2699 2906 Quaesumus,
2723 2840 3065 2910 omnipotens
3086 2838 3254 2907 Deus,
3280 2848 3341 2894 ut
3367 2839 3511 2896 inter
3530 2840 3646 2909 ejus
3673 2852 3811 2893 ntem-

2240 2930 2335 2985 bra
2384 2945 2766 2998 numeremur,
2814 2930 2969 3002 cujus
3017 2931 3233 3004 corpori
3278 2931 3731 2990 communicantes
3767 2937 3810 2986 et

2238 3022 2504 3093 sanguini.
2535 3021 2658 3091 Per,
2690 3032 2794 3079 etc.

2312 3115 2339 3154 ¹ί
2365 3116 2649 3172 Familiam
2681 3126 2847 3184 tuam,
2892 3116 3150 3187 Domine,
3193 3118 3416 3175 dextera
3446 3128 3537 3176 tua
3578 3126 3813 3188 perpetuo

2242 3211 2541 3269 circumdet
2586 3212 2814 3281 auxilio,
2844 3221 2901 3268 et
2941 3212 3010 3267 ab
3057 3212 3204 3269 omni
3254 3214 3519 3283 pravitate
3557 3212 3814 3269 defensam

545 3306 841 3369 consortio,
872 3304 1004 3372 legis
1033 3312 1247 3357 aeternae
1269 3304 1387 3373 jura
1417 3303 1699 3358 custodiat.
1726 3304 2135 3375 Memineritque
2160 3282 2206 3347 (ἶ
2239 3306 2395 3363 donis
2441 3306 2753 3362 cmlestibus
2806 3314 3165 3377 prosequatur
3195 3282 3269 3363 et,
3288 3308 3356 3363 ad
3387 3307 3635 3364 bonorum
3679 3317 3810 3371 pm-

546 3410 627 3464 se,
670 3396 935 3459 Domine,
970 3410 1075 3448 non
1106 3404 1309 3449 tantum
1351 3394 1419 3449 ad
1464 3396 1731 3449 licentiam
1775 3396 2135 3465 coniugalem,

548 3486 645 3543 sed
676 3487 740 3541 ad
770 3486 1163 3541 observantiam
1196 3498 1216 3524 ο
1264 3486 1381 3553 Dei,
1414 3497 1828 3557 sanctorumque
1860 3490 2139 3557 pignorum

549 3580 812 3637 custodia:
830 3579 1147 3650 delegatam.
1173 3578 1374 3634 Fidelis
1403 3587 1457 3634 et
1483 3588 1626 3634 casta
1649 3580 1813 3634 nubat
1835 3582 1885 3635 in
1902 3580 2135 3649 Christo,

548 3671 916 3743 imitatrixque
965 3682 1269 3729 sanctarum
1320 3685 1633 3742 permaneat
1684 3674 2017 3730 feminarum.
2062 3674 2145 3731 Sit

549 3765 815 3829 amabilis,
845 3774 900 3818 ut
928 3764 1148 3829 Rachel,
1184 3767 1329 3829 viro;
1362 3766 1597 3834 sapiens,
1629 3777 1685 3820 ut
1715 3765 1994 3831 Rebecca;
2022 3767 2139 3822 lon-

549 3872 697 3928 gaeva
738 3868 791 3911 et
830 3856 1034 3925 fidelis,
1074 3864 1133 3910 ut
1162 3857 1316 3911 Sara.
1369 3857 1510 3910 Nihil
1549 3873 1616 3913 ex
1649 3858 1747 3912 hac
1779 3859 1803 3894 ά
1837 3860 2137 3915 subeisivus

556 3950 652 4006 ille
683 3959 868 4006 auctor
912 3950 1367 4021 praevaricationis
1399 3963 1637 4022 usurpet,
1670 3952 1793 4007 nixa
1834 3954 1959 4009 ﬁdei
1988 3971 2138 4011 man-

555 4044 797 4116 datisque
844 4055 1175 4115 permaneat.
1223 4046 1423 4100 Muniat
1466 4048 1827 4103 inﬁrmitatem
1870 4064 2019 4104 suam
2051 4066 2136 4107 ro-

551 4138 685 4193 bore
727 4138 1044 4210 disciplinin.
1090 4139 1191 4196 Uni
1229 4139 1591 4212 tliorojuncta
1640 4150 1661 4177 ο
1706 4152 1983 4198 contactus
2013 4144 2135 4201 vita:

554 4228 771 4287 illicitos
818 4230 1003 4301 fugiat.
1049 4233 1129 4288 Sit
1174 4236 1491 4289 verecundia
1538 4236 1752 4304 gravis,
1801 4236 2003 4303 pudore
2048 4253 2140 4294 ve-

552 4323 839 4389 nerabilis,
884 4323 1142 4379 doctrinis
1173 4326 1482 4381 cmfeStibus
1527 4328 1754 4383 erudita.
1802 4328 1883 4384 Sit
1911 4330 2139 4389 fecunda

552 4411 610 4475 in
646 4415 863 4483 sobole;
912 4417 981 4473 sit
1028 4415 1247 4489 probata
1293 4428 1349 4475 et
1392 4420 1683 4489 innocens;
1735 4432 1792 4478 et
1835 4423 1904 4479 ad
1951 4425 2138 4483 beato—

632 4684 1084 4744 IMendosissima
1132 4698 1215 4743 est
1264 4688 1380 4745 hmo
1425 4691 1599 4749 oratio
1643 4696 1695 4751 in
1729 4697 1978 4755 omnibus
2006 4715 2139 4757 mss.

554 4761 1019 4845 Sacratnentariis.
1049 4760 1576 4845 Legenduinvidetur
1606 4772 1821 4845 venturi.
1866 4772 1983 4828 510x
2010 4790 2136 4845 pro-

560 4842 801 4905 ponerent
834 4833 1027 4887 habent
1058 4836 1235 4888 caeteri
1259 4835 1415 4889 codd.
1451 4852 1547 4906 pro
1577 4844 1865 4907 posteritas.
2010 4833 2023 4845 ”

630 4901 657 4942 δ
684 4904 749 4987 in.
770 4902 1075 4987 aliislcodt‘i.
1113 4905 1336 4987 laudatis
1366 4908 1559 4977 legitur
1594 4929 1604 4964 :
1645 4911 1797 4968 Data:
1835 4917 1934 4970 sint
1964 4915 2073 4987 (Le

562 4977 704 5054 s‘tmt)
732 4976 858 5049 legis
888 4974 1179 5054 (bl._feges)
1210 4959 1682 5054 instituisset-itur;

566 5048 890 5118 Quapropter
920 5048 1070 5115 hujus
1099 5050 1306 5119 famulae
1334 5064 1455 5117 tute,
1493 5063 1597 5109 etc.
1632 5048 1765 5111 Num
1804 5059 2016 5114 librario
2042 5048 2140 5116 no-

564 5131 678 5199 _stro
729 5119 926 5199 aliquid
976 5121 1093 5199 hoc
1124 5119 1242 5175 loco
1286 5124 1578 5199 erciderit,
1626 5145 1693 5184 an
1724 5131 2044 5199 posteriores
2075 5131 2139 5187 ad

560 5190 1037 5271 huncobscttrum
1082 5192 1257 5271 locum
1301 5196 1477 5264 aliqua
1528 5190 1737 5271 ratione
1765 5202 2137 5271 explicandum

560 5261 760 5333 aliquid
805 5263 1139 5343 adjecerint,_
1169 5261 1505 5343 ignoramus.
1538 5261 1851 5327 Blanchinio
1902 5274 2142 5343 placeret

560 5348 869 5412 expungere
914 5336 1343 5412 praepositionem
1376 5339 1442 5393 ad
1488 5352 1540 5395 ct
1567 5358 1751 5399 vocem
1787 5336 2032 5412 υεηιὶινω,
2065 5344 2141 5402 ita

559 5416 617 5488 ut
648 5405 855 5488 legatur
882 5424 894 5460 :
918 5404 1051 5488 [fere
1078 5407 1232 5479 igitur
1258 5408 1411 5482 hujus
1441 5412 1653 5482 [antqu
1678 5424 1801 5484 tute,
1835 5404 2138 5487 Paler,'rtt-

560 5477 785 5532 dimenta
808 5477 1227 5547 sanctiﬁca,‘etc.
1319 5477 1336 5482 ⁷
1441 5477 1451 5482 ⁷
1785 5477 1798 5484 ⁷
2001 5477 2013 5487 ’
2082 5540 2085 5541 ν

636 5559 657 5587 ο
685 5549 998 5629 Degendum
1030 5566 1113 5629 ex
1158 5552 1278 5629 aliis
1304 5557 1777 5629 sacramentariis,
1828 5558 1967 5629 ﬁdei.
2019 5558 2140 5617 Mox

490 5686 493 5691 ι
561 5622 970 5743 Εὲῗαξιειεςαιαηι
995 5621 1086 5678 alii
1115 5624 1273 5680 codd.
1303 5624 1502 5683 habent
1526 5621 1985 5701 diligatanz,'forte
2011 5633 2139 5690 obli-

558 5708 753 5767 θαιρῃι.

633 5760 802 5852 tigDuo
849 5765 1032 5851 codd...
1082 5769 1346 5852 subdolus.
1396 5771 1953 5847 Gelas.,susciptivus.
2006 5775 2141 5835 Dein

566 5850 697 5894 item
728 5852 823 5904 pro
852 5855 973 5892 nixa
1000 5855 1053 5894 tn
1078 5850 1289 5898 caeteris
1318 5859 1448 5900 mss.

641 5917 663 5948 ο
689 5909 779 5967 Sic
818 5916 1002 5970 noster
1039 5920 1095 5969 et
1134 5916 1316 5974 caeteri
1358 5915 1588 5977 codices.
1637 5918 1698 5981 la
1747 5919 1945 5983 Missali
1985 5920 2144 5981 Rom.

2241 3401 2347 3457 mia
2370 3402 2556 3471 gratias
2586 3414 2701 3456 sua:
2729 3400 2977 3470 largitate
3008 3401 3292 3471 perducat.
3323 3402 3439 3466 Per,
3467 3408 3562 3457 etc.

2316 3494 2378 3550 ll.
2408 3495 2542 3549 Item
2571 3495 3131 3566 alica—Omnipotens
3158 3496 3481 3565 sempiterne
3508 3494 3660 3557 Dens.
3687 3503 3785 3547 seu

2243 3587 2395 3643 sibus
2428 3589 2628 3643 nostris
2661 3590 2983 3659 propitiatus
3014 3590 3255 3656 intende,
3288 3602 3399 3647 uta
3430 3587 3649 3645 terrenis
3676 3584 3817 3640 dele-

2246 3682 2570 3738 ctationibus
2600 3683 2954 3751 abstinentes,
2989 3686 3310 3755 propensius
3335 3683 3573 3741 ctelestia
3599 3678 3818 3737 medite-

2245 3791 2387 3830 mur.
2412 3775 2533 3841 Per,
2568 3784 2674 3831 etc.

2316 3872 2516 3927 Prtesta
2539 3915 2553 3939 ,
2583 3872 2833 3939 Domine,
2861 3889 3196 3943 quaesumus,
3224 3882 3282 3929 ut
3314 3890 3409 3944 per
3438 3873 3579 3942 hinc,
3604 3885 3720 3942 quae
3745 3868 3822 3924 his

2245 3964 2606 4022 oblationibus
2636 3978 2763 4022 sunt
2792 3968 3022 4037 agenda,
3052 3969 3339 4025 salvemur.
3378 3969 3502 4037 Per,
3535 3976 3639 4023 etc.

2320 4057 2458 4113 Vere
2478 4059 2719 4129 dignum.
2742 4058 3099 4115 Clementiam
3127 4070 3269 4117 tuam
3294 4061 3532 4131 profusis
3554 4058 3703 4131 133
3716 4068 3824 4125 pre-

2243 4152 2393 4207 cibus
2427 4153 2794 4222 implorantes,
2820 4164 2880 4209 ut
2904 4154 3230 4209 conditionis
3257 4154 3510 4208 humanae
3547 4148 3826 4218 respiciens

2242 4244 2574 4311 facultatem,
2603 4245 2798 4315 quibus
2827 4255 2972 4300 tanta
3001 4247 3236 4301 remedia
3266 4246 3576 4316 providisti,
3610 4244 3823 4302 tribuas,

2243 4347 2300 4393 ut
2324 4354 2509 4394 eorum
2534 4354 2627 4407 per
2658 4349 2799 4393 tuam
2827 4340 3056 4409 gratiam
3082 4340 3193 4395 sint
3219 4353 3470 4410 capaces.
3504 4339 3630 4405 Per,
3663 4346 3764 4392 etc.

2312 4432 2518 4489 Mentes
2562 4442 2774 4488 nostras
2804 4440 2863 4489 et
2904 4447 3158 4504 corpora,
3192 4432 3424 4489 Domine
3448 4474 3467 4502 ,
3510 4440 3827 4505 quasuinus,

2170 4704 2223 4765 ι)
2251 4704 2449 4759 omissa
2488 4716 2573 4761 est
2612 4715 2815 4788 tantum
2847 4722 2949 4763 vox
2986 4708 3302 4788 vitre_._Hin_e_
3327 4710 3561 4788 probare
3591 4727 3696 4788 non
3723 4721 3834 4788 pos-

2247 4791 2433 4850 sumus
2493 4780 2930 4834 emendationem
2994 4796 3022 4833 a
3084 4781 3399 4836 Blancbinio
3455 4783 3649 4850 primis
3703 4781 3835 4836 curis

2242 4847 2526 4904 indicatam
2571 4860 2627 4905 et
2652 4867 2681 4905 a
2715 4852 3002 4906 Mnratorio
3056 4854 3221 4907 textui
3258 4847 3548 4919 inserta—ni,
3584 4864 3836 4908 contactus

2241 4921 2359 4973 vitet
2397 4920 2624 4976 illicitos.
2678 4924 2790 4985 Sit,
2832 4938 2936 4977 etc.
2981 4922 3123 4977 fdem
3177 4926 3520 4982 Blancbinius
3562 4928 3709 4981 curis
3752 4940 3834 4981 se-

2242 4992 2431 5047 cundis
2471 4994 2610 5047 hunc
2639 4993 2817 5049 locum
2845 4998 3183 5051 correctione
3218 5015 3323 5052 non
3352 4997 3595 5069 indigere
3628 4996 3827 5069 profes-

2246 5077 2346 5119 SUS
2376 5074 2480 5119 est.

2322 5132 2340 5172 ί
2381 5136 2609 5209 Quidam
2641 5138 2879 5203 codices,
2912 5156 3070 5209 usque
3091 5139 3159 5193 ad
3185 5141 3426 5196 cmlestia.

2325 5215 2349 5254 s
2376 5207 2474 5261 Est
2500 5209 2637 5278 apud
2668 5209 2847 5280 Getas.
2894 5207 2994 5265 lib.
3023 5227 3111 5269 ιιι.
3151 5228 3293 5265 nunt.
3328 5212 3431 5280 M,
3466 5213 3518 5267 in
3552 5230 3685 5269 mss.
3715 5217 3836 5272 Gre-

2244 5293 2461 5355 gor._ac
2493 5280 2552 5355 in
2580 5279 2989 5355 Missalifiom"
3020 5285 3089 5336 ad
3118 5284 3343 5353 pluviam
3371 5279 3761 5355 pestulaudam.

2275 5418 2286 5430 .
2321 5344 2351 5385 ³³
2377 5348 2595 5421 Legitur
2628 5354 2679 5407 in
2704 5353 2866 5430 codd.
2897 5344 3128 5430 Gregor:
3157 5344 3433 5430 Muratorii
3463 5357 3519 5413 in
3549 5360 3694 5415 serie
3725 5372 3835 5414 ora-

2248 5425 2919 5497 tionum_v_espertinalinm
2951 5425 3034 5479 vel
3064 5426 3482 5482 tnatutinalinm.

2327 5488 2341 5527 ί
2379 5488 2668 5570 ln_Mi§sali
2709 5495 2876 5570 Rom.
2899 5506 2985 5570 est
3017 5497 3291 5570 Dotniniea
3330 5497 3397 5552 XI
3429 5510 3553 5570 post
3581 5501 3837 5557 Penteco-

2246 5569 2398 5641 sten_;
2417 5565 2495 5641 _i_n
2519 5565 2939 5641 Gregor._codd.
2970 5568 3112 5641 apud
3137 5565 3488 5628 Muratoriuin
3520 5572 3679 5630 Dom.
3720 5570 3838 5638 Xll;

2246 5634 2391 5706 apud
2417 5634 2724 5693 Menardum
2758 5638 2897 5694 Xlll.

2323 5708 2340 5757 Ι
2380 5706 2925 5788 1ηρίεάθιῃρράακεια
2955 5712 3235 5788 inllissali
3256 5715 3453 5787 legitur
3474 5718 3705 5775 sabbato
3722 5720 3839 5788 post

2252 5779 2585 5855 Dominicam
2613 5780 2679 5855 Ill
2708 5783 3163 5855 Quadragesitnae.

2207 5904 2210 5907 λ
2287 5849 2348 5916 ,κ
2378 5851 2617 5931 liabetur
2648 5853 2702 5931 in
2723 5869 2854 5931 mss.
2884 5849 3112 5928 Gregor.
3146 5860 3287 5931 apud
3318 5861 3667 5918 Muratorium
3698 5862 3833 5918 inter

2254 5922 2529 5985 orationes
2556 5927 2929 6002 quotidianas,
2964 5922 3022 5990 et
3045 5922 3259 5993 rursum
3292 5934 3433 5993 inter
3460 5936 3769 6008 paschales.
