4018 6314
218 414 318 476 I53

1020 422 1221 479 LIBER
1259 420 1875 482 SACRAMENTORUM
1917 422 2271 482 ECCLESUE
2308 423 2645 487 ROMANA‘I.

3300 434 3490 493 »134

214 530 453 605 operatio
510 543 611 590 tua:
674 534 885 591 virtutis
940 536 1223 603 infundat,
1288 548 1346 594 ut
1388 539 1531 611 quod
1581 542 1799 611 partici-
1825 540 1879 606 Α
1973 542 2038 598 ν.
2076 541 2208 597 Item
2247 546 2836 620 alim—Omnipotens
2866 551 3195 623 sempiterno
3226 553 3387 621 Deus,
3434 552 3491 613 in

214 626 430 697 patione
475 628 843 700 sumpsimus,
894 630 1049 703 plena
1095 632 1467 704 redemptione
1502 635 1795 704 capiamus.

212 717 336 786 Per,
363 728 467 777 etc.

282 814 555 884 Proficiat,
588 831 918 888 quaesumus,
952 820 1198 890 Domine,
1232 822 1405 879 fidelis
1436 824 1663 896 populus
1694 835 1800 881 tuae

208 906 421 977 pietatis
448 908 743 980 instinctu,
774 921 829 968 et
866 913 1065 970 salubri
1096 916 1507 987 compunctione
1550 916 1796 987 devotus,

205 1009 481 1069 gratanter
534 1018 653 1076 quae
702 1008 951 1077 praecipis
1012 1017 1378 1083 exsequatur,
1431 1018 1487 1068 ut
1513 1028 1633 1084 qua:
1672 1027 1801 1086 pro-

203 1094 371 1151 mittis
398 1097 645 1168 accipiat.
682 1099 804 1171 Per,
832 1108 940 1157 etc.

272 1184 359 1243 ill.
392 1184 530 1243 Item
557 1190 684 1245 alia.
710 1222 782 1233 —
807 1201 831 1231 ⁸
866 1194 1256 1269 lndulgentiam
1290 1198 1445 1253 nobis
1470 1240 1484 1263 ,
1532 1197 1763 1253 Domine
1784 1240 1802 1269 ,

202 1279 378 1337 tribue
408 1294 779 1353 peccatorum,
812 1298 869 1342 ut
899 1290 1141 1346 instituta
1170 1292 1443 1363 paschalia
1470 1293 1566 1349 tibi
1592 1294 1805 1365 placitis

200 1375 451 1430 sensibus
474 1392 787 1449 operemur.
818 1380 946 1446 Per,
980 1392 1084 1439 etc.

272 1467 299 1508 δ
324 1470 639 1528 Muneribus
668 1476 891 1543 nostris,
928 1475 1151 1534 Domine
1172 1520 1185 1545 ,
1235 1481 1586 1553 precibusque
1614 1495 1797 1538 susce-

199 1560 308 1631 ptis
326 1602 343 1630 ,
370 1571 427 1618 et
458 1562 773 1621 coelestibus
801 1580 900 1623 nos
929 1567 1123 1625 munda
1155 1572 1446 1641 mysteriis,
1483 1581 1537 1628 et
1559 1571 1796 1630 clemen-

198 1663 289 1712 ter
315 1656 525 1713 exaudi.
563 1657 687 1729 Per,
722 1671 825 1718 etc.

194 1792 219 1810 ..
284 1749 419 1806 Vere
467 1752 705 1823 dignum.
753 1755 1076 1825 Suppliciter
1110 1769 1393 1817 exorantes
1422 1770 1563 1818 utet
1592 1763 1795 1821 securi-

192 1850 363 1898 tatem
391 1844 546 1901 nobis
573 1856 871 1917 temporum
902 1850 1126 1919 tribuas,
1156 1862 1209 1907 ct
1238 1854 1513 1925 religionis
1538 1872 1794 1930 augmen-

1907 638 2239 709 protectione
2282 639 2517 697 fidelium
2555 644 2870 713 populorum
2908 648 3126 708 antiaua
3174 648 3378 705 brachii
3416 648 3493 707 tui

1903 744 2130 804 operare
2177 736 2435 791 miracula
2463 778 2479 803 ,
2528 745 2589 791 ut
2628 739 2870 798 hostibus
2919 744 3121 800 nostfis
3164 751 3249 800 tua
3293 747 3493 805 virtute

1902 829 2263 900 compressis,
2319 845 2512 888 secura
2567 832 2661 889 tibi
2714 840 2911 893 serviat
2952 837 3197 895 Romana
3248 837 3492 897 devotio.

1900 918 2024 992 Per,
2056 932 2162 981 etc.

1972 1016 2231 1089 Suscipe,
2270 1017 2532 1089 Domine,
2578 1035 2913 1094 quaesumus,
2948 1025 3182 1097 hostias,
3221 1044 3355 1101 quas
3393 1026 3490 1086 tibi

1905 1125 2006 1181 pro
2034 1112 2205 1168 salute
2245 1121 2351 1169 tuae
2380 1114 2551 1185 plebis
2582 1114 2885 1184 offerimus,
2930 1124 2984 1173 et
3010 1122 3355 1178 sacramentis
3380 1137 3489 1180 ca:-

1907 1202 2133 1260 lestibus
2163 1206 2492 1279 servientes,
2523 1206 2592 1264 ab
2618 1208 2766 1265 omni
2797 1208 2952 1281 culpa
2982 1209 3180 1270 liberos
3219 1228 3336 1272 esse
3360 1233 3489 1276 con-

1905 1297 2053 1354 cede.
2086 1297 2209 1367 Per,
2240 1304 2343 1357 etc.

1976 1386 2114 1446 Vere
2140 1390 2381 1464 dignum.
2411 1392 2511 1464 Qui
2538 1410 2635 1466 per
2657 1395 2985 1455 ineffabilem
3017 1402 3309 1473 potentiam
3330 1402 3491 1463 Verbi

1903 1483 1975 1537 tui
2001 1525 2017 1551 ,
2062 1484 2200 1540 sicut
2230 1484 2448 1544 humani
2477 1491 2691 1561 generis
2716 1508 2775 1550 es
2817 1495 3087 1568 conditor,
3115 1498 3188 1554 ita
3217 1498 3491 1573 benignis-

1898 1574 2068 1633 simus
2096 1578 2434 1637 reformator.
2470 1581 2595 1653 Per,
2631 1594 2737 1642 etc.

1970 1668 2058 1725 Vl.
2094 1670 2227 1726 Item
2255 1673 2381 1727 alia.
2406 1703 2476 1716 —-
2499 1674 2661 1745 Deus,
2702 1679 2789 1749 qui
2820 1680 3054 1738 remedia
3081 1682 3267 1741 salutis
3294 1684 3487 1743 buma-

1892 1780 1981 1821 nze
2009 1764 2063 1821 in
2111 1770 2394 1837 praisentis
2438 1772 2679 1843 mysterii
2725 1774 3067 1834 solemnitate
3116 1780 3372 1850 posuisti,
3420 1782 3488 1839 da

1896 1857 2053 1917 nobis
2082 1871 2139 1918 ut
2166 1862 2306 1920 sicut
2327 1863 2444 1922 haec
2470 1868 2834 1938 apostolorum
2865 1879 3079 1930 tuorum
3104 1877 3487 1946 praedicatione

190 1942 329 2002 tum,
360 1951 466 2006 quo
495 1952 744 2009 magnum
778 1939 989 2010 pietatis
1018 1951 1121 1999 tuae
1145 1955 1540 2003 sacramentum
1565 1959 1618 2007 et
1640 1950 1791 2022 quie—
1820 1959 1869 2023 Β
1895 1953 2247 2026 cognovimus
2276 2001 2290 2020 .
2361 1958 2437 2017 ita
2499 1974 2686 2021 eorum
2740 1963 3009 2039 suffragiis
3068 1939 3482 2044 consequamur.

190 2028 257 2083 tis
286 2028 631 2088 celebremus
659 2034 932 2092 mentibus
962 2045 1017 2093 et
1042 2036 1271 2094 devotis.
1305 2039 1428 2108 Per,
1459 2053 1563 2099 etc.

260 2132 281 2159 ε
309 2121 491 2179 Divini
522 2128 760 2183 muneris
789 2128 1037 2199 largitate
1067 2133 1243 2189 satiati
1264 2174 1279 2199 ,
1313 2151 1648 2207 quaesumus,
1677 2138 1787 2197 Do-

190 2213 339 2271 mine
373 2216 514 2273 Deus
546 2227 750 2290 noster,
782 2230 841 2277 ut
863 2221 919 2279 in
950 2221 1108 2295 huius
1136 2240 1352 2299 semper
1378 2231 1790 2304 participatione

186 2307 456 2384 vivamus.
490 2310 616 2383 Per,
647 2322 753 2371 etc.

254 2403 279 2442 ἀ
309 2402 624 2477 Conserva,
671 2409 930 2480 Domine,
960 2428 1266 2484 quaesumus
1286 2459 1300 2485 ,
1330 2417 1587 2476 familiam
1616 2430 1784 2493 tuam,

190 2505 241 2553 et
282 2498 735 2557 benedictionum
786 2512 994 2561 tuarum
1036 2509 1304 2588 propitius
1348 2510 1594 2571 ubertate
1638 2517 1787 2588 puri-

190 2590 317 2660 fica,
358 2601 417 2648 ut
452 2604 507 2650 et
542 2595 936 2656 eruditionibus
976 2580 1080 2657 tuis
1109 2603 1493 2676 multiplicetur
1521 2619 1577 2665 et
1603 2580 1781 2669 donis.

191 2682 301 2755 Per,
340 2694 449 2743 etc.

192 2770 208 2837 ἰ
256 2778 345 2837 1V.
383 2778 519 2837 Item
546 2783 672 2838 alia.
694 2784 1116 2859 —Propitiare,
1150 2791 1408 2864 Domine,
1440 2796 1496 2853 in
1534 2806 1587 2854 te
1616 2800 1783 2857 conﬁ-

202 2872 439 2931 dentibus
472 2881 709 2951 populis,
740 2892 794 2940 et
829 2892 851 2920 ε
872 2884 938 2939 ad
963 2886 1262 2943 custodiam
1294 2889 1521 2947 Romani
1549 2895 1781 2953 nominis

208 2968 469 3028 dexteram
500 2982 606 3029 tuae
642 2978 995 3045 protectionis
1024 2984 1281 3053 extende,
1313 2994 1373 3040 ut
1400 3002 1621 3057 regnum
1663 3006 1780 3047 ma-

211 3059 368 3130 iestati
397 3076 500 3124 tua:
535 3068 775 3127 deditum
801 3080 889 3128 tua
912 3089 1129 3147 semper
1154 3079 1224 3135 sit
1248 3078 1444 3137 virtute
1472 3080 1778 3141 defensum.

222 3152 331 3221 Per,
355 3167 452 3215 etc.

279 3248 505 3323 Suscipe,
534 3256 783 3327 Domine,
813 3275 1144 3333 quaesumus,
1173 3264 1377 3323 hostias
1407 3269 1662 3325 mentium
1687 3279 1781 3327 tuo

1893 2048 2015 2116 Per,
2047 2059 2150 2107 etc.

1960 2145 2200 2217 Munera,
2240 2162 2569 2221 quaesumus,
2594 2150 2849 2220 Domine,
2896 2162 3001 2212 tute
3028 2156 3203 2228 plebis
3229 2160 3487 2233 propitias

1892 2248 1981 2298 tus
2009 2254 2247 2311 assume,
2281 2252 2338 2300 ut
2365 2258 2483 2317 qua:
2510 2243 2631 2301 fidei
2661 2246 2861 2316 pietate
2886 2244 2913 2285 ιι
2940 2249 3282 2323 profitentur,
3305 2268 3483 2313 sacra-

1890 2335 2087 2393 mentis
2110 2336 2419 2395 ctelestibus
2446 2340 2875 2410 apprehendant.
2908 2341 3036 2415 Per,
3070 2355 3175 2403 etc.

1962 2428 2101 2487 Vere
2125 2431 2365 2501 dignum.
2395 2430 2450 2487 In
2478 2433 2630 2503 cujus
2661 2436 3055 2494 resurrectione
3080 2438 3312 2497 mirabili
3334 2455 3482 2499 mors

1884 2524 2087 2582 occidit
2129 2525 2535 2598 redemptorum
2561 2569 2576 2595 ,
2626 2537 2681 2584 et
2721 2537 2838 2586 orta
2873 2539 2959 2589 est
2986 2530 3093 2589 vita
3122 2533 3478 2593 credentium.

1884 2620 1953 2678 Et
1982 2621 2104 2679 ideo
2128 2636 2254 2681 cum
2279 2624 2507 2696 angelis,
2540 2633 2647 2681 etc.

2562 2739 2798 2798 XXIIII.

2440 2855 2609 2926 Super
2634 2856 2912 2928 defunctos.

1954 2990 1997 3045 Ι.
2019 3018 2091 3033 -—
2109 2990 2462 3061 Omnipotens
2487 2995 2816 3063 sempiterne
2844 2997 2988 3051 Deus
3006 3036 3025 3061 ,
3062 2996 3155 3066 qui
3195 3000 3477 3055 contulisti

1882 3082 2131 3138 fidelibus
2179 3086 2285 3139 tuis
2334 3086 2575 3140 remedia
2625 3085 2747 3141 vita:
2778 3097 2899 3156 post
2943 3097 3206 3154 mortem,
3257 3099 3475 3159 praesta,

1885 3189 2215 3245 quaesumus,
2245 3177 2512 3245 propitius
2554 3192 2621 3233 ac
2650 3178 2926 3247 placatus,
2968 3188 3029 3234 ut
3069 3180 3245 3236 anima
3290 3180 3479 3238 famuli

1884 3269 1962 3322 tui
1991 3266 2179 3337 (illius
2206 3268 2226 3340 )
2255 3285 2284 3324 a
2314 3270 2549 3341 peccatis
2592 3273 2841 3330 omnibus
2885 3275 3119 3345 expiata,
3174 3274 3229 3331 in
3263 3285 3368 3331 tua:
3393 3290 3479 3332 re-

213 3347 401 3403 nomiui
422 3348 753 3422 devotarum,
778 3356 972 3427 quibus
1002 3373 1099 3414 nos
1130 3369 1183 3416 et
1206 3376 1238 3414 a
1270 3364 1498 3420 terrenis
1521 3366 1782 3436 contagiis
1809 3353 1855 3420 C
1884 3362 2209 3433 demptionis
2235 3375 2384 3422 sorte
2410 3367 2734 3437 requiescat.
2766 3368 2893 3439 Per,
2922 3378 3031 3426 etc.

211 3440 409 3509 expiari,
441 3453 493 3499 et
522 3446 835 3505 coelestibus
861 3451 1133 3508 contulisti
1164 3455 1524 3527 propinquare
1553 3473 1778 3515 consor-

204 3531 297 3589 tiis.
326 3536 447 3605 Per,
480 3547 586 3594 etc.

266 3624 285 3665 τ
346 3628 485 3687 Vere
530 3632 770 3704 dignum.
842 3636 1007 3709 Cujus
1070 3640 1332 3699 ineffabili
1396 3644 1562 3715 gratia
1633 3646 1775 3703 circa

200 3736 288 3781 nos
329 3724 435 3782 hoc
480 3729 752 3802 singulare
797 3737 1110 3805 mysterium
1161 3747 1265 3808 est,
1312 3747 1369 3794 ut
1410 3739 1608 3797 dudum
1651 3756 1775 3812 per-

195 3814 284 3873 diti
323 3829 491 3890 atque
535 3824 829 3892 prostrati,
861 3827 928 3882 ad
962 3843 1082 3883 eam
1121 3845 1263 3886 nunc
1309 3832 1538 3901 gloriam
1569 3834 1777 3891 redire-

195 3921 326 3979 mus,
360 3928 462 3985 qua
498 3930 592 3985 per
618 3917 801 3973 Jesum
830 3921 1107 3978 Christum
1149 3924 1343 3981 Filium
1392 3935 1563 3997 tuum,
1598 3928 1779 3985 Domi-

195 4019 306 4063 num
357 4017 621 4079 nostrum,
672 4029 841 4084 genus
871 4017 1099 4074 electum
1124 4061 1140 4089 ,
1190 4022 1367 4093 regale
1394 4023 1776 4093 sacerdotium,

194 4100 410 4169 populus
444 4105 815 4173 acquisitionis
864 4108 1020 4181 135
1054 4122 1109 4167 et
1152 4127 1286 4182 gens
1325 4124 1515 4172 sancta
1558 4132 1781 4174 vocare-

190 4203 320 4249 mur.
352 4196 477 4263 Per,
509 4206 615 4253 etc.

254 4296 279 4334 ι
320 4288 439 4346 Hoc
479 4292 634 4347 nobis
667 4301 849 4364 tuum,
884 4313 1192 4368 qumsnmus
1218 4346 1231 4369 ,
1286 4302 1512 4360 Domine
1534 4349 1549 4374 ,
1595 4320 1779 4361 sacra-

188 4395 421 4442 mentum
452 4389 523 4443 sit
555 4389 780 4448 abolitio
808 4406 1185 4464 peccatorum,
1217 4398 1288 4452 sit
1324 4399 1580 4457 fortitudo
1611 4400 1780 4470 fragi-

188 4477 341 4540 litatis
370 4484 640 4552 humanaz,
670 4487 743 4542 sit
770 4501 955 4545 contra
990 4493 1173 4547 mundi
1201 4492 1439 4563 pericula
1468 4494 1777 4551 firmamen-

191 4581 317 4634 tum.
348 4578 477 4635 Haec
503 4596 601 4635 nos
628 4584 935 4640 communio
981 4596 1168 4656 purget
1198 4602 1227 4641 a
1257 4586 1505 4654 crimine,
1530 4596 1586 4647 et
1610 4587 1783 4647 coele-

184 4668 281 4726 5tis
308 4672 490 4743 gaudii
515 4673 713 4731 tribuat
737 4691 861 4733 esse
888 4690 1191 4735 consortes.
1226 4680 1354 4748 Per,
1380 4690 1493 4738 etc.

259 4877 284 4944 ξι
313 4868 448 4944 Cod.
480 4869 535 4926 in
567 4872 844 4942 margine:
868 4871 1039 4944 Prope
1065 4872 1291 4931 Pascha.

254 4938 283 4978 ι’
324 4941 600 4998 Maratorii
639 4938 796 4999 codd.
840 4956 892 5000 et
932 4938 1145 5001 M'issale
1186 4946 1343 5004 Rom.
1386 4950 1527 5004 hanc
1570 4950 1771 5006 oratio-

188 5014 603 5086 nemexhibent
629 5016 681 5069 in
718 5016 993 5072 Dominica
1020 5018 1438 5086 Septuagesima:
1470 5031 1523 5076 et
1554 5022 1707 5076 alibi.

263 5097 282 5123 ε
317 5085 417 5141 Est
462 5086 515 5142 in
563 5087 753 5143 iisdem
784 5089 940 5145 codd.
981 5099 1035 5145 et
1061 5085 1255 5145 Missali
1296 5091 1349 5147 in
1381 5093 1541 5148 Missa
1570 5094 1775 5149 sabbati

188 5166 309 5224 post
333 5158 665 5213 Dominicam
697 5158 991 5215 Passionis.

258 5224 285 5264 ά
315 5228 389 5305 in
416 5245 545 5285 mss.
580 5230 740 5302 Greg.
774 5232 1051 5289 Muratorii
1093 5232 1286 5305 legitur
1322 5236 1465 5293 inter
1503 5238 1779 5295 orationes

189 5300 549 5370 quotidiauas.

264 5382 286 5409 ε
318 5372 377 5430 Ιιι
395 5375 685 5452 Διςυρειήοιὶ
728 5376 921 5452 Missa,
954 5387 1007 5452 et
1046 5378 1097 5433 in
1129 5380 1228 5452 alia
1262 5381 1419 5451 paulo
1449 5391 1569 5451 post
1594 5381 1773 5452 subje-

190 5452 273 5497 cta
303 5460 359 5500 ιι.
389 5444 443 5513 6,
472 5444 734 5519 festorum
767 5444 1091 5519 paschalium
1127 5450 1186 5507 fit
1221 5444 1631 5509 m'entiofForte
1656 5444 1773 5510 haec

189 5523 243 5569 ot
267 5530 499 5594 sequens
528 5518 863 5594 intermedize
890 5521 1086 5594 Missae,
1119 5525 1314 5594 quibus
1352 5534 1545 5580 contra
1574 5525 1773 5582 Roma-

188 5600 289 5642 nos
311 5587 492 5645 hostes
513 5590 753 5645 divinum
779 5593 1041 5647 auxilium
1065 5587 1281 5661 petitur,
1310 5598 1601 5652 lucubrattn
1622 5599 1773 5653 fuere

189 5661 474 5734 gmsione
514 5662 723 5731 Attilte,
765 5680 923 5734 quem
966 5666 1065 5720 sub
1095 5668 1301 5723 Pascha
1330 5669 1553 5724 irruisse
1584 5669 1637 5724 in
1667 5669 1774 5725 Ita-

189 5726 458 5807 liarn_tion
488 5726 919 5807 improbabiliter
946 5739 1160 5807 quidam
1189 5741 1519 5796 exisdmant.

264 5798 581 5881 LCongruit
630 5822 751 5881 cum
792 5798 1102 5876 praefatione
1137 5810 1336 5869 Gelasii
1374 5812 1470 5869 lib.
1512 5829 1558 5880 ι,
1593 5830 1648 5869 ιι.
1681 5812 1771 5881 65,

191 5872 243 5929 in
275 5872 553 5946 Dominica
584 5888 704 5946 post
725 5872 1131 5937 As'censionem.

265 5954 291 5995 κ
325 5944 514 6007 Paucis
540 5944 694 6008 initio
719 5952 936 6013 mutatis
963 5953 1149 6012 eadem
1172 5956 1432 6028 repetitur
1456 5972 1614 6029 supra
1633 5956 1660 6028 §
1680 5954 1773 6022 27»

1964 3456 1978 3493 ί
2010 3456 2221 3514 Hostias
2253 3459 2370 3528 tibi,
2402 3460 2646 3528 Domine,
2683 3461 2869 3518 humili
2910 3464 3303 3534 supplicatione
3328 3464 3476 3522 defe-

1884 3551 2073 3618 rimus,
2108 3562 2164 3607 ut
2192 3556 2367 3609 anima
2404 3555 2588 3610 famuli
2622 3557 2697 3611 tui
2728 3557 2937 3630 (illius),
2969 3576 3064 3629 per
3093 3559 3207 3616 hmo
3237 3563 3336 3631 pia:
3365 3562 3478 3632 pla-

1883 3645 2110 3699 cationis
2135 3646 2340 3714 offlcia,
2376 3659 2689 3718 perpetuam
2716 3650 3147 3707 misericordiam
3177 3667 3477 3725 consequa-

1885 3746 1989 3793 tur.
2023 3738 2150 3807 Per,
2179 3750 2281 3796 etc.

1962 3835 2116 3908 135
2155 3832 2172 3872 ι
2206 3836 2352 3892 Hanc
2383 3838 2543 3907 igitur
2576 3839 2904 3898 oblationem
2940 3842 3129 3913 (illius)
3162 3843 3342 3899 famuli
3372 3842 3469 3906 tui,

1883 3943 2041 3998 quam
2083 3930 2177 3985 tibi
2210 3930 2367 3987 oﬂert
2407 3946 2502 4002 pro
2540 3935 2715 3990 anima
2765 3937 2945 3991 famuli
2980 3937 3052 3991 tui
3083 3938 3294 4010 (illius),
3328 3952 3474 4008 qum-

1884 4034 2090 4089 snmus,
2129 4024 2375 4091 Domine,
2416 4026 2736 4097 propitiatus
2780 4030 3034 4099 accipias,
3080 4039 3132 4085 et
3174 4029 3479 4085 miseratio-

1882 4132 2011 4171 num
2044 4126 2255 4171 tuarum
2286 4118 2536 4187 largitate
2569 4120 2859 4187 concedas,
2886 4131 2943 4176 ut
2970 4121 3224 4190 quidquid
3260 4132 3469 4176 terrena

1884 4211 2295 4265 conversatione
2318 4211 2606 4276 contraxit,
2631 4214 2714 4266 his
2737 4212 3014 4267 sacrificiis
3040 4212 3383 4277 emundetur,
3408 4226 3473 4267 ac

1884 4302 2072 4357 mortis
2094 4301 2324 4357 vinculis
2354 4302 2634 4370 absolutis,
2668 4302 2951 4359 transitum
2990 4310 3261 4359 mereatur
3292 4301 3359 4357 ad
3390 4301 3475 4357 vi-

1884 4404 2014 4452 tam.
2050 4396 2174 4461 Per,
2207 4406 2315 4452 etc.

1956 4489 2020 4545 ll.
2047 4520 2118 4531 —
2138 4488 2165 4527 ιι
2194 4490 2545 4562 Omnipotens
2591 4500 2645 4547 et
2682 4492 2991 4549 misericors
3020 4492 3183 4561 Deus,
3234 4493 3287 4548 in
3314 4492 3469 4563 cujus

1886 4586 2059 4642 omnis
2086 4586 2318 4643 humana
2365 4585 2603 4644 conditio
2647 4596 2913 4659 potestate
2942 4589 3207 4656 consistit,
3239 4590 3475 4644 animam

1884 4679 2073 4736 famuli
2117 4681 2192 4736 tui
2231 4678 2442 4751 (illius),
2469 4696 2799 4753 quasumus,
2846 4682 2915 4739 ab
2963 4682 3215 4741 omnibus
3253 4682 3477 4740 absolve

1799 4882 1855 4944 D
1880 4896 1932 4935 ιι.
1952 4878 2249 4954 _3._Confcr
2275 4879 2346 4935 ibi
2377 4888 2560 4936 annot.
2595 4881 2666 4954 26
2691 4879 2829 4953 (σοι.
2866 4880 2987 4949 107,
3016 4900 3092 4954 n.
3114 4880 3189 4954 ι’).

1952 4948 1981 4987 h
2022 4950 2248 5006 Pluralis
2295 4969 2549 5008 numerus
2611 4948 2917 5023 frequenter
2974 4948 3289 5019 adhibetur,
3342 4969 3463 5009 cum

1883 5023 2021 5093 plebs
2059 5039 2251 5078 nomen
2295 5025 2655 5080 multitudinis
2687 5025 2908 5080 verbum
2946 5024 3149 5095 dirigit.
3193 5026 3325 5078 Hinc
3368 5042 3471 5079 non

1882 5104 1967 5151 est
1994 5095 2292 5168 necessaria
2324 5096 2629 5154 emendatio
2650 5095 2940 5168 singularis
2966 5096 3177 5153 numeri
3201 5096 3473 5166 proﬁtetur

1884 5177 1938 5223 et
1962 5166 2334 5247 trp-prehendat.
2371 5239 2383 5247 _
2436 5238 2467 5247 Α
2510 5238 2521 5247 _
2744 5166 2762 5168 ἢ
3030 5236 3122 5247 ’Μ
3225 5242 3233 5247 Δ
3285 5236 3296 5247 .

1962 5236 1976 5274 ί
2014 5236 2202 5318 Εδιςῑειι
2246 5239 2386 5318 apud
2428 5238 2610 5318 Gel_a_s_.
2650 5238 2744 5294 lib.
2788 5256 2881 5318 ιιι,
2923 5256 2975 5318 n.
3020 5236 3147 5318 ιρο,
3186 5242 3258 5318 et.
3284 5236 3471 5317 inms.

1885 5307 2009 5365 Vat.
2038 5307 2367 5383 Gregoriano
2390 5312 2531 5383 apud
2558 5312 2907 5366 Muratorium
2934 5310 2986 5365 in
3020 5308 3179 5363 Missa
3209 5308 3470 5378 plurimo-

1885 5382 2431 5462 rumdefunctorum.
2517 5456 2528 5462 ‘
2673 5454 2685 5462 _
2754 5454 2784 5462 _
3024 5450 3059 5462 η
3100 5449 3113 5462 ,
3184 5449 3217 5462 ,,
3261 5450 3291 5462 ,,

1952 5454 1967 5503 i
2010 5454 2417 5533 llmcﬂleguntur
2459 5456 2620 5533 etiam
2671 5454 2724 5509 in
2751 5454 2993 5533 sacram.
3019 5449 3217 5533 Gelasii
3260 5449 3352 5505 lib.
3386 5465 3469 5533 in,

1878 5542 1935 5581 ιι.
1970 5524 2096 5581 104.
2124 5525 2339 5581 Codicis
2370 5527 2654 5582 lectionem
2688 5524 3026 5587 retinuimus,
3060 5530 3117 5577 ut
3148 5536 3213 5577 ne
3240 5536 3373 5592 opus
3402 5524 3473 5576 sit

1878 5596 2067 5652 delere
2095 5613 2253 5651 voces
2277 5598 2461 5668 (illius)
2484 5598 2669 5668 famuli
2699 5596 2793 5659 tui,
2828 5603 2883 5668 et
2908 5595 3148 5649 scribere
3161 5592 3466 5668 _oﬂ‘crimus.

1880 5668 2068 5750 Solum
2096 5668 2263 5750 codex
2288 5663 2453 5749 habet
2480 5663 2953 5750 ingndoselo/feret
2985 5663 3295 5750 prone/fert.

1954 5738 1977 5776 λ
2008 5739 2284 5794 Invenitur
2314 5739 2367 5793 in
2394 5738 2513 5792 cod.
2539 5735 2720 5791 Gclas.
2754 5736 2847 5791 lib.
2882 5752 2963 5805 ιιι,
2996 5754 3050 5791 ιι.
3076 5736 3168 5804 98,
3201 5746 3255 5791 et
3282 5738 3336 5793 in
3365 5752 3467 5793 tns.

1886 5810 2003 5865 Vat.
2039 5810 2369 5880 Gregoriatto
2398 5805 2541 5880 apud
2592 5806 2939 5864 Muratorium
2985 5809 3036 5864 in
3082 5810 3240 5866 Missa
3284 5810 3473 5864 delun-

1883 5891 2115 5948 ctorum,
2150 5879 2240 5951 Qui
2285 5879 2643 5937 desideratam
2673 5882 3045 5952 paenitentiam
3076 5882 3333 5952 consequi
3366 5894 3473 5935 non

1882 5961 2191 6022 potuerunt.
