4018 6314
503 333 606 390 135

684 393 706 425 ο

1474 325 1701 387 OPERA
1730 272 1796 382 .S.
1839 322 2044 385 LEONI
2085 319 2321 384 MAGNO
2362 321 2756 383 ATTRIBUTA

3685 324 3783 384 136

502 446 759 519 peccatis,
785 452 845 501 ut
871 444 1204 517 pauitantia
1231 443 1485 513 fructum,
1511 459 1669 517 quem
1697 443 1949 499 voluntas
1969 444 2087 513 ejus
2117 462 2170 520 Α
2196 456 2314 498 eam
2348 440 2665 496 mortalibus
2706 439 2931 496 nexibus
2961 436 3266 511 expeditam
3306 438 3398 495 lux
3429 444 3632 496 aeterna
3662 455 3787 511 pos-

503 541 727 612 optavit,
758 549 1061 611 praeventus
1092 540 1418 597 mortalitate
1455 554 1561 594 non
1590 538 1801 610 perdat.
1827 538 1949 605 Per,
1980 545 2084 593 etc.

581 644 607 672 ⁸
636 634 945 690 Satisfeciat
974 635 1090 703 tibi,
1126 634 1373 699 Domine,
1414 648 1740 702 quaesumus,
1784 647 1883 703 pro
1911 632 2088 687 anima

502 724 688 791 famuli
716 726 794 781 tui
820 726 1031 796 (illius),
1061 725 1311 781 sacriﬁcii
1334 726 1614 796 praesentis
1639 725 1861 790 oblatio,
1892 733 1944 780 et
1966 737 2093 793 pec-

502 827 745 874 catomm
770 818 983 874 veniam
1016 833 1173 888 quam
1202 817 1447 887 quaesivit
1497 815 1765 883 inveniat;
1813 815 1843 855 δ
1869 825 1925 872 et
1947 814 2091 886 quod

503 911 687 968 ofﬁcio
724 912 873 967 vocis
911 910 1138 983 implere
1180 925 1286 965 non
1338 910 1531 980 patuit,
1572 911 1893 967 desiderata:
1921 907 2092 980 poeni-

506 1005 689 1060 tentiae
710 1002 1144 1073 compensatione
1167 1003 1448 1073 percipiat.
1478 1003 1601 1069 Per,
1629 1013 1734 1059 etc.

580 1096 727 1150 Hanc
752 1096 913 1165 igitur
947 1094 1297 1163 oblationem,
1325 1104 1430 1150 etc.
1458 1094 1538 1167 (ut
1566 1093 1768 1165 supra).

577 1185 663 1241 ΙΙΙ.
688 1215 759 1227 -—
781 1184 1137 1255 Omnipotens
1158 1195 1213 1240 et
1243 1187 1551 1242 misericors
1574 1186 1735 1251 Deus,
1767 1184 1908 1255 apud
1934 1198 2091 1254 quem

509 1279 758 1335 voluntas
787 1279 1013 1335 habetur
1036 1279 1270 1334 humana
1304 1296 1401 1349 pro
1434 1279 1609 1347 factis,
1637 1286 1851 1348 praesta,
1884 1293 2096 1349 quaesu-

506 1389 651 1440 mus,
680 1380 741 1428 ut
758 1375 954 1428 anima:
977 1372 1163 1428 famuli
1188 1374 1259 1427 tui
1292 1372 1482 1445 (illius)
1503 1373 1569 1429 ad
1597 1372 1892 1442 perfectum
1914 1386 2093 1427 reme-

505 1467 652 1523 dium
698 1466 1139 1538 consequendum
1189 1465 1562 1536 paenitentiam
1597 1465 1971 1521 desideranter
1996 1479 2096 1520 vo-

506 1557 675 1616 luisse
704 1559 955 1614 sufﬁciat.
982 1558 1106 1625 Per,
1134 1567 1240 1614 etc.

578 1650 789 1707 Anima:
819 1651 1003 1706 famuli
1034 1652 1130 1719 tui,
1180 1666 1507 1722 quaesumus,
1554 1652 1799 1718 Domine,
1856 1666 1951 1722 per
1980 1650 2097 1706 haec

506 1753 842 1801 sacramenta
867 1743 1257 1815 redemptionis
1284 1755 1501 1801 aeternae
1528 1745 1902 1800 remissionem
1937 1744 2095 1816 136

510 1838 687 1894 tribue
742 1846 1104 1907 peccatorum,
1166 1848 1223 1892 ut
1272 1839 1489 1895 devotio
1540 1840 1890 1909 poenitentiae,
1935 1854 2093 1910 quem
2126 1865 2172 1926 Β

514 1930 683 2001 gessit
721 1929 838 2000 ejus
875 1930 1120 1998 affectus,
1170 1942 1447 2002 perpetuae
1494 1933 1686 1988 salutis
1732 1942 2096 2003 consequatur

507 2021 778 2079 effectum.
810 2022 935 2090 Per,
961 2031 1067 2079 etc.

582 2124 605 2154 ε
638 2115 799 2180 Deus.
830 2130 859 2169 a
887 2130 993 2185 quo
1035 2116 1328 2185 inspiratur
1365 2115 1612 2171 humanis
1641 2117 1893 2173 cordibus
1936 2133 2097 2174 omne

510 2208 656 2281 quod
694 2210 894 2265 bonum
934 2218 1037 2276 est,
1072 2210 1210 2265 sicut
1257 2212 1451 2266 anima;
1494 2211 1680 2266 famuli
1709 2212 1785 2266 tui
1831 2214 2096 2282 paeniten-

512 2302 641 2358 tiam
671 2302 813 2357 velle
841 2301 1078 2367 donasti,
1124 2301 1204 2357 sic
1232 2302 1619 2373 indulgentiam
1650 2304 1828 2360 tribue
1874 2303 2099 2360 misera-

509 2403 596 2450 tus
620 2403 880 2465 optatam.
916 2393 1039 2459 Per,
1074 2403 1179 2449 etc.

583 2483 611 2524 ά
644 2488 803 2552 Deus,
835 2487 921 2542 cui
943 2487 1046 2543 soli
1076 2486 1334 2557 competit
1356 2487 1677 2543 medicinam
1700 2500 1957 2557 praestare
1980 2499 2100 2559 post

510 2589 765 2647 mortem,
796 2588 1011 2649 praesta,
1043 2594 1374 2650 quaesumus.
1403 2588 1462 2635 ut
1488 2581 1666 2635 anima
1693 2580 1874 2636 famuli
1903 2581 1979 2636 tui
2005 2583 2096 2653 (il-

512 2671 633 2743 lius)
681 2672 914 2727 terrenis
945 2679 1104 2727 exuta
1147 2674 1431 2743 contagiis,
1480 2674 1533 2728 in
1584 2682 1673 2728 tua
1712 2674 2099 2745 redemptionis

511 2772 663 2832 parte
685 2771 1019 2818 numeretur.
1057 2763 1179 2828 Per,
1210 2773 1318 2820 etc.

584 2854 701 2917 His,
733 2868 1065 2923 quaesumus,
1110 2855 1357 2921 Domine,
1409 2854 1715 2923 sacriﬁciis,
1746 2857 1941 2927 quibus
1976 2873 2100 2926 pur-

509 2946 779 3017 gationem
809 2954 865 3000 et
894 2947 1202 3002 viventibus
1235 2946 1429 3003 tribuis
1454 2955 1511 3004 et
1536 2947 1829 3016 defunctis,
1862 2949 2095 3005 animam

508 3038 693 3095 famuli
726 3042 800 3094 tui
833 3040 1095 3111 benignus
1125 3041 1368 3108 absolve,
1411 3051 1468 3097 ut
1509 3042 1924 3100 resurrectionis
1956 3044 2097 3101 diem

508 3145 608 3201 spe
637 3140 798 3186 certae
828 3132 1209 3202 gratulationis
1238 3144 1532 3203 exspectet.
1568 3133 1691 3201 Per,
1723 3146 1828 3190 etc.

2195 536 2387 590 sideat.
2420 533 2544 599 Per,
2577 543 2679 590 etc.

2270 626 2289 666 τ
2319 626 2607 694 Fidelium,
2655 626 2816 693 Deus,
2850 627 3150 682 animarum
3201 625 3452 683 conditor
3480 635 3535 681 et
3576 625 3791 681 redem-

2194 729 2337 792 ptor,
2368 720 2570 775 famulo
2595 726 2689 775 tuo
2709 727 3025 776 cunctorum
3058 719 3435 775 remissionem
3460 718 3639 773 tribue
3665 735 3793 789 pec-

2200 827 2465 881 catorum,
2496 826 2555 873 ut
2583 833 2744 889 quam
2775 832 2991 887 semper
3019 817 3228 888 optavit
3253 816 3639 887 indulgentiam
3663 831 3797 873 con-

2197 921 2475 982 sequatur.
2510 911 2636 979 Per,
2660 920 2745 968 etc

2270 1004 2358 1059 lV.
2383 1035 2453 1045 —
2480 1015 2507 1054 s
2538 1006 2689 1060 Beati
2728 1005 2981 1077 martyris
3032 1005 3110 1061 tui
3157 1004 3456 1071 Laurentii,
3507 1004 3743 1062 Domine
3776 1051 3791 1074 ,

2198 1112 2526 1165 quaesumus,
2573 1098 2963 1154 intercessione
3010 1114 3107 1153 nos
3157 1109 3396 1171 protege,
3448 1109 3501 1155 et
3554 1100 3795 1155 animam

2198 1189 2378 1245 famuli
2419 1192 2493 1245 tui
2517 1191 2702 1261 (illius)
2742 1192 2982 1263 episcopi
3029 1201 3337 1249 sanctorum
3386 1202 3597 1247 tuorum
3628 1192 3797 1265 junge

2199 1284 2508 1339 consortiis.
2544 1283 2667 1349 Per,
2700 1296 2806 1340 etc.

2276 1377 2429 1449 137
2461 1373 2489 1413 ιι
2520 1376 2832 1432 Oblationes
2877 1386 3107 1444 nostras,
3156 1377 3403 1448 Domine,
3455 1393 3795 1449 quaesumus,

2202 1472 2520 1540 prOpitiatus
2554 1470 2793 1538 intende,
2826 1486 2958 1540 quas
2984 1480 3040 1526 et
3061 1470 3127 1524 ad
3153 1471 3412 1525 honorem
3443 1470 3615 1525 sancti
3650 1484 3801 1526 mar-

2202 1560 2335 1634 tyris
2365 1563 2439 1616 tui
2467 1561 2742 1618 Laurentii
2776 1563 2981 1616 nomini
3022 1572 3127 1617 tua:
3165 1561 3464 1632 majestatis
3493 1562 3800 1631 offerimus,

2201 1662 2254 1708 et
2291 1670 2388 1723 pro
2420 1653 2605 1725 requie
2649 1653 2835 1707 famuli
2868 1652 2943 1709 tui
2973 1651 3161 1724 (illius)
3212 1652 3449 1723 episcopi
3480 1654 3803 1724 suppliciter

2203 1744 2565 1801 immolamus.
2601 1746 2721 1811 Per,
2754 1756 2861 1801 etc.

2280 1838 2415 1893 Vere
2444 1838 2685 1908 dignum.
2722 1838 2822 1906 Qui
2848 1851 2947 1892 nos
2975 1844 3281 1893 sanctorum
3326 1847 3539 1893 tuorum
3570 1847 3628 1893 et
3648 1852 3802 1894 com-

2206 1932 2596 1987 memoratione
2617 1930 2853 1997 refoves,
2884 1940 2938 1985 et
2968 1933 3213 1987 oratione
3238 1930 3499 1987 defendis.
3532 1932 3657 1997 Per,
3683 1942 3799 1989 etc.

2276 2023 2423 2077 Hanc
2446 2022 2627 2093 igitur,
2654 2033 2784 2090 etc.,
2817 2034 2869 2078 et
2902 2024 2952 2077 in
3000 2038 3281 2078 numerum
3313 2023 3409 2079 tibi
3456 2024 3799 2094 placentium

2200 2116 2410 2171 censeri
2443 2115 2608 2172 facias
2638 2117 2999 2171 sacerdotum.
3029 2115 3153 2183 Per,
3186 2123 3293 2172 etc.

2270 2207 2335 2263 V.
2369 2236 2440 2249 —
2476 2207 2491 2245 ί
2539 2208 2749 2277 Adjuva
2794 2223 2913 2271 nos,
2941 2208 3165 2263 Domine
3212 2205 3353 2262 Deus
3396 2216 3607 2273 noster,
3654 2207 3801 2264 beati

2203 2302 2481 2358 Laurentii
2509 2302 2760 2371 martyris
2791 2301 2866 2355 tui
2890 2301 3141 2371 precibus
3170 2310 3447 2365 exoratus,
3477 2310 3533 2355 et
3562 2300 3801 2355 animam

2204 2394 2387 2450 famuli
2422 2394 2494 2449 tui
2528 2394 2713 2465 (illius)
2755 2394 2989 2463 episcopi
3024 2396 3076 2449 in
3127 2393 3473 2449 beatitudinis
3513 2392 3801 2462 sempiter-

2200 2502 2284 2543 na:
2313 2487 2432 2542 luce
2457 2487 2748 2543 constitue.
2781 2486 2905 2552 Per,
2939 2496 3045 2541 etc.

2272 2579 2562 2647 Memento,
2610 2580 2853 2644 Domine,
2884 2593 3215 2649 quaesumus,
3264 2577 3461 2631 animm
3500 2576 3686 2632 famuli
3719 2576 3795 2632 tui

2199 2670 2390 2743 (illius)
2426 2671 2686 2741 episcopi,
2716 2682 2770 2725 et
2801 2687 2958 2741 quem
2992 2672 3043 2725 in
3071 2684 3299 2740 corpore
3325 2670 3681 2725 constitutum
3710 2684 3797 2725 se-

2200 2762 2286 2819 dis
2324 2762 2636 2833 apostolicae
2677 2763 3035 2832 gubernacula
3082 2774 3270 2817 tenere
3318 2761 3557 2827 voluisti,
3606 2762 3661 2816 in
3691 2761 3798 2816 ele-

2200 2868 2408 2915 ctorum
2439 2874 2664 2916 numero
2691 2861 2965 2915 constitue
2997 2860 3367 2916 sacerdotum.
3393 2859 3521 2925 Per,
3553 2868 3660 2914 etc.

2288 2952 2302 3003 i
2343 2952 2587 3024 Suscipe,
2620 2954 2863 3017 Domine,
2895 2967 3225 3023 quaesumus,
3263 2952 3461 3007 hostias
3496 2967 3595 3021 pro
3621 2952 3793 3007 anima

2205 3045 2389 3101 famuli
2415 3048 2489 3101 tui
2524 3046 2710 3119 (illius)
2741 3045 2999 3115 episcopi,
3028 3055 3087 3099 ut
3119 3046 3203 3100 cui
3248 3045 3556 3113 pontiﬁcale
3582 3042 3793 3100 donasti

2210 3140 2481 3205 meritum,
2514 3138 2684 3194 dones
2723 3146 2778 3193 et
2803 3138 3105 3208 prannium.
3140 3138 3264 3208 Per,
3288 3149 3393 3194 etc.

493 3241 496 3244 ’
583 3234 608 3262 ο
634 3224 860 3292 Pratsta,
895 3225 1141 3290 Domine,
1173 3239 1501 3295 quaesumus,
1555 3226 1750 3282 animae
1794 3228 1984 3283 famuli
2016 3229 2092 3283 tui
2119 3243 2166 3307 ο
2274 3234 2422 3289 Hanc
2450 3234 2635 3303 igitur,
2677 3241 2810 3299 etc.,
2855 3241 2913 3287 ut
2967 3234 3057 3303 qui
3087 3233 3231 3289 beati
3262 3232 3405 3288 Petri
3445 3230 3667 3302 apostoli
3696 3242 3795 3285 se-

512 3318 941 3373 misericordiam
1001 3319 1382 3388 sempiternam
1436 3320 1550 3389 (Αι.
1605 3322 1982 3393 immensam),
2046 3333 2105 3379 ut

581 3578 607 3607 ι
634 3569 726 3623 Est
749 3566 887 3635 apud
915 3565 1099 3622 Gelas.
1128 3573 1183 3621 et
1210 3565 1262 3620 in
1293 3564 1414 3621 Vat.
1449 3580 1577 3633 ms.,
1607 3567 1676 3622 de
1701 3568 1897 3638 quibus
1926 3583 2095 3625 anno-

512 3640 714 3695 tatione
741 3638 1025 3706 superiori.

582 3711 608 3749 ι)
642 3711 699 3765 in
729 3709 849 3763 cod.
903 3719 955 3764 et
991 3707 1186 3763 exinde
1228 3713 1280 3763 in
1323 3708 1480 3763 editis
1517 3723 1795 3777 perperam
1842 3711 2095 3767 inseritur

514 3781 635 3847 Per,
670 3789 725 3835 et
751 3796 778 3833 a
808 3781 983 3848 capite
1013 3780 1266 3836 inchoat:
1296 3778 1367 3833 Et
1385 3780 1519 3851 quod
1548 3781 1733 3851 ofﬁcio,
1762 3797 1881 3837 cum
1916 3794 2095 3839 tamen

510 3867 748 3923 praesens
774 3851 969 3923 oratio
999 3852 1292 3923 continuet,
1326 3863 1381 3905 ut
1427 3867 1490 3905 ex
1531 3850 1813 3923 Gelasiano
1860 3862 1914 3909 et
1952 3855 2098 3909 Vati-

509 3921 645 3978 cano
684 3921 957 3994 codicibus
1004 3921 1188 3994 liquet.
1242 3922 1337 3976 llic
1382 3929 1557 3976 autem
1598 3922 1651 3977 in
1684 3939 1850 3994 marg.
1893 3925 2095 3980 codicis

510 3995 724 4049 additur
754 4011 765 4045 :
800 3991 956 4046 Hanc
984 3993 1161 4062 igitur,
1207 4009 1324 4063 qua:
1363 3995 1588 4048 innuunt
1617 3991 1857 4049 eamdem
1895 3998 2096 4052 oratio-

511 4081 634 4119 nem
664 4065 715 4119 in
750 4064 1087 4119 antecedenti
1118 4063 1274 4136 Missa
1296 4064 1618 4135 descriptam
1648 4066 1732 4121 hic
1762 4082 1976 4136 quoque
2008 4083 2096 4123 re-

510 4137 817 4207 petendam,
844 4136 919 4190 uti
947 4149 1083 4207 sane
1100 4135 1289 4207 eadem
1322 4137 1581 4205 repetitur
1604 4139 1657 4192 in
1683 4135 1912 4191 laudatis
1935 4139 2093 4193 codd.

582 4219 603 4247 ε
635 4209 853 4277 Legitur
896 4208 948 4260 in
989 4206 1111 4261 cod.
1151 4205 1330 4262 Gelas.
1361 4208 1454 4262 lib.
1488 4224 1564 4273 ιιι,
1594 4224 1648 4263 η.
1693 4210 1782 4276 98,
1811 4218 1865 4264 et
1895 4210 1947 4264 in
1971 4209 2093 4265 Vat.

510 4279 739 4349 Gregor.
770 4277 909 4349 apud
934 4278 1281 4332 Muratorium
1316 4294 1370 4332 ιι.
1406 4278 1529 4333 107.

582 4349 607 4385 ά
639 4348 1010 4422 ApudGelas.
1058 4365 1114 4406 ιι.
1162 4349 1286 4415 100,
1327 4359 1379 4405 et
1425 4350 1478 4404 in
1524 4350 1721 4407 Missali
1775 4352 1958 4419 Rom.,
2002 4367 2094 4422 pro

512 4420 745 4489 pluribus
774 4419 1051 4488 defunctis.

584 4499 607 4559 εξ
638 4489 790 4559 Apud
820 4489 999 4544 Gelas.
1033 4488 1251 4559 ibidem.

588 4558 608 4597 ί
643 4561 887 4631 Concinit
908 4558 1296 4631 cumgora‘tione
1319 4575 1476 4630 quam
1511 4577 1604 4628 pro
1632 4563 1874 4631 pluribus
1905 4564 2097 4619 defun-

511 4632 613 4689 ctis
655 4630 909 4686 exhibent
958 4629 1080 4684 cod.
1131 4628 1350 4684 Gelasii'
1376 4632 1465 4685 lib.
1500 4648 1580 4696 ιιι,
1615 4628 1666 4687 ti.
1712 4634 1803 4699 95,
1838 4650 1936 4687 ms.
1973 4636 2091 4690 Vat.

516 4704 744 4773 Gregor.
775 4703 915 4772 apud
944 4700 1293 4756 Muratorium
1323 4718 1383 4759 ιι.
1420 4702 1541 4770 110,
1578 4713 1632 4758 et
1658 4705 1873 4761 Missale
1902 4706 2095 4761 Roma-

512 4790 663 4829 nttm.
1838 4795 1848 4810 ‘

585 4854 611 4893 ιι
644 4844 699 4898 ln
730 4842 1010 4900 Gelasiano
1040 4843 1285 4901 Sacram.
1324 4844 1438 4899 haec
1468 4846 1641 4899 oratio
1670 4857 1725 4901 et
1763 4846 1933 4915 prima
1966 4848 2085 4902 Mis-

515 4931 588 4972 sae
622 4917 894 4986 sequentis
919 4917 1180 4987 Vleguntur
1224 4918 1315 4970 lib.
1349 4932 1431 4983 ιιι,
1474 4932 1526 4969 ιι.
1558 4916 1657 4982 95;
1691 4917 1784 4972 sed
1826 4916 2093 4974 Laurentii

516 5003 710 5043 nomen
757 4986 1044 5052 omittitur,
1076 5002 1173 5057 pro
1203 5002 1309 5056 quo
1339 4986 1566 5041 formula
1616 4992 1918 5045 communis
1946 4993 2091 5046 illius

512 5060 796 5115 substituta
818 5067 935 5130 est,
963 5073 1067 5127 qua
1096 5058 1426 5127 significatur
1443 5074 1559 5130 uno
1584 5060 1881 5130 eodemque
1911 5062 2083 5118 Misste

508 5132 683 5185 oflicio
710 5140 765 5185 et
791 5128 977 5184 Natale
1008 5138 1339 5201 sanctorum,
1372 5129 1454 5183 vel
1483 5131 1652 5184 sancti
1682 5128 1905 5201 alicujus
1936 5134 2084 5189 cele-

508 5202 692 5257 braSse
712 5210 965 5273 veteres,
985 5270 997 5273 Α
1020 5211 1073 5273 et
1113 5198 1420 5273 suffragium
1472 5202 1785 5270 praestitisse
1818 5198 2085 5273 episcopo

511 5274 600 5341 qui
623 5272 812 5327 eodem
842 5269 929 5324 die
950 5270 1194 5341 obiisset.
1240 5272 1315 5323 Ex
1347 5269 1531 5326 nostro
1554 5284 1732 5327 autem
1760 5269 2082 5331 Sacramen-

513 5340 649 5414 tario
675 5341 941 5414 colligitur
969 5340 1173 5414 obitum
1204 5342 1674 5414 alicujusllomani
1708 5345 1977 5414 pontificis
1997 5347 2082 5401 in-

508 5412 703 5468 cidisse
734 5414 785 5465 in
827 5412 968 5467 diem
1013 5410 1229 5479 festum,
1272 5410 1357 5467 vel
1388 5412 1521 5467 infra
1568 5410 1807 5469 octavam
1854 5415 1911 5470 S.
1947 5417 2085 5473 Lau-

509 5483 689 5559 rentii.
724 5482 780 5536 ld
807 5480 939 5535 nulli
977 5481 1066 5537 alii
1092 5482 1333 5559 Romano
1359 5486 1579 5559 antistiti
1603 5501 1643 5559 ἓ
1667 5488 1869 5559 smculo
1895 5498 2085 5559 quarto

509 5553 575 5607 ad
604 5554 845 5627 quintum
888 5555 1170 5610 convenire
1201 5563 1425 5627 potest,’
1459 5556 1556 5627 nisi
1603 5556 1772 5627 Xysto
1803 5557 1892 5613 lli.
1912 5553 2087 5615 'Hunc

509 5625 778 5698 sane,qui
801 5623 949 5698 juxta
976 5639 1165 5698 corpus
1192 5623 1251 5683 S.
1285 5626 1557 5698 Laurentii
1585 5623 1825 5698 sepultus
1855 5634 1906 5684 in
1940 5630 2085 5686 Pon-

510 5696 688 5750 tilicali
731 5694 977 5769 traditur,
1021 5696 1153 5769 infra
1184 5708 1425 5751 octavam
1460 5697 1620 5767 hujus
1650 5694 1903 5769 martyris
1941 5717 1971 5756 e
2003 5703 2085 5756 vi-

508 5769 591 5822 vis
618 5767 914 5821 excessissc
942 5768 1427 5837 probabilissimum
1455 5770 1607 5825 nobis
1638 5780 1738 5825 est.
1782 5767 1892 5826 Leo
1941 5775 2085 5828 enim

511 5837 626 5908 ejus
647 5852 927 5895 successor
947 5848 1288 5897 consecratus
1310 5840 1405 5895 fuit
1426 5839 1514 5897 die
1534 5840 1604 5897 29
1630 5841 1781 5913 Sept.
1805 5845 1929 5899 anni
1953 5844 2082 5911 ΗΟ,

2213 3327 2333 3382 dem
2362 3327 2568 3381 vicario
2604 3334 2679 3381 est
2706 3333 2923 3381 secutus
2972 3324 3176 3393 ofﬁcio,
3225 3336 3328 3382 tua:
3366 3338 3570 3396 quoque
3596 3320 3790 3391 gratiae

2201 3580 2259 3625 ut
2276 3580 2473 3645 annot.
2501 3572 2525 3625 1
2550 3571 2688 3645 (σοι.
2712 3572 2833 3639 193,
2870 3588 2922 3625 n.
2950 3572 3081 3645 Il)in
3114 3568 3582 3645 dissertationeut}
3608 3567 3798 3645 Ques-

2204 3643 2351 3709 nelli,
2382 3644 2449 3697 ad
2490 3637 2736 3699 eumdem
2770 3637 3104 3697 annnm'ull
3141 3643 3501 3698 ostendemus.
3535 3637 3807 3711 Defuncto

2204 3724 2375 3768 autem
2402 3714 2568 3785 Xysto
2609 3714 2675 3770 lll
2699 3717 2943 3784 episcopo
2969 3716 3312 3785 quadraginta
3339 3723 3386 3768 et
3428 3712 3648 3778 amplius
3676 3715 3809 3768 die-

2205 3786 2296 3839 bus
2330 3786 2565 3840 Romana
2594 3786 2828 3840 Ecclesia
2858 3788 2967 3840 sine
2995 3788 3227 3840 antistite
3253 3788 3377 3854 fuit,
3417 3785 3639 3839 mirabili
3670 3802 3814 3853 pace

2205 3866 2357 3927 atque
2388 3859 2636 3927 patientia
2678 3859 2954 3912 adventum
2997 3859 3200 3911 diaconi
3244 3855 3429 3913 Leonis
3473 3866 3814 3927 «adspectans,

2208 3927 2379 3996 inquit
2410 3928 2640 3999 Prosper
2672 3930 2722 3983 in
2754 3928 3021 3983 Chronico
3058 3929 3124 3982 ad
3155 3944 3241 3981 an.
3276 3928 3401 3983 440.
3432 3929 3543 3983 Duo
3574 3929 3660 3983 hic
3698 3932 3816 3985 ob-

2201 3998 2503 4053 servanda:
2538 3998 2793 4068 primum,
2827 4014 2934 4054 non
2981 4000 3085 4054 dici
3136 4000 3482 4071 quadraginta
3520 4000 3629 4053 dies
3682 4009 3821 4056 tan-

2200 4078 2337 4136 tum,
2364 4071 2458 4125 sed
2485 4071 2827 4142 quadraginta
2858 4080 2906 4125 et
2937 4070 3178 4140 amplius,
3218 4070 3351 4141 qua!
3379 4071 3545 4125 verba
3574 4080 3692 4127 tres
3724 4075 3820 4129 vel

2200 4151 2431 4209 quatuor
2471 4141 2694 4197 circiter
2732 4143 2845 4197 dies
2891 4158 3050 4209 supra
3097 4142 3452 4213 quadraginta
3490 4141 3823 4212 signiﬁcare

2199 4220 2458 4282 possunt;
2508 4213 2631 4268 dein
2673 4213 2772 4267 ltus
2800 4214 2917 4268 dies
2962 4212 3321 4268 intermedios
3349 4212 3538 4268 referri
3588 4229 3708 4269 non
3749 4216 3825 4272 ad

2200 4284 2592 4354 ordinationem
2627 4284 2843 4351 Leonis,
2875 4284 2969 4340 sed
3009 4284 3076 4339 ad
3116 4284 3234 4354 ejus
3269 4284 3560 4339 adventum
3592 4284 3653 4339 in
3710 4287 3824 4344 Ur-

2203 4353 2347 4409 bem.
2378 4354 2510 4410 Esto
2533 4364 2710 4410 autem
2746 4357 2789 4410 is
2818 4355 3099 4411 ordinatus
3135 4353 3297 4412 fuerit
3328 4356 3414 4410 die
3450 4357 3519 4410 29
3548 4355 3831 4425 Septem-

2202 4425 2316 4479 bris
2342 4425 2429 4480 die
2452 4427 2749 4493 Dominico,
2798 4437 2855 4481 ut
2900 4441 3019 4481 mos
3062 4436 3200 4491 erat,
3232 4426 3461 4481 Romam
3490 4436 3691 4485 tamen
3739 4446 3836 4486 re-

2204 4497 2341 4550 verti
2371 4498 2545 4566 potuit
2574 4497 2688 4553 dies
2718 4497 2919 4568 aliquot
2946 4509 3090 4564 ante,
3132 4499 3204 4553 ita
3242 4511 3301 4552 ut
3336 4496 3616 4553 Dominica
3670 4503 3836 4558 ordi-

2204 4569 2438 4646 nationis
2482 4583 2643 4646 _cau_sa
2684 4569 3043 4646 exspectanda
3089 4569 3403 4646 fuerit._ilis
3443 4582 3632 4646 autem
3682 4589 3835 4646 prae-

2204 4638 2413 4712 missis,
2455 4640 2501 4693 si
2550 4640 2619 4695 ab
2663 4640 2894 4695 adventu
2939 4640 3135 4696 Leonis
3188 4641 3378 4697 diebus
3423 4641 3639 4712 aliquot
3682 4638 3839 4705 'ante

2205 4708 2545 4783 Dominicam,
2566 4727 2683 4781 quae
2717 4721 2826 4766 tum
2859 4713 3045 4767 incidit
3086 4713 3137 4766 in
3165 4713 3305 4768 diem
3332 4712 3402 4768 29
3434 4708 3838 4783 Septembris,

2202 4782 2460 4835 ascendas
2488 4797 2581 4854 per
2611 4784 2725 4839 dies
2765 4784 3109 4854 quadraginta
3152 4795 3199 4838 et
3228 4786 3470 4853 amplius,
3506 4782 3844 4849 commode

2203 4854 2481 4924 pervenies
2510 4853 2575 4907 ad
2607 4853 2837 4924 aliquam
2860 4853 3002 4909 diem
3027 4854 3164 4909 infra
3194 4865 3438 4910 octavam
3464 4856 3527 4910 S.
3557 4859 3845 4921 Lauren-

2202 4924 2279 5001 tii,
2313 4939 2414 4994 qua
2444 4923 2668 5001 Xystum
2692 4923 2759 5001 ll_l
2793 4925 3006 5001 abiisse
3026 4926 3467 5001 _cogt_tosces._Et
3496 4930 3544 5001 si
3576 4936 3840 5001 quidem

2198 4992 2397 5064 Xystus
2427 4992 2705 5050 ordinatus
2734 4995 2830 5050 fuit
2861 4996 2948 5051 die
2977 4994 3045 5051 94
3077 4992 3201 5053 Julii
3228 5013 3295 5052 an
3326 4996 3453 5063 452,
3484 4998 3578 5055 die
3598 4992 3851 5065 'Domi-

2200 5067 2883 5145 nico,_compu_tatis_annis
2909 5078 3038 5145 octo
3076 5077 3130 5122 et
3152 5069 3339 5145 diebus
3367 5070 3432 5124 i9
3463 5068 3593 5145 ejus
3635 5080 3849 5145 ponti.

2192 5136 2367 5209 ﬁcatni
2398 5137 2608 5192 tributis
2636 5152 2667 5192 a
2708 5137 2991 5209 ProSpero,
3026 5140 3267 5195 invenies
3309 5155 3433 5195 eum
3472 5136 3714 5204 obiis'se
3746 5150 3849 5208 die

2197 5208 2254 5280 i_l
2312 5207 2557 5280 Augusti,
2608 5207 2852 5263 secunda
2900 5210 3033 5264 inira
3089 5220 3332 5266 octavam
3377 5211 3436 5266 S.
3490 5207 3848 5280 Laurentii.

2196 5276 2358 5333 Forte
2386 5276 2578 5349 aliquae
2608 5294 2675 5334 ex
2704 5280 2789 5352 his
2811 5282 3145 5352 orationibus
3174 5298 3294 5352 qua:
3326 5283 3379 5337 in
3420 5276 3853 5350 anniversario

2194 5352 2383 5426 mortis
2415 5356 2530 5419 ejus
2561 5352 2681 5405 usui
2727 5350 2899 5419 fuere,
2944 5350 3383 5424 Leonenripsius
3421 5367 3853 5426 successorem

2193 5418 2392 5474 habent
2417 5418 2715 5476 unctorem.

2264 5488 2291 5527 ιι
2322 5491 2417 5545 Est
2443 5492 2494 5545 in
2523 5492 2704 5548 Gelas.
2740 5494 2836 5548 lib.
2861 5509 2942 5561 ιιι,
2974 5495 3141 5552 n.97.

2269 5561 2283 5598 ί
2318 5562 2461 5617 Idem
2494 5562 2691 5617 ibidem
2721 5581 2776 5618 n.
2804 5566 2893 5622 95.

2191 5703 2200 5714 ⁸
2267 5634 2280 5681 i
2316 5634 2589 5716 Invenitur
2617 5636 2755 5716 apud
2786 5636 3034 5716 eumdem
3065 5637 3482 5716 Gelas._ibideit_i
3519 5656 3589 5699 ιι,
3636 5648 3757 5716 95,
3794 5665 3858 5712 αι

2191 5704 2255 5788 ξι).
2290 5719 2390 5759 ms.
2422 5704 2646 5788 Gregqr.
2700 5707 2989 5788 Menardi,_
3011 5723 3074 5763 ac
3116 5710 3168 5765 in
3199 5711 3399 5767 Missali
3443 5704 3757 5781 Romani;

2191 5775 2346 5831 Missa
2380 5791 2476 5847 pro
2506 5775 2762 5835 defuncto
2803 5779 3103 5837 sacerdote.
