4018 6314
277 307 381 367 I37
1081 309 1282 366 LIBER
1321 306 1931 367 SACRAMENTORUM
1970 305 2320 364 ECCLESUE
2357 305 2690 363 ROMANE.
3211 311 3214 314 ’
3438 303 3541 364 158

281 421 531 492 largitate
577 429 890 494 perpetuam
937 422 1210 494 dignitatis
1249 423 1557 493 apostolicae
1593 423 1852 493 percipiat
1877 428 1931 486 Α
1955 417 3581 506 quentatur,nostraecrescitfragilitatisauxilium.Per,etc./

279 514 604 584 portionem.
636 512 756 578 Per,
790 528 894 571 etc.
2035 513 2100 568 ll.
2126 512 2257 567 Item
2285 515 2410 566 alia.
2445 543 2511 553 —-
2542 522 2566 560 ε
2602 513 2812 567 Hostias
2845 513 2962 579 tibi,
2993 512 3241 575 Domine.
3268 528 3362 582 pro
3393 529 3538 568 mar-

349 617 377 646 ⁸
405 610 626 677 Praesta,
678 626 1008 682 quaesumus,
1055 613 1300 681 Domine,
1347 622 1406 669 ut
1450 616 1624 670 anima
1667 614 1855 669 famuli
1960 619 2136 682 tyrum
2179 619 2388 662 tuorum
2429 609 2941 662 commemoratione
2983 607 3301 674 deferimus,
3335 565 3582 710 simpli-:1

279 700 352 754 tui
387 700 571 772 (illius)
603 702 864 772 episcopl,
893 720 1051 775 quam
1083 705 1134 760 in
1169 706 1271 762 hoc
1291 707 1492 762 saculo
1514 722 1856 762 common-an-
1957 710 2142 756 cantes
2168 711 2224 754 ut
2251 699 2626 768 indulgentiam
2660 701 2814 755 nobis
2845 699 3044 769 pariter
3071 698 3351 754 conferant
3377 708 3432 754 et
3453 698 3555 775 εει-ξ

273 800 382 848 tem
413 795 582 850 sacris
609 799 920 853 muneribus
948 799 1238 865 decorasti,
1265 802 1322 856 in
1347 803 1554 858 caelesti
1581 801 1710 858 sede
1730 801 1852 871 glo-
1956 791 2140 845 Ιαιετη·
2176 790 2296 854 Ρθνν
2331 799 2434 843 οιοο
3536 757 3552 871 ξ

278 835 382 848 η...
413 835 582 850 ...μηδ
609 835 920 853 ...υηιηυυυ
948 835 1238 865 “una”,
1267 835 1322 856 ...
1347 835 1554 858 cum...
1581 835 1710 858 seua
1730 835 1831 871 ,ω-

272 883 414 940 riosa
443 901 656 958 semper
684 889 939 945 exsultet.
969 890 1090 955 Per,
1119 900 1226 949 etc.

2026 882 2170 938 Vere
2199 882 2439 950 dignum.
2473 879 2738 948 Quoniam
2771 890 2823 935 tu
2854 882 3212 953 magnificaris
3239 882 3289 936 in
3324 835 3572 936 tuorum‘

343 977 370 1016 δ
394 979 554 1044 Deus,
583 982 674 1052 qui
703 983 844 1039 inter
882 986 1206 1054 apostolicos
1252 988 1562 1045 sacerdotes
1592 988 1850 1044 famulum

1953 975 2109 1030 laude
2141 984 2472 1028 sanctorum.
2508 971 2575 1026 Et
2601 971 2857 1041 quidquid
2903 974 2970 1026 ad
3017 990 3201 1029 eorum
3245 975 3538 1044 pretiosam

269 1073 418 1123 tuum
453 1072 648 1143 (illum)
679 1073 852 1129 fecisti
881 1075 1064 1146 vigere
1088 1078 1422 1148 pontiﬁcem,
1456 1090 1674 1149 prasta,
1703 1094 1854 1150 quaa-

1957 1068 2187 1136 pertinet
2214 1068 2542 1134 passionem,
2577 1073 2681 1118 tum
2729 1075 2853 1118 sunt
2881 1079 3044 1132 opera
3073 1070 3310 1120 miranda
3345 1075 3534 1135 poten-

264 1173 477 1228 sumus,
527 1176 586 1220 ιιι
631 1180 816 1222 eorum
863 1181 1119 1239 perpetua
1169 1186 1384 1243 quoque
1427 1174 1560 1228 sede
1595 1174 1850 1242 μοιίειυιι,
1959 1161 2078 1222 tiae;
2117 1156 2208 1225 qui
2233 1156 2388 1225 hujus
2421 1155 2541 1209 ﬁlei
2583 1154 2774 1209 tribuis
2805 1155 3096 1210 clementer
3128 1158 3412 1222 ardorem;
3445 1157 3537 1227 qui

261 1249 388 1321 Per,
413 1265 521 1313 etc.

1957 1250 2198 1318 suggeris
2227 1247 2520 1302 tolerantia:
2555 1247 2710 1316 139
2741 1247 3084 1313 firmitatem;
3113 1249 3202 1316 qui
3243 1249 3451 1317 largiris
3477 1251 3533 1303 in

1956 1355 2128 1410 agone
2157 1341 2462 1394 victoriam.
2491 1339 2615 1403 Per,
2642 1349 2748 1392 etc.

2025 1429 2052 1468 λ
2082 1431 2400 1486 Sanctorum
2435 1440 2644 1484 tuorum
2688 1445 2785 1485 nos
2813 1470 2828 1496 ,
2873 1446 3180 1500 quatsumus
3206 1476 3220 1499 ,
3276 1431 3494 1486 Domine
3521 1476 3537 1498 ,

1948 1540 2163 1592 semper
2210 1524 2340 1579 festa
2389 1524 2694 1591 lmtilicent,
2746 1534 2798 1579 et
2841 1526 3109 1590 maiestati
3151 1535 3254 1581 tua:
3281 1536 3540 1596 perpetua

933 1330 1179 1388 XXXIV.

797 1435 820 1463 ο
856 1424 1038 1481 Sancti
1070 1425 1325 1482 Silvestri.

339 1529 511 1599 Deus,
548 1534 918 1590 confitentium
955 1545 1006 1591 te
1035 1538 1212 1606 portio
1239 1537 1630 1607 defunctorum,
1665 1553 1847 1607 preces

264 1630 506 1684 nostras.
537 1640 670 1694 quas
701 1627 751 1680 in
781 1626 962 1681 famuli
991 1628 1063 1681 tui
1093 1627 1332 1684 Silvestri
1354 1631 1588 1700 episcopi
1617 1631 1831 1701 deposi-

1952 1617 2247 1686 placatione
2278 1615 2678 1671 commendent.
2713 1614 2834 1680 Per,
2864 1627 2970 1670 etc.

261 1712 416 1768 tione
445 1715 754 1782 deferimus,
784 1719 1098 1788 propitiatus
1142 1720 1296 1792 138
1350 1735 1601 1789 assume;
1654 1733 1710 1777 ut
1752 1725 1831 1793 qui

2025 1708 2040 1745 ί
2077 1708 2299 1774 Ριαιδω,
2335 1709 2587 1772 Domine,
2627 1724 2931 1776 quaesumus
2957 1751 2973 1776 ,
3017 1719 3073 1764 ut
3120 1711 3259 1765 sicut
3309 1711 3539 1780 populus

256 1805 474 1859 nomini
529 1813 619 1860 tuo
655 1810 1006 1863 ministerium
1055 1807 1214 1864 ﬁdele
1257 1812 1529 1879 dependit,
1577 1823 1836 1884 perpetua
1871 1802 1918 1863 B
1945 1802 2278 1859 Christiinus
2305 1815 2599 1875 martyrum
2628 1814 2838 1859 tuorum
2877 1807 3152 1874 temporali
3188 1807 3537 1860 solemnitate

245 1906 572 1950 sanctorum
603 1907 811 1953 tuorum
852 1905 1113 1956 societate
1140 1902 1369 1957 laetetur.
1402 1903 1525 1970 Per,
1555 1917 1658 1960 etc.

1939 1898 2262 1968 cougaudet,
2294 1900 2362 1951 ita
2397 1903 2699 1966 perfruatur
2723 1908 2946 1966 aeterna,
2973 1908 3026 1953 et
3053 1900 3194 1968 quod
3225 1900 3358 1955 votis
3386 1900 3535 1956 cele-

329 1985 484 2040 Hanc
518 1988 675 2057 igitur
701 1990 1048 2057 oblationem,
1086 2008 1420 2065 quaesumus,
1451 1995 1698 2063 Domine,
1729 2011 1842 2066 pia-
1939 1990 2077 2056 brat.
2119 1991 2540 2060 comprehendat
2566 1990 2777 2044 eliet‘lu.
2813 1990 2934 2057 Per.
2966 2001 3068 2046 etc.

236 2089 408 2135 catus
436 2081 670 2149 intende,
706 2098 864 2153 quam
910 2085 962 2139 in
1014 2086 1186 2141 sancti
1218 2087 1463 2143 Silvestri
1513 2089 1839 2144 confessoris

237 2178 310 2226 et
340 2172 578 2241 episcopi
612 2172 688 2227 tui
716 2177 1226 2234 commemoratione
1254 2180 1566 2250 suppliciter
1596 2181 1840 2237 immola-

236 2276 399 2326 mus,
433 2271 490 2317 ut
515 2277 570 2318 et
595 2265 750 2321 nobis
789 2267 1033 2335 proficiat
1072 2269 1229 2339 hujus
1260 2271 1472 2339 pietatis
1510 2272 1756 2341 affectus,
1783 2283 1839 2329 et

239 2355 407 2410 illum
436 2357 707 2414 beatitudo
735 2361 1061 2432 sempiterna
1087 2364 1373 2432 glorificet.
1407 2364 1530 2431 Per,
1561 2375 1669 2420 etc.

325 2446 656 2516 Majestatem
705 2461 870 2520 tuam,
908 2454 1151 2521 Domine,
1198 2457 1514 2525 suppliciter
1543 2472 1838 2514 exoramus

237 2551 312 2597 ut
348 2547 524 2598 anima
561 2544 740 2600 famuli
767 2548 837 2601 tui
865 2544 892 2585 ἀ
922 2548 1181 2618 Simplicii
1203 2549 1442 2621 episcopi
1479 2551 1548 2607 ab
1583 2553 1834 2607 omnibus

242 2649 374 2703 quin
423 2633 735 2692 humanitus
778 2641 998 2694 attraxit
1046 2650 1230 2707 exuta,
1273 2645 1324 2697 in
1355 2653 1664 2700 sanctorum
1707 2659 1835 2700 cen-

247 2738 434 2784 seatur
462 2739 612 2785 sorte
644 2739 938 2801 pastorum.
974 2733 1098 2799 Per,
1125 2744 1226 2790 etc.

939 2865 1156 2922 XXXV.

724 2977 951 3033 MENSE
988 2978 1362 3036 NOVEMBRI.

397 3085 459 3141 In
487 3089 663 3143 natale
705 3101 994 3145 sanctorum
1024 3103 1240 3162 quatuor
1289 3093 1683 3148 Coronatorum.

2619 2082 2858 2138 XXXVI.

2348 2178 2412 2231 In
2465 2176 2626 2230 natali
2665 2189 2853 2231 sancta:
2893 2177 3132 2233 Ctecilitr.

2010 2269 2050 2323 1.
2080 2295 2153 2310 -
2180 2267 2614 2337 Propitiationem
2651 2281 2811 2332 tuam,
2860 2268 3085 2324 Domine
3112 2311 3126 2332 .
3173 2285 3482 2339 quzesumus
3506 2309 3528 2336 .

1939 2366 2231 2419 sentiamus
2277 2363 2343 2416 de
2390 2363 2702 2417 celebritate
2750 2366 3034 2428 praesenti,
3080 2373 3136 2417 ut
3167 2367 3530 2420 oblationibus

1940 2457 2159 2518 nostris.
2191 2465 2387 2509 sancta
2415 2453 2602 2524 (illius)
2639 2457 2650 2503 ι
2704 2455 3086 2508 intercessione
3129 2457 3388 2527 su~ceptis
3413 2499 3428 2522 ,
3475 2467 3532 2511 ct

1939 2549 2320 2618 indulgentiam
2351 2550 2505 2604 nobis
2545 2550 2776 2616 tribuas,
2809 2557 2863 2604 et
2887 2549 3138 2604 salutaria
3170 2552 3308 2604 dona
3337 2566 3531 2606 conce-

1935 2642 2052 2697 das.
2082 2642 2202 2709 Per.
2228 2651 2332 2696 etc.

2009 2735 2146 2792 Vere
2184 2737 2421 2806 dignum.
2464 2735 2524 2790 In
2570 2735 2658 2792 die
2705 2737 3007 2792 festivitatis
3057 2738 3328 2793 liodiernm
3358 2781 3371 2802 ,
3423 2754 3530 2808 qua

1933 2842 2117 2887 sancta
2148 2832 2361 2887 Caecilia
2389 2832 2441 2885 in
2473 2831 2548 2884 tui
2577 2832 2808 2884 nominis
2834 2832 3172 2886 confessione
3203 2845 3408 2903 martyr
3451 2834 3529 2888 ef-

1934 2924 2074 2981 lecta
2101 2935 2200 2980 est.
2239 2925 2369 2992 Quae
2404 2925 2530 2978 dum
2571 2925 2816 2977 humanis
2856 2923 3049 2978 devota
3086 2926 3313 2991 nuptiis,
3360 2926 3531 2979 thala-

1936 3032 2055 3072 mos
2080 3018 2402 3084 temporales
2424 3023 2818 3076 contemneret,
2850 3029 3105 3082 sponsum
3138 3017 3259 3076 sibi,
3291 3014 3380 3082 qui
3407 3029 3530 3081 per-

1936 3119 2130 3178 petuus
2159 3116 2321 3168 esset,
2355 3114 2683 3174 prmsntnpto
2715 3103 2934 3169 praemio
2972 3104 3232 3156 castitatis
3258 3104 3528 3169 adhibuit,

342 3203 379 3254 l.
403 3232 466 3243 —
489 3215 509 3242 ε
544 3206 734 3260 Annua
785 3219 1081 3280 martyrum
1131 3218 1365 3273 ιυυνιηη,
1415 3211 1663 3274 nomine,
1711 3218 1836 3265 vota
1865 3183 1912 3247 ε
1943 3211 1998 3256 et
2025 3199 2377 3254 aeternitatem
2408 3197 2529 3248 vitm
2558 3195 2765 3258 maluit,
2793 3209 2952 3263 quam
2973 3203 3031 3246 ut
3055 3193 3253 3247 mundo
3275 3209 3530 3260 procrea-

279 3299 604 3363 recurrimus,
637 3301 974 3369 majestatem
1009 3312 1149 3355 tuam
1203 3302 1512 3372 suppliciter
1540 3302 1835 3369 deprecan-

266 3399 342 3446 tes
385 3401 438 3446 ut
473 3407 592 3449 cum
637 3394 1023 3464 temporalibus
1079 3397 1422 3450 incrementis
1467 3395 1835 3465 prosperitatis

255 3492 461 3538 eterna:
483 3487 758 3556 capiamus
783 3498 1149 3557 augmentum.
1191 3488 1315 3554 Per,
1348 3499 1453 3543 etc.

322 3577 424 3631 Pro
463 3589 759 3650 martyrum
791 3582 1067 3646 natalitiis,
1113 3581 1353 3642 Domine.
1388 3591 1474 3636 tua
1516 3584 1829 3640 muneribus

251 3670 585 3726 cumulamus
612 3672 822 3726 altaria.
869 3674 963 3738 Da,
997 3689 1324 3743 quaesumus,
1355 3684 1410 3728 ut
1440 3675 1627 3742 gaudia
1672 3677 1827 3731 nobis

249 3773 434 3814 sancta
463 3773 827 3830 succrescant,
862 3765 1055 3834 quibus
1085 3767 1331 3837 proficiat
1359 3777 1558 3822 nostra:
1588 3768 1827 3824 devotio-

249 3855 333 3908 nis
360 3856 609 3912 affectus.
639 3857 762 3923 Per,
792 3868 896 3914 etc.

331 3944 350 3984 ί
386 3945 526 4003 Vere
563 3949 805 4018 dignum.
849 3949 1194 4005 Cclebrantes
1237 3961 1543 4008 sanctorum
1589 3951 1829 4007 natalitia

245 4046 622 4106 patronorum,
657 4042 778 4110 quia
803 4041 928 4095 dum
967 4041 1044 4095 tui
1069 4042 1301 4098 nominis
1325 4058 1419 4111 per
1437 4045 1700 4114 eosgloria
1728 4044 1831 4100 fre-

321 4195 350 4222 ⁸
378 4183 476 4240 Est
514 4183 566 4238 in
609 4183 797 4239 iisdem
827 4183 984 4237 codd.
1030 4199 1090 4237 ac
1120 4184 1340 4250 Missali,
1377 4200 1474 4238 nec
1502 4200 1606 4237 non
1638 4185 1686 4238 in
1715 4183 1830 4235 \‘at.

245 4257 413 4325 Creg.
451 4256 717 4309 Muratorii
759 4255 809 4307 in
858 4255 1188 4307 orationibus
1241 4258 1303 4306 :td
1357 4255 1657 4319 pontificem
1691 4255 1835 4306 ordi-

245 4331 486 4383 nandum
518 4341 638 4393 pag.
679 4325 805 4378 272.
844 4325 968 4378 Post
1015 4341 1182 4394 pauca
1215 4327 1533 4378 Muratorins
1568 4327 1618 4376 in
1649 4325 1836 4376 cwlesti

245 4400 394 4463 sede,
424 4408 481 4450 ut
513 4398 561 4448 in
589 4395 784 4450 Missali
813 4393 1024 4461 legitur.
1069 4395 1138 4448 At
1175 4396 1602 4461 prmitositioitem
1647 4396 1696 4445 in
1739 4395 1834 4447 de-

245 4470 368 4525 lent
392 4482 581 4520 omnes
610 4471 768 4520 etiam
794 4467 1061 4520 Gelasiani
1106 4473 1160 4519 et
1183 4467 1494 4533 Gregoriani
1525 4466 1760 4518 codices.

321 4539 350 4577 δ
384 4537 513 4591 Vide
541 4538 718 4592 Gclas.
768 4536 857 4588 lib.
901 4552 977 4600 tn,
1013 4553 1065 4589 ιι.
1112 4537 1212 4599 92;
1265 4539 1384 4590 cod.
1420 4537 1645 4604 Gregor.
1693 4534 1834 4603 apud

1937 3304 2019 3350 ret
2047 3295 2328 3361 originem.
2364 3289 2416 3344 In
2443 3288 2594 3358 cujus
2624 3291 2844 3356 gloriam
2885 3293 3046 3342 etiam
3089 3289 3216 3342 illud
3256 3290 3523 3358 accessit,

1935 3396 1994 3442 ut
2018 3385 2379 3449 Valerianum,
2407 3383 2491 3435 cui
2518 3381 2686 3435 fuerat
2714 3381 3034 3434 matrimonii
3053 3381 3176 3448 jure
3198 3404 3208 3429 ι
3227 3382 3524 3450 opulanda,

1937 3481 1989 3534 in
2025 3486 2335 3546 perpetuum
2365 3475 2462 3528 sibi
2495 3474 2706 3527 socians
2744 3484 2947 3541 martyr
2985 3485 3127 3527 casui
3168 3474 3524 3542 consortium,

1933 3587 2116 3628 secum
2148 3572 2368 3626 duceret
2400 3569 2464 3622 ad
2494 3583 2768 3622 coronam.
2801 3567 2922 3631 Per,
2956 3575 3060 3622 etc.

2007 3665 2339 3720 Exsultamus
2373 3663 2587 3730 pariter,
2619 3672 2672 3715 et
2699 3661 2766 3715 de
2799 3672 3050 3729 percepto
3081 3677 3215 3730 paue
3257 3663 3479 3730 justitize
3504 3705 3522 3726 ,

1931 3761 2079 3819 etde
2109 3769 2350 3824 tuorutn,
2392 3757 2642 3818 Domine,
2691 3755 2791 3809 fcst
2814 3757 2978 3810 vitate
3017 3767 3358 3818 sanctorum;
3399 3757 3524 3824 quia

1931 3851 2410 3910 interventiouibus
2455 3848 2548 3902 tibi
2601 3847 2919 3913 placentium
2963 3847 3318 3909 Confiditnus,
3368 3846 3526 3902 nobis

1932 3946 1998 4000 ad
2023 3953 2328 4015 perpetuam
2356 3943 2518 3993 vitam
2543 3953 2761 3994 cessura
2784 3938 2891 3993 (At.
2916 3938 3214 4010 profutura)
3238 3955 3355 4009 qua:
3377 3955 3526 3993 sum-

1934 4039 2161 4110 psimus.
2191 4037 2312 4101 l’er,
2341 4041 2442 4088 etc.

2016 4189 2038 4215 ο
2068 4177 2302 4230 "abem"
2336 4175 2385 4225 in
2413 4171 2650 4224 Sacram.
2694 4166 2978 4221 Getasiano
3021 4165 3110 4217 lio.
3148 4181 3202 4224 ll,
3237 4182 3288 4218 ιι.
3321 4167 3410 4229 6'2,
3439 4169 3526 4227 ubi

1945 4259 2064 4316 post
2093 4263 2253 4314 putica
2287 4256 2436 4308 atque
2474 4256 2533 4293 ac
2565 4247 2612 4290 in
2657 4244 2838 4316 nostro
2875 4235 3057 4316 codi‘t-e
3091 4235 3280 4302 legitur
3305 4241 3526 4290 recurri-

1945 4303 2074 4380 imts,
2093 4303 2162 4369 ἰιι
2193 4331 2257 4370 ne
2286 4303 2418 4380 opus
2448 4320 2516 4362 Sit
2539 4307 2832 4380 emendare
2860 4303 3148 4380 recolmtus.

2024 4375 2211 4441 t'Vide
2261 4375 2489 4436 similent
2522 4378 2886 4448 pr:rf’.tlii)tie_tt_i
2932 4379 2980 4427 in
3025 4375 3290 4448 πάγαι,
3323 4376 3526 4448 (ἔγρεο,

1944 4461 2099 4514 riano
2129 4458 2266 4526 apud
2301 4443 2645 4526 Mur-Antoriutn
2674 4461 2790 4514 pag.
2819 4443 2944 4506 540,
2977 4455 3029 4496 t-t
3055 4448 3102 4498 in
3131 4446 3380 4526 alioiod.
3413 4443 3525 4504 Mc-

1945 4533 2096 4586 nardi
2146 4521 2196 4596 ιι.
2240 4527 2355 4582 159.
2405 4523 2572 4577 Porro
2619 4534 2718 4572 vox
2783 4528 3110 4596 putgmorum
3154 4521 3524 4596 antiquitatem

245 4589 918 4666 Menardumsetiblis-ale
964 4589 1130 4661 lionn
1153 4589 1250 4674 pro
1277 4589 1831 4677 episcopoudefuni'no.

1952 4589 2199 4656 adesim
2245 4610 2550 4652 sanctorum
2603 4600 2830 4661 quatuor
2869 4589 3255 4644 Coronatorum
3307 4594 3526 4649 nomine

325 4692 350 4718 ο
389 4681 514 4734 Ηειεο
544 4678 698 4732 MiSsa
731 4693 835 4730 non
864 4681 1090 4745 pertinet
1129 4680 1193 4731 ad
1239 4678 1379 4732 diem
1415 4680 1608 4733 festum
1641 4678 1697 4734 S.
1733 4679 1834 4733 Stl-

243 4750 439 4812 vestri,
483 4750 572 4815 qui
613 4749 754 4803 cadit
802 4752 851 4802 in
885 4749 1024 4803 diem
1071 4749 1307 4802 ultimam
1357 4749 1691 4813 Decembris;
1740 4748 1835 4802 sed

244 4839 351 4892 pro
385 4819 626 4888 ejusdem
659 4819 998 4892 depositione
1032 4820 1159 4873 olitn
1188 4820 1484 4892 lucubrata,
1518 4829 1570 4874 et
1600 4837 1627 4871 a
1658 4820 1834 4874 Colic-

241 4889 404 4948 ctore
427 4892 665 4957 inventa,
702 4889 876 4944 Missis
915 4891 1288 4945 defunctorum
1320 4891 1388 4944 ab
1417 4892 1607 4945 eodem
1645 4892 1833 4959 subje-

243 4980 333 5020 cta
368 4965 487 5016 fuit.

319 5033 346 5071 ά
379 5033 606 5100 Quidam
629 5032 1039 5101 putantlibrarii
1069 5032 1348 5086 oscitantis
1381 5032 1635 5100 scriptum
1665 5031 1829 5087 fuisse

250 5105 519 5171 Simplicii
552 5119 745 5158 nomen
778 5119 872 5171 pro
898 5103 1148 5170 Silveslri,
1172 5103 1239 5156 de
1260 5118 1366 5172 quo
1393 5104 1445 5157 in
1473 5105 1679 5157 duabus
1706 5119 1826 5156 ora-

252 5177 490 5232 liouibus
522 5173 965 5241 przecedentibus.
1007 5173 1075 5227 ita
1123 5185 1179 5227 ut
1222 5173 1334 5228 haec
1365 5177 1434 5227 sit
1480 5177 1650 5227 oratio
1688 5184 1831 5242 post-

243 5247 547 5302 commnnio
578 5245 750 5299 Missa:
778 5245 834 5298 S.
869 5244 1132 5298 Silvestri.
1164 5245 1266 5298 Sed
1296 5261 1416 5298 cum
1447 5259 1476 5298 a
1505 5257 1687 5300 no~tro
1707 5247 1828 5298 Col-

245 5321 463 5374 lectore
485 5316 718 5370 alienum
748 5332 850 5368 non
888 5317 958 5368 sit
989 5318 1124 5369 inter
1152 5330 1464 5370 communes
1488 5316 1675 5369 Missas
1701 5330 1829 5368 ora-

246 5391 428 5444 tiones
461 5386 720 5457 quasdatn
767 5386 1095 5457 describere,
1128 5402 1246 5454 qua:
1275 5387 1496 5457 alicujus
1522 5385 1690 5440 sancti
1734 5400 1830 5457 no-

244 5476 377 5514 mi-n
408 5456 670 5512 inSet‘lum
715 5456 1025 5526 prmferunt,
1072 5468 1128 5509 ut
1177 5458 1242 5509 de
1289 5456 1346 5511 S.
1382 5456 1640 5521 'l‘iburtio,
1673 5457 1738 5508 de
1767 5456 1825 5512 S.

243 5529 539 5601 Gregorio,
568 5540 618 5581 et
659 5528 724 5580 de
767 5529 823 5601 S.
860 5527 1142 5581 Laurentio
1171 5527 1432 5601 vidimus,
1479 5529 1547 5579 ita
1586 5529 1826 5601 bic_ora-

243 5598 494 5656 tionibus
516 5600 886 5653 communibus
912 5612 1006 5665 pro
1027 5602 1289 5652 defunctis
1305 5598 1531 5662 subjecit
1553 5598 1828 5652 orationes

244 5671 502 5728 Silvestri
531 5679 586 5724 et
613 5668 870 5737 Simplicii
900 5683 1093 5722 nomen
1116 5669 1450 5730 exhibentes,
1475 5682 1597 5738 qum
1621 5684 1652 5724 e
1682 5682 1829 5723 com-

245 5743 514 5798 munibus
546 5754 644 5809 pro
673 5738 923 5793 defuncto
967 5741 1238 5808 episcOpo,
1283 5751 1337 5792 ut
1373 5739 1641 5806 videntur,
1683 5754 1828 5794 sum-

245 5822 385 5887 pta,
410 5814 468 5869 in
501 5827 688 5868 eorum
718 5811 1051 5878 depositione
1081 5811 1314 5866 recitata:
1340 5810 1571 5868 fuerunt.

664 5903 931 5961 ΡΑτιοι..
993 5899 1115 5960 LV.

1941 4674 2239 4728 dedicatam
2265 4670 2517 4723 ostendit.

2013 4756 2037 4790 κ
2074 4747 2163 4797 Est
2188 4745 2323 4810 apud
2353 4743 2530 4795 Gelas.
2565 4735 2657 4788 lib.
2686 4748 2744 4796 11,
2778 4747 2831 4809 n.
2859 4729 2948 4793 62,
2981 4729 3336 4810 Ξς-ἰιιὲιῐξεςιιί
3364 4733 3520 4810 Qui“,

1939 4815 2024 4868 die
2052 4816 2121 4870 29
2152 4800 2276 4869 Julii
2327 4814 2376 4865 in
2423 4805 2934 4861 comnteinoiatione
2981 4801 3078 4856 SS.
3121 4800 3338 4869 Felicis,
3383 4809 3526 4862 Sim-

1938 4887 2078 4954 plicii
2125 4898 2178 4940 et
2206 4885 2494 4954 sociorum.

2005 4955 2035 4993 ¹¹
2066 4957 2308 5011 Gelasius
2340 4953 2557 5006 ibidem.

2013 5025 2028 5063 ί
2063 5028 2275 5094 Legitur
2306 5026 2356 5079 in
2387 5021 2580 5076 λιι-διιιὶ
2610 5017 2789 5094 Rom._
2809 5015 2896 5068 die
2937 5013 3005 5094 29
3045 5013 3171 5094 Julii
3217 5017 3377 5094 natali
3420 5017 3518 5073 SS.

1933 5084 2226 5152 FRIlCISUCl
2268 5097 2554 5149 sociorum.
2604 5090 2715 5144 Sub
2764 5087 2919 5138 finem
2969 5084 3200 5146 iucod.,
3243 5086 3517 5154 celebrant,

1933 5170 2362 5234 comprehendant
2389 5164 2574 5229 plurali
2604 5173 2853 5237 numero.
2873 5171 2937 5235 eo
2959 5154 3099 5222 quod
3125 5157 3298 5237 populi
3326 5174 3521 5237 nomen

1935 5227 2160 5295 nurnero
2193 5227 2546 5294 multitudinis
2574 5249 2716 5301 smpe
2746 5228 3060 5295 accipiatur,
3097 5234 3152 5277 ut
3174 5227 3298 5279 alibi
3326 5232 3518 5282 obser-

1933 5315 2193 5365 vavimus.
2447 5380 2452 5381 γ
2619 5373 2636 5381 _
2900 5370 2909 5380 .
2961 5379 2967 5381 _
3126 5371 3157 5381 _.
3337 5367 3371 5381 --

2012 5382 2024 5432 i
2056 5384 2185 5436 Cod.
2215 5380 2587 5441 interveniente,
2616 5373 2752 5428 forte
2774 5387 2868 5437 pro
2895 5373 3273 5432 interventione,
3301 5373 3524 5441 utimox

1937 5453 1986 5506 in
2011 5453 2109 5505 alia
2133 5453 2373 5506 oratione
2394 5439 2860 5501 interventionibus.
2883 5441 3202 5494 Muratorius
3220 5453 3337 5491 cum
3359 5439 3528 5495 Blanc

1936 5525 2114 5577 citinio
2165 5521 2465 5576 emendavit
2513 5517 2870 5569 intercessione
2917 5527 2980 5564 ex
3035 5510 3219 5562 eadem
3277 5512 3522 5565 oratione

1936 5596 2160 5661 repetita
2205 5595 2256 5646 in
2304 5591 2460 5645 MISsa
2503 5588 2600 5641 SS.
2638 5583 2936 5661 Clementis
2964 5591 3018 5633 et
3053 5580 3358 5661 Felicitatis.
3395 5583 3521 5637 llaec
3592 5597 3598 5601 '

1935 5650 2107 5719 oratio
2138 5663 2435 5717 communis
2462 5668 2562 5722 est,
2596 5665 2653 5707 ιιι
2683 5670 2745 5707 ex
2777 5656 2887 5720 ipsa
2915 5651 3141 5722 formula
3176 5650 3320 5722 illius
3355 5665 3521 5720 agno-

1935 5737 2129 5797 scitur;
2165 5749 2227 5787 ac
2271 5720 2561 5800 propterea;
2598 5725 2752 5800 festo
2782 5725 2939 5777 etiam
2983 5720 3079 5778 SS.
3126 5721 3421 5778 Clementis
3465 5731 3521 5778 et

1934 5793 2228 5861 Felicitatis
2254 5793 2653 5857 accommodata
2682 5793 2800 5848 fuit.
3001 5883 3044 5948 ὅ
