4018 6314
546 281 663 341 ’159

1520 278 1743 337 OPERA
1786 280 1843 336 S.
1886 280 2087 337 LEONI
2127 280 2364 338 MAGNO
2403 283 2816 341 ATTRIBUTA.

3719 285 3815 351 διο

631 392 896 451 Auxilium
928 397 1095 457 tuum,
1120 389 1377 455 Domine.
1409 392 1613 446 nomini
1653 400 1745 447 tuo
1787 392 2000 447 subdita
2038 408 2134 462 po-
2163 400 2216 461 Α
2238 395 2576 450 solemnitate
2596 396 2859 462 laetemur,
2880 401 2936 451 et
2955 403 3117 453 tantae
3138 396 3258 453 fidei
3278 398 3628 467 proﬁciamus
3647 410 3814 458 exsat-

557 497 714 545 scunt
742 485 898 541 corda
931 484 1185 551 fidelium,
1215 494 1271 539 ut
1312 484 1433 555 quia
1478 485 1591 540 sine
1638 495 1687 539 te
1735 484 1867 540 nihil
1914 496 2138 553 possunt

557 581 780 651 implere
808 578 950 649 quod
975 576 1173 646 justum
1204 586 1313 643 est,
1347 587 1434 631 tua
1464 579 1824 634 misericordia
1857 580 2134 650 largiente,

554 680 610 729 ct
634 688 752 743 qua:
780 681 923 725 recta
955 680 1080 725 sunt
1110 670 1508 739 apprehendant
1528 714 1541 737 ,
1572 681 1627 727 et
1663 674 1840 728 omnia
1879 676 1979 731 sibi
2014 689 2137 746 pro-

552 764 729 819 futura
762 764 1074 834 percipiant.
1108 763 1227 829 Per,
1263 774 1365 818 etc.

624 854 692 910 ll.
724 855 856 909 Item
882 856 1003 910 alia.
1037 885 1107 895 --
1137 866 1162 892 ⁸
1207 858 1555 927 Omnipotens
1594 862 1917 930 sempiterne
1954 864 2092 919 Deus
2115 907 2131 931 ,

553 948 643 1018 qui
668 947 819 1016 eligis
844 947 1054 1003 lolirtna
1080 949 1279 1017 mundi,
1309 960 1365 1003 ut
1386 950 1541 1005 fortia
1564 968 1787 1024 quaeque
1818 955 2132 1022 confundas,

552 1039 619 1095 da
648 1039 805 1095 nobis
837 1041 888 1095 in
920 1040 1202 1097 festivitate
1231 1052 1431 1099 sancta:
1462 1048 1713 1117 martyris
1743 1050 1966 1103 Caecilia?
2007 1064 2135 1105 con-

550 1145 683 1202 grua
726 1133 1009 1189 devotione
1055 1134 1284 1204 gaudere
1310 1177 1323 1198 .
1367 1145 1426 1191 ut
1472 1146 1525 1193 et
1564 1140 1853 1207 potentiam
1900 1151 2043 1197 tuam
2078 1143 2129 1198 in

551 1223 669 1293 ejus
690 1225 936 1295 passione
963 1226 1261 1295 laudemus,
1292 1227 1448 1299 150
1470 1240 1521 1285 et
1542 1232 1807 1300 provisum
1836 1234 1987 1289 nobis
2014 1250 2131 1303 per-

549 1314 810 1383 cipiamus
838 1316 1117 1373 auxilium.
1148 1318 1269 1381 Per,
1300 1328 1403 1376 etc.

534 1420 537 1443 =
616 1405 888 1463 Bonorum
918 1411 1155 1464 omnium
1178 1451 1192 1475 ,
1225 1410 1396 1478 Deus,
1445 1421 1631 1469 auctor
1674 1426 1832 1485 atque
1870 1418 2125 1488 largitor,

544 1500 634 1571 qui
665 1509 721 1555 ut
749 1501 1041 1557 humanum
1069 1518 1237 1573 genus
1263 1504 1327 1557 ad
1358 1505 1753 1563 confessionem
1783 1510 1858 1563 tui
1900 1513 2131 1567 nominis

544 1608 890 1663 provocares,
917 1596 1073 1649 etiam
1097 1596 1149 1650 in
1176 1597 1341 1666 fragili
1367 1600 1634 1666 perfecisti
1662 1603 1966 1659 conditione
1990 1620 2129 1659 mar-

544 1686 765 1755 tyrium,
801 1697 1021 1755 przcsta,
1070 1705 1411 1759 quazsumus,
1463 1701 1520 1747 ut
1564 1694 1799 1750 Ecclesia
1851 1706 1975 1766 tua,
2027 1700 2127 1755 hoc

2244 487 2350 557 plo.
2381 488 2499 552 Per,
2530 498 2634 543 etc.

2308 581 2520 635 Sanctae
2546 580 2771 636 Caecilia:
2795 581 2927 637 fossa
2958 582 3284 650 recolentes,
3313 599 3501 652 preces
3526 586 3811 655 olerimus,

2234 670 2443 727 hostias
2475 673 2831 731 immolamus.
2866 674 3089 741 Praesta,
3124 677 3370 743 Domine,
3398 693 3741 749 quaesumus,
3768 691 3815 736 ut

2237 778 2357 821 cum
2391 767 2637 835 prasidio
2666 770 2946 837 temporali
2978 779 3034 825 et
3068 770 3193 826 vita:
3234 772 3388 827 nobis
3427 774 3705 842 praebeant
3746 776 3813 831 iu-

2239 869 2516 916 crementa
2551 871 2573 898 ο
2605 870 2895 930 perpetuas.
2928 862 3047 927 Per,
3075 870 3181 919 etc.

2310 953 2448 1009 Vere
2474 954 2711 1024 dignum.
2745 954 3007 1021 Quoniam
3043 955 3182 1011 sicut
3216 958 3509 1014 humanum
3553 974 3727 1030 genus
3767 961 3807 1015 in

2235 1054 2464 1116 utroque
2490 1061 2619 1101 sexu
2651 1047 2895 1102 diabolus
2922 1049 3113 1105 merito
3141 1064 3318 1118 prava:
3343 1052 3705 1107 confessionis
3733 1053 3813 1108 eli-

2234 1140 2339 1205 sit,
2374 1140 2451 1194 sic
2493 1138 2511 1179 ί
2563 1151 2793 1211 utroque
2832 1140 3174 1197 confessione
3222 1144 3502 1213 magnifica
3545 1161 3641 1213 per
3684 1148 3813 1199 tuam

2235 1233 2457 1302 gratiam
2505 1233 2881 1303 triumphatur.
2936 1234 3250 1304 Clariorque
3298 1236 3523 1289 victoria
3570 1246 3657 1292 est
3704 1252 3811 1291 cum

2238 1326 2481 1381 sublimis
2510 1326 2595 1380 illa
2628 1327 2943 1391 substantia,
2974 1342 3095 1397 qua:
3123 1328 3349 1384 similem
3382 1345 3440 1383 se
3469 1331 3713 1398 jactabat
3737 1331 3813 1384 Al-

2235 1418 2462 1483 tissimo,
2497 1426 2553 1473 et
2581 1418 2630 1472 in
2664 1417 2895 1474 hominis
2922 1433 3049 1473 casu
3080 1420 3171 1475 Dei
3202 1436 3335 1490 opus
3365 1421 3648 1477 subruisse
3674 1423 3811 1491 plau-

2233 1510 2413 1575 debat,
2429 1510 2658 1566 feminea
2673 1512 2977 1567 conditione
2988 1522 3287 1581 superatur.
3298 1512 3465 1581 Cujus
3476 1514 3667 1582 gloriae
3678 1515 3811 1568 nobis

2232 1602 2375 1658 diem
2409 1604 2561 1658 beata
2590 1603 2803 1658 Caecilia
2847 1614 3048 1675 martyr
3079 1604 3328 1670 illustrat,
3358 1620 3474 1673 quae
3503 1607 3710 1675 nuptiis
3734 1608 3813 1662 de-

2232 1704 2413 1765 putata
2439 1697 2688 1761 terrenis,
2708 1698 2885 1767 nupsit
2901 1698 2953 1750 in
2976 1698 3135 1763 calo,
3149 1708 3204 1752 et
3222 1698 3492 1755 mundano
3503 1698 3686 1753 dicata
3702 1714 3813 1754 con-

544 1778 791 1847 exemplo
824 1782 1166 1846 commonita,
1201 1796 1299 1837 nec
1329 1786 1435 1854 pati
1465 1799 1563 1854 pro
1592 1796 1643 1842 te
1673 1796 1905 1857 metuat,
1939 1802 1988 1847 et
2021 1806 2118 1848 coe-

2238 1785 2397 1856 iugio,
2420 1787 2657 1843 divinum
2676 1797 2763 1843 est
2780 1790 2971 1843 sortita
2994 1791 3352 1855 consortium;
3380 1790 3672 1861 ipsumque
3699 1802 3812 1846 tem-

542 1867 693 1924 Iestis
720 1872 920 1938 praemii
951 1874 1174 1942 gloriam
1202 1877 1560 1945 concupiscat.
1592 1878 1712 1943 I‘er,
1746 1890 1852 1937 etc.

614 1960 641 2000 ι’
674 1962 846 2033 Super
872 1964 987 2029 has,
1020 1981 1345 2035 quaesumus,
1379 1968 1599 2037 hostias,
1634 1973 1876 2043 Domine,
1904 1976 2127 2031 benedi-

541 2053 650 2107 ctio
678 2055 892 2122 copiosa
923 2055 1231 2123 descendat,
1262 2074 1380 2129 quae
1408 2071 1465 2116 et
1503 2066 1977 2122 sanctificationem
2022 2085 2123 2121 no-

540 2142 623 2197 bis
645 2144 937 2201 clementer
961 2158 1232 2218 operetur,
1264 2160 1318 2208 et
1347 2154 1414 2209 de
1436 2166 1730 2228 martyrum
1756 2176 1851 2216 nos
1873 2162 2125 2218 solemni-

541 2239 651 2288 tate
681 2235 933 2293 laetifieet.
963 2239 1088 2307 Per,
1120 2249 1224 2297 etc.

613 2336 637 2367 ο
665 2327 801 2384 Vere
823 2330 1059 2401 dignum.
1086 2334 1185 2399 Qui
1214 2337 1424 2405 perficis
1447 2340 1497 2394 in
1519 2341 1824 2400 infirmitate
1845 2347 2119 2415 virtutem,

536 2430 640 2487 qua
669 2419 819 2474 beata
849 2422 1187 2495 gloriosaque
1214 2426 1423 2483 Caecilia
1442 2475 1456 2499 ,
1486 2432 1739 2503 despecto
1773 2439 1951 2492 mundi
1994 2454 2125 2494 con-

532 2507 709 2579 jugio,
741 2511 808 2565 ad
837 2516 1104 2571 consortia
1150 2533 1382 2588 superna
1422 2526 1752 2581 contendens
1776 2570 1789 2591 ,
1828 2544 1927 2585 nec
1967 2539 2124 2588 aetate

534 2604 759 2659 nutabili
791 2609 1076 2677 praepedita
1109 2621 1212 2675 est,
1246 2629 1343 2669 nec
1373 2629 1619 2675 revocata
1644 2624 1817 2675 carnis
1838 2624 2118 2693 illecebra,

533 2709 635 2753 nec
662 2712 823 2754 sexus
872 2700 1156 2772 fragilitate
1200 2704 1474 2763 deterrita.
1522 2713 1625 2767 Sed
1672 2716 1814 2771 inter
1859 2718 2123 2787 puellares

532 2802 726 2857 annos,
752 2791 893 2849 inter
914 2796 1094 2850 monii
1112 2797 1505 2871 blandimenta,
1547 2806 1686 2861 inter
1709 2810 1965 2878 supplicia
1998 2826 2120 2884 per-

534 2890 870 2952 sequentum,
897 2888 1247 2957 multiplicem
1269 2892 1545 2950 victoriam
1569 2900 1717 2968 virgo
1739 2911 1881 2955 easta
1904 2912 1958 2958 et
1978 2917 2121 2958 mar-

528 2978 620 3041 tyr
645 2976 910 3043 explevit,
944 2988 1000 3035 et
1044 2981 1109 3035 ad
1156 2985 1417 3051 potiorem
1465 2990 1787 3062 triumphum
1828 3009 2011 3050 secum
2053 2997 2119 3052 ad

532 3076 694 3135 regna
726 3068 986 3137 coelestia,
1019 3074 1105 3127 cui
1134 3073 1305 3131 fuerat
1333 3090 1513 3150 nupta,
1550 3084 1815 3151 perduxit.
1850 3087 1971 3153 Per,
2009 3098 2114 3146 etc.

2229 1880 2463 1950 poralem
2489 1882 2683 1949 vir-um,
2698 1880 2785 1935 cui
2804 1881 3021 1936 mortali
3045 1881 3215 1937 fuerat
3228 1897 3373 1936 more
3387 1885 3678 1947 nectenda,
3694 1900 3812 1939 mar-

2224 1973 2349 2044 tyrii
2368 1974 2567 2028 foedere
2586 1989 2770 2031 serum
2782 1977 2934 2045 virgo
2948 1984 3095 2030 casta
3120 1977 3241 2031 fecit
3264 1987 3546 2033 aeternum.
3572 1977 3701 2043 Per,
3722 1990 3807 2035 etc.

2299 2065 2360 2118 ν.
2400 2062 2530 2119 Item
2568 2065 2689 2119 alia.
2737 2092 2805 2107 α·-
2877 2076 2905 2114 8
2950 2066 3303 2135 Qua-sumus,
3357 2070 3613 2125 virtutum
3667 2073 3811 2126 crete-

2222 2158 2388 2213 stium
2420 2159 2581 2224 Deus,
2614 2168 2674 2214 ut
2717 2157 2978 2214 sacrificia
3022 2175 3117 2230 pro
3164 2169 3363 2217 sancta)
3405 2161 3642 2218 Caeciliae
3685 2164 3810 2218 sole-

2224 2251 2448 2307 mnitate
2470 2253 2647 2307 delata
2672 2296 2687 2321 ,
2733 2254 3125 2310 desideriomm
3158 2268 3263 2311 nos
3302 2260 3682 2327 temnoraiinm
3726 2262 3807 2313 do-

2226 2354 2381 2400 ceant
2410 2344 2611 2400 habere
2639 2354 3040 2415 contemptum,
3088 2357 3141 2403 et
3184 2348 3390 2404 ambire
3438 2349 3579 2404 dona
3629 2351 3808 2406 faciant

2224 2439 2526 2494 ctelestium
2555 2440 2890 2510 gaudiorum.
2918 2440 3040 2504 Per,
3067 2449 3173 2496 etc.

2298 2532 2436 2587 Vere
2460 2532 2700 2603 dignum.
2732 2532 2866 2599 Quia
2892 2532 3209 2588 vicissitudo
3237 2533 3394 2589 nobis
3414 2544 3498 2589 est
3524 2536 3690 2592 hodie
3708 2535 3806 2590 col-

2226 2624 2331 2679 lata
2359 2625 2641 2693 mirabilis,
2673 2640 2795 2680 cum
2812 2625 2908 2681 ille
2930 2634 3116 2681 noster
3134 2625 3409 2691 inimicus,
3435 2627 3529 2697 qui
3552 2627 3804 2683 hominem

2226 2719 2461 2788 paradisi
2491 2719 2745 2775 felicitate
2771 2720 3142 2789 conspicuum,
3170 2729 3227 2773 et
3257 2720 3420 2775 totius
3454 2724 3646 2777 mortis
3673 2722 3805 2792 igna-

2225 2828 2367 2879 rum,
2401 2812 2526 2866 dum
2554 2813 2767 2882 propria
2796 2813 3102 2883 integritate
3133 2812 3346 2867 iidendo
3368 2814 3617 2883 praesidia
3638 2815 3797 2869 divina

2227 2919 2333 2959 non
2364 2913 2650 2974 quaereret,
2684 2906 2897 2976 viperea
2925 2904 3215 2960 calliditate
3244 2907 3531 2977 subvertit,
3563 2923 3699 2963 nunc
3727 2908 3799 2962 in-

2226 3006 2307 3053 ter
2330 2998 2487 3068 hujus
2517 2998 2697 3053 mundi
2729 2998 2991 3068 miserias,
3021 3008 3075 3053 et
3105 3000 3156 3053 in
3182 3000 3371 3055 exsilio
3392 3000 3660 3055 damnatre
3685 3016 3797 3054 con-

2231 3089 2448 3145 ditionis
2496 3090 2784 3157 humanaz,
2825 3104 2853 3145 a
2903 3092 3116 3145 mortali
3162 3090 3489 3162 fragilitate,
3536 3094 3625 3148 sed
3668 3094 3716 3147 in
3756 3100 3799 3145 te

600 3157 684 3213 lIl.
716 3159 845 3214 Item
895 3165 1020 3218 alia.
1047 3194 1119 3207 --
1146 3166 1332 3235 Fiant,
1374 3170 1626 3242 Domine,
1676 3186 1765 3231 tuo
1804 3188 1953 3249 grata
1991 3196 2122 3238 con-
2148 3176 2196 3242 C
2228 3181 2445 3250 fidente,
2480 3185 2854 3252 prosternitur.
2889 3184 3102 3241 Etcum
3131 3185 3303 3255 prima
3332 3185 3528 3241 mulier
3560 3185 3671 3239 viro
3712 3199 3803 3237 suo

532 3252 738 3317 speetui
767 3268 987 3308 munera
1016 3258 1363 3327 supplicantis
1402 3263 1688 3334 Ecclesite,
1726 3279 1781 3325 et
1818 3280 1878 3326 ut
1919 3280 2120 3331 nostrae

534 3340 693 3395 saluti
718 3344 1025 3412 proﬁciant,
1054 3347 1195 3404 adsit
1237 3352 1549 3411 intercessio
1594 3359 1743 3415 beata
1790 3375 2116 3425 sanctorum.

534 3428 656 3495 Pcr,
690 3442 793 3488 etc.

611 3524 744 3580 Vere
773 3526 1010 3596 dignum.
1037 3531 1159 3601 Qui,
1190 3543 1245 3588 ut
1264 3535 1331 3592 de
1354 3537 1506 3597 hoste
1530 3547 1744 3613 generis
1770 3549 1984 3606 humani
2007 3564 2119 3606 ma-

529 3618 615 3687 jor
643 3634 833 3691 pompa
864 3624 1167 3696 duceretur,
1206 3647 1308 3687 non
1332 3636 1502 3691 solum
1530 3653 1625 3709 per
1644 3640 1912 3699 Christum
1938 3646 2117 3702 Domi-

533 3729 660 3769 num
686 3725 924 3773 nostrum
947 3721 1261 3781 diabolicam
1289 3727 1596 3789 destruxisti
1632 3741 1987 3807 tyrannidem,
2020 3756 2119 3798 nec

527 3812 734 3863 tantum
755 3824 849 3879 pro
868 3812 1214 3875 subversione
1239 3825 1569 3894 protoplasti,
1592 3843 1686 3897 per
1702 3831 1907 3887 virilem
1930 3846 2115 3889 sexum

528 3908 822 3971 martyrum
877 3904 1149 3963 beatorum
1196 3915 1437 3969 meritam
1488 3917 1765 3989 deceptori
1814 3924 2116 3994 reciprocas

528 3989 806 4059 ultionem,
835 3997 925 4051 sed
953 4000 1111 4054 etiam
1162 4004 1213 4055 in
1261 4004 1385 4059 Eva:
1426 4011 1617 4064 matris
1662 4013 1933 4069 inimicum
1959 4058 1974 4084 ,
2022 4033 2117 4088 per

526 4082 808 4141 femineam
833 4091 1220 4160 conditionem,
1251 4106 1534 4170 retorques
1557 4102 1679 4171 jure
1709 4082 2025 4181 vindictam;
2058 4120 2118 4167 ut

523 4175 616 4246 qui
643 4178 783 4236 male
809 4180 860 4236 in
898 4196 990 4237 sua
1042 4188 1271 4254 paradisi
1317 4190 1572 4251 felicitate
1625 4196 1872 4256 fidentem
1925 4176 2114 4259 sexum

525 4279 807 4343 utrumque
851 4288 1241 4346 prostraverat,
1287 4300 1426 4341 nunc
1472 4288 1537 4342 ab
1582 4299 1805 4362 utroque
1838 4310 1931 4365 per
1968 4306 2113 4352 tuam

522 4365 746 4435 gratiam
795 4369 1111 4425 calcaretur.
1163 4372 1312 4440 Quod
1360 4389 1543 4433 sancta
1590 4380 1800 4438 Caecilia
1854 4386 2110 4444 hodierna

524 4453 859 4515 confessione
908 4463 1200 4519 testificans
1248 4469 1353 4538 (Al.
1401 4473 1749 4545 perliciens),
1796 4494 1861 4533 ne
1901 4480 1968 4535 de
2007 4483 2113 4538 fide

524 4553 705 4600 tamen
737 4552 988 4605 connubii
1017 4557 1281 4620 promissa
1311 4559 1631 4631 discederet,
1656 4581 1775 4621 eum
1803 4584 1957 4637 quem
1988 4588 2115 4628 con-
2142 4562 2195 4623 D

521 4636 700 4706 jugetn
763 4638 932 4696 fuerat
962 4643 1205 4705 habitura
1236 4648 1341 4720 (Al.
1390 4667 1547 4721 quem
1593 4656 1762 4712 fuerat
1803 4672 2110 4732 susceptura

523 4727 820 4802 coniugio),
853 4731 978 4792 fecit
1003 4737 1258 4805 comitem
1288 4741 1573 4812 passionis.
1610 4747 1727 4815 i‘er,
1757 4761 1859 4807 etc.

594 4821 682 4875 IV.
715 4822 847 4877 Item
883 4827 1006 4881 alia.
1044 4859 1111 4869 --
1143 4828 1169 4867 ά
1212 4833 1281 4889 Da
1310 4877 1323 4900 ,
1376 4854 1679 4907 quaesumus
1706 4885 1720 4910 ,
1770 4848 2109 4920 omnipotens

521 4912 702 4982 Deus,
748 4924 805 4971 ut
850 4917 1001 4990 14],
1043 4933 1239 4979 sancta:
1287 4928 1511 4985 Czccilizc
1558 4940 1807 5008 martyris
1848 4912 2103 5002 et-annua

545 5057 620 5137 ,Λα
637 5046 918 5137 Invenitur
948 5056 997 5137 i_n
1031 5058 1270 5137 Sacram.
1302 5064 1497 5121 Gelasii
1536 5072 1625 5125 lib.
1669 5089 1722 5135 ιι,
1761 5093 1812 5129 n.
1846 5082 1933 5134 (Η.
1965 5083 2099 5137 Dra-

516 5121 683 5210 tionis
708 5121 864 5210 hujus
891 5128 1208 5210 principium
1240 5142 1489 5193 convenit
1517 5121 1634 5195 cum
1668 5121 1816 5201 init-iii

561 5205 637 5273 om
670 5193 861 5280 legitur
890 5193 942 5280 in
976 5193 1132 5280 codd.
1160 5204 1385 5280 Gregor.
1411 5220 1477 5280 et
1520 5193 2100 5280 manilii;

557 5266 782 5350 ign-stall
807 5266 863 5321 S.
890 5266 1132 5350 Agnetis,
1159 5285 1212 5330 et
1234 5266 1377 5331 alibi.
1407 5279 1550 5335 Finis
1576 5266 2097 5350 voidi‘i’ii'e'rsiiéiéii

644 5334 819 5420 plain
850 5331 1007 5420 codd.
1040 5331 1199 5420 Greg.
1232 5362 1294 5401 ac
1322 5351 1372 5402 in
1404 5331 2101 5420 liissali‘l‘loiii2'die'g

728 5406 823 5464 SS.
875 5405 1175 5489 Alexandri
1204 5426 1257 5471 et
1305 5405 1867 5489 Sociorum',ctua-libi.

592 5486 615 5515 ο
639 5476 787 5563 lianc
819 5476 1579 5567 praefert}!issalepotliieum
1600 5476 1925 5567 'aiiiii'Ea'iu.
1954 5507 2100 5563 Tho-

515 5551 744 5615 masium
773 5551 823 5604 iu
855 5553 1006 5609 Missa
1037 5557 1092 5609 S.
1122 5556 1372 5615 Czccilias.

588 5612 617 5659 θ
647 5618 702 5706 In
730 5622 890 5706 natali
916 5626 1196 5706 S._I_’risc:e
1222 5612 1677 5706 diel8danuarii
1722 5641 1859 5700 hanc
1899 5650 2101 5706 oralio-

518 5688 869 5770 nemnhabent
895 5696 1047 5750 codd.
1081 5699 1303 5770 Gregor.
1337 5714 1391 5758 ei.
1418 5688 1630 5765 iussn;
1648 5688 1788 5768 ἰίόὶἦ

596 5765 619 5795 ⁸
641 5757 822 5816 Codex
854 5772 1105 5825 mendose
1132 5757 1391 5843 perpetua.

2222 3278 2332 3332 dux
2358 3278 2521 3333 fuisse
2553 3278 2817 3334 referatur
2839 3278 2906 3333 ad
2937 3278 3171 3347 lapsum,
3199 3293 3340 3335 nunc
3362 3277 3622 3335 confessio
3656 3277 3800 3346 puel—

2222 3370 2373 3431 laris.
2404 3371 2575 3426 virum
2604 3371 2932 3440 praecedens,
2964 3370 3111 3426 ducit
3136 3371 3203 3427 ad
3231 3373 3523 3441 praemium.
3553 3370 3662 3435 Per,
3688 3377 3786 3422 etc.

2296 3460 2322 3496 h
2353 3460 2557 3515 Exaudi
2590 3477 2707 3524 nos,
2736 3464 2878 3520 Deus
2918 3463 3171 3522 salutaris
3211 3471 3421 3525 noster.
3464 3472 3519 3517 ut
3554 3461 3681 3515 sicut
3720 3458 3790 3514 de

2222 3561 2424 3609 sancta
2451 3553 2679 3609 Caeciliae
2705 3554 2995 3612 festivitate
3032 3556 3358 3627 gaudemus,
3398 3557 3464 3611 ita
3501 3556 3595 3624 piae
3630 3552 3796 3608 devo-

2220 3644 2384 3699 tionis
2414 3647 2721 3703 erudiamur
2743 3647 2956 3704 affectu.
2988 3648 3109 3716 Per,
3141 3658 3245 3707 etc.

2293 3736 2537 3806 ReSpiee,
2568 3739 2819 3804 Domine,
2860 3754 3164 3809 quaesumus
3189 3782 3205 3808 ,
3249 3740 3465 3810 plebem
3516 3750 3651 3796 tuam
3682 3782 3695 3804 ,
3739 3738 3803 3793 de

2221 3838 2423 3885 saneta;
2452 3830 2679 3885 Caecilice
2712 3835 2961 3903 martyris
2989 3834 3375 3903 glorificatione
3415 3835 3765 3905 gratulantum
3792 3872 3804 3895 ,

2221 3930 2276 3977 et
2304 3921 2693 3993 beneplacitum
2724 3926 2837 3979 fieri
2870 3925 3046 3981 tribue
3076 3936 3403 3983 sacratarnm
3432 3928 3529 3982 tibi
3550 3929 3804 3982 mentium

2216 4012 2553 4081 famulatum,
2587 4025 2642 4071 ut
2673 4017 2839 4086 quiin
2883 4019 3086 4073 sanctis
3130 4020 3233 4074 tuis
3279 4028 3333 4075 te
3382 4018 3653 4075 honorare
3703 4034 3809 4073 non

2221 4106 2506 4173 desinunt,
2551 4119 2802 4179 perpetua
2833 4110 3096 4167 donorum
3131 4121 3338 4167 tuorum
3385 4112 3630 4183 !argitate
3666 4112 3815 4195 142

2222 4199 2507 4270 potiantur,
2540 4209 2588 4256 et
2621 4202 2763 4273 quod
2791 4204 3074 4261 visibiliter
3102 4215 3495 4277 exsequuntur.
3530 4203 3812 4267 invisibili-

2224 4299 2304 4347 ter
2329 4293 2752 4363 appreliendant.
2790 4296 2915 4363 Per,
2950 4308 3056 4354 etc.

2893 4434 3153 4492 XXXVII.

2679 4560 2733 4597 IK
2774 4561 3046 4602 KALENDAS
3085 4563 3393 4604 DECEMBRIS.

2386 4654 2577 4709 Natale
2615 4667 2906 4712 sanctorum
2946 4660 3214 4717 Clementis
3250 4672 3295 4716 et
3334 4662 3656 4724 Felicitatis.

2293 4768 2430 4824 1.-
2466 4770 2479 4806 ί
2514 4770 2866 4845 Omnipotens
2895 4776 3222 4846 sempiterno
3251 4777 3395 4835 Deus
3418 4824 3431 4847 ,
3477 4784 3577 4850 qui
3620 4786 3676 4840 in
3715 4799 3827 4842 om-

2220 4862 2365 4917 nium
2394 4873 2697 4920 sanctorum
2727 4877 2936 4924 tuorum
2957 4884 3017 4925 es
3045 4871 3237 4927 virtute
3257 4875 3543 4940 mirabilis,
3571 4879 3645 4933 da
3670 4882 3824 4935 nobis

2222 4952 2273 5007 in
2303 4954 2442 5009 beati
2466 4955 2753 5013 Clementis
2783 4974 2959 5014 annua
2981 4961 3319 5020 solemnitate
3349 4966 3549 5035 liciari,
3585 4974 3680 5043 qui
3712 4972 3828 5027 Filii

2292 5090 2679 5184 nilli‘trat‘orius
2724 5112 2790 5152 ex
2838 5102 3048 5184 postilla
3091 5102 3403 5184 Blanclii‘nii-
3430 5112 3825 5184 corrigendum

2210 5161 2441 5216 credidit
2476 5168 2769 5246 utriusque;
2806 5161 2899 5246 sed
2932 5176 3278 5246 posteriorem
3307 5161 3472 5246 ipsius

2210 5237 2647 5314 retractationem
2697 5254 2801 5293 non
2846 5237 3167 5314 observavit.
3210 5237 3393 5302 Lectio
3435 5237 3825 5314 codiciswcu'm

2210 5303 2381 5384 verbo
2404 5308 2746 5384 triumphatur
2773 5313 2904 5367 satis
2932 5316 3097 5384 probe
3128 5316 3380 5373 colirrret.

2284 5383 2307 5417 ts
2343 5375 2435 5455 list
2464 5375 2600 5445 apud
2622 5379 2812 5456 _G_elas.
2846 5375 2948 5438 lib:
2967 5401 3023 5455 ιι,
3058 5403 3112 5441 υ.
3149 5387 3236 5453 64,
3266 5390 3396 5444 etin
3437 5392 3660 5453 Missali
3697 5402 3827 5456 Am-

2210 5442 2465 5515 brosiano
2496 5442 2635 5515 apud
2664 5453 2983 5511 Pamelium.

2283 5510 2491 5603 {apud
2509 5510 2691 5603 fictas.
2726 5526 2941 5599 ibidem,
2973 5510 3028 5583 et
3052 5530 3103 5585 in
3136 5531 3332 5588 Missali
3364 5534 3527 5591 Rom.
3577 5540 3636 5598 in
3680 5558 3831 5600 com-

2212 5600 2367 5661 munt
2390 5600 2674 5661 virginum.

2288 5656 2661 5751 insistunt"
2694 5666 2999 5751 εοδιρςοε.
3035 5672 3303 5748 Memrdi.
3342 5685 3397 5734 ει
3432 5682 3589 5751 apud
3628 5684 3831 5745 Pam-

2212 5728 2364 5799 lium,
2396 5738 2523 5788 tum.
2554 5733 2618 5801 ιι,
2650 5751 2768 5808 pag.
2800 5728 2976 5795 554."
3349 5728 3396 5734 "
3433 5728 3589 5751 “’““
3630 5728 3767 5761 ’θ’θ’
