4018 6314
219 324 314 383 ιιι

1041 328 1237 384 LIBER
1277 325 1887 387 SACRAMENTORUM
1929 326 2285 383 ECCLESl/E
2328 326 2652 384 ΒΟΜΑΝᾹΞ.

3388 330 3492 388 με

218 442 293 496 tui
322 450 525 512 martyr
554 449 610 500 et
637 444 899 513 pontifex,
922 444 1063 514 quod
1094 445 1390 500 ministerio
1416 446 1610 516 gessit,
1644 446 1793 499 testi-
1821 458 1875 527 Δ
1904 445 2142 499 lissimus
2166 442 2411 497 alumnus
2441 450 2709 515 acceptus,
2733 439 2985 498 sacerdos
3011 440 3489 514 refulsitegregius

216 535 396 588 monio
424 537 807 606 comprobavit,
843 547 897 593 et
931 538 1070 608 quod
1103 538 1411 608 przedicavit
1449 554 1577 606 ore,
1618 539 1798 593 [irrua-

212 628 291 683 vit
313 630 579 699 exemplo.
609 630 733 695 Per,
767 642 871 689 etc.

281 720 715 789 Propitiationem
748 732 915 794 tuam,
948 726 1186 792 Domine,
1223 733 1330 782 etc.
1361 734 1386 761 ι

282 812 309 851 δ
343 813 477 869 Vere
505 816 744 887 dignum.
776 818 961 875 Sancti
988 818 1280 877 Clementis
1312 817 1567 888 martyris
1600 818 1672 870 tui
1704 815 1803 871 Na-

208 904 379 965 talitia
423 908 787 977 celebrantes,
831 911 921 983 qui
966 912 1339 981 cognationem
1370 911 1583 981 reliquit
1610 919 1663 965 et
1704 925 1797 978 pa-

208 999 388 1064 triam,
418 1009 470 1056 et
496 1011 617 1070 post
651 1004 876 1061 odorem
918 1005 991 1059 tui
1028 1004 1259 1061 nominis
1302 1014 1479 1061 terras
1524 1005 1797 1074 mariaque

206 1094 598 1159 transmittens,
632 1095 1011 1167 abnegansque
1040 1099 1411 1165 semetipsum,
1441 1110 1657 1152 crucem
1704 1110 1800 1164 pe-

204 1185 589 1253 regrinationis
604 1190 913 1258 assumpsit,
936 1198 991 1244 ut
1009 1200 1059 1244 te
1078 1204 1175 1259 per
1199 1190 1564 1258 apostolorum
1591 1197 1803 1241 tuorum

202 1276 430 1346 vestigia
461 1288 794 1349 sequeretur.
831 1279 927 1336 Cui
960 1288 1037 1347 tu,
1071 1281 1322 1347 Domine,
1350 1279 1645 1335 secundum
1674 1295 1802 1350 pro-

200 1365 518 1423 missionem
553 1369 672 1424 Filii
713 1371 824 1436 ttti,
872 1381 978 1425 tam
1020 1372 1073 1425 in
1116 1372 1368 1441 prmsenti
1409 1372 1603 1427 saeculo
1644 1386 1800 1441 quam

199 1470 388 1529 ruturo
417 1501 434 1526 ,
480 1462 719 1533 centupli
762 1463 999 1519 muneris
1041 1464 1260 1533 praemia
1304 1465 1616 1535 repensasti.
1667 1462 1799 1518 Nam

198 1548 505 1607 beatissimi
525 1552 668 1611 Petri
688 1569 806 1609 mox
833 1555 1023 1610 tradito
1039 1555 1355 1626 disciplinis,
1378 1565 1643 1626 parentes,
1664 1570 1797 1627 quos

199 1641 259 1696 in
294 1645 524 1715 genitali
556 1648 672 1703 solo
702 1647 1025 1717 perdiderat,
1050 1648 1101 1703 in
1123 1657 1338 1705 externa
1359 1649 1575 1720 regione
1597 1660 1617 1685 ο
1642 1649 1797 1704 resti-

202 1735 339 1801 tuis;
358 1752 489 1806 quos
505 1748 725 1793 terrenae
742 1742 1098 1809 generationis
1114 1742 1383 1809 amiserat,
1403 1742 1600 1799 divina:
1614 1743 1796 1799 reddis

1904 548 1958 592 et
1988 546 2191 607 martyr
2233 536 2471 606 insignis.
2507 537 2625 597 Per,
2660 547 2762 591 etc.

1976 630 2061 685 IV.
2092 627 2222 683 Item
2253 630 2375 683 alia.
2407 658 2476 669 ---
2498 630 2711 698 Accipe,
2750 646 3079 701 qttzcsumtts,
3110 631 3360 697 Domine,
3393 634 3493 687 ho.

1903 722 2055 787 stias,
2086 731 2171 779 tua
2213 721 2366 775 nobis
2398 720 2705 793 dignatione
2749 723 2995 789 collatas,
3023 725 3277 793 quoniam
3332 735 3384 779 et
3439 736 3492 781 te

1903 823 2123 875 creante
2148 814 2467 883 procedunt,
2498 822 2553 871 et
2592 824 2644 869 tu
2691 830 2875 869 causas
2910 816 3157 871 humanm
3206 817 3394 871 salutis
3437 829 3492 871 et

1903 904 2104 976 gloriae,
2139 904 2334 975 quibus
2376 904 2465 959 tibi
2497 913 2661 975 graue
2706 916 2845 971 sunt,
2880 908 3185 962 condidisti.
3224 909 3346 973 Per,
3379 922 3485 964 etc.

1974 995 2115 1050 Vere
2151 996 2392 1067 dignum.
2440 995 2591 1051 Beati
2623 996 2775 1051 nobis
2825 999 2964 1051 enim
3000 1000 3290 1055 Clementis
3329 1000 3487 1054 hodie

1908 1090 2171 1155 praeconia
2218 1090 2505 1157 repetenda
2554 1098 2700 1144 sunt.
2751 1088 2849 1157 Qui
2907 1090 3085 1144 divina
3140 1094 3487 1161 inspiratione

1906 1178 2209 1237 ﬂammatus
2240 1182 2455 1252 reliquit
2493 1182 2739 1257 patriam,
2793 1182 2842 1235 in
2901 1182 3003 1234 tuis
3051 1183 3486 1251 praedicatoribus

1914 1270 1931 1308 ί
1966 1276 2261 1345 sequendo,
2309 1285 2363 1333 et
2401 1276 2627 1342 amissos
2667 1286 2916 1345 parentes
2947 1276 3135 1330 alienis
3184 1278 3385 1332 invenit
3434 1279 3488 1334 in

1909 1371 2084 1427 terris.
2118 1372 2175 1427 in
2197 1372 2393 1433 exteris
2421 1371 2724 1441 regionibus
2766 1370 3007 1437 humilis,
3046 1369 3245 1425 Christi
3278 1381 3487 1425 secutus

1904 1470 1985 1519 est
2021 1463 2265 1532 gloriam,
2309 1473 2363 1519 et
2412 1478 2673 1517 summam
2717 1462 2919 1532 recepit
2974 1464 3206 1518 civitatis
3261 1465 3491 1535 propria

1902 1552 2233 1622 dignitatem.
2282 1553 2605 1609 Praesentem
2652 1554 2810 1608 vitam
2844 1555 3057 1609 Christo
3086 1557 3407 1625 postposuit,
3437 1564 3492 1612 et

1901 1647 2095 1711 meruit
2119 1647 2443 1719 triumphum
2476 1646 2816 1705 beatitudinis
2838 1651 3201 1717 sempiternre.
3227 1650 3351 1715 Per,
3375 1659 3484 1705 etc.

1970 1738 2193 1806 Praesta,
2220 1754 2547 1809 quzesumus,
2582 1742 2916 1810 omnipotens
2949 1742 3087 1797 Deus
3112 1786 3125 1809 ,
3176 1753 3233 1798 ut
3262 1758 3356 1813 pro
3387 1747 3485 1799 ho-

194 1835 410 1880 naturae
458 1830 762 1899 participes.
814 1830 1017 1887 Deinde
1062 1832 1301 1903 magistri
1342 1834 1425 1890 sui
1449 1832 1475 1870 ἀ
1507 1834 1788 1903 vicarium,
1820 1842 1870 1919 Β
1898 1846 2029 1887 nore
2062 1834 2293 1887 nominis
2332 1834 2428 1898 tui,
2456 1851 2682 1905 quorum
2714 1835 3049 1891 celebramus
3072 1836 3319 1909 insignia,
3347 1854 3478 1893 con-

193 1932 303 1989 per
328 1918 572 1976 ordinem
604 1922 960 1992 subrogando,
997 1923 1248 1981 Romanze
1281 1924 1457 1994 Urbis,
1487 1928 1641 1999 cujus
1667 1946 1792 2000 pro-

194 2018 317 2081 pter
351 2020 403 2066 te
427 2010 746 2083 despexerat
770 2013 1105 2086 dignitatem,
1136 2024 1318 2075 tenere
1342 2020 1623 2077 constituis
1645 2020 1793 2092 prin-

194 2101 468 2171 cipatum,
502 2118 706 2176 proque
752 2105 1054 2165 transitoria
1095 2108 1369 2177 claritate,
1415 2111 1620 2169 coelesti
1662 2112 1793 2169 facis

195 2190 408 2248 honore
436 2182 804 2269 conSpiCuum.
840 2194 1119 2254 Postremo
1150 2200 1389 2272 martyrii
1417 2201 1585 2273 gloria
1624 2204 1793 2260 subli-

196 2294 403 2343 matum
431 2332 445 2357 ,
492 2304 591 2359 pro
636 2290 1016 2361 temporalibus
1061 2292 1228 2363 gestis
1256 2302 1512 2361 aeternam
1544 2298 1793 2377 provehis

200 2377 262 2432 ad
288 2393 575 2435 coronam.
608 2381 733 2448 Per,
764 2394 868 2440 etc.

264 2472 327 2528 ll.
366 2472 501 2527 Item
531 2476 659 2531 alia.
690 2506 761 2516 —
786 2478 1093 2539 Ascendant
1117 2479 1182 2533 ad
1218 2488 1289 2546 te,
1322 2478 1565 2551 Domine,
1603 2500 1791 2555 preces

204 2577 419 2636 nostrae,
449 2577 505 2625 et
532 2580 741 2627 tuorum
772 2582 892 2637 vota
934 2574 1175 2637 fidelium.
1216 2592 1437 2641 munera
1481 2580 1793 2649 suppliciter

204 2662 377 2717 oblata
410 2663 723 2732 concilient,
756 2666 898 2737 quod
932 2667 1141 2723 etiamsi
1172 2671 1373 2725 nostris
1400 2670 1651 2742 operibus
1683 2686 1790 2727 non

211 2768 498 2823 meremur,
528 2773 873 2828 quaisumus,
914 2770 1222 2818 sanctorum
1264 2779 1362 2822 nos
1407 2766 1792 2824 intercessione

214 2861 528 2907 mereamur.
561 2852 683 2921 Per,
714 2863 818 2909 etc.

281 2944 416 3001 Vere
442 2946 681 3017 dignum.
713 2948 901 3005 Merito
930 2950 1128 3009 etenim
1148 2995 1162 3018 ,
1201 2954 1424 3027 Domine
1446 2994 1461 3019 ,
1500 2953 1566 3011 de
1603 2953 1790 3015 trium-

228 3035 327 3111 phis
350 3045 564 3096 tuorum
597 3050 890 3111 martyrum
918 3044 1209 3115 gloriamur
1232 3087 1248 3113 ,
1290 3046 1412 3115 quia
1455 3046 1507 3103 in
1553 3047 1793 3105 victoriis

238 3142 397 3186 eorum
431 3141 516 3187 tua
562 3134 825 3188 mirabilia
877 3135 1237 3205 confitemur,
1284 3137 1456 3194 sancti
1502 3138 1793 3194 Clementis

1897 1926 2060 1983 tinnis
2081 1927 2239 1987 etiam
2268 1928 2515 1998 precibus
2544 1929 2839 1985 foveamur.
2866 1928 2989 1995 Per,
3020 1941 3124 1985 etc.

2289 2018 2355 2072 In
2382 2018 2565 2085 Natali
2594 2034 2786 2075 sane/te
2814 2016 3120 2075 Felicitatis.

1967 2109 2009 2177 ι.
2043 2139 2112 2151 --
2137 2109 2437 2168 Misericors
2486 2123 2539 2169 et
2568 2113 2909 2184 omnipotens
2954 2113 3114 2179 Deus,
3161 2115 3246 2185 qui
3281 2130 3378 2169 nos
3452 2131 3483 2171 e

1897 2200 2096 2260 virtute
2129 2203 2179 2259 in
2205 2204 2454 2261 virtutem
2486 2205 2667 2269 debita
2697 2207 3039 2262 veneratione
3067 2209 3172 2277 (At.
3200 2205 3481 2276 servitute)

1898 2306 2207 2365 currentes,
2243 2306 2453 2352 tuorum
2484 2296 2613 2363 facis
2645 2296 2891 2368 precibus
2921 2297 3075 2371 144
3097 2300 3329 2369 gaudere
3359 2316 3483 2355 san-

1898 2395 2125 2457 ctorum,
2157 2398 2348 2459 praesta
2398 2398 2455 2444 ut
2502 2405 2728 2461 quorum
2768 2390 3199 2447 solemnitatibus
3230 2394 3477 2449 consola-

1898 2494 2038 2549 mur,
2069 2482 2402 2536 orationibus
2431 2466 2777 2555 adjuvantur.
2810 2481 2931 2549 Pcr,
2964 2494 3068 2539 etc.

1970 2582 1995 2619 ε
2027 2571 2245 2629 Intende
2274 2590 2517 2635 munera.
2566 2576 2810 2642 Domine,
2854 2592 3179 2653 quaesumus,
3224 2580 3482 2636 altaribus

1898 2665 2000 2721 tuis
2042 2678 2137 2735 pro
2168 2674 2368 2721 sanctae
2406 2665 2697 2721 Felicitatis
2744 2669 2993 2738 martyris
3026 2678 3129 2723 tua:
3157 2684 3485 2725 commemo-

1896 2758 2102 2815 ratione
2131 2761 2423 2837 proposita,
2460 2770 2515 2814 ut
2553 2759 2689 2815 sicut
2738 2777 2833 2833 per
2882 2762 2995 2817 haec
3042 2763 3192 2818 beata
3227 2766 3482 2836 mysteria

1896 2847 1973 2903 illi
2001 2851 2225 2927 gloriam
2257 2852 2553 2923 contulisti,
2588 2853 2742 2908 nobis
2796 2854 3173 2923 indulgentiam
3222 2858 3479 2928 largiaris.

1894 2944 2017 3011 Per,
2046 2955 2151 3001 etc.

1971 3038 2110 3094 Vere
2132 3041 2371 3110 dignum.
2396 3039 2450 3094 lu
2477 3042 2830 3097 exsultatione
2851 3043 3156 3097 festivitatis
3182 3045 3481 3113 hodiernm,

1900 3143 2004 3202 qua
2032 3130 2187 3185 beata
2218 3131 2453 3201 genitrix
2485 3141 2752 3186 sacratum
2784 3134 2876 3189 tibi
2910 3149 3147 3205 gregem,
3177 3151 3339 3191 carne
3372 3152 3487 3205 pro-

242 3218 381 3278 hodie
406 3225 689 3281 sacerdotis
727 3225 882 3299 143
905 3235 959 3281 et
982 3229 1232 3299 martyris
1256 3228 1332 3283 tui
1360 3228 1647 3284 festivitate
1668 3244 1797 3300 gau-
1822 3218 1868 3289 C
1902 3228 2163 3288 creatum,
2193 3237 2285 3295 per
2310 3231 2451 3277 tuam
2473 3228 2699 3293 gratiam
2724 3234 2894 3281 morte
2924 3226 3167 3295 perfecit.
3196 3228 3333 3283 Ecce
3362 3244 3485 3284 vere

239 3312 434 3383 dentes;
462 3334 613 3389 quem
641 3320 781 3376 beati
818 3320 1049 3389 apostoli
1072 3320 1214 3377 Petri
1235 3321 1623 3377 eruditionibus
1646 3322 1801 3379 insti-

232 3414 403 3478 tutum,
434 3420 485 3467 et
512 3411 564 3467 in
594 3412 964 3482 pontificatum
994 3413 1303 3483 apostolicae
1332 3414 1475 3469 sedis
1510 3422 1753 3471 evectum
1778 3456 1794 3482 ,

227 3509 363 3572 atque
388 3505 442 3560 in
468 3506 708 3578 martyrii
737 3506 915 3578 inclyti
950 3516 971 3544 ⁶
1004 3507 1108 3563 fine
1134 3506 1302 3579 gloria
1333 3516 1671 3579 coronatum,
1704 3508 1798 3569 ha-

226 3592 392 3652 bitatio
416 3598 653 3655 caelestis
686 3599 915 3669 excepit.
948 3599 1069 3666 Per,
1100 3609 1204 3659 etc.

281 3690 360 3748 lli.
390 3690 529 3751 Item
545 3696 673 3749 alia.
688 3694 917 3751 —Beati
938 3693 1229 3752 Clementis
1251 3694 1549 3755 sacerdotis
1573 3704 1631 3753 et
1653 3711 1797 3759 mar-

226 3785 340 3852 tyris
391 3786 467 3840 tui
502 3787 739 3847 nataiitia
784 3787 1123 3853 veneranda,
1169 3788 1416 3856 Domine,
1462 3803 1791 3860 quaesumus,

222 3874 447 3934 Ecclesia
503 3889 591 3936 tua
616 3880 806 3937 devota
837 3882 1115 3953 suscipiat,
1143 3892 1195 3938 et
1227 3882 1315 3937 fiat
1356 3897 1561 3955 magnae
1595 3883 1795 3955 glorifi-

220 3971 431 4026 cationis
459 3986 647 4037 arnore
678 3973 940 4029 devotior.
975 3974 1096 4039 Per,
1120 3982 1224 4030 etc.

279 4064 598 4127 intercessio
641 4068 809 4123 sancti
846 4068 1135 4123 Clementis
1164 4066 1458 4125 sacerdOtis
1495 4074 1552 4122 et
1591 4076 1791 4141 marty-

223 4159 306 4224 ris,
347 4162 733 4219 misericordia:
763 4172 891 4229 tuae,
914 4163 1159 4229 Domine,
1191 4177 1411 4217 munera
1454 4172 1633 4219 nostra
1664 4178 1793 4219 con-

219 4253 365 4323 ciliet,
402 4265 484 4321 ut,
508 4256 649 4326 quod
684 4256 869 4311 merita
914 4265 1097 4315 nostra
1138 4270 1242 4311 non
1282 4256 1790 4325 supplent,sanct0-

219 4360 320 4400 rum
350 4356 567 4402 tuorum
594 4347 973 4416 deprecatione
1004 4356 1277 4418 pensetur.
1309 4346 1435 4412 Per,
1464 4355 1569 4401 ctc.

282 4437 413 4495 Vere
441 4438 677 4509 dignum.
714 4439 978 4507 Quoniam
1026 4453 1121 4508 per
1154 4438 1327 4493 sancti
1354 4436 1586 4507 Spiritus
1633 4436 1793 4508 largi-

219 4537 367 4584 tatem
391 4532 586 4586 beatus
608 4531 695 4585 ille
720 4530 968 4585 Clemens
993 4529 1264 4586 hodierna:
1289 4529 1442 4584 nobis
1474 4529 1788 4584 exsultatio-

1905 3314 1958 3369 in
1990 3329 2115 3386 qua,
2148 3312 2286 3370 sicut
2315 3315 2569 3386 scriptum
2618 3327 2722 3383 est,
2773 3317 3049 3379 fabricavit
3083 3321 3183 3376 sibi
3224 3322 3483 3392 sapientia

1902 3408 2157 3477 domum,
2213 3419 2417 3481 septem
2465 3411 2725 3467 columnis
2775 3412 3109 3473 instructam.
3163 3416 3299 3472 Ecce
3344 3432 3481 3486 «iure,

1900 3504 2043 3575 quod
2072 3505 2287 3559 nomine
2315 3504 2631 3575 praelibavit,
2672 3506 2832 3561 rebus
2875 3507 3135 3575 implevit,
3176 3518 3229 3563 et
3258 3523 3364 3563 non
3400 3524 3487 3565 so-

1899 3598 2007 3654 lum
2054 3598 2395 3657 fecunditatis
2444 3603 2801 3671 prosperitate
2822 3602 3081 3674 gloriosa,
3114 3604 3206 3659 sed
3238 3618 3358 3659 cum
3391 3618 3485 3657 ea-

1899 3690 2018 3747 dem
2050 3693 2209 3748 etiam
2238 3693 2436 3748 mansit
2476 3703 2530 3750 et
2565 3693 2702 3751 inter
2732 3696 2957 3751 adversa
3002 3695 3275 3760 Felicitas,
3321 3710 3482 3765 quam

1898 3785 2071 3841 eidem
2123 3802 2221 3841 nec
2272 3802 2421 3843 mors
2468 3790 2679 3846 auferre
2720 3791 2912 3859 potuit,
2946 3789 3042 3847 sed
3081 3789 3255 3845 eﬂ'ecit
3303 3788 3484 3858 potius

1896 3878 2302 3948 sempiternam.
2332 3879 2455 3945 Per,
2488 3890 2592 3936 etc.
3494 3880 3503 3955 ξ

1966 3966 1991 4006 ιι
2016 3969 2285 4035 Libantes,
2339 3970 2584 4039 Domine,
2633 3988 2837 4033 mensa:
2868 3983 2971 4031 tua:
3020 3975 3170 4030 beata
3204 3960 3497 4047 mysteria,

1895 4078 2197 4131 quaesumus
2226 4072 2280 4117 ut
2308 4073 2602 4134 martyrum
2645 4068 3042 4122 interveutione
3074 4075 3380 4123 sanctorum
3425 4076 3482 4126 et

1896 4164 2212 4223 praesentem
2270 4154 2375 4219 (ΑΙ.
2430 4158 2803 4224 temporalem)
2857 4156 3011 4211 nobis
3054 4157 3479 4215 misericordiam

1896 4248 2170 4301 conferant
2192 4256 2243 4300 et
2271 4256 2543 4300 a-ternam.
2580 4247 2700 4313 Per,
2733 4256 2839 4301 etc.

1967 4340 2215 4409 Protegc,
2248 4339 2489 4404 Domine,
2517 4338 2725 4407 plebem
2760 4352 2923 4406 tuam,
2977 4348 3029 4393 et
3072 4355 3230 4409 quam
3283 4350 3483 4415 marty-

1897 4447 2012 4487 rum
2043 4440 2251 4486 tnorum
2280 4430 2494 4485 assidua
2525 4432 2713 4488 tribuis
2752 4431 3044 4488 festivitate
3078 4432 3349 4501 devotam,
3385 4437 3480 4493 tibi

1896 4538 2111 4594 semper
2156 4523 2406 4593 placitam
2451 4523 2565 4578 ﬁeri
2622 4524 2873 4595 precibus
2920 4524 3157 4581 concede
3187 4525 3477 4596 iustorum.

218 4624 290 4676 nis
315 4624 564 4679 allectum
594 4624 884 4695 magniﬁcm
916 4624 1183 4693 passionis
1209 4638 1377 4694 agone
1402 4624 1665 4689 sacravit;
1697 4621 1789 4695 qui
1816 4611 1870 4679 Ι)
1894 4618 2015 4690 Per,
2039 4626 2146 4673 etc.

220 4717 404 4770 mundo
448 4716 661 4782 nobilis,
702 4732 884 4773 amore
928 4716 1125 4775 Christi
1172 4716 1419 4784 nobilior,
1470 4718 1556 4788 pio
1604 4718 1787 4774 labore

217 4810 547 4878 enuspicuus,
585 4818 640 4865 et
678 4809 819 4864 inter
860 4818 1137 4878 parentum
1181 4808 1263 4863 vel
1307 4808 1651 4878 inquisitione
1703 4810 1784 4869 vel

220 4904 512 4971 receptione
540 4902 822 4969 mirabilis,
863 4902 1169 4971 apostolicae
1212 4900 1611 4970 praedicationis
1650 4902 1781 4959 fide-

281 5070 303 5131 !
336 5060 615 5127 Repetitur
638 5060 723 5116 hic
750 5061 918 5131 oratio
943 5061 1279 5131 prima,iquac
1310 5060 1504 5130 legitur
1533 5073 1693 5131 supra
1730 5062 1783 5116 in

218 5130 375 5194 prima
404 5132 560 5187 Missa
587 5132 690 5186 diei
720 5130 908 5186 natalis
935 5131 993 5186 S.
1025 5130 1269 5185 Cir-cilia}.

283 5199 305 5237 δ
340 5203 433 5257 Est
460 5202 510 5257 in
546 5203 741 5258 Missali
770 5203 997 5258 Gothico
1026 5200 1173 5255 card.
1210 5202 1478 5256 Thomasii
1509 5201 1595 5257 die
1622 5202 1787 5259 natali

218 5268 268 5346 S_.
297 5272 605 5328 Clementis.
641 5273 764 5328 Haec
791 5284 1056 5346 porro,_et
1088 5271 1242 5346 tertia
1270 5284 1558 5346 aequam
1598 5273 1791 5346 przefa-

221 5341 382 5415 tiones
411 5354 637 5415 sumpta:
672 5341 805 5399 sunt
830 5360 893 5399 ex
936 5342 1087 5415 libris
1127 5341 1565 5415 Recognitionum
1599 5341 1790 5400 Sancto

217 5408 468 5470 Clementi
500 5408 787 5483 aitributis,
816 5428 949 5484 quos
976 5413 1196 5468 Ruﬁnus
1228 5408 1413 5468 Latine
1440 5415 1746 5471 reddiderat
1772 5456 1788 5481 ,

218 5496 450 5557 quosque
476 5486 718 5542 Gelasius
751 5496 933 5556 postea
965 5485 1103 5540 inter
1122 5484 1466 5557 iapocryphos
1494 5487 1785 5557 recensuit.

287 5565 309 5593 ο
347 5556 401 5610 1η
434 5568 613 5612 nostro
642 5555 847 5621 codice,
876 5557 1010 5610 sicut
1038 5567 1093 5611 et
1119 5556 1168 5609 in
1200 5555 1394 5613 Missali
1436 5556 1664 5617 Gothico
1702 5571 1789 5611 er-

219 5637 403 5693 toncc,
438 5632 684 5683 restitues.
717 5630 842 5683 Post
868 5627 1117 5681 nonnulla
1144 5641 1272 5680 vero
1298 5628 1441 5683 solus
1474 5636 1659 5685 noster
1696 5642 1788 5682 co-

217 5691 312 5775 dex
339 5691 633 5775 constitues,
663 5709 809 5755 recte
850 5708 1025 5753 autem
1074 5697 1286 5761 Missale
1333 5697 1614 5755 Gothicum
1665 5714 1785 5757 con-

218 5770 397 5824 stituis.

285 5836 309 5875 ά
353 5838 582 5897 Vicarius
612 5841 697 5897 hic
724 5857 822 5912 pro
858 5854 1165 5899 successore
1206 5841 1493 5911 accipitur,
1540 5849 1597 5897 ut
1644 5838 1783 5910 apud

1880 4712 1883 4713 ⁷
1967 4710 2027 4765 ll.
2058 4709 2190 4765 Item
2217 4710 2339 4767 alia.
2368 4739 2437 4749 —
2467 4710 2481 4745 ί
2522 4710 2590 4763 Da
2624 4710 2797 4775 nobis,
2830 4709 3050 4766 Domine
3096 4712 3235 4769 Deus
3272 4723 3475 4785 noster,

1895 4812 2202 4862 sanctorum
2247 4810 2540 4875 martyrum
2586 4803 2794 4872 palmas
2847 4804 3149 4859 incessabili
3194 4807 3479 4875 devotione

1892 4898 2160 4964 venerari,
2192 4906 2247 4951 ut
2271 4911 2403 4967 quos
2430 4897 2587 4967 digna
2633 4907 2813 4955 mente
2856 4915 2961 4954 non
3010 4916 3291 4971 possumus
3334 4906 3476 4960 cele-

1893 5060 2027 5115 alios
2047 5066 2291 5131 auctores
2314 5058 2618 5131 frequenter
2641 5059 2926 5125 invenitur,
2955 5062 3172 5131 ipseque
3192 5070 3475 5121 contextus

1895 5130 2147 5187 ostendit.
2182 5129 2308 5183 Post
2339 5144 2502 5197 pauca
2532 5128 2648 5183 loco
2676 5133 2820 5186 vocis
2847 5128 3034 5201 proque
3064 5128 3229 5187 codex
3273 5134 3477 5188 librarii

1896 5202 2173 5257 oscitantia
2203 5201 2361 5255 habet
2389 5217 2482 5271 pro
2500 5216 2645 5269 qme;
2674 5202 2721 5254 in
2748 5201 2941 5256 Missali
2964 5202 3211 5269 Gothico,
3236 5220 3328 5272 pro
3350 5222 3468 5272 quo.

1970 5273 2158 5354 29951-
2190 5286 2494 5354 ρρῑρεττξιην
2526 5272 2663 5354 ﬁeis-

1974 5343 1992 5382 τ
2027 5342 2239 5412 Aliquid
2273 5343 2372 5397 hoc
2402 5344 2520 5396 loco
2546 5342 2716 5397 deest.

1972 5424 1996 5461 Ι
2028 5416 2121 5468 Est
2166 5415 2215 5466 in
2263 5412 2461 5467 Missali
2506 5413 2659 5466 Boni.
2707 5414 2793 5468 die
2820 5415 2851 5466 7
2884 5415 3053 5468 Martii
3085 5415 3136 5469 in
3168 5414 3336 5468 Natali
3371 5414 3468 5473 SS.

1899 5486 2177 5567 Perpetua:
2206 5493 2258 5537 et
2289 5483 2599 5547 Felicitatis,
2634 5493 2688 5536 et
2718 5485 2779 5567 i_n_
2801 5486 3081 5567 communi
3122 5486 3473 5555 plurimarum

1896 5554 2906 5701 ""§i‘3§1‘féii‘§.‘i"iiif“.}ﬂigi}.
2936 5624 3107 5701 Natali
3133 5626 3187 5683 s.
3220 5626 3472 5701 emeritas.

1973 5693 2207 5753 iitéfert
2254 5696 2389 5749 hanc
2443 5693 2738 5747 orationem
2783 5693 2994 5751 Missale
3046 5697 3198 5755 Rom.
3246 5700 3298 5755 in
3340 5699 3474 5757 locis

1894 5775 2077 5835 annot.
2106 5767 2176 5823 2‘2
2196 5766 2415 5837 (Supra,
2439 5780 2490 5816 η.
2525 5757 2575 5828 ε)
2606 5759 2871 5819 indicatis.
