4018 6314
541 346 651 415 με

1536 334 1765 397 OPERA
1805 340 1861 395 Ξ.
1903 336 2103 394 LEONI
2143 337 2376 395 MAGNO
2416 336 2833 394 ATTltIBUTA.

3705 334 3812 401 ιιι

537 476 727 535 brare,
783 463 1075 521 humilibus
1122 459 1312 517 saltem
1361 459 1769 530 frequentemus
1819 457 2119 529 obsequiis.
2149 458 2202 518 Α
2230 471 2339 521 ros,
2391 470 2485 523 pro
2534 455 2724 525 quibus
2773 449 3127 523 impetrandis
3154 459 3304 508 tanta
3334 453 3487 509 nobis
3516 453 3816 523 patrocinia

536 561 667 625 Per,
697 569 804 613 etc.

609 650 869 706 Fidelium
898 657 1108 703 tuorum
1140 658 1382 708 munera,
1415 642 1656 713 Domine,
1681 657 1781 713 pro
1808 649 2121 698 sanctorum

536 754 833 818 martyrum
866 740 1203 796 solemnitate
1228 752 1464 803 assume,
1503 746 1557 792 et
1587 746 1647 792 ut
1678 736 1773 791 tibi
1800 746 1982 792 nostra
2014 735 2125 791 sint

537 844 685 907 grata
714 832 954 898 servitia,
980 831 1168 901 gratiae
1192 840 1295 883 tuae
1318 827 1565 897 largitate
1586 826 1845 882 concede.
1870 826 1996 893 Per,
2013 834 2120 881 etc.

611 931 748 985 Vere
780 930 1015 998 dignum.
1067 924 1329 992 Quoniam
1385 938 1575 994 magna
1623 930 1749 977 sunt
1797 935 1959 991 opera
2009 927 2120 985 tua,

534 1020 784 1085 Domine,
813 1028 868 1074 et
909 1020 1163 1072 immensa
1203 1014 1491 1084 magnalia,
1526 1028 1621 1084 per
1652 1026 1772 1084 quae
1804 1011 1961 1067 nobis
1986 1011 2126 1066 laeti-

536 1113 608 1166 tia
638 1112 909 1165 hodiernae
940 1106 1241 1163 festivitatis
1273 1106 1518 1162 accessit.
1564 1104 1703 1160 Vere
1744 1104 1889 1159 enim
1929 1101 2124 1157 Felici-

539 1205 663 1258 tatis
692 1202 804 1267 filii,
830 1210 884 1256 et
904 1214 1029 1254 vera
1058 1209 1139 1254 est
1165 1212 1386 1253 suorum
1418 1195 1667 1250 Felicitas
1698 1196 1953 1261 filiorum,
1985 1206 2123 1263 quos

537 1302 592 1349 et
612 1304 757 1348 casto
788 1291 893 1347 fetu
920 1293 1089 1347 sancti
1111 1290 1350 1359 conjugii
1373 1296 1543 1343 mater
1568 1286 1794 1343 fecunda
1815 1288 2120 1357 progenuit,

535 1394 591 1441 et
609 1400 797 1440 rursus
823 1384 1179 1441 confessionis
1209 1391 1568 1439 sacrosanctae
1594 1381 1891 1436 visceribus
1917 1391 2123 1455 martyr

532 1477 691 1533 beata
716 1488 1024 1548 conceptos,
1040 1493 1135 1548 per
1153 1477 1310 1532 fidem
1325 1478 1499 1532 denuo
1522 1474 1731 1531 felicius
1748 1476 1959 1547 peperit
1980 1491 2125 1532 mar-

532 1578 679 1642 tyres
702 1571 768 1624 ad
796 1585 1073 1626 coronam.
1110 1570 1235 1635 Per,
1264 1578 1371 1625 etc.

502 1684 507 1689 ί
607 1664 906 1730 ﬂPrtcsta,
960 1663 1217 1732 Domine,
1270 1676 1612 1733 quaesumus,
1664 1660 2125 1719 intercedentibus

534 1757 736 1813 sanctis
764 1758 887 1825 tuis,
917 1766 973 1812 ut
1000 1773 1119 1828 quae
1148 1772 1243 1813 ore
1274 1757 1615 1828 contigimus,
1648 1770 1784 1827 pura
1822 1765 2005 1814 mente
2034 1771 2125 1813 cae

532 1849 760 1920 piamus.
794 1848 919 1913 Per,
953 1857 1056 1904 etc.

602 1939 630 1979 1)
664 1940 873 2007 Libera,
903 1940 1152 2005 Domine,
1182 1954 1510 2011 quaesumus,
1544 1955 1574 1994 a
1603 1940 1843 2010 peccatis
1864 1949 1918 1996 et
1947 1940 2118 1996 hosti-

530 2045 629 2087 bus
659 2033 753 2089 tibi
784 2035 1035 2102 populum
1064 2035 1485 2104 supplicantem;
1516 2042 1574 2090 ut
1599 2034 1651 2091 in
1685 2043 1871 2091 sancta
1894 2051 2119 2093 conver-

529 2125 739 2181 satione
770 2126 1030 2192 viventes,
1058 2127 1216 2181 nullis
1236 2125 1544 2197 afﬂigantur
1568 2128 1831 2184 adversis.
1861 2127 1986 2195 Per,
2008 2140 2113 2186 etc.

607 2217 764 2290 155
801 2218 885 2272 Ill.
916 2216 1049 2272 Item
1072 2217 1198 2275 alia.
1236 2219 1507 2276 —Sancti
1549 2231 1831 2295 martyres,
1867 2226 2115 2292 Domine,

529 2324 859 2382 quaesumus,
898 2320 952 2367 et
988 2312 1296 2368 nominibus
1337 2313 1450 2368 suis
1479 2316 1637 2371 nobis
1679 2318 2037 2389 sull‘ragentur
2063 2327 2120 2377 et

529 2404 801 2473 precibus,
834 2416 890 2460 ut
919 2413 973 2461 et
994 2406 1246 2461 Clemens
1283 2415 1407 2462 tuus
1446 2410 1742 2478 sapientem
1771 2414 2113 2471 clementiam

527 2495 702 2565 sequi,
728 2507 783 2550 et
811 2496 905 2550 tibi
939 2506 1147 2554 sacrata
1198 2496 1449 2554 Felicitas
1486 2516 1587 2557 nos
1630 2513 1819 2573 poscat
1853 2506 2120 2564 veraciter

527 2600 648 2641 esse
671 2584 873 2642 felices.
904 2587 1025 2652 Per,
1049 2597 1157 2645 etc.

596 2683 656 2735 In
687 2691 993 2737 sanctorum
1022 2694 1235 2739 tuorum
1268 2687 1608 2756 passionibus
1638 2690 1890 2760 pretiosis
1911 2699 1986 2760 te,
2015 2692 2120 2748 Do-

529 2771 700 2838 mine,
746 2774 1042 2830 mirabilem
1084 2776 1459 2845 praedicantes,
1491 2796 1714 2837 munera
1747 2784 1927 2838 votiva
1964 2783 2116 2841 defe-

527 2862 718 2919 rimus.
748 2864 969 2934 Praesta,
998 2883 1326 2938 quaesumus,
1360 2880 1419 2926 ut
1445 2871 1585 2928 sicut
1611 2875 1823 2930 illorum
1849 2876 1941 2930 tibi
1968 2886 2117 2947 grata

528 2967 654 3013 sunt
677 2962 887 3027 merita,
918 2961 996 3016 sic
1032 2969 1231 3018 nostra:
1264 2964 1538 3021 servitutis
1569 2977 1785 3039 accepta
1824 2968 2118 3025 reddantur

527 3052 725 3108 omnia.
761 3054 882 3121 Per,
912 3065 1019 3113 etc.

598 3146 738 3203 Vere
765 3147 1005 3217 dignum.
1059 3149 1227 3207 Hodie
1265 3153 1479 3224 quippe,
1517 3155 1763 3223 Domine,
1798 3165 1854 3211 et
1878 3166 1969 3212 tuo
1997 3174 2114 3213 mue

526 3253 657 3293 nere
685 3241 987 3295 celebratur
1019 3244 1293 3314 magnifica
1328 3260 1497 3301 mater
1517 3257 1571 3302 et
1595 3264 1819 3322 martyr.
1850 3251 2112 3308 Praeclara
2140 3228 2188 3293 δ

526 3333 811 3401 progenies
839 3333 1001 3387 simili
1035 3336 1300 3403 passione.
1341 3337 1585 3394 Gloriosa
1633 3343 1685 3394 in
1721 3342 1915 3395 talibus
1944 3358 2114 3397 mem-

528 3424 640 3478 bris
666 3424 931 3481 Ecclesia.
962 3425 1256 3498 Meritoque
1286 3430 1339 3483 in
1369 3431 1620 3485 omnibus
1650 3432 1803 3487 beata
1831 3431 2110 3490 Felicitas.

528 3511 650 3583 Per,
683 3527 789 3573 etc.

598 3608 804 3677 Repleti
852 3623 1057 3675 sumus,
1107 3609 1355 3677 Domine,
1399 3612 1751 3667 sacramentis
1802 3622 1854 3667 et
1906 3614 2114 3684 gaudiis

530 3713 649 3769 quae
679 3700 731 3754 in
760 3708 1061 3754 sanctorum
1110 3708 1323 3756 tuorum
1353 3702 1751 3759 celebritatihus
1783 3716 1837 3760 et
1864 3706 2115 3777 frequen-

529 3799 705 3846 tamus
735 3802 791 3847 et
811 3793 1093 3847 sumimus.
1124 3793 1248 3860 Per,
1281 3805 1388 3849 etc.

601 3884 845 3953 Semper,
898 3885 1142 3951 Domine,
1187 3902 1516 3959 quaesumus,
1567 3890 1647 3945 fac
1678 3892 1930 3960 pepulum
1965 3903 2111 3949 tuum

530 3986 837 4033 sanctorum
870 3989 1161 4049 martyrum
1193 3981 1493 4049 patrocinio
1532 3984 1808 4053 gratulari,
1856 3994 1913 4038 ut
1950 3984 2115 4040 bene-

531 4069 652 4123 ﬁcia
687 4078 794 4136 tua,
824 4085 942 4141 qua:
973 4072 1200 4141 propriis
1241 4073 1703 4130 obsecrationibus
1726 4076 1972 4131 obtinere
2006 4092 2114 4131 non

531 4160 750 4227 sufﬁcit,
783 4160 1048 4231 justorum
1081 4172 1291 4218 tuorum
1337 4164 1601 4236 suffragiis
1650 4166 1987 4223 incessanter
2023 4184 2114 4223 ac-

531 4252 710 4323 cipiat.
741 4254 864 4320 Pcr,
894 4264 1001 4311 etc.

1173 4390 1456 4447 XXXVIII.

963 4516 1048 4555 VIII
1072 4518 1341 4563 KALENDAS
1366 4519 1682 4562 DECEIBNS.

680 4611 867 4666 Natale
904 4623 1195 4667 sanctorum
1228 4614 1543 4687 Chrysogoni
1584 4628 1628 4672 et
1663 4628 1681 4657 ε
1715 4617 1968 4689 Gregorii.

605 4722 964 4790 Exsultamus,
999 4727 1240 4794 Domine,
1279 4729 1626 4798 multiplicata
1670 4729 1957 4787 festivitate
1988 4749 2111 4789 san-

534 4824 765 4885 ctorum,
798 4818 920 4887 quia
952 4832 1056 4872 non
1086 4813 1382 4874 diffidimus
1413 4831 1503 4875 tua
1551 4838 1648 4877 nos
1675 4824 1815 4878 dona
1863 4838 2111 4897 sumptu-

606 4963 633 4991 ι
662 4952 761 5006 Est
798 4953 850 5006 in
899 4952 1056 5007 codd.
1106 4951 1264 5021 Greg.
1297 4967 1359 5007 ac
1411 4954 1462 5007 in
1503 4953 1704 5010 Missali
1752 4956 1907 5011 item.
1944 4959 2041 5013 fer.
2073 4959 2110 5012 2

573 5032 659 5147 ξι
688 5023 1016 5146 (Dominicam
1056 5022 1124 5078 Ill
1160 5023 1629 5093 Quadragesimre,
1670 5035 1726 5082 et
1769 5027 1824 5082 in
1870 5030 2005 5084 festo
2050 5031 2109 5085 S.

621 5109 685 5147 eo
724 5108 823 5147 ori.

621 5108 823 5148 80001³1.

608 5164 635 5201 ι’
670 5165 903 5219 llabetur
930 5166 982 5220 in
1003 5163 1162 5220 codd.
1191 5164 1350 5235 Greg.
1383 5166 1658 5224 Muratorii
1705 5170 1760 5225 in
1804 5170 1942 5225 serie
1989 5184 2112 5226 ora-

537 5236 743 5291 tionum
763 5237 1213 5305 quotidianarum.

611 5306 816 5361 cMissa
844 5307 899 5363 S.
931 5306 1285 5378 Chrysogoni,
1328 5309 1480 5378 cujus
1518 5326 1709 5367 nomen
1751 5311 1879 5366 olim
1924 5311 1975 5365 in
2015 5309 2117 5364 Ca-

535 5392 677 5432 none
698 5378 956 5432 insertum
989 5377 1106 5446 luit,
1138 5392 1227 5432 vnn
1257 5377 1363 5435 kal.
1397 5377 1535 5435 "Dec.
1580 5382 1634 5436 in
1676 5381 2107 5438 Sacramentario

534 5448 862 5518 Gregoriano
901 5449 1114 5519 legitur.
1154 5450 1224 5503 At
1253 5450 1310 5504 S.
1344 5451 1589 5521 Gregorii
1631 5454 1819 5507 nullibi
1872 5454 1975 5506 hoc
2020 5451 2108 5505 die

2224 546 2521 603 contulisti.
2551 548 2670 611 Per,
2704 553 2809 601 etc.

2295 639 2521 702 Perﬁce,
2552 637 2802 702 Domine,
2834 640 3012 691 votiva
3043 639 3317 708 mysteria,
3348 644 3404 693 et
3440 651 3559 710 qua:
3586 640 3641 694 in
3673 654 3819 698 mar-

2225 741 2401 805 tyrum
2429 732 2774 788 veneratione
2803 740 2853 786 te
2890 730 3209 802 praedicant,
3240 730 3492 803 suﬂ‘ragia
3516 732 3673 789 nobis
3698 748 3820 804 per-

2226 837 2399 897 petuae
2429 825 2813 893 redemptionis
2838 824 3094 879 existant.
3121 823 3243 890 Per,
3275 833 3380 879 etc.

2300 920 2435 976 Vere
2467 920 2705 989 dignum.
2756 918 2889 986 Quia
2930 926 3151 988 pectora
3191 926 3488 990 martyrum
3530 919 3818 976 beatorum

2226 1017 2303 1071 sic
2331 1015 2468 1085 ignis
2510 1014 2601 1069 ille
2635 1012 2876 1069 celestis
2921 1010 3238 1077 inﬂammat,
3289 1021 3348 1066 ut
3391 1026 3549 1067 omne
3595 1013 3741 1083 quod
3769 1014 3823 1069 in

2227 1105 2381 1176 hujus
2414 1103 2597 1159 nmndi
2628 1103 2746 1159 luce
2766 1102 3062 1174 jucundum
3100 1112 3200 1169 est,
3245 1118 3428 1159 amore
3468 1105 3542 1159 tui
3580 1106 3823 1161 nominis

2225 1201 2491 1256 refutetur
2522 1240 2537 1265 ,
2601 1208 2654 1254 et
2712 1198 2969 1253 subeatur
3019 1196 3277 1269 quidquid
3324 1199 3691 1267 temporaliter
3738 1208 3826 1255 est

2226 1292 2509 1357 acerbum,
2558 1300 2615 1346 ut
2667 1288 3043 1360 promissionis
3095 1299 3199 1345 tute
3244 1290 3461 1361 praemia
3516 1291 3822 1363 capiantur.

2226 1385 2351 1452 Per,
2375 1393 2485 1441 etc.

2299 1479 2562 1535 Patientia
2610 1477 2844 1548 pretiosa
2887 1477 3154 1547 iustorum
3198 1487 3302 1533 tuae
3350 1476 3526 1545 nobis,
3568 1477 3822 1550 Domine,

2228 1588 2553 1646 quaesumus,
2579 1572 2827 1627 allectum
2856 1570 3155 1626 dilectionis
3187 1571 3510 1636 accumulet,
3535 1581 3588 1627 et
3616 1573 3665 1626 in
3687 1587 3820 1629 cor.

2227 1669 2383 1726 dibus
2413 1668 2609 1723 nostris
2629 1681 2799 1723 sacrm
2826 1664 2949 1722 fidei
2971 1680 3185 1736 semper
3206 1675 3455 1723 exerceat
3476 1664 3818 1724 ﬁrmitatem.

2227 1759 2351 1823 Per,
2382 1768 2486 1815 etc.

2147 1843 2198 1906 Β
2298 1851 2474 1916 Deus,
2518 1852 2607 1923 qui
2650 1849 2851 1906 sanctis
2896 1848 3003 1904 tuis
3043 1848 3235 1907 dedisti
3288 1849 3391 1920 pira
3460 1852 3824 1909 confessionis

2227 1946 2385 2023 156
2428 1947 2569 2003 inter
2604 1953 2869 2001 tormenta
2900 1945 3179 2009 virtutem,
3206 1946 3400 2016 largire
3431 1946 3677 2002 fidelibus
3728 1963 3825 2017 po-

2221 2043 2363 2112 pulis
2412 2043 2553 2095 inter
2609 2038 2766 2109 hujus
2829 2036 3013 2091 mundi
3079 2044 3406 2093 tentamenta
3462 2041 3821 2095 constantiam

2224 2136 2490 2199 veritatis,
2532 2141 2588 2189 ut
2629 2134 2770 2188 sicut
2812 2130 2933 2186 illos
2961 2140 3181 2185 sanctus
3236 2130 3469 2201 Spiritus
3514 2133 3821 2188 roboranda

2221 2228 2601 2298 sempiternam
2650 2225 2890 2297 provexit
2952 2226 3017 2282 ad
3068 2223 3316 2293 gloriam,
3361 2224 3441 2279 sic
3470 2224 3821 2295 istosjugiter

2220 2330 2310 2378 tua
2347 2323 2515 2394 gratia
2544 2322 2893 2393 gubernando
2951 2324 3020 2378 ad
3067 2318 3494 2377 misericordiam
3553 2318 3813 2388 perducat

2220 2424 2500 2472 aeternam.
2547 2414 2671 2481 Per,
2705 2427 2811 2472 etc.

2892 2504 3135 2563 XXXIX.

2595 2615 2770 2656 PRIDIE
2799 2615 3072 2656 KALENDAS
3102 2613 3413 2654 υεεειηιυε.

2558 2693 2751 2748 Natale
2785 2695 2951 2749 sancti
2974 2693 3191 2748 Andrew
3216 2694 3457 2765 apostoli.

2294 2785 2333 2840 l.
2360 2813 2427 2827 -—
2455 2783 2479 2822 ἀ
2514 2786 2586 2840 Da
2614 2787 2787 2850 nobis,
2816 2802 3144 2857 quaesumus,
3180 2786 3403 2839 Domine
3428 2786 3572 2838 Deus
3601 2793 3803 2850 noster,

2219 2876 2359 2933 beati
2384 2879 2608 2948 apostoli
2639 2880 2711 2932 tui
2746 2877 2978 2933 Andreae
3015 2877 3497 2932 intercessionibus
3518 2875 3803 2937 sublevari,

2218 2978 2278 3025 ut
2318 2986 2411 3038 per
2458 2986 2591 3041 quos
2645 2971 2900 3025 Ecdesia:
2939 2980 3044 3024 tua:
3093 2970 3313 3039 superni
3373 2970 3619 3023 muneris
3659 2967 3801 3023 rudi-

2218 3073 2398 3117 menta
2430 3062 2664 3130 donasti,
2697 3079 2790 3133 per
2816 3077 2911 3118 eos
2940 3062 3175 3119 subsidia
3202 3070 3476 3133 perpetua:
3498 3062 3686 3118 salutis
3707 3063 3798 3117 im-

2219 3156 2440 3225 pendas.
2477 3156 2595 3221 Per,
2626 3168 2730 3212 etc.

2304 3260 2326 3286 °
2364 3249 2615 3319 Respice,
2645 3265 2973 3321 quaesumus,
3006 3248 3252 3314 Domine,
3285 3263 3507 3304 munera
3540 3264 3656 3319 qum
3700 3262 3803 3317 pro

2220 3342 2363 3396 beati
2397 3342 2623 3397 Andreae
2652 3343 2885 3412 apostoli
2936 3342 3009 3397 tui
3049 3342 3559 3398 commemoratione
3600 3339 3795 3395 deferi-

2218 3450 2358 3499 mus,
2389 3435 2702 3504 suppliciter
2733 3445 3023 3490 exorantes
3067 3444 3127 3489 ut
3161 3434 3280 3503 ejus
3317 3429 3785 3489 interventionibus

2218 3529 2555 3598 adjuvemur,
2584 3545 2678 3599 pro
2710 3530 2861 3599 cujus
2892 3529 3098 3584 meritis
3129 3529 3478 3584 immolantur.
3529 3526 3650 3592 Per,
3668 3533 3788 3581 etc.

2298 3624 2316 3659 τ
2350 3620 2490 3677 Vere
2521 3622 2759 3692 dignum.
2806 3621 2937 3688 Quia
2968 3621 3262 3676 Ecclesiam
3290 3630 3429 3675 tuam
3457 3620 3513 3673 in
3537 3617 3801 3689 apostoli-

2219 3716 2301 3771 cis
2356 3714 2588 3769 tribuisti
2646 3713 2944 3769 consistere
2995 3711 3375 3768 fundamentis.
3435 3712 3510 3767 De
3569 3725 3804 3780 quorum

2217 3808 2446 3874 collegio
2490 3806 2633 3861 beati
2681 3804 2911 3860 Andreae
2956 3805 3217 3860 solemnia
3271 3803 3640 3868 celebrantes,
3683 3811 3807 3869 tua,

2218 3903 2467 3965 Domine,
2500 3901 2767 3970 prcrconia
2801 3914 2902 3954 non
2934 3910 3194 3954 tacemus.
3220 3898 3341 3965 Per,
3374 3909 3480 3953 etc.

2294 4005 2318 4043 8
2356 3995 2722 4063 Sumpsimus,
2773 3991 3025 4056 Domine,
3085 3990 3263 4046 divina
3320 3990 3610 4063 mysteria,
3661 3989 3815 4044 beati

2217 4085 2445 4154 apostoli
2484 4087 2554 4138 tui
2600 4084 2826 4139 Andreae
2871 4082 3159 4138 festivitate
3190 4083 3458 4148 lmtantes,
3498 4097 3623 4152 quas
3669 4083 3816 4140 sicut

2220 4180 2325 4233 tuis
2354 4176 2553 4232 sanctis
2574 4176 2639 4230 ad
2671 4176 2917 4246 gloriam,
2952 4175 3024 4229 ita
3049 4175 3224 4243 nobis,
3255 4189 3589 4245 quaesumus,
3617 4175 3693 4230 ad
3725 4190 3825 4233 ve-

2218 4272 2359 4326 niam
2390 4269 2647 4340 prodesse
2679 4267 2944 4337 perﬁcias.
2970 4266 3095 4332 Per,
3128 4275 3236 4322 etc.

2288 4363 2508 4425 Tribue,
2537 4360 2782 4421 Domine,
2818 4372 3139 4428 quassumus,
3182 4357 3398 4412 familiae
3436 4365 3567 4422 tum,
3611 4366 3677 4413 ut
3728 4374 3826 4416 ex-

2218 4456 2560 4511 sultationem
2590 4452 2769 4507 cordis
2796 4451 2908 4517 sui,
2950 4466 3107 4521 quam
3134 4449 3203 4505 de
3242 4450 3379 4504 beati
3412 4450 3653 4506 Andreas
3689 4468 3828 4525 apo.

2118 4558 2176 4616 '_
2220 4547 2344 4603 stoli
2367 4548 2440 4602 tui
2466 4547 2813 4601 veneratione
2842 4544 3100 4614 percepit,
3132 4552 3185 4597 et
3212 4557 3399 4597 secura
3428 4544 3828 4616 concelebret,

2139 4611 2192 4671 Ῐ)
2219 4650 2274 4697 et
2297 4650 2406 4693 tota
2436 4654 2649 4707 semper
2678 4645 2857 4692 mente
2885 4646 3140 4691 sectetur.
3169 4635 3292 4697 Per,
3326 4646 3430 4689 etc.

2291 4732 2356 4787 ll.
2386 4732 2517 4785 Item
2538 4731 2747 4784 alia.“
2776 4730 3055 4799 Supplices
3087 4739 3137 4783 te
3167 4744 3437 4799 rogamus,
3463 4728 3643 4797 Deus,
3672 4749 3838 4790 οοιῃ-

2220 4826 2524 4899 petentibus
2550 4822 2755 4892 gaudiis
2784 4822 2925 4877 diem
2960 4836 3058 4876 nos
3083 4822 3360 4877 celebrare
3386 4824 3700 4889 concedas,
3729 4844 3841 4895 quo

2218 4957 2346 5013 item
2375 4968 2751 5030 snprammense
2774 4954 2942 5030 Aprili
2971 4953 3127 5009 Missa
3160 4968 3345 5018 xxxiii,
3382 4950 3433 5007 in
3478 4956 3663 5024 quam
3715 4963 3845 5017 vide

2216 5036 2401 5083 annot.
2425 5024 2495 5080 40
2523 5023 2658 5095 (Col.
2691 5024 2779 5088 3t,
2811 5042 2863 5077 η.
2896 5023 2961 5095 i).

2287 5097 2392 5172 dtu
2450 5094 3149 5172 Sat-ramentario__Grcgor.
3209 5095 3512 5166 assignatur
3573 5106 3846 5172 vesper-is

2219 5168 2458 5238 ejusdem
2490 5164 2665 5220 sancti
2693 5165 2945 5238 apestoli.

2293 5250 2315 5276 ο
2348 5238 2515 5305 Hujus
2542 5237 2797 5307 ora-“unis
2829 5238 2995 5304 prima
3035 5251 3156 5303 pars
3196 5238 3246 5290 in
3300 5237 3549 5292 Romano
3608 5244 3837 5307 Μίδετηὶ

2217 5318 2428 5380 aptatur
2458 5308 2594 5361 festo
2619 5305 2677 5361 S.
2717 5306 3037 5374 Apollinaris
3059 5308 3145 5361 die
3172 5311 3242 5363 ‘23
3268 5308 3414 5363 Julii.

2298 5380 2316 5418 τ
2350 5378 2536 5432 Exstat
2584 5378 2633 5430 in
2661 5378 2783 5430 cod.
2809 5376 2987 5431 Getas.
3022 5378 3095 5431 lib
3144 5396 3201 5440 ιι,
3246 5396 3297 5432 n.
3330 5378 3419 5441 69,
3452 5388 3508 5434 et
3540 5381 3607 5439 in
3644 5386 3781 5443 γεηί

2298 5395 2311 5418 ι
2350 5395 2536 5432 exstat
2584 5395 2633 5430 in
2661 5395 2783 5430 σου.
2809 5395 2987 5431 uetas.
3022 5395 3095 5431 nu
3144 5396 3201 5440 ιι,
3246 5396 3297 5432 n.
3330 5395 3419 5441 os,
3452 5395 3508 5434 et
3540 5398 3607 5439 in
3650 5395 3840 5450 Vane,

2220 5450 2380 5519 Greg.
2425 5451 2562 5517 apud
2591 5446 2933 5520 Muratorium
2967 5448 3024 5520 in
3062 5448 3217 5503 Missa
3268 5451 3482 5517 vigiliae,
3516 5467 3573 5505 et
3638 5460 3697 5513 in
3735 5469 3843 5520 aha

534 5521 861 5574 mentionem
916 5518 1235 5593 invenimus.
1282 5518 1620 5593 Sicuti'vcro
1658 5525 1857 5591 aliquot
1897 5532 2112 5593 sancto-
2212 5518 2890 5593 festiejusdengpusmli;
2922 5519 2976 5572 in
2999 5518 3326 5593 Grcgurianu
3352 5531 3536 5575 auleln
3567 5518 3848 5593 Menardi

534 5603 991 5661 rumrmartyrum,
1019 5593 1107 5659 qui
1136 5591 1189 5643 iii
1218 5592 1317 5644 hoc
1338 5592 1768 5646 Sacramentario
1799 5607 1982 5647 mense
2003 5592 2109 5645 De-

535 5660 738 5715 cembri
770 5660 1151 5723 memorantur,
1179 5663 1418 5715 notitiam
1461 5662 1587 5716 alibi
1625 5678 1730 5717 non
1762 5661 1915 5719 facile
1952 5678 2107 5728 repe-

534 5731 667 5798 ries,
699 5731 767 5784 ita
791 5732 949 5785 etiam
976 5731 1133 5801 hujus
1163 5732 1218 5785 S.
1249 5730 1495 5801 Gregorii
1527 5734 1848 5789 mentionem
1888 5735 1942 5788 in
1980 5733 2101 5789 aliis

535 5805 896 5858 monumentis
925 5817 1032 5857 non
1071 5803 1294 5859 inveniri
1324 5801 1458 5859 nihil
1496 5803 1565 5858 sit
1606 5803 1820 5861 mirum.
1871 5804 1949 5862 De
1996 5804 2099 5861 hoc

2206 5592 2264 5647 in
2290 5591 2463 5647 Natali
2494 5589 2551 5645 S.
2587 5588 2805 5643 Thomas
2826 5591 3079 5656 apostoli.

2278 5672 2302 5711 ε
2339 5661 2486 5744 lianc
2511 5659 2812 5744 orationem
2842 5663 3134 5744 ρςίξῐετμιιε
3170 5660 3327 5718 codd.
3360 5660 3754 5744 Gregoriani,
3789 5686 3851 5737 ει

2203 5732 2419 5792 Missale
2446 5730 2601 5789 Rom.
2633 5730 2690 5788 in
2716 5729 2892 5787 Natali
2920 5732 2977 5788 S.
3016 5734 3269 5790 Andreae.
