4018 6314
2052 246 2079 267 1

510 357 615 412 m
1490 351 1718 409 OPERA
1755 349 1810 410 s.
1854 346 2060 408 worn
2092 338 2341 408 mito
2380 344 2791 409 ATTRlB'U‘l'A.
3676 348 3775 410 iis

507 470 625 526 Hoc
652 466 967 539 patriarcha:
991 464 1229 520 diversis
1254 463 1554 519 actionibus
1581 472 1635 519 et
1657 463 1878 520 vocibus
1903 465 2089 534 signa-
2119 463 2176 527 Α
2196 469 2321 530 tute,
2340 463 2607 532 inquibus
2642 463 2863 517 visitavi:
2892 472 2991 517 nos
3020 460 3208 519 Oriens
3236 476 3297 521 ex
3320 464 3443 521 aito.
3476 464 3775 521 Benedictus

510 568 724 617 verunt.
758 557 870 613 Hoc
900 558 987 612 illa
1021 557 1153 628 legis
1182 557 1524 613 observantia
1559 554 1798 627 tiguralis
1832 554 2082 611 asseruit.
2194 556 2281 625 qui
2300 554 2432 608 venit
2458 555 2513 607 in
2530 555 2739 608 nomine
2770 553 3015 621 Domini;
3036 558 3123 627 qui
3146 564 3402 627 tamquam
3424 573 3641 629 sponsus
3656 566 3777 629 pro-

511 655 623 711 Hoc
643 653 1008 723 praedixerunt
1034 660 1347 707 cunctorum
1384 652 1648 722 prmonia
1683 652 2084 721 prophetarum.
2194 647 2374 701 cedens
2392 647 2682 701 deitatem
2712 652 2824 713 suo,
2852 646 2989 701 Deus
3016 647 3259 702 Dominus
3282 656 3327 702 et
3348 650 3519 703 itiiucit
3543 651 3703 713 nobis,
3724 650 3778 703 ut

508 747 567 801 in
594 746 694 801 hoc
716 744 1156 801 caeremoniarum
1189 754 1434 801 veterum
1465 744 1740 814 plenitudo
1774 754 1877 801 est.
1902 744 1959 800 lu
1986 745 2090 800 hoc
2194 754 2294 796 nos
2315 740 2383 795 de
2404 740 2638 794 tenebris
2664 749 2716 794 et
2744 740 2811 795 de
2829 741 3013 795 umbra
3038 742 3244 808 mortis,
3266 759 3484 813 regnum
3508 744 3779 813 perpetua:

508 853 749 909 praesens
775 837 1071 894 caelestium
1097 836 1419 891 ministratio
1438 837 1752 907 gratiarum.
1778 834 1839 891 In
1866 836 1970 892 hoc
1990 832 2091 891 bo-
2196 834 2305 906 (ﬁt.
2348 831 2587 906 manu!)
2624 832 2765 890 lucis
2790 833 3048 890 efficeret.
3090 835 3253 891 Unde
3270 836 3528 907 profusis,
3566 846 3673 892 etc.

510 947 701 988 norum
733 930 1050 1002 pollicitatio
1086 930 1403 985 futurorum.
1437 930 1495 984 ln
1534 944 1669 999 quo,
1703 928 1832 984 dum
1862 927 2086 984 manife-
2264 926 2295 964 ⁸
2316 924 2671 996 Omnipotens
2702 927 3024 997 sempiterna
3058 927 3199 983 Deus
3220 970 3232 993 ,
3252 930 3342 999 qui
3370 929 3423 983 iu
3444 929 3662 984 Domini
3684 940 3780 983 no-

510 1020 2086 1092 stissimecomprobanturqua:fuerantpradictacompleri,
2194 1020 2296 1076 stri
2321 1020 2446 1076 Jesu
2469 1020 2666 1075 Christi
2694 1019 2814 1076 Filii
2846 1021 2921 1075 tui
2950 1020 3235 1076 Nativitate
3256 1020 3487 1077 tribuisti
3507 1022 3671 1076 totius
3696 1030 3783 1075 re-

510 1117 900 1173 rationabiliter
927 1116 1196 1171 credimus
1215 1126 1271 1171 et
1290 1114 1581 1186 prudenter
1611 1128 1734 1185 qua
1758 1114 2087 1185 promittitu-
2195 1112 2413 1185 ligionis
2432 1115 2647 1169 initium
2674 1114 3166 1185 perfectionemque
3200 1120 3469 1183 constare,
3498 1116 3568 1171 da
3602 1116 3779 1185 nobis,

511 1219 596 1263 tur
618 1224 737 1264 esse
758 1216 998 1263 ventura.
1033 1207 1155 1274 Per,
1188 1216 1294 1263 etc.
2195 1216 2539 1277 quaesumus,
2572 1208 2627 1262 in
2664 1208 2784 1278 cjus
2820 1208 3066 1277 portione
3102 1210 3346 1275 Ceuseri,
3390 1213 3444 1265 in
3473 1225 3580 1282 quo
3617 1211 3785 1267 totius

582 1309 607 1337 ἰ
632 1301 707 1355 Da
738 1300 915 1370 nobis,
952 1314 1294 1370 quaesumus,
1339 1298 1566 1354 Domine
1601 1298 1744 1355 Deus
1779 1308 1994 1366 noster,
2030 1306 2092 1355 ut
2196 1298 2385 1353 salutis
2410 1297 2663 1355 humanae
2684 1313 2890 1354 summa
2912 1301 3178 1355 consistit.
3205 1297 3333 1367 Per,
3357 1312 3462 1357 etc.

508 1393 595 1464 qui
632 1392 974 1447 Nativitatem
1012 1391 1224 1445 Domini
1266 1392 1435 1445 nostri
1458 1390 1588 1445 Jesu
1620 1389 1819 1446 Christi
1852 1405 1952 1445 nos
1984 1390 2091 1445 fre-
2268 1390 2358 1444 iV.
2395 1388 2527 1445 Item
2572 1392 2700 1446 alia.
2730 1422 2799 1433 -—
2831 1400 2854 1429 ι
2882 1391 3045 1447 Grata
3092 1391 3187 1447 tibi
3215 1394 3319 1459 sit,
3366 1393 3609 1460 bornine,
3636 1396 3789 1463 tium-

506 1494 770 1554 quentare
796 1484 1112 1553 gaudemus,
1144 1482 1320 1553 dignis
1346 1484 1848 1538 conversationibus
1877 1484 1944 1538 ad
1972 1484 2091 1553 ejus
2196 1494 2401 1552 sumus,
2450 1484 2728 1540 hodiernae
2759 1485 3066 1541 feStivitatis
3118 1484 3316 1539 oblatio
3342 1527 3356 1551 ,
3397 1495 3453 1539 ut
3482 1490 3570 1539 ιω
3612 1486 3785 1555 gratia

507 1592 810 1632 mereamur
832 1575 1103 1646 pertinere
1122 1575 1476 1630 consortium.
1511 1575 1634 1644 Per,
1660 1585 1766 1630 etc.
2196 1577 2477 1649 largiente,
2506 1584 2603 1649 per
2638 1579 2755 1633 itaet:
2794 1588 3130 1633 sacrosancta
3173 1579 3495 1633 commercia
3536 1580 3598 1633 in
3636 1579 3787 1635 illius

578 1668 605 1707 ι)
636 1668 880 1739 Largire,
911 1681 1246 1737 quaesumus,
1277 1667 1528 1731 Domine,
1563 1666 1777 1723 famulis
1808 1668 1912 1723 tuis
1942 1669 2088 1737 iidei,
2195 1669 2535 1726 inveniamur
2570 1669 2767 1736 forma,
2794 1671 2851 1725 in
2882 1684 2988 1741 quo
3010 1676 3189 1725 tecum
3220 1680 3304 1725 est
3326 1680 3504 1725 nostra
3533 1671 3786 1727 substan-

507 1763 621 1834 spei
662 1772 715 1818 et
743 1762 1017 1817 charitatis
1048 1770 1392 1831 augmentum
1415 1800 1428 1825 ,
1458 1771 1516 1816 ut
1555 1762 1646 1831 qui
1693 1762 1761 1817 de
1806 1761 2090 1818 Nativitate
2197 1762 2291 1817 tia.
2326 1761 2447 1827 Per,
2473 1773 2575 1816 etc.

512 1856 720 1909 Domini
748 1854 914 1909 nostri
941 1854 1014 1907 tui
1041 1852 1157 1907 Filii
1187 1853 1508 1922 gloriantur,
1532 1860 1589 1908 et
1618 1852 1847 1909 adversa
1883 1854 2089 1922 mundi,
2120 1840 2170 1913 Β
2276 1853 2295 1891 ί
2325 1846 2467 1910 Vere
2494 1846 2733 1925 dignum.
2756 1853 2888 1909 Tuae
2914 1848 3086 1910 laudis
3112 1854 3340 1909 hostiam
3367 1855 3564 1925 iugiter
3585 1857 3782 1913 immo-

508 1958 561 2004 te
592 1950 945 2019 gubernante,
999 1961 1105 2001 non
1136 1947 1412 2013 sentiant,
1460 1958 1512 2002 et
1558 1963 1677 2018 quae
1720 1950 2088 2018 temporaliter
2196 1942 2408 2016 iantes,
2449 1948 2601 2016 cujus
2647 1948 2867 2017 figuram
2909 1944 3043 2003 Abel
3084 1948 3258 2017 justus
3307 1949 3566 2014 instituit,
3611 1964 3787 2019 agnus

506 2041 781 2094 celebrare
803 2038 1131 2102 desiderant,
1157 2039 1271 2094 sine
1296 2038 1402 2095 fine
1424 2040 1739 2109 percipiant.
1766 2040 1889 2108 Per,
1909 2054 2015 2097 etc.
2194 2046 2409 2108 quoque
2451 2034 2639 2107 legalis
2667 2038 2920 2103 ostendit,
2972 2036 3274 2093 Celebravit
3312 2038 3605 2104 Abraham,
3649 2040 3790 2097 Mel-

577 2131 639 2189 ll.
669 2131 799 2186 Item
818 2133 1041 2186 alia.-——
1075 2132 1281 2199 cDeus,
1308 2132 1399 2201 qui
1424 2132 1595 2187 beatae
1620 2132 1726 2203 (ΑΙ.
1751 2132 1941 2205 sacrm)
1968 2133 2088 2189 Vir—
2194 2130 2484 2187 chisedecb
2538 2131 2790 2186 eaeerdos
2844 2130 3113 2197 exhibuit;
3165 2132 3258 2186 sed
3298 2146 3459 2187 verus
3508 2147 3674 2204 agnus
3729 2146 3789 2190 et

507 2224 644 2295 ginis
670 2233 903 2294 partum,
940 2224 1056 2277 sine
1102 2223 1328 2276 humana
1368 2224 1802 2293 concupiscentia
1828 2238 2086 2294 procrea-
2194 2234 2429 2280 aeternus
2478 2220 2743 2289 Pontifex,
2791 2224 2950 2280 hodie
2980 2234 3134 2280 natus
3161 2269 3175 2294 ,
3226 2225 3471 2281 Christus
3513 2227 3780 2298 implevit.

510 2331 623 2373 tum
644 2363 657 2386 ,
688 2319 740 2372 in
774 2318 892 2373 Filii
921 2318 997 2372 tui
1032 2318 1273 2373 membra
1317 2318 1621 2374 venientem
1647 2319 1885 2389 paternis
1915 2318 2088 2375 fecisti
2194 2306 2352 2375 Unde
2388 2318 2638 2388 profusis,
2676 2326 2781 2371 etc.

504 2410 832 2482 praeiudiciis
856 2425 959 2465 non
991 2412 1181 2477 teneri,
1228 2419 1441 2480 praesta,
1490 2424 1817 2481 quaesumus,
1842 2420 1897 2467 ut
1930 2412 2087 2482 hujus
2263 2402 2512 2465 Concede
2536 2450 2549 2475 ,
2584 2414 2925 2478 'qnicsumus,
2959 2406 3186 2465 Domine
3208 2409 3348 2465 Deus
3373 2420 3576 2478 noster,
3602 2420 3657 2467 ut
3688 2415 3783 2483 qui

504 2513 767 2559 creatura:
796 2504 1034 2559 novitate
1058 2513 1305 2573 suscepta
1328 2545 1343 2571 ,
1372 2504 1654 2559 vetustatis
1700 2504 1929 2575 antiquae
1956 2510 2087 2560 ωη-
2192 2498 2259 2557 ad
2297 2500 2715 2557 destructionem
2759 2498 2988 2570 diaboli,
3023 2506 3075 2557 ‘et
3105 2500 3479 2558 remissionem
3512 2513 3666 2561 natus
3696 2504 3787 2561 est

506 2599 659 2669 tagiis
680 2612 958 2653 exuamur.
990 2597 1111 2664 Per,
1140 2606 1245 2651 etc.
2191 2595 2353 2652 hodie
2402 2602 2764 2665 peccatorum,
2816 2599 2869 2649 et
2900 2604 2927 2647 a
2960 2592 3235 2664 culparum
3286 2595 3635 2665 subreptione
3678 2602 3779 2654 nos

577 2691 719 2746 Vere
758 2690 996 2760 dignum.
1030 2686 1163 2743 Ecce
1188 2690 1347 2759 enim,
1380 2688 1517 2745 sicut
1552 2703 1649 2758 per
1679 2704 1739 2744 os
1768 2690 1976 2745 locutus
2005 2700 2089 2747 est
2192 2686 2396 2761 espiet,
2420 2698 2472 2746 et
2502 2689 2571 2744 ab
2604 2686 2839 2743 hostium
2865 2686 3175 2744 incursione
3213 2684 3483 2745 defendat.
3517 2688 3643 2758 Per,
3668 2700 3771 2747 etc.

505 2782 908 2852 prephetarum,
938 2781 1091 2853 Virgo
1112 2784 1165 2835 in
1183 2790 1328 2836 utero
1343 2783 1560 2852 accepit,
1579 2790 1626 2836 et
1645 2784 1840 2855 peperit
1862 2780 2084 2850 Filium,
2265 2793 2289 2832 ε
2315 2784 2410 2852 Da,
2436 2784 2768 2853 quaesumus,
2799 2778 3045 2850 Domine,
3073 2780 3272 2851 populo
3295 2791 3387 2836 tuo
3412 2780 3772 2840 inviolabilem

504 2882 552 2927 et
587 2881 819 2927 vocatum
855 2886 1031 2927 nomen
1065 2874 1174 2945 ejus
1205 2871 1541 2945 Entmanuei,
1584 2883 1632 2927 et
1659 2874 1919 2928 nobiscum
1946 2872 2086 2931 Deus
2191 2868 2314 2932 iidei
2344 2875 2671 2944 ﬁrmitatem,
2696 2884 2749 2930 ut
2771 2870 2861 2947 qui
2876 2866 3220 2945 Unigenitum
3246 2875 3464 2931 tuumin
3493 2886 3583 2931 tua
3601 2886 3774 2935 tecum

502 2975 611 3033 cst;
636 2966 754 3035 quia
786 2958 1006 3021 Verbum
1025 2982 1147 3035 caro
1179 2964 1371 3035 factum
1393 2965 1636 3019 habitavit
1666 2964 1718 3019 in
1760 2964 1923 3025 nobis.
1954 2963 2088 3023 Ecce
2189 2970 2363 3041 gloria
2390 2969 2776 3039 sempiternum
2799 3008 2814 3034 ,
2867 2966 2921 3020 in
2952 2968 3181 3022 veritate
3210 2969 3377 3022 ucstri
3413 2970 3658 3038 corporis
3686 2984 3775 3025 na-

506 3078 634 3131 pucr
655 3068 801 3115 natus
829 3068 899 3115 est
923 3060 1112 3125 hodie;
1144 3059 1387 3129 parvulus
1429 3060 1581 3115 datus
1622 3068 1696 3114 est
1729 3061 1897 3128 nobis,
1928 3068 1976 3115 et
2002 3062 2087 3131 {a-
2189 3068 2302 3120 tum
2333 3060 2401 3120 de
2442 3072 2611 3117 matre
2640 3060 2859 3131 Virgine
2890 3060 3215 3117 confitentur
3240 3102 3253 3126 ,
3285 3068 3338 3117 et
3367 3074 3394 3114 a
3421 3062 3775 3131 prmscntibus

502 3165 611 3209 ctus
634 3163 704 3209 est
731 3155 1069 3225 principatus,
1094 3156 1237 3225 cujus
1260 3164 1480 3224 potestas
1502 3170 1652 3225 super
1669 3154 1908 3209 humeros
1933 3157 2081 3227 ejus;
2194 3146 2486 3212 liberentur
2513 3150 2775 3222 adversis,
2814 3154 2865 3208 et
2900 3150 3167 3208 mansuris
3201 3151 3408 3224 gaudiis
3442 3155 3765 3209 inserantur.

503 3257 548 3304 et
571 3247 829 3302 vocabitur
859 3245 1199 3314 admirabilis,
1230 3245 1575 3311 consiliarius,
1620 3246 1751 3301 Deus
1777 3248 1955 3317 fortis,
1989 3264 2081 3319 pa—
2108 3236 2154 3305 C
2189 3248 2310 3316 Per,
2340 3256 2444 3303 etc.

504 3348 579 3394 ter
606 3340 767 3409 futuri
806 3336 1009 3405 sccculi,
1053 3339 1287 3408 princeps
1320 3338 1480 3409 pacis’.
1512 3336 1939 3410 Muttiplicabitur
1968 3340 2079 3406 eius
2259 3341 2411 3416 151
2464 3340 2526 3395 V.
2582 3338 2713 3394 Item
2744 3339 2867 3393 alia.
2898 3368 2969 3379 —
3012 3334 3041 3375 ³³
3089 3326 3169 3392 Da
3211 3338 3388 3404 nobis,
3432 3336 3754 3405 omnipotens

505 3434 798 3501 imperium,
834 3443 881 3485 et
920 3432 1059 3501 pacis
1090 3446 1193 3483 non
1218 3430 1313 3483 erit
1343 3430 1490 3499 ﬁnis,
1515 3446 1669 3502 super
1700 3431 1886 3486 solium
1912 3430 2083 3487 David
2185 3436 2343 3501 Deus,
2374 3444 2431 3489 ut
2475 3434 2613 3489 sicut
2652 3426 2919 3489 adoranda
2950 3422 3073 3488 Filii
3116 3428 3197 3487 tui
3236 3424 3471 3486 Nataiitia
3493 3428 3753 3501 praeveni-

505 3536 551 3581 et
584 3543 733 3597 super
780 3542 992 3596 regnum
1018 3528 1153 3598 ejus,
1203 3532 1255 3577 ut
1285 3526 1547 3591 conﬁrmet
1572 3524 1704 3578 illud
1728 3535 1777 3579 et
1794 3525 2081 3580 corroboret
2184 3542 2323 3593 mus,
2349 3526 2425 3582 sic
2454 3524 2569 3597 ejus
2597 3541 2817 3581 munera
2848 3523 3121 3595 capiamus
3161 3525 3479 3594 sempiterna
3508 3518 3750 3593 gaude“3

505 3620 690 3673 amode
731 3628 777 3674 ct
815 3634 974 3688 usque
997 3618 1051 3672 in
1086 3615 1470 3685 sempiternum.
1503 3614 1561 3671 ln
1603 3616 1797 3687 quibus
1835 3617 2083 3675 omnibus
2187 3629 2286 3679 tes.
2314 3622 2437 3689 Per,
2468 3631 2575 3677 etc.

505 3713 782 3769 evidenter
840 3712 1007 3766 Deum
1073 3708 1453 3778 hominemque
1509 3710 1885 3779 cognoscimus
1923 3751 1939 3775 ,
1992 3712 2081 3781 qui
2263 3714 2280 3752 ί
2314 3714 2487 3770 Tanto
2513 3727 2633 3781 nos,
2663 3710 2913 3778 Domine,
2944 3720 3270 3780 qumsumus,
3304 3706 3631 3779 promptiore
3656 3720 3772 3762 ser-

504 3805 843 3875 suscipiendo
888 3802 1031 3873 quod
1066 3811 1304 3857 nostrum
1352 3809 1458 3866 est,
1500 3799 1749 3873 dignatus
1793 3812 1875 3858 est
1927 3803 2083 3859 nobis
2186 3808 2317 3865 vitio
2347 3806 2462 3862 hinc
2511 3808 2840 3875 praecurrere
2887 3800 3123 3856 concede
3154 3800 3439 3866 solemnia,
3489 3806 3685 3867 quanto
3717 3797 3775 3852 in

504 3900 755 3957 conferre
782 3895 921 3965 quod
950 3910 1104 3951 suum
1134 3903 1232 3950 est.
1262 3894 1418 3953 Unde
1446 3894 1679 3965 profusis
1714 3894 1951 3965 gaudiis,
1977 3903 2080 3951 etc.
2187 3902 2270 3957 his
2293 3909 2541 3956 constare
2585 3893 2904 3968 principium
2939 3900 3137 3949 nostrae
3164 3889 3551 3960 redemptionis
3587 3897 3773 3945 osten-

581 3989 737 4061 150
764 3987 847 4041 lll.
876 3986 1009 4040 Item
1042 3987 1167 4041 alia.
1218 3987 1407 4043 Munus
1442 3986 1623 4058 populi
1672 3986 1771 4053 tui,
1812 3976 2081 4055 Domine:
2187 3996 2289 4050 dis.
2323 3995 2447 4059 per,
2479 4000 2581 4047 etc.

502 4082 743 4152 placatus
764 4078 998 4145 intende,
1024 4094 1129 4149 quo
1155 4095 1259 4135 non
1282 4080 1539 4136 altaribus
1563 4082 1667 4135 tuis
1688 4080 1823 4151 ignis
1846 4080 2071 4149 alienus,
2258 4085 2396 4141 Vere
2427 4083 2662 4154 dignum.
2691 4078 3013 4137 Soiemnitas
3056 4076 3222 4141 enim,
3259 4072 3512 4139 Domine,
3536 4074 3785 4131 caelestis

505 4188 608 4230 nec
644 4172 1113 4255 \irrationabiliunt
1156 4187 1316 4231 cruor
1364 4170 1660 4229 eﬂ‘unditur
1706 4171 2037 4228 animantum
2058 4210 2074 4240 ,
2185 4176 2333 4251 pacis
2365 4174 2680 4244 ingreditur.
2706 4172 3022 4240 Quaesumus
3049 4177 3106 4224 ut
3132 4185 3225 4238 per
3253 4183 3369 4225 eam
3401 4167 3653 4237 gratiam,
3682 4182 3787 4237 per

503 4266 600 4322 sed
630 4267 799 4323 sancti
822 4265 1048 4335 Spiritus
1078 4275 1334 4337 operante
1360 4268 1588 4333 virtute,
1612 4265 1931 4321 sacrificium
1967 4266 2080 4337 jam
2186 4284 2344 4343 quam
2380 4267 2471 4323 tibi
2499 4264 2872 4321 reconciliatus
2899 4272 2983 4316 est
3028 4259 3255 4315 mundus
3297 4266 3641 4327 peccatorum
3683 4273 3784 4313 re-
3850 4268 3853 4269 '

502 4366 778 4428 nostrum.
828 4372 1020 4428 corpus
1065 4366 1122 4419 et
1161 4359 1377 4429 sanatus
1421 4368 1504 4416 est
1545 4358 1715 4431 ipsius
1764 4358 2078 4414 sacerdous.
2185 4362 2441 4421 missione
2489 4368 2820 4421 cunctorum,
2869 4368 2966 4410 nos
3022 4368 3232 4424 quoque
3270 4351 3477 4406 delictis
3522 4351 3791 4408 omnibus

503 4452 627 4520 Per!
659 4460 763 4508 εισι
2187 4455 2408 4526 expiati,
2438 4450 2688 4510 remediis
2710 4459 2810 4504 tuin
2848 4444 3061 4518 pietatis
3083 4452 3348 4515 aptemur,
3374 4451 3428 4498 et
3455 4443 3793 4514 mysterium

574 4545 716 4603 Vere
739 4546 979 4617 dignum.
1011 4546 1124 4603 Hoc
1157 4546 1451 4615 praesertim
1470 4545 1557 4601 die
1577 4560 1682 4616 quo
1704 4559 1874 4615 ipsum
1896 4544 2081 4599 salutis
2126 4610 2137 4615 ἢ
2186 4546 2328 4619 quod
2361 4544 2560 4601 exstitit
2608 4542 2806 4597 mundo
2850 4539 3087 4594 salutare
3114 4581 3128 4605 ,
3176 4535 3482 4607 principalis
3520 4535 3794 4592 recorda-

503 4645 705 4693 nostrae
734 4646 1130 4694 sacramentum
1175 4639 1228 4695 in
1256 4637 1428 4695 lucem
1462 4637 1700 4706 gentium
1731 4637 2004 4703 reveiasti,
2031 4645 2085 4693 et
2111 4627 2165 4690 D
2194 4639 2335 4693 tione
2364 4635 2597 4691 muneris
2626 4647 2991 4701 assequamur.
3021 4630 3143 4697 Per,
3175 4638 3278 4683 etc.

503 4730 571 4787 ab
620 4730 750 4784 uteri
784 4729 1057 4799 virginalis
1086 4743 1281 4785 arcano
1329 4728 1583 4784 ineffabili
1615 4728 1851 4783 editione
1884 4729 2083 4798 promi-
2261 4731 2419 4793 Deus,
2451 4728 2541 4797 qui
2571 4742 2666 4781 nos
2689 4722 3007 4782 sacramenti
3038 4722 3111 4776 tui
3136 4719 3544 4791 participatione
3559 4723 3795 4778 contiu-

502 4822 619 4879 sisti
646 4838 658 4875 :
685 4819 898 4892 Erigens
932 4822 1073 4876 nobis
1102 4837 1261 4875 cornu
1285 4819 1467 4876 salutis
1494 4822 1545 4873 in
1571 4822 1717 4875 domo
1742 4817 1906 4874 David
1936 4824 2082 4891 pueri
2184 4823 2290 4894 gis,
2313 4822 2521 4876 virtutis
2550 4818 2666 4889 eius
2686 4816 2907 4873 euectus
2932 4816 2985 4869 in
3012 4814 3210 4869 nostris
3234 4812 3488 4868 cordibus
3519 4828 3795 4884 operare,

503 4919 599 4983 tui,
635 4918 702 4970 ad
734 4918 961 4972 dandam
984 4915 1247 4971 scientiam
1268 4915 1445 4971 salutis
1465 4914 1654 4986 popqu
1683 4924 1768 4968 tuo
1808 4915 1861 4968 in
1900 4916 2077 4969 remis-
2188 4925 2244 4971 ut
2271 4912 2608 4984 suscipiendo
2630 4909 2838 4965 muneri
2862 4919 2951 4963 tuo
2974 4921 3067 4978 per
3088 4906 3258 4976 ipsum
3282 4914 3474 4960 munus
3500 4913 3798 4975 aptentur.

502 5008 695 5063 sionem
736 5017 1056 5083 peccatorum
1092 5021 1271 5061 eorum
1294 5044 1310 5073 ,
1353 5022 1443 5076 per
1481 5006 1672 5060 viscera
1715 5006 2077 5066 misericordia
2182 5007 2307 5073 Per,
2340 5014 2446 5063 etc.

576 5218 601 5245 ιι
628 5208 797 5263 Codd.
830 5207 1077 5275 Gregor,
1102 5210 1157 5257 et
1175 5202 1387 5275 iilissaie
1410 5200 1571 5275 130m.
1616 5199 1753 5275 hanc
1776 5198 2075 5256 orationem
2188 5198 2383 5275 vigiliae
2410 5194 2713 5254 Nativitatis
2738 5193 2966 5261 Domini,
2990 5198 3041 5247 ct
3064 5190 3201 5260 apud
3222 5189 3516 5246 Pamelium
3544 5200 3697 5249 tom.
3725 5196 3800 5269 ll,

506 5280 761 5340 exhibent
784 5280 833 5331 in
865 5269 1023 5330 MiSSa
1051 5274 1155 5328 diei
1187 5272 1392 5344 Natalis
1422 5269 1649 5344 Dtnnini.
1729 5342 1755 5344 __
1831 5340 1836 5344 ~
2183 5270 2393 5344 p._18_8.

574 5326 1211 5412 linlisiiiiitliﬁriluwatapud
1234 5326 1413 5397 Gelas.
1447 5343 1538 5396 lib.
1572 5326 1608 5407 i,
1641 5359 1694 5397 n.
1728 5342 1779 5398 5.
1831 5340 1836 5344 ’
1896 5411 1909 5412 7
2183 5326 2201 5342 ’
2230 5326 2499 5412 νΐῐὶρηΐρτ
2531 5337 2709 5412 Ceius.
2750 5334 2840 5389 lib.
2890 5348 2936 5399 ι,
2965 5349 3022 5387 n.
3047 5326 3081 5385 ι
3103 5374 3117 5402 ,
3146 5343 3198 5388 et
3238 5332 3533 5388 Pamelium
3575 5336 3803 5397 eodem

577 5434 600 5461 ε
628 5419 844 5487 Legitur
885 5418 935 5487 in
958 5406 1149 5487 'Gelas.
1186 5415 1275 5469 lib.
1319 5429 1364 5476 ι,
1400 5429 1453 5465 u.
1487 5415 1519 5467 ὅ
1552 5406 1602 5467 ct
1632 5413 1682 5487 in
1714 5427 1841 5487 mss.
1877 5411 2078 5487 Gregof
2183 5406 2405 5487 tom._ll,
2440 5408 2648 5487 p.__Ei50.
2688 5479 2697 5487 _
2854 5478 2900 5487 Η
2968 5477 3001 5487 Α
3222 5476 3233 5487 .
3499 5474 3528 5487 Α,

504 5494 669 5548 rianis
687 5476 874 5543 eundem
905 5486 1062 5541 festo.
1101 5485 1224 5539 Mox
1244 5501 1404 5537 sacrit:
1435 5496 1515 5538 est
1546 5484 1758 5537 varians
1785 5481 1962 5546 lectio,
1990 5476 2074 5536 vel
2253 5492 2277 5529 ις
2322 5476 2649 5535 DesCribitur
2686 5479 2737 5533 in
2768 5478 2925 5533 codd.
2963 5477 3186 5546 Gregor.
3220 5476 3359 5531 inter
3400 5476 3696 5536 orationes
3730 5482 3807 5537 de

506 5560 892 5632 supplendum,
922 5568 976 5611 nt
1002 5556 1143 5625 apud
1172 5556 1472 5621 Gelasium,
1508 5556 1666 5610 beata:
1697 5552 1881 5607 Maria:
1917 5567 2075 5607 sacri:
2179 5550 2351 5632 Natali
2384 5550 2655 5632 Dp‘uiini._
2830 5618 2869 5632 Μ
2907 5620 2942 5632 η
2985 5618 3014 5632 ,Α
3162 5616 3196 5632 “
3281 5618 3311 5632 Δ,
3360 5618 3369 5627 _

514 5614 977 5703 νίςῇεήίδνανέίηπ,
1328 5697 1339 5703 -
1459 5614 1469 5621 ’
1547 5695 1558 5703 ι
1774 5694 1788 5703 _
1938 5692 1955 5703 -
2024 5702 2029 5703 γ
2253 5619 2279 5659 δ
2314 5614 2586 5703 Εδιβρδξει
2610 5618 3125 5703 γίεἰιίξξξΝοῑίνὶιθμε
3162 5616 3392 5703 Domitii.
3424 5614 3550 5703 llaec
3599 5622 3806 5703 oratio

578 5682 797 5756 {Ceddi
836 5698 996 5769 Gt-eg.
1035 5698 1171 5753 hanc
1208 5697 1502 5752 orationem
1546 5695 1648 5749 hoc
1690 5694 1880 5751 eodem
1934 5692 2074 5750 festo
2182 5704 2262 5749 est
2283 5693 2421 5763 apud
2450 5682 2720 5771 Gelasium
2884 5705 3012 5771 l,.li';
3046 5689 3095 5754 1,
3126 5690 3257 5745 etin
3298 5687 3651 5759 Gregoriauo
3692 5682 3800 5754 Si.

507 5773 781 5831 exhibent.
946 5758 973 5769 ⁷
2181 5758 2559 5825 crauientario,
2586 5777 2645 5814 ac
2670 5760 2721 5813 in
2748 5760 2945 5815 Missail
2975 5758 3131 5816 Rom.

574 5856 604 5905 3
636 5844 731 5903 Est
759 5844 810 5900 in
842 5840 1039 5901 Missali
1075 5839 1298 5897 Gothico
1323 5838 1473 5894 card.
1505 5834 1780 5895 'i‘homasii
1816 5836 1870 5894 in
1908 5832 2070 5893 Missa
2259 5833 2274 5871 ί
2311 5832 2462 5903 Apud
2485 5832 2662 5890 Gelas.
2699 5831 2915 5887 ibidem.
