4018 6314
438 5280 447 5355 l

435 5372 441 5421 l

472 362 568 418 151

1450 350 1681 409 οΡεΒΑ
1716 350 1775 407 S.
1822 346 2023 404 LEONI
2061 344 2298 402 MAGNO
2337 342 2753 403 ATTRIBIJTA.

3638 341 3761 402 152

472 476 608 529 listae
647 471 895 528 Natalitia
925 478 1262 526 venerantes.
1316 466 1416 534 Qui
1447 465 1658 520 Domini
1707 463 1875 519 nostri
1919 462 2046 517 Jesu
2073 462 2129 523 Δ
2229 458 2383 532 155
2437 468 2460 498 ο
2489 458 2788 514 Ecclesiam
2821 466 2991 527 tuam,
3022 458 3271 527 Domine,
3317 458 3579 528 benignus
3616 457 3759 513 ilIu-
3794 444 3813 463 ’

483 564 668 619 L‘liristi
695 564 902 618 Filiitui
935 564 1218 617 vocatione
1239 570 1508 629 suscepta,
1541 569 1812 613 terrenum
1845 554 2052 624 respuit

486 667 715 728 patrem,
744 669 798 712 ut
831 668 1008 727 posset
1035 656 1273 711 invenire
1319 656 1622 718 cmlestem,
1675 654 1806 706 retia
1847 648 2049 710 szeculi,

481 752 676 821 quibus
720 752 1110 822 implicabatur,
1167 750 1389 819 abjecit,
1442 758 1498 803 ut
1549 746 1862 802 aeternitatis
1909 744 2049 799 dona

474 853 657 900 mente
693 843 863 898 libera
889 852 1216 909 sectaretur;
1267 851 1541 896 nutantem
1580 839 1831 895 fluctibus
1860 852 2054 893 navem

475 936 712 1005 reliquit,
735 946 791 990 ut
808 938 861 990 in
889 936 1260 991 ecclesiasticis
1292 933 1453 1007 155.
1481 933 1881 1003 gubernationis
1901 941 2053 987 tran-

474 1030 736 1099 quillitate
783 1030 1133 1095 consisteret;
1176 1043 1206 1083 a
1242 1030 1468 1107 piscium
1498 1026 1746 1098 captione
1796 1025 2050 1088 cessavit,

474 1132 533 1184 ut
562 1126 788 1191 animas,
827 1124 1111 1180 mundanis
1150 1123 1448 1195 gurgitibus
1499 1124 1801 1182 immersas.
1845 1120 2054 1176 calamo

475 1218 729 1274 doctrinae
776 1219 1025 1273 salutaris
1067 1219 1435 1283 abstraheret;
1466 1215 1672 1271 destitit
1718 1214 1889 1283 pelagi
1932 1230 2055 1280 pro-

473 1311 636 1365 fundo
682 1312 847 1377 mari,
892 1321 1225 1367 secretorum
1273 1319 1538 1365 scrutator
1572 1308 1814 1365 redditus
1848 1308 2056 1363 divino-

471 1417 611 1456 rum.
643 1402 719 1456 Eo
748 1418 917 1473 usque
974 1401 1296 1470 procedens,
1338 1409 1396 1456 ut
1427 1410 1482 1456 et
1521 1401 1575 1455 in
1604 1414 1775 1456 omnm
1814 1402 2057 1470 mystica:

472 1504 820 1550 sacrosancto
870 1494 1121 1549 convivio
1164 1495 1219 1547 in
1260 1493 1426 1560 ipsius
1474 1493 1812 1549 recumberet
1841 1499 2058 1561 pectore

472 1587 792 1653 Salvatoris,
817 1596 871 1642 et
898 1602 1018 1642 eum
1046 1587 1099 1641 in
1129 1602 1289 1644 cruce
1313 1586 1567 1641 Dominus
1591 1587 1915 1641 constitutus
1931 1625 1947 1649 ,
1982 1585 2063 1640 vi-

473 1681 678 1735 carium
706 1681 810 1743 sui,
852 1679 1007 1734 matri
1034 1678 1262 1750 Virgini,
1314 1678 1482 1734 lilium
1523 1679 1863 1749 subrogaret,
1907 1687 1963 1735 et
2002 1683 2058 1735 in

475 1772 729 1840 principio
766 1771 999 1837 Verbum,
1028 1771 1165 1842 quod
1204 1770 1341 1825 Deus
1371 1780 1478 1825 erat
1511 1771 1655 1839 apud
1701 1769 1893 1838 Deum,
1944 1786 2056 1842 prae

476 1862 685 1917 caeteris
712 1862 1016 1918 ostenderet
1034 1862 1449 1931 praedicandum.
1475 1861 1599 1929 Per,
1628 1871 1735 1918 etc.

546 1954 747 2008 Praesta
778 1954 951 2019 nobis,
980 1954 1226 2020 Domine,
1252 1968 1581 2024 quaesumus,
1630 1952 1940 2024 apostolicis
1968 1953 2061 2009 do-

476 2045 662 2101 ctrinis
710 2054 765 2100 et
816 2046 1069 2115 precibus
1120 2046 1382 2116 adjuvari,
1431 2056 1489 2101 ut
1536 2045 1679 2113 quod
1704 2047 2059 2115 praesentibus

474 2136 810 2191 celebramus
836 2137 1054 2206 officiis,
1080 2150 1353 2208 perpetua:
1379 2136 1695 2192 salvationis
1720 2136 1826 2208 (Al.
1857 2137 2063 2193 redem-

474 2226 696 2299 ptionis)
722 2229 929 2297 gaudiis
950 2244 1320 2299 assequamur.
1341 2228 1461 2295 Per,
1486 2238 1590 2284 etc.

547 2319 902 2390 Prosequere,
930 2321 1173 2390 Domine,
1204 2323 1459 2392 populum
1490 2330 1663 2389 tuum,
1704 2328 1763 2377 ut
1789 2320 2059 2393 apostolo-

474 2428 593 2467 rum
610 2413 854 2469 Natalitia
881 2415 1034 2469 beata
1081 2427 1386 2471 sanctorum
1408 2426 1464 2471 et
1491 2415 1773 2484 temporali
1809 2414 2059 2470 consola-

474 2505 620 2560 tione
652 2505 814 2560 fultus
834 2520 1047 2576 semper
1075 2514 1341 2573 exerceat,
1388 2516 1444 2564 et
1492 2516 1694 2563 aeterna
1717 2506 2063 2564 miseratione

471 2597 786 2668 redemptus
816 2609 1092 2669 agnoscat.
1118 2598 1240 2664 Per,
1267 2609 1372 2655 etc.

545 2693 610 2749 ll.
637 2693 770 2748 Item
798 2695 925 2750 alia.
951 2724 1023 2737 -—
1049 2694 1297 2751 Natalitia
1340 2697 1513 2753 sancti
1547 2697 1771 2755 Joannis
1811 2697 2061 2768 apostoli,

474 2798 803 2855 quasumus,
834 2786 1087 2853 Domine,
1119 2802 1342 2844 munera
1364 2789 1671 2860 capiamus,
1704 2797 1763 2844 ut
1801 2790 1913 2846 suis
1940 2805 2065 2861 pre—

476 2879 628 2934 cibus
655 2880 923 2950 gloriosis,
952 2889 1009 2937 et
1046 2881 1376 2937 credendum
1406 2882 1560 2937 nobis
1585 2882 1783 2952 jngiter
1806 2883 2064 2953 postulet,

475 2978 530 3026 et
543 2971 870 3040 sequendum
886 2972 1075 3027 beatus
1097 2971 1431 3043 Evangelista
1450 2971 1589 3043 quod
1601 2973 1799 3028 docuit.
1817 2972 1937 3040 Per,
1956 2982 2066 3032 etc.

553 3070 581 3097 ι
610 3061 1102 3131 Supplicationibus
1127 3062 1437 3133 apostolicis
1468 3063 1612 3120 beati
1644 3065 1866 3122 Joannis
1893 3065 2068 3122 Evan-

478 3155 703 3227 gelistae,
732 3170 1060 3226 quaesumus,
1118 3155 1373 3213 Ecclesiae
1428 3166 1553 3220 tuae,
1609 3158 1865 3227 Domine,
1915 3174 2066 3216 com-

2154 562 2289 616 stra,
2326 562 2383 607 ut
2410 552 2717 621 apostolicis
2764 554 2907 609 beati
2950 552 3172 608 Joannis
3215 552 3574 623 Evangelista:
3610 551 3756 607 illu-

2155 647 2352 700 minata
2378 646 2658 710 doctrinis,
2684 646 2749 700 ad
2775 646 2915 701 dona
2942 646 3238 716 perveniat,
3265 660 3383 715 qua:
3405 644 3474 701 de
3498 653 3588 700 tua
3608 642 3757 700 fide-

2153 737 2293 794 libus
2313 737 2665 796 retributione
2695 739 2963 810 promisit.
2994 738 3117 807 Per,
3146 748 3253 793 etc.

2869 898 3021 955 XLII.

2613 1010 2693 1081 {In
2722 1012 2883 1066 natali
2913 1010 3272 1066 Innocentum.

2224 1122 2393 1179 Ι.--⁴ι
2415 1124 2576 1192 Deus,
2627 1126 2717 1194 qui
2766 1125 2923 1181 bonis
2961 1126 3067 1180 tuis
3099 1125 3361 1180 infantum
3405 1139 3624 1196 quoque
3678 1125 3759 1181 tui

2156 1216 2335 1273 nescia
2378 1218 2699 1274 sacramenti
2732 1216 2904 1281 corda
2954 1217 3240 1287 prmcedis,
3286 1216 3485 1281 tribue,
3533 1231 3765 1286 quaesu-

2156 1324 2298 1373 mus,
2332 1320 2389 1364 ut
2418 1318 2617 1364 nostra:
2643 1310 2988 1365 conscientiae
3019 1309 3269 1365 fiduciam
3319 1326 3427 1365 non
3457 1307 3759 1377 habentes,

2159 1401 2489 1469 indulgentia
2511 1417 2724 1472 semper
2750 1403 2967 1471 copiosa
3001 1402 3313 1472 praeveniat.
3348 1401 3472 1468 Per,
3500 1412 3611 1458 etc.

2230 1494 2477 1565 Suscipe,
2507 1496 2752 1560 Domine,
2800 1509 3129 1566 quaisumus,
3168 1493 3482 1549 devotorum
3524 1509 3765 1551 munera

2160 1586 2504 1655 famulorum,
2539 1595 2594 1642 et
2634 1589 2739 1642 tuis
2775 1587 2968 1642 divinis
3021 1585 3243 1657 puriliea
3291 1586 3591 1642 servientes
3635 1586 3764 1656 pie-

2161 1687 2271 1734 tate
2319 1680 2611 1752 mysteriis,
2656 1680 2851 1750 quibus
2895 1679 3056 1735 etiam
3108 1678 3369 1748 justifieas
3414 1678 3759 1749 ignorantes.

2162 1770 2286 1839 Per,
2316 1782 2421 1826 etc.

2086 1835 2138 1896 B
2237 1835 2419 1917 {Vere
2457 1860 2702 1931 dignum.
2733 1859 2988 1915 Pretiosis
3013 1860 3156 1915 enim
3194 1860 3461 1916 mortibus
3486 1862 3751 1932 parvulo-

2162 1969 2305 2017 rum,
2335 1968 2489 2020 quos,
2526 1962 2745 2022 propter
2774 1951 2895 2007 Filii
2924 1953 2997 2007 tui
3032 1952 3241 2007 Domini
3275 1954 3443 2008 nostri
3478 1962 3532 2009 et
3558 1954 3765 2011 Salva-

2163 2044 2297 2099 toris
2344 2043 2646 2108 infamiam,
2701 2042 2913 2098 bestiali
2962 2043 3170 2098 saevitia
3219 2044 3463 2099 Herodes
3508 2043 3765 2102 funestus

2163 2136 2384 2197 occidit,
2419 2137 2678 2191 immensa
2706 2136 3007 2191 clementia:
3042 2148 3145 2190 tuae
3176 2136 3317 2192 dona
3356 2140 3766 2206 cognoscimus.

2163 2228 2355 2297 Fulget
2384 2242 2617 2298 namque
2644 2227 2813 2293 magis
2852 2229 2965 2283 sola
2994 2228 3163 2298 gratia
3207 2242 3367 2299 quam
3397 2229 3669 2295 voluntas,
3709 2239 3768 2286 et

2163 2321 2307 2376 clara
2333 2329 2417 2375 est
2447 2320 2593 2388 prius
2618 2318 2891 2376 confessio
2919 2335 3079 2391 quam
3129 2320 3370 2390 loquela;
3409 2329 3535 2376 ante
3574 2323 3769 2387 passio

2165 2425 2325 2482 quam
2369 2412 2607 2467 membra
2655 2413 2919 2481 passionis
2962 2415 3292 2480 existerent;
3334 2422 3501 2470 testes
3527 2412 3763 2485 Christi,

2166 2505 2256 2577 qui
2286 2504 2404 2573 ejus
2447 2504 2682 2560 nondum
2712 2506 2923 2581 fuerant
2950 2509 3245 2574 agnitores.
3277 2508 3321 2562 0
3351 2506 3563 2565 inﬁnita
3606 2509 3766 2567 beni~

2164 2597 2378 2669 gnitasl
2412 2613 2534 2654 cum
2566 2613 2662 2668 pro
2704 2612 2803 2654 suo
2842 2597 2863 2638 ί
2886 2601 3092 2655 nomine
3138 2600 3439 2668 trucidatis,
3469 2606 3634 2657 etiam
3663 2618 3764 2659 ne-

2166 2689 2483 2757 scientibus,
2532 2692 2780 2746 meritum
2816 2692 3002 2762 gloriae
3046 2694 3225 2761 perire
3251 2709 3356 2747 non
3391 2695 3622 2763 patitur;
3656 2695 3760 2752 sed

2169 2784 2387 2854 proprio
2435 2799 2629 2841 cruore
2698 2784 2957 2855 perfusis,
3010 2793 3065 2841 et
3127 2786 3280 2841 salus
3334 2788 3762 2857 regenerationis

2167 2877 2436 2947 expletur,
2461 2887 2516 2949 et
2544 2876 2841 2947 imputatur
2865 2892 3067 2934 corona
3094 2880 3363 2951 martyrii.
3392 2880 3517 2947 Per,
3544 2893 3652 2940 etc.

2241 2976 2268 3017 s
2288 2967 2573 3023 Hodierna:
2596 2968 2955 3025 solemnitatis
2977 2971 3226 3025 ell'ectuni
3258 2974 3607 3041 sumpsimus,
3656 2974 3763 3030 Do-

2168 3060 2340 3126 mine,
2386 3062 2577 3130 gaudia
2610 3078 2798 3130 magna
2839 3061 2907 3116 de
2937 3063 3139 3131 parvis,
3174 3063 3489 3132 suppliciter
3530 3080 3760 3122 exoran~

2170 3160 2251 3209 tes
2281 3162 2340 3209 ut
2365 3154 2503 3209 hanc
2523 3154 2908 3209 abundantiam
2932 3155 2987 3208 in
3013 3164 3196 3211 nostra
3219 3171 3435 3227 quoque
3456 3156 3761 3216 salvatione

478 3214 765 3304 intendetur
796 3248 1017 3317 oblatio,
1046 3214 1209 3319 cujus
1250 3214 1551 3321 magnificis
1587 3214 2061 3322 praedicationibus
2088 3214 2136 3280 ο
2169 3246 2452 3305 defendas.
2482 3247 2608 3314 Per.
2630 3256 2740 3301 etc.

479 3339 743 3397 eruditur.
766 3338 888 3403 Per,
917 3349 1023 3397 etc.

550 3430 691 3485 Vere
720 3430 960 3500 dignum.
997 3432 1144 3487 Beati
1187 3432 1411 3490 Joannis
1462 3436 1687 3505 apostoli
1714 3437 1941 3507 gloriam
1970 3454 2064 3496 re-

481 3528 785 3575 censentes.
822 3520 923 3587 Qui
946 3523 1013 3577 ab
1035 3521 1323 3595 Unigenito
1372 3535 1462 3581 tuo
1490 3528 1569 3583 sic
1598 3526 1935 3586 familiariter
1982 3539 2068 3587 est

480 3609 729 3677 dilectus,
760 3621 815 3667 et
842 3612 1119 3670 immensae
1155 3616 1342 3686 gratia:
1380 3617 1802 3674 revelationibus
1837 3621 2070 3689 inspira-

480 3713 589 3773 tus,
642 3714 700 3760 ut
748 3720 963 3763 omnem
997 3709 1399 3779 transgrediens
1454 3721 1800 3777 creaturam,
1854 3713 2067 3769 excelsa

482 3805 662 3852 mente
678 3800 1034 3867 conspiceret,
1064 3809 1119 3855 et
1147 3802 1454 3872 evangeliea
1484 3817 1615 3858 voce
1637 3805 1918 3875 proferret,
1941 3806 2068 3876 quia

480 3891 533 3942 in
564 3890 812 3959 principio
832 3903 941 3946 erat
969 3892 1213 3960 Verbum,
1237 3904 1285 3947 et
1327 3894 1466 3948 Deus
1491 3904 1599 3949 erat
1637 3895 1878 3965 Verbum,
1909 3896 1937 3938 δ
1979 3901 2069 3971 qui

480 3982 576 4034 hoc
605 3991 712 4035 erat
756 3984 807 4036 in
851 3985 1109 4054 principio
1159 3986 1299 4056 apud
1345 3984 1530 4040 Deum.
1584 3986 1823 4043 Dicendo
1872 3990 2069 4061 quippe

478 4080 607 4135 erat,
638 4077 1047 4142 perpetuitatem
1068 4074 1351 4130 sineinitio
1373 4074 1781 4132 demonstravit.
1805 4080 2068 4136 Addendo

480 4173 523 4218 et
546 4162 687 4217 Deus
714 4172 821 4218 erat
879 4164 1125 4233 Verbum,
1173 4177 1219 4221 et
1269 4168 1365 4221 hoc
1401 4176 1510 4222 erat
1556 4168 1610 4223 in
1646 4170 1900 4241 principio
1925 4174 2071 4243 apud

481 4254 666 4317 Deum,
693 4266 744 4309 et
774 4255 1172 4312 distinctionem
1201 4257 1421 4326 protulit
1449 4260 1809 4327 personalem,
1832 4270 1886 4317 et
1909 4278 2069 4321 unam

429 4390 433 4394 .
480 4355 533 4399 te
578 4362 698 4400 cum
757 4348 894 4402 Filio
924 4356 1017 4403 tuo
1075 4349 1333 4418 patefecit
1378 4350 1578 4407 habere
1633 4351 1913 4409 Deitatem.
1952 4355 2070 4421 Qua

480 4437 775 4503 majestatis
803 4447 1017 4492 (eterna:
1039 4441 1279 4495 claritate
1300 4441 1638 4512 deprompta,
1682 4458 1908 4500 summa:
1926 4446 2072 4503 Divi-

481 4526 637 4579 nitati
667 4526 885 4582 cederet
910 4539 1096 4583 vocata
1114 4531 1405 4599 gentilitas,
1439 4541 1493 4587 et
1526 4533 1908 4590 haereticorum
1934 4551 2067 4593 con-

481 4617 649 4672 futata
664 4620 925 4688 versutia,
944 4635 1042 4674 nec
1062 4620 1434 4676 confusionem
1452 4624 1812 4692 praetenderet
1830 4629 2068 4696 unionis,

483 4726 584 4769 nec
613 4711 1159 4783 conseinpiternitatis
1174 4713 1443 4769 minueret
1470 4714 1771 4773 veritatem.
1804 4719 1931 4786 Per,
1959 4730 2067 4778 etc.

556 4805 836 4859 Miserator
857 4813 909 4859 et
930 4805 1238 4861 misericors
1266 4806 1511 4873 Domine,
1554 4809 1645 4879 qui
1676 4824 1774 4865 nos
1799 4814 2071 4873 continuis

484 4895 784 4952 cmlestiunt
823 4904 1119 4966 martyrum
1150 4912 1255 4954 non
1292 4898 1500 4954 deseris
1526 4903 1898 4965 sacramentis.
1932 4920 2069 4975 pra:-

483 4999 585 5054 sta,
629 5003 955 5056 quzesunius,
1007 4997 1067 5043 ut
1122 5005 1241 5059 quae
1271 4989 1460 5046 sedulo
1489 4992 1825 5053 celebramus
1850 4996 2066 5067 affectu,

481 5091 633 5151 grato
659 5080 748 5136 tibi
780 5082 1137 5151 percipiamus
1166 5083 1447 5155 obsequio.
1485 5085 1609 5155 Per,
1649 5098 1756 5146 etc.

484 5256 920 5334 GregaOttobon.
942 5258 1219 5334 Myratorii
1246 5299 1263 5323 ,
1290 5258 1429 5325 apud
1460 5259 1771 5334 Menardum
1802 5270 1932 5318 tom.
1967 5263 2058 5334 ιιι,

484 5328 706 5401 colito,
734 5340 787 5383 et
817 5330 954 5398 apud
980 5328 1279 5401 Panielium
1307 5340 1433 5401 toni.
1480 5330 1543 5392 Il,
1577 5348 1627 5401 p.
1654 5332 1781 5388 551.

557 5410 583 5475 ξ
612 5400 742 5453 Vide
770 5402 948 5475 Gelae.
977 5400 1068 5454 lib.
1097 5400 1292 5475 t,_n._7,
1313 5411 1366 5454 et
1392 5400 1682 5456 Pamelium
1714 5412 1844 5458 tom.
1870 5404 1913 5469 l,
1940 5420 2060 5475 pag.

482 5469 610 5532 508,
642 5480 695 5525 et
726 5481 852 5523 tom.
889 5469 954 5533 ll,
981 5484 1097 5539 pag.
1130 5471 1252 5524 I90.

552 5539 583 5578 δ
609 5541 711 5615 I_’ro
730 5542 817 5611 qui
849 5540 1131 5615 legendum
1156 5542 1363 5615 videtur
1374 5550 1444 5615 et.
1476 5542 1816 5609 Muratorius,
1842 5555 1888 5599 et
1916 5547 2059 5615 quia.

560 5620 582 5647 ο
608 5611 741 5665 Fere
769 5611 955 5665 eadem
982 5622 1065 5666 est
1091 5612 1143 5665 in
1174 5612 1331 5666 codd.
1363 5611 1523 5680 Greg.
1558 5627 1620 5669 ac
1650 5615 1703 5668 in
1732 5611 2064 5672 Missaliﬂo-

485 5693 663 5737 manu.

554 5746 579 5787 δ
603 5750 797 5803 Confer
817 5749 995 5803 Gelas.
1029 5752 1119 5804 lib.
1148 5768 1186 5815 ι,
1220 5768 1272 5803 n.
1302 5751 1354 5804 8.

561 5828 585 5857 ο
609 5820 701 5874 Est
729 5820 783 5876 in
812 5821 1056 5878 omnibus
1082 5821 1238 5877 codd.
1266 5819 1628 5892 Gregorianis.

2096 4585 2153 4648 D

2240 3336 2525 3395 llLaetetur
2566 3352 2783 3409 semper
2825 3337 3065 3395 Ecclesia
3108 3345 3222 3405 tua,
3267 3339 3505 3407 Domine,
3537 3351 3749 3399 tuorum

2169 3430 2489 3490 celebritate
2524 3441 2860 3497 sanctorum,
2906 3439 2965 3486 et
3006 3431 3391 3488 misericordiae
3424 3443 3523 3486 tua:
3548 3432 3748 3502 iugiter

2170 3523 2481 3593 experiatur
2509 3521 2782 3588 effectum,
2808 3536 2918 3591 quo
2944 3529 3000 3575 et
3025 3519 3287 3592 fragilitas
3317 3522 3537 3578 humana
3575 3522 3757 3579 subsi-

2170 3626 2316 3684 stat,
2369 3627 2424 3673 et
2470 3616 2650 3673 divina
2704 3614 2938 3686 supplici
2987 3611 3293 3687 redemptio
3344 3631 3454 3673 non
3504 3626 3759 3688 negetur.

2170 3708 2295 3776 Per,
2327 3716 2433 3763 etc.
2910 3762 2911 3765 η

2243 3800 2306 3857 ll.
2346 3800 2480 3855 Item
2506 3800 2765 3854 πίει-³
2799 3798 2963 3869 Deus,
3010 3801 3103 3873 qui
3140 3800 3267 3856 licet
3306 3800 3383 3856 sis
3434 3815 3663 3871 magnus
3709 3800 3765 3858 ie

2173 3895 2402 3965 magnis,
2433 3892 2696 3948 mirabilia
2735 3903 2912 3948 tamen
2932 3893 3222 3963 gloriosius
3247 3892 3495 3964 operaris
3529 3909 3581 3948 in
3611 3892 3769 3948 mini-

2173 3988 2298 4051 mis,
2325 3987 2392 4041 da
2421 3987 2595 4050 nobis,
2628 4002 2959 4057 quaesumus,
2986 3989 3039 4042 in
3066 4003 3253 4044 eorum
3285 3986 3605 4043 celebritate
3630 4001 3768 4056 gau-

2172 4080 2324 4146 dere,
2346 4079 2435 4150 qui
2462 4078 2598 4134 Filio
2629 4088 2720 4134 tuo
2746 4079 2976 4136 Domino
3006 4091 3196 4135 nostro
3224 4080 3597 4135 testimonium
3627 4093 3769 4150 prc-

2174 4172 2409 4229 buerunt
2435 4171 2596 4226 etiam
2629 4186 2737 4226 non
2765 4172 3065 4242 loquentes.
3096 4172 3217 4235 Per,
3242 4180 3350 4227 etc.

2248 4264 2262 4311 ι
2292 4261 2512 4323 Adesto,
2562 4259 2811 4325 Domine,
2860 4264 3194 4322 muneribus,
3228 4260 3578 4315 innocentum
3607 4258 3768 4313 festi-

2175 4354 2343 4410 vitate
2370 4352 2673 4418 sacrandis,
2728 4363 2782 4407 et
2829 4364 3045 4423 praesta,
3096 4365 3427 4422 quaesumus,
3476 4360 3535 4405 ut
3576 4364 3769 4410 eorum

2173 4447 2536 4504 sinceritatem
2588 4444 2859 4517 possimus
2908 4444 3129 4511 imitari,
3185 4443 3341 4517 156
3379 4456 3609 4514 quorum
3667 4442 3768 4499 tibi

2174 4541 2404 4597 dicatam
2432 4553 2750 4594 veneramur
2774 4536 3079 4592 infantiam.
3108 4534 3237 4597 Per,
3262 4546 3371 4590 etc.

2248 4630 2388 4687 Vere
2413 4631 2651 4700 dignum.
2696 4629 3018 4685 Audivimus
3056 4629 3200 4684 enim
3231 4626 3549 4698 prophetam
3578 4625 3769 4682 dicen-
3850 4695 3871 4711 '

2177 4734 2284 4782 tem
2308 4725 2449 4797 quod
2480 4722 2676 4778 Rachel
2708 4726 2915 4791 plorans
2961 4723 3097 4792 ﬁlios
3126 4740 3268 4790 suos,
3314 4721 3535 4777 noluerit
3582 4738 3769 4782 eorum

2174 4820 2296 4884 lari,
2327 4819 2448 4889 quia
2477 4835 2579 4873 non
2617 4827 2755 4872 sunt.
2802 4818 3061 4873 Maerebat
3090 4832 3219 4887 ergo
3244 4816 3385 4887 quod
3427 4816 3496 4871 de
3524 4816 3640 4886 ejus
3666 4830 3769 4870 so-

2176 4914 2297 4969 bole
2326 4928 2432 4967 non
2460 4912 2726 4978 venirent,
2756 4910 2846 4981 qui
2879 4920 3027 4964 tanto
3064 4920 3189 4965 sunt
3234 4925 3457 4965 munere
3494 4908 3759 4964 coronati.

2176 5006 2253 5060 De
2281 5005 2389 5065 Lim
2417 5003 2613 5073 quippe
2639 5010 2763 5055 sunt
2788 5003 2952 5068 stirpe
2982 5002 3268 5072 progeniti,
3317 5018 3544 5069 quorum
3576 5000 3760 5055 divina

2176 5097 2345 5168 gratia
2377 5094 2716 5165 praevenitet
2740 5106 2989 5157 sensum;
3030 5093 3434 5162 intelligentiam
3463 5093 3664 5162 passio,
3705 5098 3761 5145 et

2250 5264 2270 5304 ί
2298 5264 2554 5329 Suppleta
2586 5270 2670 5317 est
2712 5277 2815 5315 vox
2846 5263 3051 5317 nomine
3079 5278 3143 5318 ex
3182 5264 3407 5319 laudatis
3436 5262 3765 5321 Sacramen-

2172 5336 2342 5402 tariis,
2372 5349 2491 5405 qua:
2522 5334 2657 5405 hanc
2684 5334 3050 5403 praefationem
3082 5345 3351 5405 repetunt.

2245 5414 2270 5476 β
2297 5403 2548 5473 Estvapnd
2580 5403 2873 5458 Painelittm
2904 5414 3034 5459 tom.
3071 5404 3138 5474 Il,
3167 5421 3285 5476 pag.
3314 5404 3437 5462 509.

2246 5474 2274 5512 ιι
2299 5476 2444 5530 Idem
2477 5475 2694 5543 ibidem,
2728 5490 2846 5544 pag.
2878 5476 3002 5531 508.

2173 5616 2214 5672 Ρ
2251 5545 2267 5584 ί
2437 5548 2488 5598 in
2542 5544 2698 5599 codd.
2756 5544 2914 5617 Gieg.
2969 5546 3229 5613 Menardi,
3283 5546 3553 5600 Muratorii
3593 5555 3766 5617 atque

2216 5632 2337 5671 ame
2365 5632 2420 5668 ιι.

2216 5632 2420 5671 amelll.

2246 5689 2259 5737 i
2293 5684 2673 5756 Legiturapud
2703 5685 2883 5756 Gelas.
2915 5686 3008 5743 lib.
3039 5702 3080 5755 ι,
3107 5704 3163 5743 n.
3195 5687 3252 5756 8,
3279 5696 3331 5744 et
3363 5686 3504 5756 apud
3533 5686 3763 5747 Menar-

2170 5757 2296 5813 dum
2328 5754 2457 5812 tum.
2491 5754 2561 5811 IIl
2619 5770 2738 5826 pag.
2774 5755 2858 5812 l2.
