4018 6314
1384 274 2008 332 ειηικειπντθοιεὲιωω

233 348 341 407 153

228 553 537 610 veneranda
568 552 736 607 nostri
764 550 1060 607 Salvatoris
1089 550 1311 605 infantia
1343 548 1635 605 coaetaneis
1666 550 1817 602 testi-

228 646 569 703 ﬁcationibus
596 646 851 702 existeret
878 645 1134 716 gloriosa.
1166 645 1287 711 Per,
1314 654 1420 699 etc.

309 742 532 804 Annue,
582 753 920 807 quaesumus,
974 739 1323 807 omnipotens
1368 736 1527 803 Deus,
1577 743 1637 789 ut
1683 733 1821 788 sicut

1065 344 1271 403 LIBER
1306 339 1928 402 SACRAMENTURUM
1968 337 2321 399 ECCLESIJ
2359 338 2689 399 ROMANI.

228 461 475 535 martyrii
500 460 674 532 palma
702 457 960 515 mirabilis
983 459 1259 530 praecessit
1284 466 1533 524 aetatem;
1564 464 1625 511 ut
1652 455 1811 511 etiam
1840 462 1896 517 Α

1993 458 2128 522 °Da,
2160 472 2484 527 quasumus,
2527 456 2773 523 Domine,
2817 456 3017 511 nostris
3066 457 3317 513 effectum
3363 458 3501 529 jeju-

1922 554 2029 609 niis
2058 552 2370 617 salutarem,
2404 561 2460 604 ut
2482 552 2758 621 castigatio
2784 552 2965 605 carnis
3005 561 3279 621 assumpta
3308 552 3374 607 ad
3414 568 3503 609 no-

1923 656 2155 701 strarum
2186 642 2576 712 vegetationem
2607 650 2843 697 transeat
2881 641 3198 698 animarum.
3238 643 3357 710 Per,
3402 653 3503 701 etc.

1999 737 2246 804 Suscipe,
2283 734 2529 797 Dotninc,
2558 733 2875 788 sacrificium
2901 734 3056 803 cujus
3094 742 3149 789 te
3188 734 3402 790 voluisti
3431 735 3503 791 tli-

227 845 351 898 eos,
380 845 607 901 quorum
630 829 875 885 Natalitia
899 844 1266 894 recensemus,
1297 846 1391 899 per
1422 839 1566 883 tuam
1594 828 1820 898 gratiam
1924 836 2152 899 gnantcr
2179 825 2549 882 immolatione
2577 823 2801 892 placari,
2841 834 2895 879 et
2930 836 3151 895 praesta,
3182 842 3503 900 quaesumus,

228 921 601 991 beneplacitos
648 920 773 977 fecit
817 933 947 977 artas
991 922 1159 987 exitu,
1209 921 1288 977 sic
1338 937 1434 975 nos
1484 931 1590 975 tuae
1640 918 1821 988 pietati

224 1014 485 1071 salutaris
516 1014 789 1071 humilitas
813 1023 1034 1085 praestet
1062 1023 1332 1082 acceptos.
1364 1013 1491 1076 Per,
1520 1021 1623 1067 etc.

305 1105 527 1173 Tribue,
561 1106 807 1171 Domine,
840 1120 1170 1177 quaesumus,
1200 1104 1450 1159 ﬁdelibus
1474 1104 1601 1167 tuis,
1624 1110 1702 1168 ut,
1724 1100 1828 1154 sic—

224 1204 294 1249 ut
333 1194 408 1250 ait
444 1196 761 1264 Apostolus,
793 1213 899 1250 non
929 1195 1232 1252 efficiantur
1256 1196 1409 1259 pueri
1433 1192 1704 1255 sensibus,
1737 1188 1830 1244 sed

226 1287 440 1341 malitia
474 1288 674 1341 innoxii
705 1288 1051 1357 reperiantur
1079 1296 1104 1324 ³
1127 1298 1184 1341 ιιι
1217 1285 1449 1355 parvuli,
1484 1295 1540 1337 ut
1562 1294 1834 1353 martyres

226 1378 545 1434 festivitatis
572 1380 875 1446 hodiernae,
905 1394 1043 1449 quos
1071 1378 1278 1433 meritis
1323 1392 1538 1449 aequare
1568 1390 1676 1431 non
1714 1388 1833 1444 pos-

227 1481 389 1541 sunt,
432 1471 631 1526 mentis
657 1470 1004 1540 simplicitate
1031 1479 1326 1525 sectentur.

944 1561 1124 1618 XLIII.

669 1655 735 1709 In
755 1656 965 1727 jejunio
994 1656 1177 1709 mensis
1204 1654 1407 1708 decimi.

314 1747 631 1813 L—Deus,
689 1748 780 1815 qui
840 1747 1063 1814 singulis
1112 1746 1413 1815 quibusque
1460 1754 1831 1813 competenter

1927 930 1986 976 ut
2012 922 2171 989 hujus
2204 918 2519 988 operatione
2558 917 2818 981 ntnndati,
2865 917 3258 989 beneplacitum
3290 920 3387 976 tibi
3418 934 3504 977 no-

1930 1026 2054 1071 stra:
2077 1014 2273 1068 mentis
2297 1010 2588 1065 oﬂeramus
2615 1008 2883 1063 aﬁ’ectnm.
2918 1010 3038 1077 Per,
3068 1019 3174 1066 etc.

2004 1106 2144 1161 Vere
2197 1106 2437 1175 dignum.
2484 1102 2586 1169 Qui
2641 1116 2739 1156 nos
2791 1110 3061 1171 tamquam
3102 1104 3122 1141 τ
3178 1105 3506 1163 nutrimentit

1935 1196 2282 1267 parvulorum
2317 1196 2621 1257 inStitnens,
2650 1193 2975 1261 dispensatis
3007 1194 3199 1248 tuentis
3240 1206 3295 1252 et
3328 1211 3506 1269 cmpo-

1938 1288 2014 1343 ris
2046 1287 2339 1350 alimentis,
2380 1300 2474 1354 per
2506 1285 2860 1337 humanorum
2906 1286 3058 1339 foves
3085 1297 3356 1339 crementa
3399 1303 3510 1355 ιιι-οε

1937 1392 2215 1440 ventnum.
2273 1380 2443 1433 donec
2498 1376 2855 1431 immortalem
2904 1379 3231 1444 satietatem,
3286 1395 3384 1449 pro
3431 1396 3513 1435 no.

1932 1483 2050 1529 stro
2086 1473 2314 1541 quisque
2356 1472 2593 1538 modulo,
2645 1469 2796 1525 ﬁnita
2846 1470 3176 1528 mortalitate
3228 1475 3517 1542 capiamus.

1933 1564 2054 1629 Per,
2082 1574 2187 1619 etc.

2003 1654 2276 1729 Mysteriis
2299 1656 2429 1719 tuis,
2460 1654 2703 1716 Domine.
2726 1663 3050 1710 veneranter
3070 1656 3359 1725 assumptis
3382 1671 3519 1726 qua:-

1932 1763 2139 1813 sumus,
2192 1758 2251 1801 ttt
2302 1754 2493 1803 c0ntra
2540 1758 2739 1801 nostra:
2790 1748 3117 1800 conditionis
3164 1761 3427 1817 errorem,
3474 1759 3522 1805 et

226 1840 475 1909 aptanda
524 1838 855 1908 temporibus
892 1841 1218 1905 sempiterno
1267 1838 1446 1893 cernis
1492 1838 1709 1903 intuitu,
1759 1838 1824 1893 da
1858 1844 1905 1903 Β
1930 1852 2117 1896 contra
2145 1840 2435 1895 diabolicas
2468 1853 2739 1893 armemur
2766 1838 3009 1893 insidias.
3041 1838 3166 1902 Per,
3195 1848 3302 1895 etc.

226 1931 420 1999 nobis,
449 1946 779 2001 quaesumus,
815 1939 872 1983 ut
907 1945 1028 1984 cum
1060 1946 1237 1984 rerum
1275 1930 1645 1984 vicissitudine
1676 1946 1833 1983 mun-

225 2024 504 2080 danarum
546 2024 611 2077 ad
658 2024 795 2076 bona
831 2038 1045 2092 quoque
1096 2032 1349 2092 perpetua
1394 2022 1496 2091 pia:
1532 2021 1833 2078 devmionis

225 2131 550 2172 cresCamns
574 2129 815 2169 accessu.
852 2116 970 2177 Per,
1002 2126 1106 2170 etc.
1764 2114 1787 2140 ⁸

306 2205 444 2261 Dies
486 2216 721 2271 nostros,
773 2205 1021 2271 Domine,
1064 2206 1302 2275 placatus
1341 2204 1581 2269 intende,
1615 2214 1671 2261 et
1699 2222 1835 2276 quos

223 2298 498 2372 praesenti
544 2314 705 2352 cursu
756 2298 1103 2365 ntultiplicas,
1150 2296 1313 2367 justis
1363 2298 1621 2368 operibus
1674 2298 1837 2354 redde

226 2407 486 2452 securos.
519 2392 641 2455 Per,
675 2400 780 2446 etc.

302 2484 337 2525 1³
359 2486 624 2541 Ecclesiae
646 2493 772 2549 tuae,
800 2482 1048 2546 Domine.
1075 2496 1296 2537 munera
1327 2483 1570 2552 placatus
1600 2498 1836 2551 assume,

230 2597 362 2653 qua
390 2589 445 2635 et
480 2579 789 2633 misericors
826 2576 1100 2631 oﬁ‘erenda
1147 2576 1401 2643 tribuisti,
1449 2587 1505 2633 et
1546 2578 1600 2633 in
1643 2589 1839 2634 nostra:

234 2672 436 2729 salutis
464 2680 711 2739 potenter
742 2669 912 2725 efﬁcis
940 2670 1169 2725 transire
1195 2673 1534 2743 mysterium.
1568 2670 1694 2740 Per,
1727 2684 1834 2727 etc.

310 2762 463 2817 Vere
494 2763 737 2830 dignum.
766 2761 900 2826 Quia
934 2774 1029 2829 per
1056 2774 1119 2815 ea
1147 2777 1267 2829 quae
1307 2762 1715 2832 conspiciuntur
1758 2761 1840 2817 in-

243 2853 514 2910 struimnr
542 2852 735 2921 quibus
764 2849 937 2905 modis
973 2850 1042 2905 ad
1082 2850 1367 2905 invisibilia
1399 2852 1619 2907 tendere
1646 2853 1843 2907 debea-

249 2960 396 3000 mus.
423 2943 667 3010 Denique
692 2955 1123 3009 commonemur,
1152 2944 1274 2995 anni
1306 2941 1535 2997 docente
1563 2957 1841 3011 successu,

258 3037 323 3092 de
348 3036 634 3104 prteteritis
666 3037 716 3091 in
756 3036 955 3100 futura,
998 3043 1055 3090 et
1081 3034 1147 3090 ad
1176 3038 1471 3091 novitatem
1500 3036 1623 3090 vita
1649 3038 1716 3090 de
1748 3052 1842 3090 vc-

268 3136 456 3184 tustate
474 3128 731 3195 transire,
760 3138 817 3182 ut
837 3128 1067 3183 terrenis
1086 3129 1567 3183 snstentationibus
1586 3130 1845 3197 expediti,

277 3219 497 3275 celestis
520 3220 645 3274 doni
678 3219 953 3289 capiamus
982 3219 1397 3274 desiderabilius
1428 3220 1724 3273 ubertatem
1749 3258 1765 3283 ,
1797 3228 1851 3273 et
1879 3225 1925 3289 ο

278 3325 371 3382 per
412 3312 751 3368 euntcibum
815 3312 905 3383 qui
963 3311 1239 3366 beneficiis
1298 3326 1630 3382 praerogatnr
1689 3314 1852 3368 alter-

271 3406 369 3467 nis.
412 3404 787 3475 perveniamus
829 3404 895 3459 ad
943 3404 1145 3460 victum
1194 3404 1310 3459 sine
1356 3404 1463 3461 ﬁne
1514 3422 1848 3462 mansurum.

264 3497 384 3564 Per,
418 3510 521 3553 etc.

335 3600 357 3628 ι’
380 3589 619 3644 Tuorum
646 3603 768 3654 nos,
797 3588 1045 3653 Domine,
1078 3588 1324 3659 largitate
1350 3588 1615 3644 donorum
1648 3600 1701 3645 et
1724 3601 1853 3646 tem-

264 3681 534 3750 poralibus
578 3680 763 3736 attolle
808 3680 1096 3751 praesidiis,
1136 3689 1193 3736 et
1238 3684 1439 3739 renava
1483 3686 1848 3751 sempiternis.

262 3772 386 3839 Per,
420 3785 526 3829 etc.

335 3867 577 3924 Diversis
603 3867 754 3936 plebs
782 3874 896 3933 tua,
947 3867 1191 3933 Domine,
1238 3870 1531 3939 gnbernata
1573 3871 1852 3941 subsidiis,

258 3969 321 4016 et
351 3960 636 4030 prtesentia
669 3959 881 4027 pietatis
910 3970 1014 4015 tua:
1054 3962 1293 4017 remedia
1335 3964 1513 4029 capiat
1550 3974 1606 4020 et
1648 3963 1848 4033 futura,

259 4064 325 4106 ut
376 4051 766 4106 transeuntium
810 4066 990 4105 rerum
1041 4055 1344 4109 necessaria
1398 4055 1551 4128 157
1604 4058 1852 4111 consola-

259 4144 416 4198 tione
444 4142 706 4211 foveatur,
737 4151 792 4197 et
831 4142 1131 4199 ﬁducialius
1178 4147 1245 4199 ad
1295 4155 1496 4201 :eterna
1543 4149 1853 4204 contendat.

257 4232 397 4301 Per,
429 4245 533 4289 etc.
750 4236 756 4245 '

343 4324 409 4400 ιι.
452 4325 583 4380 Item
611 4326 736 4381 alia.
755 4355 827 4366 —
846 4324 1294 4395 d(.iognoscimus,
1322 4327 1572 4394 Domine,
1598 4338 1699 4384 tuae
1715 4330 1859 4385 circa

259 4432 373 4476 nos
393 4418 694 4473 clementia
731 4418 1054 4489 largitatem.
1088 4416 1155 4471 Et
1186 4418 1307 4473 ideo
1340 4416 1636 4473 ﬁducialius
1667 4420 1861 4489 implo-

258 4526 454 4568 ramus
480 4520 538 4565 ιιι
557 4525 696 4581 quos
722 4525 941 4580 pascere
968 4525 1075 4565 non
1100 4510 1305 4566 desinis
1335 4510 1651 4578 immeritos,
1694 4525 1751 4569 et
1779 4513 1862 4568 di-

2007 1933 2086 1989 Sit
2118 1933 2261 2003 plebi
2294 1942 2418 1994 tute,
2451 1931 2702 1995 Domine,
2733 1932 3045 1986 continuata
3078 1930 3322 1987 defensio
3352 1933 3518 1989 divini

1935 2026 2280 2096 participatio
2310 2024 2658 2087 sacramenti,
2707 2034 2761 2076 ιιι
2804 2023 3114 2078 carnalibus
3144 2024 3289 2078 vitiis
3317 2039 3421 2078 non
3452 2033 3518 2080 te-

1937 2129 2126 2173 neatur
2152 2115 2404 2182 obnoxia,
2439 2124 2495 2168 ut
2520 2114 2746 2177 spiritali
2774 2114 3133 2169 delectatione
3162 2116 3231 2168 sit
3262 2115 3447 2179 libera,
3472 2127 3521 2170 ut

1936 2208 2204 2277 maiestati
2236 2217 2337 2261 tua:
2369 2208 2526 2276 plena
2572 2206 2643 2262 sit
2674 2206 2962 2263 devmione
3007 2207 3271 2277 subjecta,
3322 2218 3381 2263 ut
3430 2209 3507 2265 sal

1938 2303 2207 2357 vationem
2254 2301 2453 2355 mentis
2480 2309 2532 2354 et
2564 2300 2807 2367 corporis
2846 2309 2901 2355 et
2940 2300 3334 2356 incessabiliter
3370 2314 3521 2371 expe-

1940 2408 2036 2466 tat,
2080 2409 2133 2454 et
2164 2398 2447 2452 affluenter
2472 2397 2724 2466 accipiat.
2759 2396 2883 2461 Per,
2914 2406 3020 2451 etc.

2018 2489 2105 2545 Ill.
2150 2488 2282 2543 Item
2340 2488 2937 2556 alim—SSupplices,
2985 2487 3233 2553 Domine,
3285 2495 3340 2542 te
3380 2501 3524 2557 roga-

1942 2599 2080 2649 mus,
2114 2594 2173 2637 ttt
2206 2582 2479 2637 fructuunt
2531 2590 2875 2636 terrenorum
2913 2580 3213 2634 commodis
3260 2578 3528 2635 sufﬁcien-

1943 2686 2026 2730 ter
2066 2676 2256 2745 adjuti,
2311 2674 2379 2729 ad
2433 2686 2484 2731 te
2530 2674 2772 2731 omnium
2826 2672 3176 2745 proﬁciamus
3225 2682 3527 2730 auctorem.

1943 2767 2066 2834 Per,
2097 2781 2203 2823 etc.

2015 2856 2329 2913 llCordibns
2376 2860 2609 2924 nostris,
2659 2872 3011 2925 quaesumus,
3067 2857 3334 2922 Domine,
3392 2857 3528 2913 beni-

1946 2968 2083 3023 gnus
2112 2951 2355 3014 infunde,
2385 2961 2443 3005 ut
2472 2953 2613 3006 sicut
2656 2951 2724 3005 ab
2755 2952 2896 3005 escis
2936 2951 3307 3020 corporalibus
3338 2958 3531 3018 tempe-

1949 3058 2156 3106 ramus,
2190 3043 2262 3095 ita
2294 3056 2485 3094 sensus
2529 3054 2743 3109 quoque
2784 3053 3004 3094 nostros
3037 3055 3067 3092 a
3109 3040 3272 3093 noxio
3299 3042 3533 3094 retraha-

1953 3146 2073 3184 mus
2104 3145 2353 3184 excessu.
2390 3130 2512 3199 Per,
2547 3139 2652 3184 etc.

2034 3221 2248 3291 illnjns
2296 3222 2453 3276 nobis
2502 3220 2872 3292 parcimoniat,
2913 3235 3249 3288 qumsumus,
3297 3220 3541 3289 Domine,

1957 3314 2139 3386 praebe
2168 3328 2503 3377 mensuram,
2538 3323 2598 3367 ut
2639 3312 2781 3383 quod
2834 3312 3065 3368 licentiae
3110 3313 3289 3369 carnis
3330 3314 3540 3369 aufera-

1957 3421 2117 3472 mus,
2169 3406 2463 3461 salutarem
2519 3406 2677 3462 nobis
2734 3404 2970 3461 fructum
3030 3406 3229 3463 mentis
3283 3408 3545 3478 acquirat:

1956 3495 2077 3559 Per,
2108 3508 2215 3553 etc.

2026 3589 2209 3645 Subde
2241 3590 2334 3645 tibi
2362 3599 2599 3656 nostras,
2622 3604 2957 3660 quassumus.
2984 3588 3229 3657 Domin‘e,
3271 3592 3429 3664 158
3455 3606 3543 3646 vo-

1956 3681 2212 3747 lttnlates,
2246 3693 2305 3736 ut
2333 3696 2553 3749 semper
2582 3689 2641 3738 et
2668 3682 2775 3739 ﬁde
2803 3698 2927 3754 quae
2955 3682 3224 3753 praecipis,
3259 3693 3314 3737 et
3341 3684 3546 3740 actions

1956 3783 2248 3831 sectemur.
2281 3773 2405 3842 Per,
2437 3783 2542 3831 etc.

2032 3866 2345 3931 Precamnr,
2388 3867 2734 3935 omnipotens
2786 3866 2967 3931 Deus,
3012 3875 3069 3921 ut
3116 3866 3183 3921 de
3232 3866 3548 3923 transitoriit

1964 3968 1979 4008 ι
2012 3958 2205 4029 opibus
2235 3974 2296 4011 ea
2330 3959 2507 4028 potius
2536 3973 2829 4028 operemur
2854 3958 3048 4029 quibus
3076 3957 3144 4011 ad
3191 3968 3393 4012 atterna
3425 3971 3547 4024 gau-

1960 4049 2049 4105 dia
2080 4050 2462 4119 consequenda
2502 4060 2555 4105 et
2592 4066 2718 4121 spes
2747 4050 2905 4105 nobis
2949 4058 3199 4119 suppetat
3223 4060 3278 4104 et
3306 4048 3549 4105 facultas.

1963 4143 2090 4207 Per,
2122 4153 2231 4198 etc.

2036 4224 2231 4289 Pacem
2263 4233 2420 4289 nobis
2452 4232 2649 4297 tribue,
2681 4231 2935 4291 Domine.
2968 4229 3165 4285 mentis
3205 4237 3263 4284 et
3286 4230 3552 4298 corporis,

1965 4336 2022 4381 ut
2056 4336 2255 4380 nostrae
2287 4326 2561 4397 fragilitati
2590 4335 2645 4380 et
2672 4324 2943 4380 manifesti
2969 4323 3323 4393 subjiciantur
3343 4323 3553 4393 hostes,

1967 4431 2022 4477 et
2051 4421 2348 4477 invisibiles
2379 4420 2756 4478 excludantur.
2788 4419 2910 4485 Per,
2944 4428 3049 4475 etc.

2039 4513 2308 4581 l‘Prccsta,
2343 4513 2589 4578 Domine.
2641 4528 2975 4585 quaesumus,
3022 4523 3081 4569 ut
3121 4512 3302 4569 dicato
3350 4511 3557 4570 muneri
3616 4578 3621 4587 ἱ

257 4618 377 4676 gne
419 4603 510 4658 tibi
555 4602 759 4659 servire
794 4602 1067 4673 perﬁcias,
1098 4614 1155 4659 et
1176 4602 1335 4659 donis
1362 4602 1702 4661 uberioribus
1732 4621 1860 4677 pro-
1887 4622 1941 4683 ι)
1964 4616 2356 4679 congruentem
2387 4615 2593 4664 nostras
2629 4606 2934 4664 devotionis
2966 4605 3259 4663 offeramus
3285 4604 3556 4664 aﬁ‘ectum.

258 4698 537 4768 sequaris.

330 4842 373 4918 ,τ
403 4822 470 4888 Ut
517 4846 615 4905 pro
670 4841 718 4887 et
765 4830 1015 4903 exigente
1067 4830 1219 4886 Pauli
1274 4832 1541 4887 sententia
1595 4831 1855 4902 scriptum

260 4906 489 5029 τωὲἘει
508 4975 561 5028 in
588 4972 766 5029 Gelas.
803 4974 892 5029 lib.
921 4989 983 5038 ιι,
1013 4988 1065 5025 ιι.
1091 4972 1181 5038 85,
1216 4971 1316 5027 fer.
1347 4975 1381 5028 4
1409 4974 1607 5029 mensis
1637 4973 1856 5044 decimi,

261 5061 324 5098 el
358 5045 495 5098 annd
525 5044 817 5098 Pamelium
851 5056 980 5098 tom.
1012 5042 1075 5098 ll.
1113 5058 1229 5098 nae.
1264 5044 1387 5098 562.

261 5061 324 5106 et
358 5045 495 5112 apud
525 5044 817 5100 Pamelium
851 5056 980 5099 tom.
1012 5044 1075 5108 ll,
1113 5058 1229 5113 pag.
1264 5044 1387 5098 362.

350 5128 373 5155 ε
401 5118 455 5171 Ιιι
498 5115 741 5184 margine
784 5115 982 5186 codicis
1029 5129 1067 5186 :_
1100 5114 1227 5186 Post
1274 5114 1434 5170 cibos.
1483 5115 1670 5169 Exstat
1714 5116 1858 5186 apud

266 5187 458 5245 Gelas.
502 5188 603 5240 Ioc.
645 5186 738 5240 cit.
780 5195 836 5240 et
879 5185 933 5240 in
972 5184 1129 5239 codd.
1175 5184 1402 5254 Gregor.
1436 5200 1499 5239 ac
1528 5187 1580 5241 in
1615 5184 1859 5242 Romano

268 5258 480 5342 hlissali
508 5256 608 5313 fer.
640 5255 675 5311 5
720 5267 842 5326 post
893 5257 1497 5325 Dominicam‘primam
1545 5256 1859 5329 Quadrage-

270 5345 458 5453 8112ῗῆ
485 5398 675 5455 eodem
704 5397 945 5468 margine
970 5414 985 5453 :
1011 5398 1140 5468 Anje
1168 5397 1323 5451 cibos-

353 5480 379 5510 ο
398 5471 493 5525 Est
522 5471 575 5524 in
597 5466 847 5525 omnibus
871 5469 1028 5524 codd.
1057 5466 1281 5539 Gregor.
1307 5481 1369 5523 ac
1398 5468 1451 5523 in
1477 5468 1671 5525 Missali
1699 5470 1857 5528 Rom.

271 5545 333 5602 in
384 5542 606 5598 sabbato
650 5551 771 5612 post
822 5541 1155 5595 Dominicam
1210 5539 1502 5595 secundam
1552 5540 1860 5612 Quadrage-

272 5619 717 5741 smfjiiuratorius
751 5683 984 5752 praetulit
1014 5682 1407 5739 correctionem
1452 5683 1697 5737 nutritius
1735 5698 1857 5751 par-

276 5755 517 5814 vulorum
559 5755 866 5820 instituens;
918 5756 1012 5809 sed
1060 5768 1162 5808 non
1208 5765 1293 5809 est
1341 5756 1641 5809 necessaria
1678 5772 1689 5807 :
1722 5757 1865 5809 sicut

280 5844 386 5888 uec
413 5826 570 5884 paulo
596 5836 714 5882 oost
742 5839 878 5889 opus
902 5834 985 5880 est
1005 5825 1247 5882 scribere
1280 5825 1588 5879 incrementa
1620 5840 1717 5896 pro
1748 5840 1863 5879 cre-

1970 4700 2098 4771 Per,
2130 4710 2234 4759 etc.

1966 4844 2158 4898 menta,
2194 4834 2318 4889 licet
2350 4833 2451 4886 hoc
2478 4845 2671 4885 nomen
2702 4831 2879 4886 minus
2900 4840 2983 4885 est
3005 4832 3279 4899 usitatum,
3301 4832 3377 4886 uti
3402 4831 3557 4888 Blan-

1968 4906 2179 4959 cltinius
2210 4904 2461 4959 secundis
2488 4903 2635 4958 curis
2664 4902 3067 4957 animadvertit.

2039 4986 2065 5023 ε
2089 4976 2144 5029 In
2176 4991 2343 5043 marg.
2372 4973 2574 5029 endit-is
2606 4991 2618 5026 :
2656 4971 2779 5027 Post
2808 4973 2973 5027 cibos.

2038 5046 2066 5083 ει
2089 5046 2266 5101 Habes
2294 5040 2431 5099 hanc
2454 5044 2755 5099 orationem
2788 5048 2839 5096 in
2868 5059 2998 5098 mss.
3040 5040 3385 5101 Gregorianis
3427 5047 3482 5096 et
3509 5040 3559 5098 in

1964 5116 2160 5198 illissalt
2196 5118 2351 5173 ltom.
2385 5117 2515 5172 feria
2545 5115 2580 5167 2
2607 5125 2727 5186 post
2774 5115 3106 5170 Dominicatn
3148 5110 3214 5168 Ill
3248 5110 3559 5182 Quadrage-

1964 5202 2142 5243 ΒΙΙΙΙω.

2043 5258 2183 5315 iEst
2212 5259 2266 5313 in
2298 5258 2479 5314 Getas.
2524 5255 2621 5313 lib.
2667 5271 2728 5326 tt,
2775 5272 2831 5311 ιι.
2876 5256 2971 5323 85,
3023 5254 3120 5311 fer.
3153 5255 3187 5310 6
3217 5251 3417 5307 mensis
3459 5249 3559 5308 de-

1965 5345 2115 5386 cum.
2850 5382 2855 5385 _

2042 5401 2055 5451 ι
2086 5400 2426 5465 Muratorius,
2458 5398 2718 5470 operibus.
2756 5395 3097 5453 Retinuimns
3139 5394 3561 5470 lectionem_co-

1966 5472 2101 5526 dicis
2150 5472 2352 5539 apibus,
2404 5464 2526 5524 eum
2576 5470 2798 5523 verbum
2852 5482 3121 5539 operentur
3165 5465 3232 5539 de
3281 5464 3560 5539 largitione
3623 5482 3630 5491 ‘

1968 5534 2446 5612 eleemo'synzc’hic
2486 5541 2803 5612 accipiatur,
2834 5534 3290 5612 quemadmodum
3318 5534 3561 5590 laudatus

1968 5608 2314 5667 Blanchinius
2342 5608 2594 5665 secundis
2617 5612 2763 5663 curis
2789 5608 3017 5662 monuit.

2043 5681 2068 5720 ι
2306 5682 2426 5737 loco
2457 5677 2693 5742 laudato,
2730 5689 2785 5735 et
2819 5678 2959 5749 apud
2992 5677 3285 5735 Pamelium
3319 5684 3429 5734 tom
3489 5675 3557 5744 ll.

2043 5769 2093 5808 ιι.
2238 5788 2251 5804 .

1972 5769 2093 5824 pag.
2125 5756 2251 5810 562.
