4018 6314
486 366 588 433 155

1468 366 1692 426 orans
1732 356 1789 421 s.
1833 362 2032 420 usum
2074 360 2313 419 uacuo
2351 334 2770 417 Armenta.

3664 351 3759 413 {56

558 479 696 545 Vere
759 488 997 558 dignum.
1064 485 1328 553 Quoniam
1387 482 1585 539 salubri
1639 480 1942 536 mendicate
1989 478 2069 548 je-
2098 483 2151 542 Α
2247 475 2274 514 ά
2301 468 2507 533 Refecti
2541 470 2791 532 vitalibus
2832 474 3125 545 alimentis,
3158 490 3487 550 quaesumus,
3520 476 3763 550 Domine,

483 586 655 655 junin,
693 582 997 638 necessaria
1027 580 1295 636 curationi
1328 588 1640 644 tractamus,
1674 586 1728 632 et
1758 592 1852 647 per
1883 576 2072 631 obser-

488 679 681 733 vantite
728 676 1086 746 competentis
1134 674 1474 744 obsequium,
1524 672 1590 726 de
1638 670 1906 741 perceptis
1935 669 2073 740 grati

490 772 820 830 muneribus,
859 770 923 821 de
969 766 1332 836 percipiendis
1375 765 1643 819 efﬁcimur
1689 764 1976 833 gratiores,
2020 770 2079 816 ut

495 882 599 919 non
630 863 801 917 solum
833 871 1045 916 terrena
1086 857 1358 913 fertilitate
1388 858 1653 923 latemur,
1686 844 1789 911 'sed
1822 853 2075 909 nativita-

496 968 602 1011 tem
637 956 787 1025 panis
825 952 1011 1008 aeterni
1058 950 1352 1023 puriﬁcatis
1400 949 1759 1021 suscipiamus
1805 948 2078 1005 mentibus

498 1047 883 1104 honorandum.
911 1045 1032 1111 Per,
1061 1052 1164 1099 etc.

570 1151 593 1178 ⁸
617 1141 976 1210 Sumpsimus,
1030 1137 1277 1202 Domine,
1311 1136 1638 1193 celebritatis
1669 1151 1863 1192 annuae
1894 1136 2081 1191 votiva

496 1242 851 1289 sacramenta.
899 1232 1122 1300 Praesta,
1178 1244 1508 1301 quaasumus,
1557 1239 1613 1284 ut
1665 1238 1719 1284 et
1766 1230 2081 1299 temporalis

497 1331 617 1385 vita:
649 1328 804 1383 nobis
832 1327 1065 1382 remedia
1099 1325 1372 1395 prmbeant
1400 1334 1451 1378 et
1483 1331 1718 1378 internae.
1749 1322 1872 1389 Per,
1904 1333 2007 1377 etc.

566 1421 762 1486 Tuere,
797 1420 1047 1486 Domine,
1098 1417 1308 1488 plebem
1355 1425 1520 1481 tuam,
1554 1423 1609 1471 et
1638 1430 1789 1470 sacra
1821 1416 2083 1471 solemnia

495 1514 826 1570 recolentem
859 1511 1097 1565 caelestis
1136 1510 1324 1579 gratia:
1366 1509 1613 1578 largitate
1646 1522 1994 1577 prosequere,
2029 1516 2088 1565 ut.

496 1604 798 1661 visibilibus
826 1602 1004 1671 adjuta
1030 1601 1260 1666 solatiis,
1307 1600 1374 1655 ad
1406 1599 1695 1655 invisibilia
1730 1600 1867 1653 bona
1900 1614 2084 1669 prom-

497 1704 638 1770 ptius
661 1698 931 1753 incitetur.
966 1696 1090 1763 Per,
1123 1706 1225 1751 etc.

568 1792 655 1848 iV.
700 1790 830 1846 Item
859 1791 1073 1844 alia.—
1100 1788 1390 1860 bRespice,
1440 1789 1689 1856 Domine,
1730 1790 1990 1859 propitius
2020 1791 2088 1847 ad

2181 582 2322 654 quod
2352 591 2594 651 tempore
2632 587 2832 634 nostrae
2880 575 3222 632 mortalitatis
3269 574 3617 641 exsequimur,
3669 574 3765 630 im-

2182 675 2532 733 mortalitatis
2565 684 2670 728 tuae
2697 687 2921 728 munere
2942 684 3355 741 consequamur.
3387 669 3510 735 Per,
3546 676 3654 723 etc.

2253 771 2424 840 Super
2463 767 2717 838 populum
2755 776 2925 833 tuum,
2952 763 3210 828 Domine,
3241 776 3582 834 quaesumus,
3612 760 3768 818 bene-

2183 864 2347 919 dictio
2376 861 2591 933 copiosa
2630 858 2943 923 descendat,
2970 856 3297 927 indulgentia
3342 856 3545 923 veniat,
3579 869 3769 909 conso-

2184 957 2311 1011 latio
2364 955 2651 1019 tribuatur,
2681 951 2813 1007 ﬁdes
2863 959 3047 1005 sancta
3099 958 3428 1018 succrescat,
3476 948 3769 1020 redemptio

2184 1051 2511 1120 sempiterna
2545 1048 2805 1102 ﬁrmetur.
2838 1047 2961 1113 Per,
2992 1053 3100 1101 etc.

2256 1144 2322 1197 V.
2354 1142 2489 1197 Item
2510 1139 2885 1208 alim—Esto,
2914 1138 3160 1206 Domine,
3190 1136 3452 1207 propitius
3484 1137 3623 1207 plebi
3651 1146 3768 1208 tuae,

2187 1247 2240 1293 et
2268 1236 2548 1307 temporali
2577 1233 2947 1289 consolatione
2976 1247 3085 1287 non
3125 1230 3366 1300 deseras,
3394 1244 3557 1301 quam
3588 1230 3671 1285 vis
3712 1228 3770 1285 ad

2188 1340 2387 1387 aeterna
2418 1327 2765 1385 contendere.
2801 1326 2925 1392 Per,
2948 1334 3054 1381 etc.

2264 1433 2285 1460 ⁸
2321 1422 2608 1479 Sacriﬁciis
2651 1418 3025 1489 praesentibus,
3053 1417 3299 1483 Domine,
3336 1429 3668 1487 quaesumus,
3703 1414 3774 1469 in-

2191 1514 2352 1571 tende
2380 1515 2637 1585 placatus,
2665 1521 2721 1567 ut
2763 1520 2819 1566 et
2856 1509 3130 1566 devotioni
3170 1517 3368 1564 nostra:
3411 1507 3702 1578 proﬁciant
3730 1515 3776 1562 et

2191 1608 2367 1663 saluti.
2394 1606 2517 1671 Per,
2546 1615 2651 1660 etc.

2262 1702 2401 1757 Vere
2429 1700 2669 1769 dignum.
2698 1698 2800 1766 Qui
2823 1712 2929 1752 non
2964 1694 3136 1751 solum
3164 1702 3379 1765 peccata
3412 1694 3667 1756 dimittis.
3690 1696 3774 1752 sed

2194 1797 2339 1865 ipsos
2384 1794 2544 1850 etiam
2591 1791 2855 1861 justiﬁcas
2894 1800 3237 1859 peccatores,
3268 1788 3425 1859 ιω
3456 1796 3512 1843 et
3540 1788 3656 1843 reis
3685 1803 3779 1847 non

497 1886 706 1958 plebem
732 1893 898 1951 tuam,
938 1893 994 1938 et
1030 1898 1188 1952 quam
1227 1882 1423 1938 divinis
1463 1882 1656 1935 tribuis
1693 1882 1955 1951 proiicere
2000 1898 2083 1938 σε·
2114 1882 2163 1942 Β
2191 1898 2394 1944 tantum
2428 1901 2640 1958 pennam
2690 1885 2937 1951 relaxas,
2969 1882 3063 1939 sed
3094 1882 3263 1937 donas
3304 1891 3359 1936 et
3389 1882 3638 1952 praemia.
3665 1882 3776 1951 Per,

496 1981 805 2045 oramentis,
834 1978 902 2033 ab
926 1976 1175 2031 omnibus
1203 1975 1425 2030 absolve
1458 1976 1710 2044 peccatis.
1746 1976 1868 2043 Per,
1900 1984 2009 2030 etc.

566 2072 855 2135 Succurre,
906 2070 1167 2134 Domine,
1213 2082 1543 2137 quaesumus,
1606 2068 1804 2137 populo
1864 2077 1987 2134 tuo,
2033 2078 2087 2125 et

497 2166 705 2221 nullum
744 2163 897 2233 sequi
928 2162 1147 2231 patiaris
1179 2176 1446 2228 errorem,
1492 2176 1651 2231 quem
1690 2170 1796 2217 ture
1824 2160 1903 2217 vis
1932 2177 2085 2218 com-

496 2258 689 2329 plicem
721 2256 835 2311 ﬁeri
861 2255 1125 2312 veritatis.
1158 2254 1279 2323 Per,
1310 2268 1415 2310 etc.

566 2352 902 2418 Quaesumus,
934 2348 1273 2418 omnipotens
1305 2348 1468 2414 Deus,
1515 2346 1773 2403 Ecclesiae
1807 2357 1911 2403 tua:
1943 2357 2082 2403 tem-

498 2460 628 2516 pora
668 2441 918 2499 clementi
964 2442 1356 2512 gubernatione
1403 2441 1683 2511 dispensa,
1728 2452 1785 2497 ut
1830 2456 1952 2497 cum
1999 2456 2088 2499 so-

498 2535 836 2594 lemnitatem
896 2534 1342 2603 multiplicatione
1402 2543 1752 2603 sanctarum,
1815 2543 1870 2589 et
1928 2534 2088 2590 intel-

498 2632 697 2688 lectum
759 2645 939 2687 rerum
1007 2629 1313 2687 cmiestium
1380 2630 1556 2701 capiat
1620 2639 1675 2686 et
1754 2630 2082 2700 profectum.

499 2724 623 2789 Per,
655 2733 759 2778 etc.

570 2818 794 2885 Praesta,
824 2830 1156 2887 quaesumus,
1207 2815 1453 2883 Domine,
1503 2816 1831 2886 spiritalibus
1881 2816 2088 2886 gaudiis

500 2925 600 2966 nos
628 2910 845 2980 repleri,
885 2918 943 2966 ut
978 2924 1098 2981 quae
1146 2917 1266 2966 actu
1311 2910 1548 2980 gerimus
1582 2921 1763 2966 mente
1795 2920 2084 2967 sectemur.

499 3003 621 3069 Per,
651 3012 753 3060 etc.

565 3096 852 3154 Oﬂerimus
883 3096 1001 3165 tibi,
1053 3097 1298 3164 Domine,
1348 3111 1591 3161 munera,
1636 3098 2000 3167 snpplicantes
2032 3106 2088 3153 ut

495 3205 615 3260 quae
642 3189 873 3246 subditis
900 3190 1010 3260 (Αι.
1045 3190 1168 3261 piis)
1197 3190 1534 3247 celebramus
1566 3190 1778 3259 ofﬁciis,
1812 3193 1985 3261 plenis
2012 3193 2088 3247 af-

496 3279 726 3335 fectibus
755 3295 1136 3349 exsequamur.
1170 3281 1294 3347 Per,
1328 3290 1432 3337 etc.

571 3371 710 3427 Vere
748 3372 989 3441 dignum.
1034 3372 1132 3438 Qui
1176 3389 1282 3428 non
1323 3374 1494 3429 solum
1528 3374 1811 3430 ineﬂabilis
1849 3376 2005 3447 159
2031 3376 2084 3431 in

496 3465 747 3533 excelsis,
774 3466 869 3521 sed
902 3468 1061 3521 etiam
1104 3467 1397 3521 immensus
1428 3467 1674 3537 probaris
1723 3469 1774 3520 in
1823 3468 2081 3523 minimis.

494 3560 630 3616 Nam
648 3572 770 3616 cum
804 3560 971 3617 Filius
1016 3569 1155 3627 tuus,
1191 3561 1451 3616 Dominus
1489 3570 1694 3629 noster,
1726 3560 1887 3616 Jesus
1924 3560 2084 3616 Chri-

494 3662 631 3721 stus,
673 3652 927 3708 mundum
956 3654 1161 3709 diceret
1214 3655 1524 3710 universum
1572 3655 1627 3709 in
1678 3670 1833 3709 suum
1884 3664 2081 3710 nomen

494 3762 615 3803 esse
641 3762 938 3815 cessurum,
971 3748 1093 3817 quis
1138 3765 1244 3803 non
1282 3750 1447 3805 veluti
1488 3760 1701 3819 putaret
1742 3751 2077 3807 absurdum?

495 3842 634 3909 quis,
678 3855 798 3894 cum
837 3838 953 3895 ﬁeri
1002 3840 1201 3908 videat,
1252 3853 1412 3911 neget
1463 3858 1584 3898 esse
1626 3843 1911 3897 divinum?
1959 3858 2077 3900 cer-

495 3946 737 4001 nensque
778 3933 1038 4001 promissa
1084 3934 1370 4004 compleri,
1418 3934 1611 3988 merito
1639 3948 1891 3990 secutura
1923 3946 1945 3975 °
1970 3952 2077 3993 non

494 4026 703 4081 dubitet
732 4042 852 4095 qua:
897 4027 1096 4096 pariter
1136 4030 1428 4097 prasdicata
1468 4036 1595 4083 sunt
1642 4044 1763 4084 esse
1812 4032 2077 4085 ventura?

495 4119 645 4174 Sicut
681 4129 860 4174 autem
905 4120 1177 4175 beatiores
1227 4121 1297 4175 illi
1345 4121 1437 4189 qui
1484 4121 1720 4177 nondum
1764 4124 2075 4192 apparentia

494 4214 873 4282 crediderunt,
934 4215 1007 4269 ita
1056 4230 1154 4270 nos
1199 4223 1251 4270 et
1305 4216 1823 4283 iitcxcusabiliores,
1883 4220 1925 4273 si
1980 4234 2080 4275 nec

494 4316 716 4375 experta
740 4307 1026 4374 fateamur,
1051 4316 1105 4362 et
1126 4306 1472 4364 nihilominus
1492 4310 1757 4379 gratiores
1778 4312 2078 4378 existimas,

495 4398 538 4451 si
586 4413 703 4465 quae
753 4397 1037 4452 manifesta
1102 4412 1209 4452 non
1258 4407 1383 4453 sunt
1432 4398 1753 4456 conﬁdimus
1810 4402 2077 4457 adfutura.

497 4487 620 4554 Per,
649 4497 753 4543 etc.

2190 1991 2297 2039 etc.

2266 2076 2285 2113 ί
2320 2076 2542 2140 Praesta,
2575 2086 2902 2143 quaesumus,
2929 2070 3159 2126 Domine
3198 2068 3339 2124 Deus
3377 2077 3581 2131 noster,
3608 2082 3778 2123 saera-

2190 2181 2430 2227 mentum
2466 2170 2567 2224 hoc
2598 2168 2649 2222 in
2691 2166 2949 2222 Ecclesiis
2990 2166 3096 2219 tuis
3132 2162 3503 2219 indifferenter
3538 2163 3775 2231 intelligi,

2192 2275 2249 2323 ut
2280 2281 2417 2321 unus
2443 2264 2686 2319 Christus
2729 2263 2782 2316 in
2824 2260 2916 2315 Dei
2948 2269 3109 2327 atque
3138 2256 3377 2313 hominis
3404 2258 3659 2322 veritate,
3692 2270 3779 2312 uec

2192 2377 2221 2414 a
2256 2367 2437 2414 nostra
2469 2357 2678 2411 divisus
2709 2363 2919 2418 natura,
2946 2367 3046 2407 nec
3073 2367 3100 2403 a
3133 2360 3218 2403 tua
3243 2350 3506 2405 discretus
3537 2350 3779 2407 adoretur

2191 2452 2447 2509 essentia.
2478 2451 2580 2505 Per
2604 2448 2881 2504 Christum
2914 2444 3199 2499 Dominum
3224 2452 3493 2497 nostrum.

2261 2545 2505 2600 Laudent
2556 2552 2629 2608 te,
2674 2540 2923 2606 Domine,
2974 2552 3067 2592 ora
3119 2544 3325 2604 nostra,
3362 2534 3548 2591 laudet
3593 2537 3777 2602 anima,

2193 2638 2377 2694 laudet
2406 2646 2461 2693 et
2491 2638 2636 2715 vita;
2668 2647 2723 2692 et
2744 2639 2869 2707 quia
2904 2639 2977 2693 tui
3012 2637 3250 2693 muneris
3286 2645 3371 2692 est
3402 2635 3551 2705 quod
3584 2649 3775 2701 sumus.

2194 2742 2345 2787 tuum
2377 2732 2445 2786 sit
2477 2747 2640 2787 omne
2661 2732 2805 2801 quod
2832 2740 2856 2780 κ
2892 2731 3146 2787 vivimus.
3184 2731 3284 2787 Per
3310 2728 3590 2785 Christum
3617 2727 3778 2783 Domi-

2192 2841 2319 2881 num
2348 2834 2612 2881 nostrum.

2834 2916 2862 2955 ιι

2834 2922 2862 2955 ιι

2262 3011 2553 3080 Suscipite,
2586 2922 3241 3079 venerabilefng‘rg‘res,
3264 3006 3365 3062 etsi
3396 3005 3601 3077 indigni
3622 3006 3772 3061 culto-

2192 3106 2266 3162 ris
2294 3104 2549 3161 oﬁ‘er.....
2584 3111 2707 3158 vota
2735 3102 2903 3157 totius
2946 3101 3130 3171 populi
3168 3114 3385 3170 pro.....
3409 3098 3699 3164 attendite;
3728 3106 3777 3151 ut

2146 3234 2158 3269 ί
2192 3201 2282 3269 qui
2304 3200 2371 3253 de
2402 3204 2707 3252 vestrorum
2740 3195 3059 3251 meritorum
3084 3196 3215 3249 estis
3244 3192 3680 3250 remuneratione
3697 3205 3776 3247 se-

2191 3290 2330 3353 curi,
2364 3289 2481 3344 sitis
2527 3288 2596 3344 de
2640 3297 2951 3343 nostrorum
2992 3285 3279 3341 criminum
3326 3284 3636 3341 remissione
3674 3281 3773 3338 sol-

2192 3384 2347 3439 liciti.

2621 3471 2810 3542 Incipit
2845 3471 3128 3525 benedictio
3148 3470 3327 3540 fontis.

2262 3564 2486 3619 Precem
2535 3563 2627 3618 tibi
2680 3562 2978 3629 fundimus,
3034 3562 3262 3617 Domine
3317 3573 3516 3625 rerum,
3561 3554 3767 3626 genitor

2190 3670 2415 3723 aeterne,
2463 3658 2805 3730 omnipotens
2850 3658 3013 3723 Deus,
3053 3657 3206 3727 cujus
3251 3652 3481 3726 Spiritus
3516 3650 3777 3709 ferebatur

2184 3771 2344 3825 super
2385 3769 2571 3824 aquas,
2616 3754 2770 3822 cujus
2818 3751 2957 3805 oculi
3010 3750 3209 3806 excelsi
3256 3756 3580 3819 aspexerunt
3620 3754 3779 3815 super

2185 3848 2477 3906 Jordanem
2500 3846 2745 3911 ﬂuvium,
2778 3843 2905 3899 dum
2928 3843 3157 3912 tingeret
3180 3841 3417 3896 Joannes
3445 3841 3497 3895 in
3520 3838 3782 3909 poeniten-

2188 3944 2313 3997 tiam
2342 3940 2666 3996 conﬁtentes
2718 3946 2934 4008 peccata
2966 3948 3079 3990 sua.
3112 3935 3345 4004 ideoque
3389 3934 3624 4004 petimus
3653 3945 3778 3986 sano

2187 4046 2326 4093 ctam
2358 4036 2581 4105 gloriam
2610 4032 2755 4090 tuam
2785 4042 2842 4088 ut
2864 4033 2933 4086 sit
2956 4031 3217 4087 absconsa
3241 4040 3431 4085 manus
3462 4037 3549 4083 tua
3574 4028 3629 4082 in
3650 4027 3786 4081 hanc

2189 4144 2404 4199 aquam,
2438 4136 2496 4182 ut
2528 4126 2787 4181 emundes
2825 4133 2879 4181 et
2931 4125 3179 4194 puriﬁces
3224 4123 3552 4178 deteriorem
3612 4120 3787 4176 homi-

2186 4239 2329 4289 nem,
2363 4222 2451 4293 qui
2492 4220 2855 4291 baptizabitur
2900 4236 2960 4274 ex
2994 4235 3079 4279 ea.
3132 4227 3185 4271 et
3230 4215 3521 4271 mortiferis
3581 4213 3791 4271 delictis

2185 4323 2501 4371 renascatur
2531 4328 2594 4369 ac
2628 4312 2915 4368 reviviscat
2944 4325 3040 4380 per
3071 4310 3344 4363 hominem
3385 4318 3606 4372 novum,
3633 4320 3793 4361 renac

2188 4418 2299 4463 tum
2329 4409 2383 4463 in
2414 4407 2631 4462 Christo
2657 4406 2803 4471 Jesu,
2837 4418 2958 4459 eum
2991 4414 3113 4474 quo'
3138 4401 3273 4457 vivis
3295 4412 3348 4457 et
3372 4410 3568 4472 regnas
3596 4402 3653 4457 in
3682 4398 3797 4457 uni-

2190 4510 2300 4556 tate
2321 4500 2555 4570 Spiritus
2582 4498 2755 4554 sancti
2777 4498 2831 4553 in
2862 4496 3058 4554 saecula
3090 4494 3431 4551 surculorum.

572 4659 596 4685 ει
618 4648 782 4725 Extat
812 4649 863 4702 in
909 4648 1106 4725 liiigsali
1140 4647 1297 4725 Rom.
1341 4655 1395 4702 et
1438 4648 1691 4725 in_codd.
1737 4650 2081 4722 Gregorianis
2109 4644 2163 4718 D
2189 4655 2485 4725 legebatur.

498 4720 585 4775 die
614 4720 683 4774 28
713 4720 951 4775 Januarii
980 4720 1040 4775 S.
1067 4719 1286 4788 Agnetis
1318 4720 1578 4775 secundo.

570 4791 595 4829 δ
623 4790 889 4847 invenitur
916 4791 1054 4859 apud
1080 4791 1261 4847 Gelas.
1307 4792 1409 4846 loc.
1440 4791 1562 4860 cit.,
1593 4808 1662 4847 ex
1691 4809 1798 4862 quo
1828 4795 2083 4851 emenda-

502 4872 610 4916 tum
646 4863 744 5002 fuiﬁt
775 4862 1020 4945 proﬁcere
1054 4878 1149 4932 pro
1174 4877 1240 4918 eo
1268 4862 1410 4931 quod
1443 4864 1498 4918 in
1524 4864 1645 4920 cod.
1672 4866 1933 4923 mendose
1955 4868 2087 4943 legi.

500 4946 583 4987 iur
612 4951 702 5002 pro
747 4946 857 4987 tcrt.

510 5078 519 5087 .
574 5015 593 5041 ο
629 5005 922 5129 litabemtlex,
957 5014 1010 5060 et
1035 5017 1213 5071 recte;
1245 5021 1346 5063 nec
1377 5018 1674 5076 opportuna
1705 5019 1790 5065 est
1823 5011 2088 5067 correctio

510 5092 606 5129 tam
668 5094 694 5127 tt
733 5088 799 5129 ιιε
826 5115 839 5129 ο

502 5092 606 5139 iam
629 5092 839 5130 auouet.

573 5143 595 5182 δ
636 5148 1029 5223 Ιλθςὶςιινβρᾴιιᾱί
1051 5148 1227 5223 Gelas.
1256 5150 1361 5223 lib.
1386 5166 1440 5213 ll,
1480 5168 1532 5205 n.
1557 5152 1646 5218 85,
1682 5152 1780 5208 fer.
1812 5155 1843 5209 6
1874 5154 1922 5207 in
1949 5153 2090 5223 jeju-

502 5216 592 5299 nio
616 5219 814 5299 mensis
843 5216 1055 5299 decimi.
1084 5231 1137 5275 et
1160 5222 1395 5299 it_i_cod_d.
1421 5216 1734 5299 Gregor._ac
1764 5227 1813 5279 in
1852 5216 2092 5279 Romano

506 5288 705 5363 Missali
730 5291 826 5345 fer.
860 5294 892 5346 5
913 5290 967 5345 in
989 5290 1154 5347 Caana
1190 5290 1429 5359 Domini;
1460 5288 1752 5363 ex'quilius
1782 5297 2091 5363 sunpletum

505 5360 603 5415 fuit
634 5363 853 5418 verbum
898 5364 1238 5433 exsequimur,
1273 5368 1409 5433 quod
1458 5366 1506 5418 in
1550 5360 1735 5421 codice
1776 5360 1956 5422 luxato
1990 5382 2096 5422 non

2272 4736 2294 4762 °
2321 4726 2417 4780 Est
2446 4727 2498 4779 in
2532 4740 2659 4779 mss.
2696 4723 3159 4794 Greg.Muratorii,
3192 4736 3255 4775 ac
3292 4720 3349 4794 in
3392 4718 3599 4775 Missali
3641 4717 3800 4775 Rom.

2197 4798 2254 4853 in
2284 4798 2444 4852 Missa
2473 4797 2679 4851 sabbati
2711 4792 2831 4866 post
2861 4796 3192 4866 Dominicam
3216 4796 3249 4847 5
3273 4792 3577 4847 Adventus.

2272 4867 2289 4906 ί
2344 4869 2468 4923 llaec
2514 4870 2684 4921 oratio
2717 4865 2917 4923 contra
2976 4865 3427 4937 Eutychianorum
3480 4876 3739 4919 errorem
3776 4876 3805 4917 ο

2196 4940 2397 4997 Leonis
2421 4940 2668 4993 sensibus
2692 4948 2744 4992 et
2768 4941 2908 5011 style
2937 4953 3040 4993 non
3073 4939 3363 5005 discrepat.

2271 5022 2295 5059 t5
2326 5012 2482 5075 Co;l.,
2513 5011 2752 5064 circinus.

2270 5081 2297 5119 ιι
2331 5084 2421 5135 Ha:
2457 5092 2563 5135 tres
2610 5097 2820 5148 cruces,
2853 5097 2972 5148 «tuae
3009 5079 3143 5151 post'
3164 5076 3565 5151 praecedentem
3598 5078 3806 5135 oratio-

2201 5170 2323 5208 nem
2354 5154 2731 5208 deScribuutur
2751 5155 2801 5207 in
2831 5149 3035 5218 codice,
3070 5149 3488 5207 Sacramentarii
3513 5150 3686 5207 ﬁnem
3720 5151 3802 5205 iu-

2198 5226 2381 5279 dicare
2416 5226 2679 5290 videntur,
2710 5226 2781 5280 ita
2812 5233 2869 5279 ut
2913 5224 3190 5293 sequentia
3230 5220 3496 5278 additioni
3524 5232 3809 5279 extranea

2202 5296 2485 5351 tribuenda
2507 5296 2631 5351 sint.

2202 5296 2485 5353 tribuenda
2507 5296 2631 5351 sint.

1959 5617 2348 5680 MONlTUM.

582 5741 661 5813 Ex
694 5741 865 5813 tribus
896 5741 1223 5797 Pontiﬁcatis
1254 5741 1478 5813 Romani
1513 5739 1937 5810 praefationibus,
1962 5756 2094 5811 quas
2136 5742 2333 5813 Leonis
2369 5742 2566 5813 stylum
2595 5742 2896 5798 referentes
2935 5741 3051 5813 ejus
3080 5740 3437 5813 sermonibus
3469 5741 3817 5813 Quesnellus

509 5812 760 5882 subjecit,
796 5812 913 5867 duae
946 5813 996 5866 in
1032 5814 1309 5881 praemisso
1335 5812 1767 5868 Sacramentario
1789 5814 1947 5867 editae
1983 5821 2125 5869 sunt.
2162 5812 2398 5867 Tertiam
2426 5811 2577 5874 vero,
2611 5827 2770 5879 quam
2801 5816 2851 5869 in
2883 5811 3071 5869 eodem
3107 5814 3386 5867 inventum
3424 5811 3488 5865 iri
3513 5814 3663 5871 nihil
3695 5831 3817 5871 am-

513 5884 763 5955 bigimus,
791 5884 835 5938 Si
864 5899 964 5937 non
997 5883 1204 5941 deesset
1234 5902 1292 5941 ea
1328 5899 1447 5955 pars
1482 5901 1601 5953 qum
1643 5886 2078 5951 Quadragcsimzc
2113 5894 2351 5950 tempore
2384 5886 2445 5937 ad
2479 5886 2851 5950 pmttitentium
2888 5884 3377 5940 reconciliationem
3420 5884 3694 5955 pertinet,
3729 5888 3820 5942 hic
