4018 6314
494 360 603 422 150
1491 354 1721 412 OPERA
1756 352 1813 409 S.
1855 350 2060 407 LEONI
2099 348 2337 407 MAGNO
2377 347 2796 406 ATTRIBUTA.
3655 350 3766 407 160

492 478 781 545 plurimum
804 472 1191 545 suppeditavit,
1216 488 1317 529 nec
1348 487 1453 527 non
1481 472 1653 545 locum
1686 469 1831 545 illum
1860 484 2018 545 quem
2046 470 2096 523 in
2125 472 2342 545 caeteris
2364 468 2556 545 frustra
2585 467 2871 537 quaesitum
2898 481 2968 522 ex
2999 466 3367 545 hoc_ttno_ms.
3403 467 3761 545 restituimus.

490 538 570 605 Ne
599 551 649 603 in
680 538 1021 603 citandi's'his
1046 538 1323 599 codicibus
1361 544 1677 611 prolixiores
1705 538 1913 611 simus,
1940 542 2167 608 primum
2198 557 2297 594 ins.
2329 538 2680 593 indit-abimus
2720 553 2942 611 numero
2972 539 3186 611 arabico
3222 539 3305 611 71,7
3333 542 3624 593 secundum
3661 558 3767 595 nu-

499 635 652 674 mero
677 621 732 683 ‘2,
764 619 975 671 tertium
1002 631 1224 671 numero
1253 617 1307 675 5.
1340 610 1445 669 sic:
1485 611 1600 683 Vat.
1638 613 1688 673 1,
1713 613 1768 677 Ξ,
1801 613 1879 664 vel
1905 610 1956 664 5.
1995 612 2193 683 Przeler
2233 613 2328 663 hos
2355 623 2479 664 sunt
2508 610 2598 662 alii
2631 620 2739 663 tres
2775 610 3010 683 codices.
3046 610 3164 665 Vat.
3220 610 3490 683 Palatinus
3524 611 3630 683 236
3659 628 3765 667 sa:-

500 690 606 747 culi
632 706 681 745 tx
714 681 797 744 vel
822 705 874 752 ι,
909 688 1029 744 Vat.
1058 687 1162 741 558
1191 687 1371 741 saeculi
1405 700 1478 747 χι,
1504 694 1557 738 et
1581 682 1684 739 559
1714 682 1894 738 saeculi
1926 698 2015 748 xv,
2053 683 2143 753 qui
2178 682 2500 749 PrOSperum
2543 683 2740 750 pariter
2762 681 3079 750 praeferunt;
3121 690 3175 735 et
3204 697 3341 735 unus
3376 682 3491 737 Vat.
3523 682 3627 738 281
3660 700 3763 740 ste-

489 760 594 817 culi
626 776 733 824 xtv,
761 762 849 831 qui
881 758 1221 831 Ambrosium
1256 757 1499 825 praeﬁgit.

560 832 614 885 3.
657 822 855 885 Horum
879 840 1056 885 autem
1085 822 1324 883 codicum
1348 822 1596 881 recensio
1618 825 1723 879 duo
1751 824 2084 879 observanda
2122 825 2381 893 suggerit,
2414 839 2533 891 quae
2561 838 2664 876 non
2694 823 2896 878 inutilia
2928 822 3174 877 fortassis
3195 835 3351 877 erunt
3378 824 3443 879 ad
3464 826 3765 893 conjicien-

488 903 613 956 dum
641 915 936 956 auctorem.
973 900 1147 954 Primo
1176 900 1361 953 falsum
1388 907 1471 952 est
1497 898 1711 950 codices
1740 897 2022 950 Vaticanos
2052 895 2143 963 qui
2169 894 2513 949 Ambrosium
2549 894 2842 963 przrferunt
2869 909 2990 949 esse
3027 894 3350 948 vetustiores
3384 896 3487 949 illis
3512 899 3601 966 qui
3632 896 3767 951 Pro-

492 974 632 1043 speri
666 974 881 1027 nomine
909 972 1291 1043 inscribuntur.
1324 968 1508 1043 Neque
1532 969 1674 1021 enim
1705 967 1823 1043 Vat.
1858 967 1962 1022 268
1989 978 2071 1043 est
2101 978 2493 1043 nongentorutn
2523 966 2935 1043 a_rnnor_um._sed
2965 982 3024 1043 si
3060 967 3277 1043 circiter
3303 968 3501 1043 saeculo
3527 967 3763 1033 scriptus

490 1037 827 1113 agnoscitur;
859 1058 977 1096 cum
1008 1041 1175 1113 codex
1200 1040 1368 1113 Palat.
1398 1040 1503 1113 2736
1517 1053 1638 1113 _uno
1659 1039 1947 1113 velaltero
1962 1038 2122 1113 etiam
2152 1038 2351 1093 saeculo
2389 1038 2627 1113 anterior
2656 1038 2753 1113 sit;
2773 1038 2926 1113 sicut
2954 1037 3231 1113 etiatn__ille
3253 1051 3410 1113 quem
3427 1038 3767 1113 J!i_llCln13!'US

497 1106 698 1173 habuit.
728 1106 850 1167 dum
883 1113 1121 1181 pluribus
1151 1111 1204 1165 in
1230 1112 1359 1165 locis
1384 1109 1484 1163 sub
1517 1109 1760 1181 Prostieri
1808 1109 2022 1162 nomine
2053 1110 2152 1163 hoc
2192 1126 2327 1177 opus
2367 1109 2636 1181 allegavit.
2674 1106 2901 1163 Codices
2929 1122 3059 1181 vero
3104 1107 3220 1161 Vat.
3258 1106 3389 1181 ng.
3422 1109 3529 1181 295
3555 1118 3609 1163 et
3641 1108 3766 1164 Vat.

491 1184 597 1238 558
626 1184 861 1253 ejusdem
886 1178 1066 1238 sreculi
1099 1198 1223 1236 sunt
1244 1197 1305 1236 nc
1335 1181 1425 1234 ille
1448 1182 1535 1253 qni
1564 1180 1849 1253 Ambrosio
1874 1188 2223 1253 praenotatur.
2251 1180 2501 1253 Secundo
2526 1196 2593 1234 ex
2624 1180 2899 1253 codicibus
2927 1178 3465 1253 Ιιθοιρεηιξίιάξιὶιιίςίε
3489 1189 3602 1253 tres
3645 1190 3770 1253 tan-

489 1262 599 1308 tum
636 1248 971 1307 τὶιιιὺτοςίιιιη
1008 1253 1318 1322 praeferunt,
1353 1250 1603 1305 nimirum
1638 1251 1754 1304 Vat.
1799 1252 1904 1306 268
1933 1261 1987 1305 et
2014 1251 2142 1313 281,
2176 1266 2274 1306 nec
2308 1266 2412 1305 non
2448 1250 2538 1304 ille
2570 1266 2635 1305 ex
2664 1266 2768 1319 quo
2811 1251 3038 1317 primntn
3086 1251 3136 1322 hi
3180 1248 3301 1322 libri
3342 1250 3443 1305 sub
3485 1251 3765 1322 Ambrosii

488 1326 703 1380 nomine
732 1320 1065 1393 prodierunt,
1093 1334 1144 1377 et
1176 1324 1226 1376 hi
1260 1337 1446 1377 omnes
1476 1337 1625 1393 aeque
1654 1322 1834 1377 multis
1864 1324 2139 1375 erroribus
2162 1323 2400 1391 corrupti
2428 1332 2572 1381 sunt.
2606 1337 2667 1375 ac
2704 1322 2862 1390 longo
2892 1322 2985 1376 illo
3023 1320 3329 1375 testimonio
3365 1321 3504 1389 quod
3527 1323 3709 1393 capite
3735 1324 3768 1377 7

485 1396 603 1449 libri
632 1413 667 1459 t,
700 1392 764 1449 es
794 1411 921 1449 mss.
954 1396 1274 1462 Prosperum
1308 1392 1707 1461 praeligentibus
1736 1393 2037 1447 restitutum
2072 1394 2193 1456 fuit,
2226 1408 2414 1446 omnes
2450 1393 2698 1446 similiter
2726 1404 2942 1455 caro-nt;
2976 1393 3114 1447 adeo
3147 1401 3203 1445 ut
3234 1406 3297 1444 es
3331 1407 3435 1447 uno
3460 1392 3769 1460 eodemque

489 1468 784 1534 exemplari
816 1467 1017 1531 pariter
1043 1474 1298 1531 corrupto
1327 1475 1379 1517 et
1402 1464 1665 1518 diminuto
1687 1463 1909 1517 derivati
1941 1474 2252 1518 noscuntur.
2287 1465 2420 1518 Octo
2443 1474 2619 1517 autem
2644 1464 2858 1518 codices
2891 1463 3137 1530 Prosperi
3170 1463 3386 1517 nomine
3424 1466 3769 1533 pra-signan-

494 1546 598 1598 tur,
632 1536 1442 1607 Cumberonensis,[Thuaneus,
1468 1534 1741 1607 .loliensis.
1774 1534 1943 1589 Palat.
1967 1534 2093 1599 256,
2130 1535 2249 1589 Vat.
2278 1535 2410 1606 Reg.
2440 1535 2568 1603 295,
2602 1535 2720 1588 Vat.
2748 1534 2878 1602 262,
2910 1535 3016 1590 558
3037 1542 3091 1589 et
3110 1534 3238 1600 559,
3270 1548 3565 1605 omnesque
3588 1538 3766 1591 multo

484 1608 883 1661 emendatiores
903 1618 1048 1671 sunt,
1082 1605 1180 1659 nec
1207 1606 1412 1675 insigne
1444 1605 1570 1659 illud
1597 1607 1958 1659 testimonium
1981 1609 2255 1661 omittunt.

555 1679 609 1732 4.
652 1677 732 1731 Ex
758 1678 839 1730 his
865 1684 1041 1729 autem
1073 1676 1280 1731 duabus
1310 1673 1779 1730 observationibus
1809 1680 2094 1745 quamdam
2116 1677 2481 1745 conjecturam
2505 1676 2708 1730 auctori
2730 1676 3086 1731 discernendo
3112 1674 3295 1729 utilem
3321 1673 3521 1730 inferre
3548 1685 3603 1729 et
3632 1692 3766 1745 pro-

485 1762 687 1817 ponere
716 1748 894 1802 liceat.
919 1748 1051 1801 Cum
1082 1762 1270 1801 Omnes
1290 1748 1503 1801 codices
1526 1750 1611 1814 qui
1642 1746 1985 1801 Ambrosium
2012 1750 2222 1813 signant
2246 1763 2396 1815 atque
2432 1746 2594 1801 luxati
2620 1758 2675 1802 et
2701 1749 2939 1817 corrupti
2966 1764 3030 1801 ex
3066 1748 3223 1800 unico
3252 1747 3436 1800 vitiato
3457 1749 3767 1814 exemplari

485 1818 915 1887 proficiscuntur,
950 1818 1107 1889 primi
1134 1819 1271 1873 illius
1301 1818 1503 1873 librarii
1530 1820 1812 1872 oscitantin
1845 1819 1928 1872 vel
1958 1819 2179 1873 arbitrio
2213 1820 2324 1872 lteri
2362 1818 2531 1886 potuit
2561 1827 2619 1874 ut
2644 1820 2723 1872 vel
2757 1833 2949 1873 nomen
2977 1818 3245 1887 Prosperi,
3280 1817 3419 1889 quod
3442 1828 3558 1871 erat
3590 1819 3641 1871 in
3671 1836 3770 1873 ve-

486 1890 799 1961 tustioribus
828 1888 961 1943 mss.
992 1892 1046 1942 in
1077 1890 1416 1961 Ambrosium
1449 1898 1699 1961 mutaret,
1735 1891 1815 1943 vel
1852 1889 2015 1961 (quod
2046 1890 2372 1957 probabilius
2411 1898 2515 1951 est,
2547 1901 2598 1944 et
2628 1890 2958 1961 frequentius
2999 1890 3117 1944 aliis
3156 1888 3207 1943 iii
3250 1888 3505 1955 operibus
3533 1891 3761 1959 accidit)

483 1957 648 2012 libros
679 1961 798 2015 sine
842 1962 1080 2014 auctoris
1107 1960 1325 2014 nomine
1354 1960 1645 2031 subjecerit
1688 1957 1951 2015 Ambrosii
1981 1962 2269 2030 Operibus;
2298 1976 2360 2016 ex
2396 1977 2501 2028 quo
2536 1961 2623 2016 alii
2662 1957 2988 2031 posteriores
3027 1973 3384 2014 amanuenses
3420 1957 3765 2015 occasionem

482 2033 809 2099 sumpserint
837 2032 1107 2085 tribuendi
1136 2032 1254 2086 illas
1288 2030 1604 2095 Ambrosio;
1625 2032 1707 2084 citi
1734 2040 1910 2085 tamen
1934 2031 2096 2085 iidem
2126 2044 2274 2088 certe
2298 2042 2567 2099 nequeunt
2594 2030 2815 2091 ascribi.
2837 2032 2911 2087 uti
2934 2032 3255 2098 Quesnelltts
3278 2030 3555 2084 evidenter
3579 2043 3768 2088 ttsteu-

481 2099 557 2154 dit
580 2102 794 2157 dissert.
816 2102 870 2163 2,
902 2118 999 2155 nec
1035 2102 1430 2169 antiquioribus
1461 2102 1799 2169 temporibus
1828 2113 1987 2166 atque
2015 2103 2294 2158 codicibus
2328 2104 2591 2169 ascriptos
2622 2106 2841 2157 scimus.
2885 2104 3110 2157 Econtra
3151 2118 3271 2156 cum
3315 2117 3504 2155 omnes
3541 2102 3767 2155 codices

482 2169 807 2237 Prosperum
843 2174 1186 2240 praeferentes
1217 2173 1611 2227 etnendatiores
1636 2184 1683 2225 et
1714 2188 1819 2227 non
1845 2175 1916 2227 ita
1945 2174 2189 2227 diniiuuti
2218 2175 2346 2239 sint,
2382 2188 2443 2227 ac
2476 2175 2713 2227 nonnulli
2760 2173 2919 2227 etiam
2948 2175 3288 2228 vetustiores.
3325 2172 3496 2240 palam
3533 2183 3619 2226 est
3660 2172 3765 2227 hos

484 2241 552 2295 ab
574 2242 819 2313 originali
847 2243 1218 2313 antiquissimo
1232 2259 1294 2297 ac
1322 2244 1599 2298 sinceriori
1628 2244 1917 2309 profectus.
1944 2245 2029 2298 cui
2060 2246 2259 2312 pariter
2276 2259 2467 2297 nomen
2504 2245 2749 2311 Prosperi
2776 2244 3190 2313 inscribehntur.
3218 2243 3351 2296 llinc
3373 2255 3549 2297 autem
3579 2260 3765 2297 nonne

484 2312 754 2383 conjicere
787 2313 912 2367 licet
940 2312 1517 2379 aliquemi’roSperum
1552 2330 1677 2367 vere
1708 2330 1825 2368 e>8e
1851 2314 2039 2369 horum
2071 2316 2329 2369 librorum
2361 2327 2659 2380 auctorem,
2684 2315 2810 2369 licet
2834 2316 2952 2383 quis
2982 2312 3212 2381 Prosper
3246 2314 3404 2367 fut-rit
3442 2314 3764 2379 ignoretur?

488 2382 562 2435 Ita
595 2386 808 2452 quidem
836 2384 1191 2439 Conciliantur
1219 2388 1382 2453 probe
1407 2387 1607 2439 omnia.
1643 2384 1991 2439 Diilicultates
2012 2387 2152 2440 enim
2181 2404 2207 2439 a
2232 2386 2522 2452 Quesnello
2542 2387 2768 2455 object-a3
2792 2382 3007 2441 dissert.
3036 2384 3071 2437 2
3099 2394 3283 2439 contra
3307 2386 3603 2440 sententias
3626 2386 3763 2439 Pro-

483 2467 701 2521 spetttm
735 2454 1065 2524 ingerentes,
1098 2456 1148 2510 itl
1176 2458 1346 2511 solum
1378 2457 1626 2510 evincunt
1669 2457 1854 2510 horum
1888 2457 2146 2511 librorum
2174 2468 2447 2511 auctorem
2482 2472 2585 2509 non
2616 2471 2735 2512 esse
2767 2457 3087 2521 ProSperutn
3126 2458 3471 2523 Aquitanttm.
3504 2459 3575 2509 At
3607 2456 3652 2509 si
3679 2456 3763 2510 di-

482 2534 640 2597 catur
667 2539 787 2597 esse
827 2527 1021 2597 aliquis
1049 2527 1185 2581 alius
1215 2526 1447 2595 Prosper
1480 2528 1693 2581 aliunde
1725 2544 1829 2579 non
1875 2529 2141 2594 cttgnitus,
2176 2529 2263 2597 qui
2304 2529 2404 2581 sub
2436 2526 2627 2581 Leonis
2658 2544 2829 2581 arvum
2869 2538 2921 2583 et
2961 2536 3085 2581 ante
3121 2526 3393 2581 Gelasium
3438 2527 3655 2589 vixerit,
3695 2542 3759 2582 ea

482 2594 691 2662 objecta
724 2594 851 2649 nihil
884 2596 1149 2661 ofﬁciunt,
1180 2608 1235 2651 et
1263 2594 1363 2650 hac
1402 2598 1610 2650 ratione
1640 2598 2024 2665 antiquiorum,
2052 2609 2105 2653 et
2137 2594 2390 2665 plurium.
2423 2609 2477 2651 et
2510 2598 2932 2653 emendatiornm
2962 2598 3347 2665 exemplarium
3386 2597 3517 2651 lides
3558 2600 3759 2653 intacta

485 2666 827 2739 relinquitur.
857 2668 1027 2739 Simili
1054 2682 1265 2737 quoque
1304 2670 1391 2721 via
1421 2667 1693 2721 conciliari
1728 2678 1901 2734 potest
1929 2672 2219 2723 auctoritas
2246 2669 2591 2731 Cassiodorii.
2617 2671 2703 2739 qui
2734 2671 2898 2723 libros
2930 2670 2993 2722 de
3029 2667 3461 2721 Promissionibus
3481 2677 3529 2721 et
3556 2666 3760 2723 Ρητάὶο

495 2736 747 2809 stimulus
773 2735 865 2809 Dei
890 2737 1153 2809 Prospero
1182 2735 1215 2791 tt
1234 2739 1383 2791 ibuit.
1420 2739 1473 2792 ltl
1507 2753 1603 2805 per
1631 2753 1870 2793 errorem
1895 2740 2201 2805 accidisset,
2232 2741 2276 2794 si
2307 2735 2985 2809 Prosperutn‘Aqnitanum
3015 2739 3311 2807 intelligere
3333 2753 3556 2794 necesse
3582 2752 3754 2805 esset;

492 2804 708 2861 illmutn
735 2808 875 2879 enim
904 2804 1163 2863 libi-orum
1187 2817 1374 2863 auctor
1398 2804 1685 2863 Africanus
1715 2810 2055 2879 perspicitur.
2088 2814 2156 2865 At
2180 2804 2551 2865 Cassiodorius
2590 2804 2905 2877 Prosperum
2942 2811 3151 2865 duobus
3185 2804 3235 2862 in
3270 2809 3419 2863 libris
3447 2820 3757 2866 constanter

490 2889 671 2951 vocat;
697 2878 934 2951 patriam
955 2889 1131 2932 autem
1166 2896 1269 2933 non
1301 2879 1567 2948 designat,
1593 2895 1821 2951 cumque
1853 2881 1967 2947 ipSe
2006 2880 2128 2935 huic
2160 2885 2364 2937 auctori
2396 2882 2461 2935 sit
2506 2880 2617 2936 lere
2646 2897 2865 2951 suppar,
2919 2882 2969 2935 in
3008 2882 3127 2947 ejtts
3181 2882 3396 2951 nomine
3420 2882 3755 2951 rallticinatus

485 2960 591 3022 non
624 2947 695 3022 ita
727 2947 880 3003 lacite
903 2949 1166 3022 dicendus
1192 2959 1295 3022 est,
1330 2947 1450 3003 cuni
1474 2950 1610 3003 alius
1630 2950 1869 3022 Prosper
1891 2952 2110 3019 intelligi
2142 2964 2331 3022 queat:
2364 2954 2455 3007 sed
2483 2952 2551 3004 illi
2586 2947 2763 3015 potius
2787 2968 2879 3016 per
2905 2967 3009 3006 non
3043 2952 3158 3006 leve
3204 2950 3572 3022 pra’jlldiClilm
3622 2953 3756 3007 allu-

484 3015 647 3092 cinati
680 3020 933 3092 credendi
965 3031 1109 3092 sunt.
1140 3021 1228 3087 qui
1259 3024 1579 3088 Prosperum
1611 3015 1935 3089 Aquitanum
1969 3037 1998 3075 a
2022 3015 2363 3077 Cassiodorio
2396 3023 2718 3092 appellatum
2752 3015 3155 3089 praesumentes.
3190 3015 3385 3090 duplics
3419 3021 3578 3090 hujus
3609 3025 3755 3079 testi~

481 3090 718 3162 monium
750 3088 1098 3156 rejiciendunt
1128 3106 1192 3145 ac
1222 3106 1409 3146 errore
1440 3088 1730 3146 notandum
1768 3103 2037 3159 putarunt.
2069 3096 2262 3159 Quidni
2293 3088 2451 3162 igitur
2472 3088 2615 3147 idem
2648 3088 2894 3148 accidere
2934 3094 3099 3160 potuit
3129 3094 3180 3147 in
3209 3088 3335 3147 casu
3369 3088 3594 3146 nostro?

553 3158 608 3235 _5.
651 3158 845 3235 (ἱειεδιί
869 3174 1027 3235 papa:
1057 3171 1231 3235 testus
1262 3162 1394 3217 nihil
1427 3175 1709 3231 repugnat,
1746 3158 1865 3216 cum
1913 3158 2219 3235 Magistrum
2253 3158 2494 3219 Ecclesiae
2534 3167 2751 3217 honoris
2780 3158 2947 3233 gratia
2999 3166 3145 3218 illum
3190 3165 3421 3229 potuerit
3457 3164 3753 3233 appellare,

478 3230 566 3304 qui
600 3230 682 3283 vel
714 3241 839 3304 tunc
867 3233 918 3285 in
948 3247 1078 3304 mss.
1114 3232 1343 3301 Prosper
1375 3230 1803 3304 nuncuparetur;
1839 3230 2173 3303 nequeenim
2212 3237 2334 3289 hinc
2360 3239 2602 3304 cogimur
2623 3230 2803 3290 dicere
2828 3235 2926 3288 bos
2954 3235 3117 3289 libros
3146 3235 3261 3287 sine
3282 3236 3515 3289 auctoris
3533 3230 3755 3291 nomine

477 3298 871 3375 l'uisse_editos;
901 3302 1039 3367 quod
1073 3298 1262 3375 tamen
1281 3318 1347 3357 ex
1371 3304 1487 3375 sola
1510 3298 1707 3358 Gelasii
1740 3298 2015 3367 citatione,
2042 3322 2145 3375 qua
2175 3323 2368 3361 nomen
2398 3298 2685 3367 orniuitur,
2710 3307 2948 3360 nonnulli
2968 3304 3324 3375 colligendum
3352 3306 3747 3360 existimarunt.

552 3368 607 3423 6.
647 3370 830 3440 Neque
859 3381 1076 3443 moveat
1104 3374 1244 3443 quod
1277 3374 1491 3439 quidam
1530 3375 1751 3437 addunt,
1794 3377 1861 3429 ita
1894 3368 2133 3443 potuisse
2165 3393 2349 3431 errare
2377 3378 2594 3431 codices
2624 3376 2676 3430 in
2710 3377 3006 3431 tribuendis
3038 3368 3121 3430 his
3166 3375 3317 3430 libris
3357 3376 3636 3443 Prospero.
3674 3376 3747 3431 uti

475 3444 801 3516 errarttnt__tn
835 3441 1167 3516 vindicandis
1198 3443 1371 3497 eidem
1406 3444 1555 3516 libris
1582 3447 1644 3498 de
1682 3445 1795 3499 Vita
1834 3441 2247 3514 contemplativa,
2286 3448 2375 3516 qtti
2403 3446 2671 3501 lulianum
2718 3448 3021 3503 Pomerium
3060 3446 3259 3501 habent
3304 3441 3591 3501 auctorem.
3638 3446 3742 3499 Alii

473 3511 617 3566 enim
642 3510 858 3586 codices
883 3513 1078 3586 inventi
1105 3523 1248 3577 sunt,
1278 3524 1331 3569 et
1366 3530 1396 3569 a
1430 3515 1725 3571 novissimo
1752 3516 2002 3583 Prosperi
2035 3510 2241 3573 editore
2272 3510 2577 3584 laudantur,
2619 3520 2707 3586 qui
2739 3519 2834 3571 hos
2865 3519 3031 3572 libros
3053 3518 3267 3573 Juliano
3299 3517 3529 3571 Pomerio
3558 3516 3740 3569 vindi-

475 3591 626 3656 cant;
655 3582 953 3656 cnjusntndi
982 3584 1141 3656 etiam
1174 3596 1297 3639 sunt
1327 3601 1462 3656 unus
1497 3588 1610 3640 Vat.
1647 3587 1864 3656 Reginae
1892 3582 2004 3641 7291
2041 3589 2221 3642 saculi
2254 3604 2328 3653 in,
2369 3597 2423 3642 et
2465 3582 2600 3642 alius
2634 3582 3018 3643 Ambrosianus
3050 3590 3195 3642 mille
3225 3604 3480 3644 annorum
3508 3602 3537 3638 a
3566 3586 3747 3641 Mura-

477 3652 615 3707 torio
645 3654 908 3709 indicatus
940 3663 1070 3710 tom.
1097 3654 1182 3709 ΙΙΙ.
1217 3655 1479 3728 Antiquit.
1510 3658 1678 3712 Italic.
1716 3652 1833 3725 pag.
1868 3658 1995 3723 847,
2027 3658 2078 3712 in
2115 3675 2219 3728 quo
2248 3652 2370 3713 dum
2400 3669 2648 3728 excerpta
2678 3676 2741 3714 ex
2784 3661 3018 3727 antiquis
3052 3660 3401 3728 scriptoribu~~
3430 3659 3747 3712 describun-

475 3733 582 3800 tur,
613 3740 774 3800 unum
797 3739 868 3800 ex
891 3727 1230 3800 _cap._2l_lib.
1252 3743 1297 3800 gn
1328 3729 1391 3781 de
1433 3727 1546 3781 Vita
1574 3729 1966 3800 contemplativa
1992 3729 2071 3784 sic
2100 3727 2360 3798 allegatur
2385 3746 2399 3786 :
2428 3727 2614 3800 Incipit
2635 3730 2699 3784 de
2732 3732 2876 3785 tertio
2911 3732 3215 3798 (legendum
3243 3730 3485 3794 secundo,
3521 3729 3622 3783 nisi
3650 3729 3752 3784 alia

474 3792 671 3871 divisio
694 3792 1040 3871 obtinuisset)
1072 3796 1202 3871 libro
1245 3796 1470 3851 Pomerii
1496 3792 1883 3871 augurium».
1925 3800 2156 3853 Econtra
2194 3792 2318 3855 vvero
2362 3802 2489 3855 nulli
2520 3792 2735 3855 codices
2769 3792 3024 3855 hactenus
3061 3801 3285 3856 inveniri
3330 3792 3619 3871 potuerunt
3660 3800 3747 3869 qui

475 3864 734 3941 libros_de
765 3864 1039 3920 Vocatione
1060 3870 1146 3920 alii
1178 3871 1451 3923 ascribant
1488 3870 1589 3923 nisi
1624 3869 1889 3937 Prospero
1924 3872 2006 3925 vel
2042 3871 2359 3937 Ambrosio;
2394 3888 2455 3927 ac
2494 3884 2779 3941 pr0pterea
2820 3887 2942 3927 cum
2982 3873 3249 3928 Ambrosii
3297 3864 3421 3927 esse
3462 3864 3752 3940 nequeant,

475 3948 612 4015 unus
643 3935 872 4015 Prosiier
902 3947 1090 4003 restat,
1119 3954 1277 4008 quem
1308 3954 1428 3993 cum
1456 3955 1560 4015 non
1592 3935 1848 4015 cogamur
1869 3943 2189 4015 Aquitanum
2221 3935 2520 4010 intelligere
2556 3935 2761 4015 (uultus
2788 3946 2932 3998 enim
2956 3943 3143 4015 codex
3188 3943 3516 4013 Aquitannm
3547 3935 3745 4013 vocat),

476 4004 637 4085 alium
671 4006 990 4085 Prosperum
1034 4004 1320 4085 possumus
1356 4010 1600 4073 credere,
1629 4004 1734 4085 etsi
1763 4012 1882 4079 quis
1913 4004 2003 4068 ille
2049 4014 2209 4069 fuerit
2230 4004 2619 4085 non'liqueat.
2662 4014 2808 4068 Hanc
2844 4014 3230 4079 conjecturam,
3254 4004 3627 4085 'quaccuinque
3660 4004 3752 4085 sit,

477 4075 736 4131 lectorum
762 4078 965 4147 judicio
994 4075 1333 4149 subjicimus,
1358 4095 1541 4135 eorum
1573 4075 1848 4152 pra-cipue
1874 4086 1963 4153 qui
1988 4085 2123 4139 alios
2143 4084 2355 4140 codices
2386 4075 2651 4153 inspicere
2673 4093 2726 4139 et
2754 4075 3003 4140 conferre
3026 4075 3303 4155 poterunt:
3540 4075 3557 4085 ’
3660 4080 3663 4085 ’

489 4214 3726 4242 '—_————————————-————_—-—_—-————u—-——_

1053 4321 1965 4411 DE'VOCATIONE
2041 4321 2529 4406 OMNIUM
2604 4321 2640 4406 (

1564 4322 1965 4406 iTIONE
2041 4321 2529 4406 OMNIUM
2604 4318 3151 4431 GENTIUM

1919 4481 2089 4533 LIBRI
2130 4482 2279 4535 DUO.

544 4621 666 4674 Jam
692 4623 783 4675 hos
811 4620 966 4675 libros
984 4662 998 4683 .
1030 4622 1202 4675 minus
1224 4630 1356 4674 recte
1380 4619 1441 4676 S.
1467 4619 1627 4673 Leoni
1656 4635 1806 4687 quam
1837 4617 2092 4687 Prospero
2123 4616 2376 4686 Aquitano
2401 4615 2716 4680 tribuendos,
2750 4615 2881 4687 inter
2912 4615 3065 4687 hujus
3096 4612 3271 4669 Patris
3296 4615 3467 4687 Opera
3496 4614 3578 4669 edi
3602 4630 3761 4687 cura-

476 4694 657 4758 uimus,
697 4701 829 4744 tonio
873 4693 1064 4746 scilicet
1119 4702 1290 4746 nostro
1321 4688 1417 4755 LI,
1469 4706 1570 4759 quo
1608 4685 1894 4758 reqtiirendi
1936 4685 2075 4740 sunt.
2119 4685 2270 4751 Quod
2296 4697 2465 4759 autem
2500 4686 2795 4759 spectarad
2822 4685 3193 4759 elucidationes
3222 4686 3405 4759 quibus
3436 4687 3501 4759 in
3532 4686 3765 4759 editione

478 4755 832 4816 Balleriniana
857 4779 986 4833 apus
1025 4764 1334 4827 illustratur,
1366 4778 1450 4833 eas
1586 4755 1719 4813 tonio
1761 4759 2000 4833 prementi
2051 4759 2259 4833 integre
2292 4757 2642 4826 producimus.
2696 4756 2825 4811 Vide
2854 4758 3011 4827 infra.
3048 4755 3312 4822 Quesnelli
3348 4757 3401 4810 in
3429 4756 3560 4811 illud
3582 4757 3760 4811 thema

475 4828 1012 4889 dissertationem'cum
1041 4833 1278 4901 subjectis
1311 4831 1708 4886 Balleriniorum
1736 4828 2184 4886 observationibus.
2220 4828 2373 4885 Eutr.

1698 5148 2539 5212 PRETERITORUM

554 5322 880 5414 SEDIS
957 5323 1711 5411 APOSTOLIC/E
1787 5322 2642 5407 EPISCOPORUM
2715 5316 3657 5407 AUCTORITATES.
3744 5428 3754 5437 _

1856 5480 1941 5534 DE
1974 5478 2212 5531 GRATIA
2246 5477 2367 5529 DEL

3739 5566 3767 5635 \

549 5726 849 5794 Quesnellus
878 5727 1013 5781 hunc
1042 5724 1267 5779 libellum
1303 5722 1363 5779 S.
1398 5721 1551 5777 Leoni
1596 5718 1949 5794 adiudicavit;
1975 5718 2065 5773 alii
2083 5734 2197 5794 vero
2222 5727 2452 5771 auctores
2482 5718 2663 5794 rectius
2693 5716 2948 5794 Prospero
2980 5717 3234 5794 Aquilam
3261 5714 3527 5794 uoluerunt
3552 5715 3764 5770 adscri-

479 5788 715 5854 bendum.
746 5798 975 5863 Quorum
1009 5797 1231 5866 amplexi
1276 5796 1597 5854 sententiam,
1632 5788 1797 5866 rat-ias
1839 5792 2033 5866 quibus
2056 5793 2333 5844 niterentur
2368 5792 2699 5866 auctoritates
2743 5796 2872 5866 inter
2908 5789 3078 5866 φρει-α
3107 5788 3350 5866 Prosperi
3394 5794 3535 5866 tumo
3573 5798 3763 5866 nostra

480 5868 557 5926 LI
587 5855 869 5926 retulimus.
900 5866 1031 5923 Vide
1052 5855 1287 5922 ueterum
1320 5866 1462 5935 infra
1483 5855 1889 5920 dissertationetn
1920 5864 2122 5919 tertiam
2156 5861 2437 5931 Quesnelli,
2470 5869 2513 5916 et
2542 5862 2593 5915 in
2616 5876 2725 5917 eam
2746 5855 3141 5916 Balleriniorunt
3167 5855 3556 5916 observationes.
3588 5855 3740 5915 Ειιι·
