4018 6314
300 344 402 402 181
470 336 473 337 ν

1410 346 1739 404 EPISTOLA
1782 346 1868 401 AD
1909 344 2437 405 DEMETRIADEM.

3464 352 3566 410 162

292 476 3545 509 ——————————————————————_———————-—

409 592 1009 684 'EPISTOLA
1084 602 1239 683 AD
1320 598 1793 683 SACRAM
1873 598 2477 684 VIRGINEM
2547 599 3457 686 DEMETRIADEM.

1864 773 1981 819 εισ

690 925 891 1034 DE
1015 926 2012 1032 HUMILITATE
2147 927 3154 1065 TRACTATUS,

1165 1124 1359 1200 Quem
1390 1124 1595 1185 Lsout
1636 1124 1872 1184 Manno
1906 1121 2273 1198 Quesnellua
2303 1122 2332 1163 δ
2364 1122 2686 1187 attribuit.

1636 1332 1639 1333 ν
1705 1307 2170 1359 ARGUIENTUM.

289 1410 480 1474 Magnis
515 1410 747 1478 laudibus
782 1420 958 1478 veram
995 1408 1316 1478 humilitatem
1352 1410 1680 1478 commendat,
1722 1409 2075 1472 adversamque
2116 1407 2207 1478 illi_
2233 1409 3183 1478 superbi-im‘suisdepingltcoloribus;
3211 1425 3309 1469 tum
3333 1422 3561 1474 devotam

698 1471 892 1522 Christo
916 1473 1156 1533 virginem
1174 1472 1393 1520 hortatur
1415 1478 1466 1520 ut
1490 1471 1750 1521 elationem
1780 1479 1969 1529 caveat,
1992 1470 2147 1532 seque
2168 1470 2377 1520 sincera
2400 1470 2683 1521 humilitatis
2709 1470 2938 1537 prasidio
2962 1480 3163 1528 muniat.

368 1701 533 1774 259
554 1699 681 1756 CAP.
712 1699 747 1752 1.
784 1699 988 1765 Quanta
1015 1698 1165 1769 fuerit
1192 1696 1530 1751 Demetriadi:
1556 1696 1793 1749 nobilitas
1817 1703 1863 1749 et
1891 1707 1943 1767 Α
1969 1698 2237 1755 adulando
2273 1701 2547 1773 ingeram,
2577 1706 2661 1761 vel
2696 1707 2800 1761 tuis
2829 1722 2894 1763 ac
2923 1718 3132 1765 tuorum
3165 1712 3564 1779 praedicationi-

290 1794 474 1847 m'rtua.
511 1820 582 1832 -—
627 1801 648 1828 ε
690 1787 820 1844 Cum
870 1787 1311 1858 splendidissima:
1353 1786 1721 1841 sanctimoniae
1766 1793 1871 1839 tum

285 1883 524 1937 sublime
580 1883 911 1949 propositum
958 1894 1119 1948 super
1163 1878 1477 1933 humilitatis
1530 1876 1871 1933 fundamenta

278 1978 588 2031 consistere
617 1973 700 2041 pie
726 1984 775 2026 et
808 1972 1078 2041 sapienter
1109 1969 1382 2039 intelligis,
1414 1971 1463 2023 in
1494 1968 1594 2043 hoc
1618 1982 1805 2039 usque,
1837 1983 1872 2024 o

273 2081 439 2122 Sacra
488 2064 647 2134 Virgo
696 2064 1020 2126 Demetrias,
1050 2062 1407 2132 dignationem
1453 2069 1557 2114 tute
1598 2060 1871 2129 dignitatis

278 2156 542 2219 inclinas,
572 2166 627 2209 ut
655 2153 1025 2224 provectiones
1048 2164 1165 2208 tuas
1186 2154 1347 2207 etiam
1377 2166 1498 2207 meo
1524 2152 1663 2220 stylo
1689 2152 1872 2220 exigas

271 2248 549 2317 adjuvari.
584 2246 735 2313 Quod
778 2261 913 2316 ego,
954 2247 1019 2300 ad
1066 2247 1376 2300 tenuitatem
1425 2243 1694 2298 facultatis
1738 2258 1871 2299 mea:

273 2341 619 2409 respiciens,
666 2337 915 2393 omnibus
958 2338 1127 2392 modis
1173 2351 1507 2401 recusarem,
1552 2350 1725 2405 neque
1764 2347 1870 2391 tam

274 2443 502 2489 maturo
529 2440 585 2485 et
620 2430 832 2485 erudito
866 2431 1047 2486 animo
1082 2432 1573 2486 cohortatiuncnlas
1602 2445 1748 2485 meas
1778 2432 1872 2485 ad-

275 2526 477 2581 hibere
522 2538 927 2595 praesumerem,
959 2524 1061 2579 nisi
1106 2524 1268 2595 260
1313 2523 1559 2578 liduciam
1602 2523 1869 2579 efﬁciendi

281 2617 340 2673 id
373 2618 514 2688 quod
540 2617 762 2687 jnbetur
789 2631 817 2670 a
841 2606 1061 2685 jubente
1087 2619 1423 2685 conciperem
1446 2656 1461 2681 ,
1489 2624 1546 2671 et
1576 2617 1680 2671 tuis
1707 2616 1871 2670 meri-

280 2711 359 2767 tis
394 2721 557 2782 atque
581 2710 919 2765 orationibus
955 2710 1275 2765 confiderem
1317 2724 1436 2764 esse
1476 2711 1863 2780 praestandum,

283 2814 342 2860 ut
373 2805 576 2858 oriatur
609 2804 663 2857 in
695 2804 890 2857 deserto
925 2819 1057 2868 aqua
1089 2802 1258 2873 (Paal.
1288 2818 1396 2866 cn,
1421 2802 1547 2873 33);
1581 2811 1635 2857 (ιι
1665 2804 1785 2870 ﬁant
1812 2804 1867 2856 in

285 2900 428 2953 sicca
468 2908 604 2951 terra
646 2897 861 2965 ﬂumina
895 2894 1010 2965 (Ps.
1051 2910 1156 2960 etv,
1199 2896 1298 2961 Al;
1342 2893 1497 2949 Isaia:
1545 2911 1712 2961 xuii,
1752 2896 1863 2965 19).

293 2990 443 3047 Unde
471 2988 907 3044 collaborandum
943 2987 1037 3042 tibi
1071 3002 1279 3042 mecum
1314 2996 1429 3053 est,
1464 2988 1636 3053 utqui
1666 2988 1867 3057 sapien-

1976 1792 2077 1847 bns
2108 1794 2377 1863 ingenium
2402 1811 2578 1851 meum
2612 1812 2707 1868 par
2736 1813 2858 1854 esse
2882 1815 3225 1870 praesumam.
3254 1806 3312 1860 Si
3341 1821 3471 1862 vero
3491 1809 3563 1865 de

1976 1888 2407 1944 commendando
2436 1890 2753 1960 virginitatis
2784 1892 2924 1947 bono
2955 1896 3215 1951 disseram
3240 1942 3254 1965 ,
3288 1903 3558 1968 superﬂua

1976 1977 2079 2031 erit
2108 1977 2225 2045 ejus
2253 1994 2394 2034 nunc
2416 1982 2674 2048 propositi
2705 1983 3031 2053 insinuatio,
3070 1988 3212 2057 quod
3247 1999 3301 2043 tu
3328 2005 3357 2044 a
3389 1993 3561 2061 primo

1973 2070 2146 2123 sitatis
2167 2077 2273 2125 tum
2296 2073 2423 2126 tlore
2449 2073 2605 2144 εει
2632 2071 2661 2109 ἀ
2684 2074 2801 2129 sine
2828 2076 3077 2132 humanis
3098 2078 3561 2139 cohortationibus

1972 2159 2177 2229 elegisti
2208 2178 2221 2213 :
2254 2173 2306 2215 et
2342 2162 2409 2216 de
2444 2180 2549 2232 quo
2577 2166 2717 2219 inter
2743 2166 2854 2235 ipsa
2894 2167 3153 2237 principia
3192 2172 3377 2236 multi,
3412 2182 3435 2211 ο
3466 2176 3558 2243 qui

1974 2260 2099 2306 tunc
2120 2252 2172 2306 in
2199 2252 2435 2309 Ecclesia
2460 2258 2896 2327 prmeminebant,
2924 2260 3114 2314 merito
3137 2276 3242 2316 non
3266 2264 3553 2320 siluerunt.

1974 2342 2142 2399 Valde
2171 2346 2314 2399 enim
2351 2348 2594 2403 mirabile
2627 2359 2777 2416 erat,
2807 2359 2861 2405 et
2901 2351 3041 2406 inter
3070 2354 3336 2423 praecipua
3360 2354 3557 2411 divinae

1972 2437 2156 2505 gratiae
2204 2438 2445 2508 exempla
2502 2442 2912 2509 numerandum,
2961 2445 3101 2514 quod
3150 2447 3299 2517 virgo
3345 2449 3554 2513 Anicia,

1972 2543 2136 2599 super
2179 2545 2337 2586 omne
2379 2530 2645 2602 fastigium
2680 2532 2701 2572 ί
2734 2534 3013 2591 Trabeatte
3070 2538 3365 2594 nobilitatis
3412 2555 3553 2595 eve—

1970 2630 2085 2686 cta,
2117 2621 2184 2676 de
2220 2623 2372 2692 cujus
2412 2623 2734 2680 fecunditate
2769 2628 2884 2681 avis
2920 2637 3081 2697 atque
3119 2630 3288 2684 atavis
3326 2646 3556 2699 respon-

1970 2728 2093 2768 sura
2130 2718 2411 2783 posteritas
2445 2728 2500 2772 et
2536 2716 2752 2774 familia:
2780 2721 2919 2775 votis
2946 2723 3358 2791 exspectabatur
3378 2734 3434 2779 et
3460 2739 3555 2794 pa-

1971 2804 2122 2871 triai,
2156 2822 2417 2863 converso
2456 2818 2677 2878 repente
2718 2812 2933 2879 animo,
2961 2813 3230 2868 desiderio
3254 2816 3557 2872 ctelesiinm

1970 2899 2274 2967 nuptiarum
2297 2900 2576 2956 declinasti
2601 2904 2828 2958 mortale
2842 2904 3169 2975 conjugium,
3184 2916 3239 2961 et
3262 2917 3318 2960 ut
3339 2922 3554 2964 omnem

1973 2992 2274 3060 prosapiam
2307 3001 2449 3045 tuam
2479 2994 2639 3047 etiam
2673 2994 2831 3063 hujus
2852 2996 3064 3050 virtutis
3088 2998 3243 3053 titulo
3271 3014 3558 3056 consecra-

294 3084 417 3136 tiam
442 3088 649 3155 prestat
677 3079 929 3151 parvulis,
961 3089 1007 3132 et
1035 3080 1234 3149 linguas
1262 3089 1518 3132 mutorum
1546 3079 1667 3146 facit
1700 3079 1863 3131 diser-
1896 3086 1944 3145 Β
1971 3094 2083 3143 res,
2110 3090 2133 3127 ε
2160 3084 2328 3149 prima
2356 3082 2541 3150 stirpis
2570 3092 2673 3137 tua:
2699 3092 3014 3153 perpetuam
3048 3095 3101 3141 te
3126 3086 3388 3156 virginem
3421 3089 3557 3146 Filio

304 3185 379 3229 tas
403 3176 544 3244 (Sep.
578 3190 643 3241 x,
674 3171 801 3243 21),
831 3171 1015 3243 jubeat
1041 3171 1108 3225 de
1139 3172 1317 3225 cordis
1344 3170 1445 3225 mei
1470 3169 1716 3224 ariditate
1744 3184 1867 3239 pro-

302 3266 484 3331 fluere,
514 3267 650 3338 quod
680 3266 798 3319 sitis
828 3275 912 3319 tua
938 3266 1095 3333 digne
1127 3265 1295 3333 possit
1318 3263 1549 3316 haurire.
1578 3263 1707 3326 Quae
1738 3275 1866 3331 ergo

294 3359 510 3412 materia
534 3358 677 3428 ston
701 3356 934 3420 dabitur,
969 3366 1023 3409 et
1047 3355 1187 3409 unde
1218 3354 1470 3425 loquendi
1502 3363 1676 3409 tecum
1707 3367 1864 3408 causa

286 3450 561 3507 sumetur?
598 3430 673 3504 Si'
696 3448 877 3502 laudes
917 3456 1035 3502 tuas
1072 3447 1310 3502 scribere
1347 3448 1644 3517 aggrediar,
1672 3457 1728 3503 et
1753 3462 1867 3501 ma-

283 3542 459 3612 jorum
492 3542 716 3603 seriem,
748 3553 868 3609 qua:
895 3552 991 3606 per
1024 3547 1074 3592 te
1115 3539 1335 3592 multum
1365 3540 1683 3605 illustratur,
1716 3538 1864 3594 evol-

288 3649 433 3698 vam,
464 3647 749 3688 onerosum
778 3646 862 3685 me
886 3630 1019 3685 forte
1040 3641 1091 3686 et
1118 3631 1479 3701 impudentem
1508 3631 1677 3687 videri
1709 3645 1867 3701 posse

283 3725 538 3791 arbitror,
588 3725 677 3794 qui
717 3724 801 3779 vel
846 3725 1093 3779 humanas
1139 3723 1234 3779 tibi
1281 3724 1465 3793 gloriae
1517 3725 1868 3780 teotationem

362 3875 387 3902 ι
420 3863 604 3918 Nullus
645 3863 900 3919 hactenus
942 3863 1109 3917 codex
1150 3864 1266 3917 usui
1314 3863 1411 3918 fuit
1445 3878 1567 3918 cum
1605 3878 1712 3933 quo
1748 3863 1861 3918 hac

281 3938 512 4004 epistola
552 3935 897 4004 relegaretur.
933 3934 1131 3989 Omnes
1166 3935 1306 3988 enim
1344 3935 1608 3989 editiones
1631 3950 1662 3988 e
1693 3936 1859 4002 prima

283 4007 625 4070 transcripta:
649 4009 859 4060 luerunt
882 4021 897 4069 ;
922 4006 1063 4059 unde
1086 4006 1211 4057 nihil
1235 4009 1506 4059 emendari
1532 4008 1723 4073 potuit.
1750 4005 1861 4059 Nos

280 4075 783 4147 qnatuorAVaticana
806 4076 1125 4147 exemplaria
1154 4090 1284 4147 mss.
1309 4076 1631 4140 iuveninms,
1652 4077 1858 4142 signata

284 4145 443 4204 lium.
465 4145 601 4212 262,
629 4147 768 4209 268,
798 4149 893 4201 251
930 4154 984 4200 et
1014 4146 1140 4199 284.
1168 4146 1282 4199 Duo
1307 4151 1479 4214 priora
1506 4146 1856 4214 ’potis~imum

283 4219 637 4282 contulimus,
670 4234 731 4270 ac
760 4232 830 4272 ex
863 4218 1048 4271 iisdem
1079 4221 1225 4285 plura
1258 4220 1370 4270 loca
1400 4224 1748 4285 corrigemus.

1968 3171 2192 3235 virginis
2221 3172 2576 3240 spopondisti.
2612 3172 2760 3226 lllam
2801 3188 2930 3243 ergo
2960 3184 3171 3230 aetatem
3202 3186 3345 3231 tuam
3375 3188 3430 3233 et
3466 3178 3556 3235 illa

1971 3262 2232 3332 principia
2262 3264 2648 3319 rationabiliter
2674 3264 2970 3320 doctissimi
3002 3268 3099 3322 viri
3138 3269 3249 3323 suis
3293 3268 3551 3327 adhorta-

1972 3353 2205 3409 tionibus
2234 3354 2526 3410 incitarunt
2549 3398 2565 3420 ,
2601 3366 2655 3411 et
2682 3356 2805 3411 licet
2833 3357 3142 3426 plantationi
3180 3374 3291 3417 sua:
3314 3376 3558 3420 summus

1971 3446 2206 3515 agricola
2236 3446 2409 3500 valida
2446 3446 2513 3501 ad
2545 3448 2843 3517 profectum
2880 3457 3028 3504 tuum
3065 3450 3394 3507 incrementa
3423 3469 3562 3525 pne-

1974 3537 2168 3603 heret,
2219 3549 2597 3607 cooperatores
2644 3549 2823 3594 tamen
2874 3541 3061 3610 gratia
3110 3540 3204 3597 Dei
3260 3555 3561 3613 Opportune

1975 3632 2113 3701 piam
2145 3629 2444 3685 adhibuere
2470 3630 2755 3699 culturam,
2784 3642 2845 3686 ut
2874 3648 3094 3703 germen
3127 3642 3368 3692 tenerum
3411 3638 3562 3694 forti-

1977 3722 2177 3778 tudinis
2215 3724 2379 3778 rohnr
2405 3724 2703 3794 acciperet,
2736 3734 2791 3779 et
2830 3725 3022 3796 dignos
3061 3731 3421 3798 generositate
3461 3745 3558 3787 sua

1966 3862 2087 3936 dem
2121 3861 2298 3936 libros
2325 3862 2387 3915 de
2426 3861 2703 3936 ιὀιτιιιίοηεΔ
2739 3863 3003 3934 Prospero
3036 3868 3352 3936 attributas,
3382 3870 3560 3927 inter-

1972 3933 2163 4001 positis
2187 3934 2391 3999 aliquot
2411 3935 2616 4003 paginis
2638 3934 2796 4003 albis,
2816 3938 2932 3990 sine
2953 3938 3064 3990 ullo
3085 3939 3236 3992 titulo
3261 3933 3547 3999 invenitur.

1969 4003 2024 4075 ln
2053 4005 2168 4056 solo
2194 4003 2316 4075 cod.
2354 4003 2469 4057 Vat.
2498 4005 2602 4058 281
2635 4002 2753 4057 hzec
2783 4008 3060 4073 inscriptio
3084 4010 3366 4075 praefertur
3392 4030 3404 4064 :
3433 4014 3555 4067 Am-

1968 4074 2123 4145 brosii
2145 4077 2213 4126 ad
2240 4074 2615 4145 Demetriadem
2634 4076 2897 4145 uirginem.
2929 4076 3061 4132 Vide
3086 4074 3237 4145 plura
3260 4080 3311 4133 in
3337 4082 3554 4139 observ.

1967 4144 2034 4197 ad
2064 4145 2280 4197 dissert.
2309 4144 2343 4196 4
2375 4144 2667 4206 Quesnclli.

2040 4210 2067 4249 ἀ
2101 4213 2517 4275 Demetriadem,
2550 4215 2797 4267 hortante
2823 4215 3147 4282 AuguSIino,
3184 4219 3381 4284 nuptiis
3421 4235 3550 4274 con-

364 4288 392 4327 ¹³
416 4288 607 4344 Confer
626 4274 847 4342 dissert.
888 4288 921 4341 4
957 4274 1228 4354 Quesnelli
1258 4326 1273 4353 ,
1314 4295 1368 4341 et
1407 4287 1460 4341 in
1496 4274 1614 4341 eain
1656 4296 1866 4341 nostras
1893 4274 1938 4335 C
1972 4288 2214 4351 temptis,
2240 4297 2358 4357 qua:
2387 4274 2708 4357 ipsiparatm
2738 4274 2933 4357 erant:
2960 4274 3276 4357 virginitatis
3310 4290 3554 4357 proposi.

282 4362 713 4416 obserttationes.

371 4442 392 4469 ε
428 4428 482 4483 lu
506 4432 726 4483 wtustis
756 4426 1024 4482 Ambrosii
1049 4426 1369 4482 editionibus
1401 4426 1486 4481 hic
1521 4426 1704 4480 titulus
1732 4442 1867 4491 prte-

284 4501 472 4571 ﬁgitur
505 4518 518 4552 :
548 4500 843 4553 Ambrosius
862 4500 1125 4569 episeopus
1144 4497 1863 4571 sacra:uirginipemelriadi.

281 4566 361 4630 ιιῖ
382 4571 612 4626 editione
638 4580 813 4625 autem
841 4566 1155 4623 Lovaniensi
1186 4586 1272 4622 an.
1308 4568 1474 4632 13665,
1510 4566 1732 4637 Prosper
1752 4571 1865 4638 epi-

282 4658 480 4710 sc0pua
508 4657 665 4694 same
701 4642 880 4712 virgini
911 4639 1257 4712 Demetriadi;
1282 4654 1349 4693 ex
1386 4655 1488 4703 qua
1519 4640 1866 4709 inscriptione

282 4716 615 4779 Prosperum
639 4709 958 4780 Aquitannm
983 4709 1146 4764 fuisse
1169 4716 1478 4780 episcopum
1503 4711 1742 4765 nonnulli
1766 4727 1865 4779 pu-

283 4792 496 4840 tarunt.
527 4784 631 4838 Sed
665 4790 779 4836 lucc
805 4782 1167 4851 inscriptioges
1196 4782 1417 4835 arbitrio
1444 4785 1606 4835 solius
1645 4782 1866 4837 editoris

282 4857 649 4912 Lovaniensis
683 4852 918 4918 profecta
947 4849 1047 4907 est.
1073 4849 1206 4906 Cum
1232 4855 1371 4905 enini
1404 4851 1448 4905 is
1475 4854 1675 4905 nullum
1711 4852 1866 4921 hujus

282 4925 536 4996 epistola:
560 4924 797 4996 codicem
830 4924 1094 4986 habuerit,
1127 4938 1348 4992 eamque
1381 4923 1864 4996 transcripseritrx

281 4993 563 5053 A—mbrosii
589 4994 846 5055 editione,
871 5009 933 5047 ex
956 4996 1068 5047 sola
1100 4996 1511 5062 praesumptione
1536 4994 1676 5061 quod
1709 4993 1865 5061 hujus

280 5078 484 5122 auctor
504 5081 622 5119 esse
646 5081 750 5119 non
776 5074 952 5133 posset
978 5066 1311 5122 Ambrosius.
1341 5065 1601 5131 Prospero
1627 5064 1767 5116 illam
1792 5078 1862 5117 ex

281 5137 500 5205 aliquot
524 5134 1003 5204 ceiijectationibus
1039 5135 1311 5197 attribuit;
1343 5149 1404 5187 ac
1447 5135 1692 5188 eamdem
1724 5143 1867 5188 trau-

281 5209 537 5263 scrihens
560 5223 623 5261 ex
654 5209 921 5260 Ambrosii
961 5206 1213 5273 vulgatis,
1259 5206 1309 5257 in
1352 5206 1690 5273 inscriptione
1736 5210 1863 5257 Am-

282 5279 461 5335 brosii
488 5294 703 5342 nomen,
729 5280 951 5331 retentis
972 5290 1180 5330 caeteris
1208 5291 1269 5329 ac
1289 5280 1446 5329 etiam
1465 5292 1594 5327 vocv
1616 5276 1861 5345 episcOpi,

284 5350 514 5419 preprio
545 5361 721 5419 marte
739 5348 961 5401 mutavit
989 5348 1038 5399 in
1065 5349 1403 5419 Prosperum.
1440 5346 1744 5419 lngquatuor
1766 5362 1861 5419 aui-7

282 5417 406 5474 ient
450 5418 758 5472 memoratis
797 5419 1068 5472 codicibus
1100 5418 1362 5470 Vaticanis
1414 5417 1555 5470 nulla
1600 5418 1863 5483 ejusmodi

283 5492 573 5559 inseriptio
613 5492 823 5558 legitur.
867 5487 925 5541 In
974 5488 1178 5559 duobus
1211 5487 1326 5541 Vat.
1366 5488 1472 5541 Q68
1521 5499 1573 5540 et
1615 5491 1712 5541 Ξὶὸι
1754 5489 1865 5541 lucc

282 5557 520 5630 epistola
540 5557 816 5629 subjicitur
838 5558 985 5613 lihris
1004 5560 1066 5612 de
1096 5557 1364 5611 Vocatione
1395 5560 1616 5610 omnium
1642 5559 1863 5625 gentium

280 5634 581 5689 Ambrosio
602 5631 880 5698 ascriptis;
912 5638 964 5682 at
990 5632 1105 5682 sine
1132 5630 1239 5681 ullo
1260 5639 1489 5682 auctoris
1514 5644 1724 5680 nomine
1750 5630 1861 5696 ipsa

285 5703 615 5758 describitur
642 5717 759 5755 cum
791 5700 942 5754 titulo
970 5714 986 5755 :
1021 5698 1212 5766 Incipit
1241 5700 1303 5752 de
1334 5715 1450 5753 vera
1476 5698 1763 5751 humilitate
1794 5701 1861 5751 ad

286 5789 494 5830 ueram
520 5773 765 5845 virginem
792 5770 1183 5827 Demetriadem.
1213 5768 1269 5824 In
1294 5768 1411 5825 Vat.
1441 5770 1566 5837 262,
1597 5776 1717 5839 post
1741 5783 1863 5824 eos-

1973 4363 2083 4429 tum
2114 4352 2440 4429 suscepisse,
2470 4351 2820 4429 discimus‘ex
2850 4351 3087 4429 ejusdem
3120 4351 3355 4412 doctoris
3387 4351 3547 4429 epist.

1970 4422 2092 4489 145,
2125 4439 2265 4476 nunc
2284 4423 2404 4486 l88,
2433 4422 2497 4475 ad
2521 4421 2805 4483 Julianam.
2824 4421 2982 4489 quam
3002 4427 3222 4494 Auctor,
3240 4444 3359 4484 cum
3386 4421 3551 4489 verba

1972 4494 2138 4548 textui
2167 4496 2364 4548 inserta
2393 4494 2639 4561 scripsit,
2667 4509 2770 4547 nun
2793 4495 3012 4564 legerat.

2042 4574 2065 4602 ε
2104 4583 2121 4617 ι
2158 4565 2293 4619 Vide
2332 4568 2468 4633 Aug.
2496 4566 2652 4631 epist.
2688 4568 2820 4626 M5.
2851 4582 2991 4621 nunc
3022 4568 3156 4634 188,
3188 4571 3251 4625 ad
3280 4572 3547 4631 Julianam

1970 4636 2321 4691 Demetriadis
2347 4646 2603 4708 matrem.
2638 4645 2693 4690 et
2728 4636 2854 4702 l79,
2887 4653 3026 4693 nunc
3054 4640 3155 4695 150
3176 4686 3189 4708 ,
3223 4645 3287 4697 ad
3321 4645 3549 4702 Proham

1968 4719 2020 4763 et
2047 4707 2328 4779 lulianam.
2363 4708 2492 4779 ltetn
2524 4706 2833 4779 llieronymi
2860 4711 3017 4778 epist.
3051 4712 3115 4775 8,
3158 4706 3212 4767 et
3254 4716 3549 4772 Innocentii

1970 4794 2123 4853 papa;
2157 4777 2176 4831 Ι
2216 4781 2375 4853 epist.
2403 4777 2654 4853 μην-(ιθ
2693 4777 2851 4853 etiam
2882 4797 3038 4847 quam
3080 4782 3326 4853 Pelagius
3375 4788 3545 4842 luere-

1968 4849 2176 4922 siareha
2207 4850 2272 4903 ad
2312 4849 2448 4922 hanc
2490 4849 2656 4922 ipsam
2686 4850 2944 4917 virginem
2980 4856 3192 4918 scripsit
3214 4849 3500 4922 Epistulam
3524 4898 3541 4922 ,

1967 4922 2050 5059 3n
2082 4920 2284 4973 Auctor
2314 4919 2452 4973 hanc
2479 4918 2688 4973 videtur
2720 4926 3037 4990 opposuisse
3080 4938 3176 4993 pro
3214 4918 3475 4981 antidoto.
3519 4918 3540 4978 ὁ

2018 5006 2166 5045 usas.

2018 5006 2166 5045 UEIN.

2045 5062 2065 5098 ί
2121 5061 2235 5115 Duo
2286 5058 2453 5114 nostri
2502 5058 2659 5113 codd.
2705 5059 2820 5114 Vat.
2880 5077 3015 5128 quos
3070 5064 3393 5118 contulimus
3446 5066 3543 5119 ha-

1968 5132 2092 5187 bent
2122 5131 2394 5194 mendose,
2427 5128 2629 5183 trahens
2658 5129 2815 5184 beatis
2839 5132 3158 5199 nobilitatis;
3188 5133 3261 5187 uti
3296 5139 3454 5187 etiam
3491 5140 3542 5189 in

1968 5202 2294 5257 editionihns
2332 5203 2602 5269 legebatur
2644 5211 2767 5254 ante
2824 5204 3250 5257 emendationem
3289 5205 3549 5270 Quesuel-

1970 5276 2186 5339 lienam,
2224 5287 2345 5343 quas
2379 5282 2653 5343 postremo
2697 5271 2886 5325 editori
2928 5274 2983 5327 S.
3028 5274 3277 5339 l’rusperi
3328 5276 3543 5339 placuit.

1969 5341 2287 5413 Quesuellus
2310 5351 2488 5396 autem
2524 5341 2661 5413 hanc
2682 5345 3007 5396 netationem
3037 5344 3266 5410 adjecit:
3294 5360 3314 5395 ι
3345 5344 3549 5400 Trabea

1969 5412 2176 5482 insigne
2208 5423 2323 5468 erat
2353 5412 2660 5485 Consulum.
2692 5427 2949 5485 augurum
2987 5426 3051 5485 et!
3076 5429 3291 5485 regum;
3332 5416 3400 5468 de
3441 5432 3547 5485 quo

1967 5481 2090 5539 vide
2132 5486 2363 5555 Baylium
2405 5484 2471 5555 de
2515 5481 2597 5555 Re
2622 5481 2872 5555 vestiaris
2915 5498 2963 5536 c.
2998 5483 3092 5551 ll,
3123 5484 3259 5553 apud
3304 5481 3472 5555 queui
3493 5495 3552 5543 et

1968 5550 2297 5622 antiquiores
2320 5550 2849 5622 laudatnsiu‘venies.
2890 5570 2907 5603 ι

2039 5636 2063 5673 s
2096 5618 2236 5680 Editi
2264 5641 2383 5699 cum
2417 5623 2527 5699 Vat.
2554 5618 2682 5679 262,
2709 5624 3234 5699 primaiu_stirpiatute
3254 5636 3552 5699 perpetuam

1974 5699 2237 5766 virginem.
2278 5691 2681 5766 correctionem
2721 5691 3075 5758 suppeditavit
3113 5691 3264 5753 alter'
3292 5691 3550 5755 vetustior

1975 5764 2145 5824 codex
2171 5764 2292 5821 Vat.
2322 5764 2453 5818 268.
