4018 6314
459 293 561 360 163

1427 288 1656 344 OPERA
1699 287 1756 343 S.
1802 287 2004 343 LEONI
2044 287 2281 346 MAGNO
2322 285 2737 344 ATTRIBUTA.

3618 283 3730 342 ιδι

457 408 660 463 fructus
706 403 962 475 pr0positi
1005 400 1078 457 tui
1127 401 1288 457 arbor
1326 399 1561 457 aﬁ‘erret.
1609 402 1814 457 Nostris
1854 411 2032 457 autem
2062 410 2112 467 Α
2139 411 2322 458 amant
2351 403 2555 457 servire
2588 399 2844 469 subjecti,
2873 407 2925 453 et
2962 395 3208 454 nesciunt
3240 405 3447 453 tumere
3477 397 3729 468 praelati;

457 497 662 569 paginis
682 497 807 566 quid
833 497 933 551 erit
962 494 1103 550 loci?
1132 494 1200 548 Et
1225 506 1346 565 post
1365 495 1702 549 ornatissima
1729 495 1925 564 scripta
1952 509 2043 550 ex-

457 591 764 646 cellentium
789 589 1199 659 magistrorum,
1231 587 1360 658 quid
1391 587 1637 644 utilitatis
1670 589 1722 642 in
1754 603 1848 656 eo,
1884 601 2043 656 quem

459 684 694 739 indicere
721 683 936 753 dignata
963 697 1043 749 es,
1075 697 1326 738 sermone
1352 681 1610 751 reperies,
1635 680 1737 736 nisi
1759 680 1898 735 forte
1918 678 2040 749 quia

458 789 514 834 et
553 779 764 834 illorum
802 779 1064 834 doctrinis
1110 788 1163 834 et
1213 779 1312 833 tuis
1354 777 1543 832 studiis
1589 777 1654 830 ad
1705 775 2048 832 sublimiores

459 869 654 941 gradus
686 869 940 924 virtutum
984 868 1314 924 consuetudo
1356 867 1606 940 proﬁcit,
1641 877 1667 904 ι
1696 867 1947 926 cavenda:
1994 876 2048 922 te

463 963 710 1018 elationis
747 963 1095 1027 admoneam,
1128 973 1180 1018 et
1211 962 1526 1018 humilitatis
1554 961 1650 1018 tibi
1677 961 2049 1020 sinceritatem

464 1054 567 1109 ﬁda
599 1055 936 1125 suggestione
960 1054 1353 1120 commendem,
1386 1062 1444 1108 ut
1474 1054 1526 1108 in
1549 1054 1797 1109 omnibus
1825 1053 2050 1108 actioni-

462 1145 564 1200 bus
595 1145 649 1199 in
680 1146 872 1214 quibus
902 1146 993 1200 tibi
1024 1160 1082 1199 es
1113 1145 1251 1200 bene
1281 1145 1496 1200 conscia
1529 1159 1818 1215 numquam
1851 1143 2048 1199 audeas

409 1297 413 1303 ,
465 1251 584 1292 esse
616 1251 825 1291 secura.

531 1328 656 1384 CAP.
687 1328 748 1382 ll.
792 1327 950 1381 Veros
975 1328 1184 1382 virtutes
1211 1345 1242 1380 a
1267 1328 1415 1398 falsis
1441 1345 1546 1382 esse
1570 1329 1954 1383 discernendas.
1977 1360 2050 1370 —

464 1421 541 1476 De
571 1423 668 1475 hoc
703 1421 865 1490 igitur
900 1421 1388 1492 congruentissimo
1419 1419 1443 1458 δ
1477 1421 1569 1475 tibi
1608 1431 1660 1478 et
1692 1421 2049 1480 saluberrimo

466 1515 606 1567 bono
630 1558 643 1581 ,
676 1513 818 1582 quod
861 1512 1116 1566 Dominus
1157 1512 1435 1568 donaverit
1474 1513 1802 1568 disseramus
1824 1557 1838 1578 ,
1869 1524 1927 1570 ut
1969 1516 2051 1570 in—

462 1606 727 1677 spectioni
757 1615 955 1660 nostra:
980 1622 1087 1659 non
1117 1615 1320 1661 tantum
1350 1607 1577 1661 visibilia
1607 1607 1742 1676 ejus,
1773 1608 1863 1662 sed
1887 1608 2046 1663 etiam

463 1700 674 1755 occulta
695 1708 1017 1754 reserentur.
1051 1699 1145 1754 Est
1175 1699 1315 1753 enim
1346 1700 1624 1770 multiplex
1659 1701 1867 1755 virtutis
1897 1702 2052 1757 istius

2147 512 2267 550 cum
2298 505 2351 550 et
2377 509 2575 564 pauper
2603 493 2818 548 divitem
2848 507 2954 546 non
2985 493 3085 547 sibi
3113 492 3318 547 dubitat
3343 491 3637 557 anteferre,
3662 498 3723 547 et

2149 592 2296 647 dives
2323 605 2609 662 pauperem
2635 589 2736 646 sibi
2757 589 2950 658 gaudet
2979 604 3222 660 mquare;
3255 603 3378 644 cum
3399 598 3452 643 et
3473 586 3735 650 sublimes

2149 699 2254 737 non
2294 683 2609 752 superbiunt
2653 683 2719 737 de
2759 684 3002 737 claritate
3040 681 3334 751 prosapiae,
3375 690 3430 735 et
3469 693 3739 750 pauperes

2149 790 2254 830 non
2285 775 2614 830 extolluntur
2645 773 2712 829 de
2739 774 3113 829 communione
3153 783 3387 839 natura};
3417 789 3539 828 cum
3579 773 3738 828 deni-

2149 882 2254 938 que
2299 882 2403 921 non
2453 867 2572 936 plus
2611 867 2860 921 tribuitur
2905 867 3111 938 magnis
3149 866 3337 937 opibus
3377 881 3537 936 quan.
3578 865 3741 920 bonis

2151 959 2418 1024 moribus;
2468 975 2567 1014 nec
2612 959 2784 1029 major
2836 959 3050 1022 ducitur
3105 960 3372 1028 phalerata
3428 961 3740 1029 iniquorum

2151 1054 2383 1124 potentia
2423 1068 2580 1123 quam
2624 1061 2892 1106 rectorum
2935 1052 3197 1108 inhonora
3235 1053 3461 1119 iustitia.
3506 1053 3589 1106 Ah
3635 1053 3743 1107 hoc

2150 1159 2304 1214 aequo
2333 1152 2386 1198 et
2411 1143 2655 1198 modesto
2679 1145 2798 1212 jure
2827 1144 3148 1211 concnrdiae,
3196 1146 3244 1198 in
3275 1146 3436 1217 263
3467 1161 3571 1215 quo
3614 1146 3742 1200 nul-

2151 1235 2260 1290 lum
2293 1235 2317 1271 ά
2348 1246 2431 1290 est
2457 1237 2524 1292 de
2554 1237 2720 1305 gradu
2751 1238 3026 1305 superiore
3057 1244 3353 1302 certamen,
3383 1253 3480 1292 nec
3512 1238 3745 1292 felicitas

2151 1338 2243 1384 aut
2271 1329 2420 1385 inﬂat
2450 1331 2681 1400 propria,
2711 1340 2803 1384 aut
2830 1330 2937 1384 urit
2965 1330 3161 1396 aliena,
3191 1331 3408 1398 pulchre
3436 1341 3488 1386 et
3519 1333 3747 1386 mirabi-

2153 1421 2277 1476 liter
2301 1437 2327 1475 a
2355 1422 2622 1493 plerisque
2653 1421 2929 1492 proﬁcitur
2959 1420 3024 1474 ad
3061 1421 3205 1474 illam
3235 1421 3548 1476 humilitatis
3579 1422 3745 1477 forti-

2154 1515 2410 1582 tudinem,
2443 1531 2560 1585 qum
2589 1524 2642 1569 et
2669 1531 2726 1569 se
2755 1525 2906 1569 extra
2951 1530 3164 1570 omnem
3193 1516 3468 1570 constituit
3499 1516 3744 1586 dignita-

2156 1617 2258 1663 tem
2282 1650 2296 1671 ,
2325 1616 2378 1662 et
2407 1609 2607 1661 mavult
2641 1620 2763 1677 apta
2795 1623 2914 1662 esse
2946 1608 3153 1676 injuriis
3185 1609 3510 1678 accipiendis
3532 1653 3544 1677 ,
3573 1625 3746 1680 quam

2153 1701 2342 1756 idonea
2372 1701 2730 1770 repellendis;
2762 1708 2822 1754 ut
2850 1701 3136 1770 impleatur
3165 1703 3305 1770 quod
3332 1705 3406 1757 ait
3433 1703 3692 1760 Domitios
3732 1723 3747 1757 :

465 1793 714 1865 qualitas,
751 1802 804 1847 et
833 1793 955 1847 licet
983 1792 1034 1846 in
1067 1793 1420 1847 exterioribus
1450 1807 1662 1862 quoque
1694 1792 1916 1861 pulchra
1954 1796 2042 1858 sit,
2078 1798 2122 1856 B
2157 1795 2256 1862 Qui
2281 1797 2384 1848 vult
2415 1805 2575 1847 tecum
2595 1796 2796 1866 judicio
2821 1797 3122 1850 contendere
3142 1806 3188 1849 et
3217 1797 3441 1849 tunicam
3469 1809 3610 1851 tuam
3640 1801 3753 1853 tol-

466 1889 519 1943 in
542 1887 740 1943 intimis
765 1895 940 1944 tamen
968 1887 1078 1942 suis
1111 1889 1278 1942 multo
1308 1896 1391 1942 est
1419 1887 1737 1956 speciosior,
1774 1888 2052 1957 multoque

465 1980 812 2045 luculentior;
834 1980 925 2034 ubi
956 1979 1087 2034 nihil
1105 1979 1413 2045 obscurum,
1437 1980 1571 2034 nihil
1599 1979 1892 2045 turbidum,
1916 1979 2051 2033 nihil

464 2082 546 2128 est
570 2073 866 2142 inquietum
898 2087 913 2126 :
940 2072 1061 2141 quia
1089 2087 1190 2140 pas:
1211 2071 1371 2123 multa
1395 2069 1718 2140 diligentibus
1749 2071 1908 2141 legem
1928 2068 2048 2137 Dei,

463 2175 512 2220 et
541 2182 643 2219 non
668 2173 740 2219 est
770 2165 874 2219 illis
903 2163 1206 2218 scandalum
1235 2162 1411 2232 (Psal.
1441 2178 1600 2218 cxvm
1623 2205 1637 2229 ,
1665 2162 1812 2234 165).
1850 2164 2049 2217 Acces-

465 2258 576 2312 suri
598 2267 772 2312 autem
799 2257 864 2311 ad
894 2257 1064 2312 beatas
1092 2256 1410 2312 humilitatis
1439 2257 1714 2323 intuitum,
1746 2257 1905 2328 262
1935 2270 2052 2311 om-

468 2364 590 2406 nem
622 2351 770 2404 illam
798 2350 1183 2419 abjectionem,
1209 2366 1330 2420 quae
1358 2352 1578 2420 ignavos
1602 2359 1657 2404 et
1688 2351 2049 2404 inconstantes

467 2443 677 2498 animos
712 2443 995 2512 deprimit,
1027 2443 1380 2513 repellamus;
1427 2457 1525 2497 nec
1561 2443 1811 2512 generale
1855 2454 2051 2496 nomen

468 2535 540 2590 ita
566 2550 661 2589 nos
689 2550 719 2589 a
741 2535 941 2604 judicio
960 2535 1298 2590 discretionis
1317 2536 1587 2602 excludat,
1616 2544 1675 2588 ut
1703 2548 1892 2588 omnes
1919 2548 2052 2602 quo-

467 2628 735 2698 quomodo
769 2626 1000 2683 humiles
1032 2635 1277 2696 putemus
1307 2642 1430 2683 esse
1464 2626 1778 2681 laudabiles.
1811 2625 2053 2679 imitatur

467 2721 688 2792 quidem
712 2721 1028 2792 plerumque
1050 2721 1345 2777 necessitas
1370 2721 1720 2786 voluntatem,
1748 2729 1800 2776 et
1827 2721 1894 2775 ab
1922 2721 2053 2775 ima-

466 2815 590 2884 gine
635 2815 909 2872 modestiae
953 2831 1138 2886 parum
1189 2815 1368 2872 differt
1414 2815 1588 2871 forma
1633 2815 1894 2885 segnitiae.
1945 2813 2052 2870 Sed

471 2907 612 2962 aliud
653 2919 735 2964 est
775 2909 920 2979 quod
955 2915 1172 2980 gravat,
1215 2909 1356 2964 aliud
1391 2909 1534 2980 quod
1571 2916 1815 2974 exercet;
1857 2923 1955 2963 nec
1998 2907 2049 2962 in

467 3000 716 3056 eumdem
744 3000 908 3056 ﬁnem
933 3002 1078 3056 venit
1104 3001 1257 3056 labor
1285 3001 1678 3056 indeclinabilis
1713 3001 1965 3066 miseriae,
1998 3008 2054 3056 et

467 3094 716 3162 expetitae
748 3090 1008 3148 fortitudo
1051 3083 1338 3164 patientiae.
1378 3093 1560 3150 Unum
1603 3104 1684 3148 est
1727 3095 2052 3164 paupertatis

2153 1888 2275 1948 lere,
2298 1887 2492 1939 dimitte
2512 1887 2558 1938 ei
2582 1896 2628 1939 et
2660 1887 2911 1956 pallium;
2941 1895 2988 1940 et
3013 1889 3312 1955 quicumque
3337 1898 3384 1942 te
3403 1891 3751 1961 angariaveris

2154 1978 2292 2031 mille
2318 1994 2517 2044 passus,
2543 1981 2672 2033 vade
2703 1997 2816 2032 cum
2840 1981 2930 2034 illo
2954 1991 3002 2034 et
3030 1982 3135 2034 alia
3157 1983 3259 2034 duo
3290 1981 3508 2050 (Matth.
3538 1999 3592 2050 ν,
3620 1985 3746 2053 60).

2157 2077 2181 2106 ⁸
2216 2069 2455 2139 Illnqu
2481 2071 2620 2140 quod
2651 2073 2940 2140 Apostolus
2979 2072 3134 2128 docet
3171 2073 3355 2127 dicens
3389 2091 3400 2128 :
3439 2074 3610 2139 Quare
3637 2092 3746 2130 non

2153 2164 2313 2233 magis
2334 2164 2529 2233 injuria
2539 2180 2587 2218 m
2612 2167 2879 2236 accipitis?
2900 2181 3057 2236 quare
3084 2182 3182 2219 non
3209 2167 3370 2237 magis
3391 2167 3624 2236 fraudem
3648 2187 3748 2237 pl-

2153 2257 2319 2309 timini
2350 2257 2394 2328 (l
2434 2256 2554 2312 Cor.
2586 2274 2634 2311 vr
2661 2299 2677 2323 ,
2707 2256 2805 2328 7)?
2833 2258 2989 2313 Tales
3017 2261 3161 2313 enim
3194 2260 3422 2316 multum
3463 2261 3530 2316 ad
3562 2261 3746 2317 imita-

2155 2353 2350 2406 tionem
2383 2352 2545 2421 ipsius
2582 2353 2796 2407 Domini
2829 2355 2994 2408 nostri
3035 2364 3089 2408 et
3117 2354 3412 2409 Salvatoris
3437 2356 3743 2421 accedunt;

2153 2444 2246 2512 qui
2273 2459 2388 2495 cum
2417 2446 2553 2498 dives
2573 2454 2721 2508 esset,
2749 2461 2946 2513 pauper
2971 2445 3141 2513 factus
3161 2455 3231 2500 est
3262 2443 3329 2516 (ll
3353 2445 3475 2500 Cor.
3504 2461 3617 2510 νην,
3646 2449 3741 2516 9);

2155 2543 2230 2601 et,
2255 2549 2369 2587 cum
2397 2535 2803 2599 malediceretur,
2836 2552 2934 2592 non
2964 2537 3335 2601 maledicebat;
3363 2547 3412 2590 et
3438 2540 3746 2609 percutienti

2153 2643 2207 2680 se
2267 2644 2365 2680 non
2428 2629 2898 2699 comminabatur“
2934 2628 3052 2683 Pet.
3102 2645 3159 2697 ll,
3191 2629 3316 2700 25);
3381 2641 3436 2686 et
3489 2632 3744 2702 quoniam

2155 2719 2395 2776 dixerat:
2422 2719 2632 2790 Diligite
2659 2722 2893 2776 inimicos
2919 2723 3426 2791 uestros,oenefacite
3449 2724 3515 2777 iis
3540 2726 3631 2794 qui
3660 2740 3745 2780 ros

2155 2814 2370 2866 oderunt
2401 2813 2613 2884 (Matth.
2638 2831 2691 2880 ν,
2725 2814 2855 2885 44);
2887 2825 2945 2869 ut
2977 2816 3283 2884 hujusmodi
3310 2816 3742 2874 benevolentiam

2154 2905 2501 3005 conﬁrgtaret
2531 2907 2794 2977 exemplo,
2827 2906 2942 2977 ipse
2967 2922 3066 2978 pro
3094 2908 3156 2962 iis
3187 2923 3216 2961 a
3243 2907 3435 2978 crnibus
3462 2911 3737 2982 cruciﬁge-

2155 2997 2312 3052 batur
2329 2997 2552 3053 'orabat.

2225 3091 2352 3148 Cn.
2381 3091 2466 3147 IV.
2504 3091 2695 3146 Verum
2721 3093 2982 3159 humilem,
3031 3095 3249 3164 gloriam
3304 3105 3350 3148 et
3398 3111 3517 3167 opes
3566 3097 3746 3154 seculi

464 3188 804 3255 vocabulum,
835 3190 934 3245 sed
962 3205 1069 3245 non
1092 3206 1198 3246 una
1231 3206 1384 3247 mens
1414 3207 1708 3262 pauperum
1742 3209 1754 3244 :
1792 3191 1917 3263 quia
1944 3207 2051 3247 non
2077 3179 2123 3242 C
2157 3185 2409 3254 fastidire.
2432 3214 2501 3224 —
2527 3185 2629 3253 Qui
2653 3201 2784 3255 ergo
2807 3186 3038 3240 ﬁdeliter
3071 3197 3124 3242 et
3161 3188 3395 3243 scienter
3435 3190 3745 3260 intelligunt

464 3277 607 3333 idem
636 3287 720 3333 est
756 3280 990 3349 gaudere
1030 3283 1166 3337 bene
1206 3284 1458 3352 expensis
1504 3285 1736 3352 divitiis,
1781 3285 1921 3356 quod
1962 3293 2053 3340 aut

467 3381 688 3438 gemere
709 3370 777 3424 de
801 3385 905 3424 non
937 3373 1234 3442 acquisitis,
1258 3382 1350 3428 aut
1378 3373 1561 3430 dolere
1582 3376 1649 3430 de
1676 3376 1922 3447 perditis.
1958 3376 2051 3431 Ti-

469 3461 634 3516 moris
664 3461 824 3516 etiam
855 3478 960 3531 quo
991 3463 1132 3520 Deus
1153 3465 1427 3536 metuitur,
1455 3467 1599 3522 nulla
1627 3478 1709 3524 est
1731 3469 1785 3524 in
1807 3469 2052 3540 appella-

471 3551 616 3607 tione
643 3552 947 3621 distinctio;
977 3555 1071 3610 sed
1095 3556 1238 3611 aliud
1261 3565 1342 3613 est
1363 3559 1552 3616 timere
1573 3561 1694 3632 quia
1725 3562 2050 3634 peccaveris,

468 3645 617 3701 aliud
651 3648 840 3703 timere
871 3663 937 3704 ne
961 3663 1182 3718 pecces;
1213 3659 1268 3706 et
1295 3651 1364 3706 ibi
1390 3664 1471 3708 est
1497 3653 1723 3710 formido
1749 3656 1815 3710 de
1845 3655 2052 3726 suppli-

466 3737 552 3792 cio
578 3779 592 3803 ,
638 3738 722 3793 hic
751 3739 1054 3796 sollicitudo
1084 3741 1151 3798 de
1180 3745 1418 3813 prazmio.
1452 3745 1532 3801 Ob
1567 3747 1666 3803 hoc
1692 3747 1832 3802 enim
1863 3747 1929 3801 de
1961 3748 2054 3802 illo

467 3829 648 3890 servili
676 3844 820 3892 metu
848 3833 1043 3890 dicitur
1068 3836 1189 3906 quia
1221 3843 1450 3909 perfecta
1475 3839 1701 3895 cltaritas
1725 3845 1871 3910 [oras
1902 3841 2054 3896 mittit

469 3923 698 3979 timorem
731 3925 772 3994 (l
793 3925 947 3980 Joan.
981 3943 1054 3996 tv,
1082 3928 1201 3996 18);
1233 3930 1301 3985 de
1332 3932 1431 3987 hoc
1454 3947 1583 3987 vero
1607 3933 1812 3987 liberali
1840 3951 1850 3986 :
1875 3931 2052 3986 Timor

466 4013 677 4072 Domini
721 4029 742 4058 ε
777 4031 1014 4088 sanctus,
1057 4039 1266 4078 manens
1309 4025 1361 4077 in
1405 4026 1645 4080 steculum
1677 4027 1852 4080 saeculi
1875 4024 2047 4097 (Psal.

466 4121 620 4174 xvrn,
648 4109 758 4181 ill).
785 4112 1008 4168 Remota
1043 4116 1218 4185 itaque
1242 4115 1327 4170 illa
1359 4117 1538 4187 specie
1561 4117 1900 4185 humilitatis,
1932 4134 2052 4189 qua:

465 4209 574 4260 tota
616 4206 732 4263 sine
767 4207 938 4263 fructu
979 4217 1093 4276 est,
1124 4210 1454 4266 voluntarios
1500 4221 1706 4268 tantum
1751 4215 2050 4282 pendamus

461 4294 718 4363 allectus,
761 4300 848 4368 qui
891 4299 1101 4355 etiamsi
1153 4303 1203 4356 in
1245 4302 1497 4373 gradibus
1540 4306 1851 4361 tneritorum
1902 4309 2044 4364 inve-

463 4390 681 4444 niuntur
706 4391 962 4462 impares,
993 4409 1097 4451 non
1129 4405 1254 4452 sunt
1279 4405 1456 4454 tamen
1480 4398 1546 4455 ab
1578 4399 1692 4469 ipsa
1718 4401 1911 4457 virtute
1940 4403 2050 4458 dis-

466 4481 676 4535 cordcs.

2157 3293 2264 3348 quo
2300 3294 2465 3348 opere
2515 3279 2700 3333 salvati
2746 3287 2798 3332 et
2838 3294 2943 3349 quo
2988 3281 3161 3348 pretio
3188 3281 3296 3334 sint
3326 3280 3615 3349 redempti,
3649 3297 3743 3337 no-

2157 3371 2273 3426 lunt
2317 3371 2386 3426 de
2432 3372 2614 3424 mundi
2675 3372 2829 3440 hujus
2877 3373 3226 3441 sapientibus,
3284 3375 3468 3430 nolunt
3510 3388 3630 3429 esse
3670 3375 3738 3430 de

2156 3463 2384 3518 fortibus
2417 3481 2428 3515 :
2459 3465 2732 3533 quoniam,
2793 3466 2928 3519 sicut
2971 3468 3044 3519 ait
3089 3467 3398 3534 Apostolus,
3437 3483 3546 3534 quae
3572 3469 3730 3521 stulta

2157 3564 2272 3610 sunt
2295 3557 2469 3610 mundi
2498 3557 2646 3628 elegit
2675 3559 2830 3625 Deus,
2866 3571 2918 3613 ut
2942 3562 3225 3630 confundat
3246 3563 3487 3630 sapientes
3516 3577 3533 3615 .'
3575 3572 3623 3615 et
3648 3563 3734 3615 in-

2157 3650 2306 3718 ﬁrma
2363 3652 2539 3703 mundi
2582 3653 2728 3722 elegit
2768 3652 2942 3719 Deus,
3003 3663 3058 3707 ut
3121 3655 3405 3725 confundat
3450 3655 3643 3724 fortia;
3697 3663 3743 3708 et

2158 3743 2404 3810 ignobilia
2431 3744 2609 3796 mundi
2634 3754 2682 3796 et
2726 3747 3121 3816 contemptibilia
3165 3748 3316 3819 elegit
3358 3746 3514 3812 Deus,
3559 3756 3605 3800 et
3633 3762 3746 3815 qua

2157 3853 2258 3890 non
2285 3846 2399 3890 sunt
2418 3879 2430 3901 ,
2475 3847 2526 3890 ut
2565 3854 2623 3890 ea
2649 3854 2764 3905 qua:
2783 3848 2902 3894 sunt
2923 3840 3240 3909 destrueret;
3284 3852 3336 3894 ut
3367 3858 3467 3896 non
3495 3840 3745 3914 glorietur

2157 3929 2320 3980 omnis
2344 3944 2463 3980 caro
2492 3928 2542 3980 in
2569 3940 2838 3999 conspectu
2864 3934 2976 4003 ejus
2999 3931 3042 4002 (1
3073 3932 3190 3986 Cor.
3224 3948 3263 3999 ι,
3301 3932 3398 4002 27)
3424 3949 3437 3988 :
3474 3933 3526 3987 id
3558 3945 3662 3999 est,
3693 3943 3749 3987 ttt

2157 4034 2315 4073 nemo
2355 4035 2412 4074 se
2445 4021 2654 4088 placere
2682 4021 2792 4076 Deo
2833 4038 2928 4093 per
2969 4025 3150 4078 mundi
3205 4025 3523 4094 sapientiam
3575 4033 3746 4095 putet,

2155 4130 2271 4185 quae
2302 4122 2408 4172 tota
2439 4116 2669 4172 carnalis
2700 4126 2802 4183 est,
2861 4128 2916 4172 ct
2943 4133 2973 4172 a
3003 4134 3128 4174 vcra
3160 4120 3418 4188 sapientia
3453 4135 3574 4176 cum
3598 4119 3746 4175 omni

2154 4225 2249 4264 sua
2283 4212 2517 4266 vanitate
2539 4212 2835 4266 destruitur
2868 4229 2880 4266 :
2914 4213 3165 4268 Dominus
3194 4214 3334 4271 enim
3363 4215 3501 4269 novit
3550 4216 3746 4286 cegita-

2156 4303 2315 4356 tiones
2340 4303 2667 4373 sapientium,
2699 4306 2935 4373 quoniam
2961 4323 3104 4360 rana:
3127 4315 3242 4360 sunt
3293 4306 3410 4379 (Ps.
3441 4323 3590 4374 xcm,
3630 4306 3739 4376 Η).

2152 4397 2284 4452 Cum
2319 4397 2498 4467 itaque
2532 4399 2778 4468 discipuli
2811 4401 3048 4455 veritatis
3090 4401 3374 4457 humanam
3405 4403 3632 4473 gloriam
3663 4401 3746 4456 l'u-

2151 4490 2322 4558 giunt,
2371 4499 2426 4544 et
2454 4506 2483 4545 a
2513 4492 2890 4561 temporalium
2922 4509 3108 4551 amore
3156 4496 3480 4563 desciscunt,
3527 4507 3583 4552 ut
3621 4512 3743 4567 qua:

489 4590 493 4594 ·
530 4575 656 4628 CAP.
693 4574 778 4628 Ill.
809 4575 1045 4629 Primum
1067 4578 1377 4632 humilitatis
1406 4581 1592 4634 bonum
1613 4623 1625 4644 ,
1651 4584 1973 4637 dilectionem
1999 4593 2044 4638 et
2073 4573 2126 4633 D
2153 4580 2244 4634 Dei
2271 4591 2395 4634 sunt
2426 4584 2656 4652 sapiant,
2685 4600 2789 4638 non
2816 4601 2932 4654 qum
2965 4585 3265 4653 hominum,
3301 4589 3589 4658 proﬁciunt
3617 4604 3744 4644 sen-

463 4666 787 4719 concordiam
824 4668 956 4722 inter
992 4668 1222 4724 homines
1256 4686 1475 4724 servare.
1501 4702 1567 4711 —
1594 4672 1764 4726 Prima
1795 4688 1922 4742 ergo
1952 4673 2047 4728 hu—

462 4756 703 4810 militatis
744 4757 879 4812 ratio
919 4759 973 4813 in
1019 4762 1320 4816 communis
1370 4763 1491 4816 vine
1541 4772 1785 4820 versatur
1831 4764 2044 4834 ofﬁciis,

461 4848 653 4916 quibus
691 4857 744 4902 et
777 4849 958 4904 divina
997 4852 1278 4906 clementia
1322 4854 1669 4917 conciliatur,
1719 4864 1770 4909 et
1817 4856 2046 4912 societas

462 4941 692 4995 humana
725 4944 1078 4998 connectitur.
1114 4947 1333 5000 Multum
1380 4949 1523 5002 enim
1573 4949 1638 5002 ad
1684 4949 2043 5008 roborandam

460 5035 802 5092 dilectionem
833 5038 1003 5105 valet,
1031 5052 1150 5093 cum
1179 5042 1468 5098 secundum
1497 5043 1796 5100 doctrinam
1823 5055 2041 5114 aposto-

459 5127 648 5192 licam,
678 5129 884 5184 invicem
926 5147 980 5184 se
1021 5131 1247 5186 homines
1286 5133 1478 5189 honore
1517 5137 1828 5205 prwreniunt
1859 5136 2037 5208 (Rom.

459 5236 562 5290 xu,
597 5221 717 5295 i0),
751 5234 801 5290 et
827 5226 980 5293 alteri
1007 5229 1230 5296 alterum
1261 5231 1591 5303 superiorem
1622 5233 1993 5295 existimantes
2020 5273 2037 5302 ,

527 5440 553 5508 ﬁ
578 5431 665 5508 S_i_c
693 5432 881 5486 melius
917 5446 980 5508 es
1009 5432 1196 5487 eodem
1240 5447 1340 5488 ms.
1370 5434 1491 5493 Vat.
1524 5435 1739 5508 Vulgati
1770 5451 1889 5492 cum
1925 5436 2034 5492 alio

455 5502 574 5557 eod.
607 5502 750 5570 Vat.,
780 5504 1080 5556 cavendam.

526 5574 550 5611 ι’
584 5573 896 5655 έκᾱάίιιίηιιιε
937 5575 1024 5628 tibi
1065 5590 1130 5630 ex
1171 5591 1300 5631 mss.
1338 5587 1392 5636 et
1433 5593 1497 5633 ex
1528 5577 1852 5633 cditionibus
1894 5577 2031 5632 Pro-

555 5659 618 5696 Π.

455 5658 482 5698 s
523 5659 618 5699 eri.

457 5660 552 5800 ft}
578 5713 772 5768 Vocem
810 5727 1042 5798 sanctus,
1077 5729 1299 5800 quaeest
1324 5720 1493 5800 _etiam
1524 5720 1574 5772 in
1610 5719 1848 5800 951).“qu
1880 5719 2028 5788 adje-

455 5785 623 5842 eimus
649 5799 715 5842 ex
741 5788 982 5856 utrisque
1008 5785 1138 5846 mss.
1175 5790 1293 5846 Vat.
1323 5791 1381 5845 ln
1420 5785 1706 5846 recentiori
1745 5788 1850 5846 262
1886 5829 1900 5859 ,
1936 5785 2031 5860 pro

2149 4675 2318 4741 sibus,
2347 4693 2447 4731 non
2483 4678 2766 4745 deﬁciunt;
2799 4697 2970 4752 neque
2990 4682 3224 4751 vigorem
3254 4683 3429 4740 cordis
3460 4685 3734 4755 amittunt,

2150 4768 2244 4823 sed
2277 4771 2744 4832 excellentissima:
2795 4775 3156 4846 intelligentia:
3196 4777 3372 4834 lumen
3417 4781 3686 4846 accipiunt
3718 4796 3738 4844 ;

2149 4863 2311 4936 264
2342 4866 2585 4920 viventes
2644 4868 2858 4937 quidem
2902 4869 2951 4922 in
3007 4869 3107 4924 hoc
3157 4872 3378 4936 mundo,
3425 4873 3518 4926 sed
3547 4886 3741 4926 omnes

2148 4957 2330 5011 mundi
2388 4960 2642 5027 strepitus
2679 4959 3069 5030 relinquentes,
3123 4972 3178 5016 ut
3225 4963 3472 5018 redimam
3516 4973 3736 5034 tempus,

2149 5049 2267 5117 quia
2287 5050 2396 5103 dies
2421 5051 2545 5104 ntali
2569 5062 2684 5105 sunt
2709 5051 2926 5119 (Ep/tes.
2960 5071 3010 5119 v,
3049 5055 3160 5124 lii).
3192 5056 3312 5122 Quo
3350 5065 3525 5111 autem
3564 5056 3739 5125 pretio

2149 5140 2300 5208 quies
2347 5140 2505 5209 hujus
2539 5143 2799 5210 temporis
2855 5146 3031 5214 aptius
3079 5157 3438 5217 compa-ratur,
3488 5162 3646 5216 quam
3680 5155 3739 5202 ut

2149 5234 2246 5303 ipsi
2281 5236 2480 5291 mundo
2510 5251 2694 5294 omnes
2716 5238 2938 5308 divitizn,
2969 5255 3155 5296 omnes
3201 5241 3486 5312 dignitates
3532 5250 3584 5299 et
3616 5239 3736 5297 uni-

2139 5453 2347 5511 manens
2380 5439 2572 5511 legitur
2601 5457 2923 5511 permanens.

2212 5507 2237 5545 ἀ
2272 5507 2502 5580 Verbum
2541 5507 2610 5562 es?
2638 5512 3005 5580 snpplevimtts
3035 5528 3097 5565 ex
3126 5512 3312 5568 iisdem
3352 5513 3485 5567 codd

2215 5589 2237 5616 ο
2287 5579 2430 5632 Editi
2474 5580 2618 5634 Illud
2669 5579 2784 5637 sine
2841 5584 3219 5652 conjunctione
3290 5585 3538 5640 enclitica
3610 5602 3736 5654 que.

2143 5649 2284 5704 llane
2316 5660 2494 5777 aut'em
2527 5654 2756 5712 maxime
2785 5649 3141 5714 necessariam
3172 5657 3339 5714 nostri
3373 5657 3589 5714 codices
3606 5649 3739 5733 sug-

2143 5736 2399 5777 gesserim
2430 5761 2444 5777 .

2141 5736 2444 5792 gesserunt.
