  <div class='ocr_page' id='page_1' title='image "/cluster/home/n/w/nwhite01/storage/ocr_20150623/55/hvd.32044015471592/088.png"; bbox 0 0 4018 6314; ppageno 0'>
   <div class='ocr_carea' id='block_1_1' title="bbox 328 219 433 275">
    <p class='ocr_par' dir='ltr' id='par_1_1' title="bbox 328 219 433 275">
     <span class='ocr_line' id='line_1_1' title="bbox 328 219 433 275; baseline -0.038 1"><span class='ocrx_word' id='word_1_1' title='bbox 328 219 433 275; x_wconf 73' lang='grc'><strong>165</strong></span> 
     </span>
    </p>
   </div>
   <div class='ocr_carea' id='block_1_2' title="bbox 1441 212 2459 272">
    <p class='ocr_par' dir='ltr' id='par_1_2' title="bbox 1441 212 2459 272">
     <span class='ocr_line' id='line_1_2' title="bbox 1441 212 2459 272; baseline 0 -2"><span class='ocrx_word' id='word_1_2' title='bbox 1441 213 1772 272; x_wconf 71' lang='lat' dir='ltr'><strong>EPISTOLA</strong></span> <span class='ocrx_word' id='word_1_3' title='bbox 1812 214 1902 268; x_wconf 80' lang='lat' dir='ltr'><strong>AD</strong></span> <span class='ocrx_word' id='word_1_4' title='bbox 1942 212 2459 270; x_wconf 73' lang='lat' dir='ltr'><strong>DEMETRIADEM.</strong></span> 
     </span>
    </p>
   </div>
   <div class='ocr_carea' id='block_1_3' title="bbox 3487 223 3587 282">
    <p class='ocr_par' dir='ltr' id='par_1_3' title="bbox 3487 223 3587 282">
     <span class='ocr_line' id='line_1_3' title="bbox 3487 223 3587 282; baseline 0.02 -2"><span class='ocrx_word' id='word_1_5' title='bbox 3487 223 3587 282; x_wconf 77' lang='grc' dir='ltr'><strong>Ιϐϐ</strong></span> 
     </span>
    </p>
   </div>
   <div class='ocr_carea' id='block_1_4' title="bbox 325 329 3585 409">
    <p class='ocr_par' dir='ltr' id='par_1_4' title="bbox 325 329 3585 409">
     <span class='ocr_line' id='line_1_4' title="bbox 325 329 3585 409; baseline 0.002 -21"><span class='ocrx_word' id='word_1_6' title='bbox 325 345 604 388; x_wconf 78' lang='lat' dir='ltr'><strong>versarum</strong></span> <span class='ocrx_word' id='word_1_7' title='bbox 635 332 978 401; x_wconf 74' lang='lat' dir='ltr'><strong>cupiditatum</strong></span> <span class='ocrx_word' id='word_1_8' title='bbox 998 332 1233 387; x_wconf 75' lang='lat' dir='ltr'><strong>materia:</strong></span> <span class='ocrx_word' id='word_1_9' title='bbox 1262 329 1628 393; x_wconf 81' lang='lat' dir='ltr'><strong>refundantur,</strong></span> <span class='ocrx_word' id='word_1_10' title='bbox 1647 338 1900 388; x_wconf 78' lang='lat' dir='ltr'><strong>otsancto</strong></span> <span class='ocrx_word' id='word_1_11' title='bbox 1930 339 1980 396; x_wconf 69' lang='grc' dir='ltr'><strong>Α</strong></span> <span class='ocrx_word' id='word_1_12' title='bbox 2008 336 2214 397; x_wconf 76' lang='lat' dir='ltr'><strong>eratque</strong></span> <span class='ocrx_word' id='word_1_13' title='bbox 2238 329 2312 388; x_wconf 79' lang='lat' dir='ltr'><strong>vir</strong></span> <span class='ocrx_word' id='word_1_14' title='bbox 2342 329 2428 388; x_wconf 74' lang='lat' dir='ltr'><strong>illa</strong></span> <span class='ocrx_word' id='word_1_15' title='bbox 2447 344 2662 399; x_wconf 73' lang='lat' dir='ltr'><strong>manus</strong></span> <span class='ocrx_word' id='word_1_16' title='bbox 2697 331 2827 383; x_wconf 81' lang='lat' dir='ltr'><strong>inter</strong></span> <span class='ocrx_word' id='word_1_17' title='bbox 2866 347 3035 385; x_wconf 73' lang='lat' dir='ltr'><strong>omnes</strong></span> <span class='ocrx_word' id='word_1_18' title='bbox 3076 331 3364 388; x_wconf 73' lang='lat' dir='ltr'><strong>Orientales</strong></span> <span class='ocrx_word' id='word_1_19' title='bbox 3396 335 3518 406; x_wconf 65' lang='lat' dir='ltr'><strong>(Job</strong></span> <span class='ocrx_word' id='word_1_20' title='bbox 3546 357 3585 409; x_wconf 84' lang='grc' dir='ltr'><strong>ι,</strong></span> 
     </span>
    </p>
   </div>
   <div class='ocr_carea' id='block_1_5' title="bbox 319 421 1899 502">
    <p class='ocr_par' dir='ltr' id='par_1_5' title="bbox 319 421 1899 502">
     <span class='ocr_line' id='line_1_5' title="bbox 319 421 1899 502; baseline 0.004 -18"><span class='ocrx_word' id='word_1_21' title='bbox 319 423 587 502; x_wconf 78' lang='lat' dir='ltr'><strong>beateque</strong></span> <span class='ocrx_word' id='word_1_22' title='bbox 656 425 980 490; x_wconf 82' lang='lat' dir='ltr'><strong>commercio</strong></span> <span class='ocrx_word' id='word_1_23' title='bbox 1043 433 1251 494; x_wconf 70' lang='lat' dir='ltr'><strong>eruatur</strong></span> <span class='ocrx_word' id='word_1_24' title='bbox 1293 421 1593 488; x_wconf 80' lang='lat' dir='ltr'><strong>Christiana</strong></span> <span class='ocrx_word' id='word_1_25' title='bbox 1648 422 1899 490; x_wconf 70' lang='lat' dir='ltr'><strong>libertas.</strong></span> 
     </span>
    </p>
   </div>
   <div class='ocr_carea' id='block_1_6' title="bbox 317 515 1899 595">
    <p class='ocr_par' dir='ltr' id='par_1_6' title="bbox 317 515 1899 595">
     <span class='ocr_line' id='line_1_6' title="bbox 317 515 1899 595; baseline 0.001 -25"><span class='ocrx_word' id='word_1_26' title='bbox 317 515 556 590; x_wconf 71' lang='lat' dir='ltr'><strong>ﬁantqpe</strong></span> <span class='ocrx_word' id='word_1_27' title='bbox 582 515 673 582; x_wconf 84' lang='lat' dir='ltr'><strong>lilii</strong></span> <span class='ocrx_word' id='word_1_28' title='bbox 701 517 794 578; x_wconf 85' lang='lat' dir='ltr'><strong>Dei</strong></span> <span class='ocrx_word' id='word_1_29' title='bbox 816 517 884 582; x_wconf 80' lang='lat' dir='ltr'><strong>de</strong></span> <span class='ocrx_word' id='word_1_30' title='bbox 912 527 1228 595; x_wconf 70' lang='lat' dir='ltr'><strong>paupertate</strong></span> <span class='ocrx_word' id='word_1_31' title='bbox 1269 517 1485 588; x_wconf 85' lang='lat' dir='ltr'><strong>divites,</strong></span> <span class='ocrx_word' id='word_1_32' title='bbox 1536 517 1605 576; x_wconf 83' lang='lat' dir='ltr'><strong>de</strong></span> <span class='ocrx_word' id='word_1_33' title='bbox 1645 515 1899 587; x_wconf 81' lang='lat' dir='ltr'><strong>patientia</strong></span> 
     </span>
    </p>
   </div>
   <div class='ocr_carea' id='block_1_7' title="bbox 324 609 1901 686">
    <p class='ocr_par' dir='ltr' id='par_1_7' title="bbox 324 609 1901 686">
     <span class='ocr_line' id='line_1_7' title="bbox 324 609 1901 686; baseline -0.003 -16"><span class='ocrx_word' id='word_1_34' title='bbox 324 609 515 686; x_wconf 69' lang='lat' dir='ltr'><strong>fortes,</strong></span> <span class='ocrx_word' id='word_1_35' title='bbox 543 611 612 667; x_wconf 84' lang='lat' dir='ltr'><strong>de</strong></span> <span class='ocrx_word' id='word_1_36' title='bbox 639 611 936 673; x_wconf 83' lang='lat' dir='ltr'><strong>humilitate</strong></span> <span class='ocrx_word' id='word_1_37' title='bbox 966 612 1265 676; x_wconf 74' lang='lat' dir='ltr'><strong>sublimes?</strong></span> <span class='ocrx_word' id='word_1_38' title='bbox 1292 611 1410 674; x_wconf 81' lang='lat' dir='ltr'><strong>Non</strong></span> <span class='ocrx_word' id='word_1_39' title='bbox 1435 613 1578 668; x_wconf 88' lang='lat' dir='ltr'><strong>enim</strong></span> <span class='ocrx_word' id='word_1_40' title='bbox 1599 652 1614 680; x_wconf 91' lang='lat'><strong>,</strong></span> <span class='ocrx_word' id='word_1_41' title='bbox 1657 621 1715 670; x_wconf 91' lang='lat' dir='ltr'><strong>ut</strong></span> <span class='ocrx_word' id='word_1_42' title='bbox 1767 611 1901 667; x_wconf 84' lang='lat' dir='ltr'><strong>dile-</strong></span> 
     </span>
    </p>
   </div>
   <div class='ocr_carea' id='block_1_8' title="bbox 314 701 1899 782">
    <p class='ocr_par' dir='ltr' id='par_1_8' title="bbox 314 701 1899 782">
     <span class='ocr_line' id='line_1_8' title="bbox 314 701 1899 782; baseline 0.002 -27"><span class='ocrx_word' id='word_1_43' title='bbox 314 710 497 762; x_wconf 78' lang='lat' dir='ltr'><strong>ctores</strong></span> <span class='ocrx_word' id='word_1_44' title='bbox 526 701 681 774; x_wconf 82' lang='lat' dir='ltr'><strong>hujus</strong></span> <span class='ocrx_word' id='word_1_45' title='bbox 727 703 915 768; x_wconf 78' lang='lat' dir='ltr'><strong>saeculi</strong></span> <span class='ocrx_word' id='word_1_46' title='bbox 946 712 1166 778; x_wconf 87' lang='lat' dir='ltr'><strong>putant,</strong></span> <span class='ocrx_word' id='word_1_47' title='bbox 1200 703 1347 782; x_wconf 80' lang='lat' dir='ltr'><strong>pravi</strong></span> <span class='ocrx_word' id='word_1_48' title='bbox 1379 703 1556 761; x_wconf 84' lang='lat' dir='ltr'><strong>cordis</strong></span> <span class='ocrx_word' id='word_1_49' title='bbox 1585 712 1676 757; x_wconf 89' lang='lat' dir='ltr'><strong>aut</strong></span> <span class='ocrx_word' id='word_1_50' title='bbox 1719 703 1899 773; x_wconf 81' lang='lat' dir='ltr'><strong>segnis</strong></span> 
     </span>
    </p>
   </div>
   <div class='ocr_carea' id='block_1_9' title="bbox 314 794 1896 872">
    <p class='ocr_par' dir='ltr' id='par_1_9' title="bbox 314 794 1896 872">
     <span class='ocr_line' id='line_1_9' title="bbox 314 794 1896 872; baseline 0.001 -21"><span class='ocrx_word' id='word_1_51' title='bbox 314 803 401 856; x_wconf 85' lang='lat' dir='ltr'><strong>est</strong></span> <span class='ocrx_word' id='word_1_52' title='bbox 430 794 591 854; x_wconf 89' lang='lat' dir='ltr'><strong>animi</strong></span> <span class='ocrx_word' id='word_1_53' title='bbox 621 803 864 858; x_wconf 88' lang='lat' dir='ltr'><strong>terrenas</strong></span> <span class='ocrx_word' id='word_1_54' title='bbox 889 811 1019 872; x_wconf 81' lang='lat' dir='ltr'><strong>opes</strong></span> <span class='ocrx_word' id='word_1_55' title='bbox 1059 812 1338 872; x_wconf 72' lang='lat' dir='ltr'><strong>spernere,</strong></span> <span class='ocrx_word' id='word_1_56' title='bbox 1372 797 1605 854; x_wconf 89' lang='lat' dir='ltr'><strong>honores</strong></span> <span class='ocrx_word' id='word_1_57' title='bbox 1645 796 1896 854; x_wconf 87' lang='lat' dir='ltr'><strong>occiduos</strong></span> 
     </span>
    </p>
   </div>
   <div class='ocr_carea' id='block_1_10' title="bbox 312 883 1899 962">
    <p class='ocr_par' dir='ltr' id='par_1_10' title="bbox 312 883 1899 962">
     <span class='ocr_line' id='line_1_10' title="bbox 312 883 1899 962; baseline 0.002 -22"><span class='ocrx_word' id='word_1_58' title='bbox 312 883 582 951; x_wconf 75' lang='lat' dir='ltr'><strong>fastidire,</strong></span> <span class='ocrx_word' id='word_1_59' title='bbox 608 901 708 944; x_wconf 86' lang='lat' dir='ltr'><strong>nec</strong></span> <span class='ocrx_word' id='word_1_60' title='bbox 733 887 808 943; x_wconf 89' lang='lat' dir='ltr'><strong>ibi</strong></span> <span class='ocrx_word' id='word_1_61' title='bbox 830 887 1052 958; x_wconf 73' lang='lat' dir='ltr'><strong>gloriam</strong></span> <span class='ocrx_word' id='word_1_62' title='bbox 1079 903 1320 958; x_wconf 74' lang='lat' dir='ltr'><strong>qumrere</strong></span> <span class='ocrx_word' id='word_1_63' title='bbox 1346 888 1436 956; x_wconf 89' lang='lat' dir='ltr'><strong>ubi</strong></span> <span class='ocrx_word' id='word_1_64' title='bbox 1491 889 1735 948; x_wconf 79' lang='lat' dir='ltr'><strong>laudatur</strong></span> <span class='ocrx_word' id='word_1_65' title='bbox 1780 905 1899 962; x_wconf 76' lang='lat' dir='ltr'><strong>pec-</strong></span> 
     </span>
    </p>
   </div>
   <div class='ocr_carea' id='block_1_11' title="bbox 311 976 1902 1054">
    <p class='ocr_par' dir='ltr' id='par_1_11' title="bbox 311 976 1902 1054">
     <span class='ocr_line' id='line_1_11' title="bbox 311 976 1902 1054; baseline 0.004 -26"><span class='ocrx_word' id='word_1_66' title='bbox 311 986 459 1029; x_wconf 88' lang='lat' dir='ltr'><strong>cator</strong></span> <span class='ocrx_word' id='word_1_67' title='bbox 481 976 533 1029; x_wconf 87' lang='lat' dir='ltr'><strong>in</strong></span> <span class='ocrx_word' id='word_1_68' title='bbox 560 977 825 1039; x_wconf 82' lang='lat' dir='ltr'><strong>desideriis</strong></span> <span class='ocrx_word' id='word_1_69' title='bbox 847 980 1033 1038; x_wconf 68' lang='lat' dir='ltr'><strong>animle</strong></span> <span class='ocrx_word' id='word_1_70' title='bbox 1061 995 1186 1048; x_wconf 65' lang='lat' dir='ltr'><strong>suae,</strong></span> <span class='ocrx_word' id='word_1_71' title='bbox 1219 988 1264 1038; x_wconf 87' lang='lat' dir='ltr'><strong>et</strong></span> <span class='ocrx_word' id='word_1_72' title='bbox 1283 982 1368 1052; x_wconf 80' lang='lat' dir='ltr'><strong>qui</strong></span> <span class='ocrx_word' id='word_1_73' title='bbox 1394 981 1569 1051; x_wconf 84' lang='lat' dir='ltr'><strong>iniqua</strong></span> <span class='ocrx_word' id='word_1_74' title='bbox 1596 981 1724 1050; x_wconf 84' lang='lat' dir='ltr'><strong>gerit</strong></span> <span class='ocrx_word' id='word_1_75' title='bbox 1754 981 1902 1054; x_wconf 72' lang='lat' dir='ltr'><strong>bene-</strong></span> 
     </span>
    </p>
   </div>
   <div class='ocr_carea' id='block_1_12' title="bbox 311 1057 1904 1144">
    <p class='ocr_par' dir='ltr' id='par_1_12' title="bbox 311 1057 1904 1144">
     <span class='ocr_line' id='line_1_12' title="bbox 311 1057 1904 1144; baseline 0.003 -22"><span class='ocrx_word' id='word_1_76' title='bbox 311 1067 504 1122; x_wconf 86' lang='lat' dir='ltr'><strong>dicitur</strong></span> <span class='ocrx_word' id='word_1_77' title='bbox 526 1069 650 1144; x_wconf 83' lang='lat' dir='ltr'><strong>(Ps.</strong></span> <span class='ocrx_word' id='word_1_78' title='bbox 678 1071 899 1142; x_wconf 67' lang='lat'><strong>11,23).</strong></span> <span class='ocrx_word' id='word_1_79' title='bbox 935 1071 1088 1132; x_wconf 89' lang='lat' dir='ltr'><strong>Unde</strong></span> <span class='ocrx_word' id='word_1_80' title='bbox 1135 1072 1180 1130; x_wconf 87' lang='lat' dir='ltr'><strong>si</strong></span> <span class='ocrx_word' id='word_1_81' title='bbox 1203 1087 1329 1134; x_wconf 84' lang='lat' dir='ltr'><strong>vere</strong></span> <span class='ocrx_word' id='word_1_82' title='bbox 1375 1073 1726 1144; x_wconf 82' lang='lat' dir='ltr'><strong>intelligatur,</strong></span> <span class='ocrx_word' id='word_1_83' title='bbox 1775 1057 1904 1128; x_wconf 84' lang='lat' dir='ltr'><strong>con-</strong></span> 
     </span>
    </p>
   </div>
   <div class='ocr_carea' id='block_1_13' title="bbox 313 1161 1905 1234">
    <p class='ocr_par' dir='ltr' id='par_1_13' title="bbox 313 1161 1905 1234">
     <span class='ocr_line' id='line_1_13' title="bbox 313 1161 1905 1234; baseline 0 -16"><span class='ocrx_word' id='word_1_84' title='bbox 313 1169 550 1232; x_wconf 80' lang='lat' dir='ltr'><strong>temptus</strong></span> <span class='ocrx_word' id='word_1_85' title='bbox 577 1161 678 1222; x_wconf 83' lang='lat' dir='ltr'><strong>iste</strong></span> <span class='ocrx_word' id='word_1_86' title='bbox 711 1164 910 1234; x_wconf 82' lang='lat' dir='ltr'><strong>&#39;rerum</strong></span> <span class='ocrx_word' id='word_1_87' title='bbox 963 1165 1304 1233; x_wconf 83' lang='lat' dir='ltr'><strong>praesentium</strong></span> <span class='ocrx_word' id='word_1_88' title='bbox 1355 1164 1421 1222; x_wconf 86' lang='lat' dir='ltr'><strong>ad</strong></span> <span class='ocrx_word' id='word_1_89' title='bbox 1451 1178 1572 1232; x_wconf 75' lang='lat' dir='ltr'><strong>qua:</strong></span> <span class='ocrx_word' id='word_1_90' title='bbox 1615 1163 1817 1232; x_wconf 77' lang='lat' dir='ltr'><strong>tendat,</strong></span> <span class='ocrx_word' id='word_1_91' title='bbox 1851 1171 1905 1218; x_wconf 88' lang='lat' dir='ltr'><strong>et</strong></span> 
     </span>
    </p>
   </div>
   <div class='ocr_carea' id='block_1_14' title="bbox 319 1253 1905 1328">
    <p class='ocr_par' dir='ltr' id='par_1_14' title="bbox 319 1253 1905 1328">
     <span class='ocr_line' id='line_1_14' title="bbox 319 1253 1905 1328; baseline 0.005 -24"><span class='ocrx_word' id='word_1_92' title='bbox 319 1253 498 1322; x_wconf 85' lang='lat' dir='ltr'><strong>qualia</strong></span> <span class='ocrx_word' id='word_1_93' title='bbox 536 1256 919 1328; x_wconf 87' lang='lat' dir='ltr'><strong>concupiscat,</strong></span> <span class='ocrx_word' id='word_1_94' title='bbox 975 1255 1105 1312; x_wconf 87' lang='lat' dir='ltr'><strong>nihil</strong></span> <span class='ocrx_word' id='word_1_95' title='bbox 1151 1255 1459 1326; x_wconf 73' lang='lat' dir='ltr'><strong>huiusmodi</strong></span> <span class='ocrx_word' id='word_1_96' title='bbox 1504 1255 1777 1314; x_wconf 84' lang='lat' dir='ltr'><strong>mentibus</strong></span> <span class='ocrx_word' id='word_1_97' title='bbox 1819 1271 1905 1320; x_wconf 85' lang='lat' dir='ltr'><strong>re-</strong></span> 
     </span>
    </p>
   </div>
   <div class='ocr_carea' id='block_1_15' title="bbox 311 1346 1901 1420">
    <p class='ocr_par' dir='ltr' id='par_1_15' title="bbox 311 1346 1901 1420">
     <span class='ocr_line' id='line_1_15' title="bbox 311 1346 1901 1420; baseline 0.001 -20"><span class='ocrx_word' id='word_1_98' title='bbox 311 1346 473 1414; x_wconf 88' lang='lat' dir='ltr'><strong>ctius,</strong></span> <span class='ocrx_word' id='word_1_99' title='bbox 523 1346 657 1406; x_wconf 84' lang='lat' dir='ltr'><strong>nihil</strong></span> <span class='ocrx_word' id='word_1_100' title='bbox 705 1348 1007 1420; x_wconf 71' lang='lat' dir='ltr'><strong>invenietur</strong></span> <span class='ocrx_word' id='word_1_101' title='bbox 1039 1349 1066 1377; x_wconf 80' lang='grc'><strong>⁸</strong></span> <span class='ocrx_word' id='word_1_102' title='bbox 1088 1347 1341 1414; x_wconf 81' lang='lat' dir='ltr'><strong>erectius,</strong></span> <span class='ocrx_word' id='word_1_103' title='bbox 1379 1361 1498 1420; x_wconf 67' lang='lat' dir='ltr'><strong>qua:</strong></span> <span class='ocrx_word' id='word_1_104' title='bbox 1525 1347 1901 1410; x_wconf 83' lang='lat' dir='ltr'><strong>sacratissimis</strong></span> 
     </span>
    </p>
   </div>
   <div class='ocr_carea' id='block_1_16' title="bbox 307 1439 1896 1512">
    <p class='ocr_par' dir='ltr' id='par_1_16' title="bbox 307 1439 1896 1512">
     <span class='ocr_line' id='line_1_16' title="bbox 307 1439 1896 1512; baseline 0.001 -18"><span class='ocrx_word' id='word_1_105' title='bbox 307 1439 598 1498; x_wconf 84' lang='lat' dir='ltr'><strong>desideriis</strong></span> <span class='ocrx_word' id='word_1_106' title='bbox 651 1441 905 1500; x_wconf 85' lang='lat' dir='ltr'><strong>universa</strong></span> <span class='ocrx_word' id='word_1_107' title='bbox 943 1440 1343 1512; x_wconf 80' lang='lat' dir='ltr'><strong>transcendunt,</strong></span> <span class='ocrx_word' id='word_1_108' title='bbox 1398 1456 1574 1511; x_wconf 88' lang='lat' dir='ltr'><strong>neque</strong></span> <span class='ocrx_word' id='word_1_109' title='bbox 1617 1441 1684 1500; x_wconf 83' lang='lat' dir='ltr'><strong>ad</strong></span> <span class='ocrx_word' id='word_1_110' title='bbox 1737 1441 1896 1500; x_wconf 83' lang='lat' dir='ltr'><strong>ullam</strong></span> 
     </span>
    </p>
   </div>
   <div class='ocr_carea' id='block_1_17' title="bbox 313 1532 1895 1608">
    <p class='ocr_par' dir='ltr' id='par_1_17' title="bbox 313 1532 1895 1608">
     <span class='ocr_line' id='line_1_17' title="bbox 313 1532 1895 1608; baseline 0.003 -24"><span class='ocrx_word' id='word_1_111' title='bbox 313 1541 619 1605; x_wconf 81' lang='lat' dir='ltr'><strong>creaturam</strong></span> <span class='ocrx_word' id='word_1_112' title='bbox 643 1533 889 1602; x_wconf 80' lang='lat' dir='ltr'><strong>quamvis</strong></span> <span class='ocrx_word' id='word_1_113' title='bbox 917 1541 1188 1608; x_wconf 83' lang='lat' dir='ltr'><strong>potentem</strong></span> <span class='ocrx_word' id='word_1_114' title='bbox 1219 1541 1375 1602; x_wconf 86' lang='lat' dir='ltr'><strong>atque</strong></span> <span class='ocrx_word' id='word_1_115' title='bbox 1427 1533 1748 1596; x_wconf 88' lang='lat' dir='ltr'><strong>mirabilem.</strong></span> <span class='ocrx_word' id='word_1_116' title='bbox 1800 1532 1895 1590; x_wconf 85' lang='lat' dir='ltr'><strong>sed</strong></span> 
     </span>
    </p>
   </div>
   <div class='ocr_carea' id='block_1_18' title="bbox 317 1621 1894 1693">
    <p class='ocr_par' dir='ltr' id='par_1_18' title="bbox 317 1621 1894 1693">
     <span class='ocr_line' id='line_1_18' title="bbox 317 1621 1894 1693; baseline 0.001 -17"><span class='ocrx_word' id='word_1_117' title='bbox 317 1623 387 1686; x_wconf 81' lang='lat' dir='ltr'><strong>ad</strong></span> <span class='ocrx_word' id='word_1_118' title='bbox 412 1624 584 1693; x_wconf 85' lang='lat' dir='ltr'><strong>ipsum</strong></span> <span class='ocrx_word' id='word_1_119' title='bbox 632 1624 870 1684; x_wconf 88' lang='lat' dir='ltr'><strong>omnium</strong></span> <span class='ocrx_word' id='word_1_120' title='bbox 916 1623 1200 1680; x_wconf 88' lang='lat' dir='ltr'><strong>visibiliunt</strong></span> <span class='ocrx_word' id='word_1_121' title='bbox 1246 1631 1299 1684; x_wconf 84' lang='lat' dir='ltr'><strong>et</strong></span> <span class='ocrx_word' id='word_1_122' title='bbox 1342 1621 1688 1682; x_wconf 84' lang='lat' dir='ltr'><strong>invisibilium</strong></span> <span class='ocrx_word' id='word_1_123' title='bbox 1719 1621 1747 1661; x_wconf 75' lang='grc' dir='ltr'>δ</span> <span class='ocrx_word' id='word_1_124' title='bbox 1776 1637 1894 1678; x_wconf 83' lang='lat' dir='ltr'><strong>aut-</strong></span> 
     </span>
    </p>
   </div>
   <div class='ocr_carea' id='block_1_19' title="bbox 2005 419 3575 500">
    <p class='ocr_par' dir='ltr' id='par_1_19' title="bbox 2005 419 3575 500">
     <span class='ocr_line' id='line_1_19' title="bbox 2005 419 3575 500; baseline 0.013 -33"><span class='ocrx_word' id='word_1_125' title='bbox 2005 420 2078 494; x_wconf 72' lang='grc'><strong>5).</strong></span> <span class='ocrx_word' id='word_1_126' title='bbox 2116 429 2138 456; x_wconf 75' lang='grc' dir='ltr'><strong>ο</strong></span> <span class='ocrx_word' id='word_1_127' title='bbox 2171 419 2270 486; x_wconf 85' lang='lat' dir='ltr'><strong>Qui</strong></span> <span class='ocrx_word' id='word_1_128' title='bbox 2294 420 2339 484; x_wconf 92' lang='lat' dir='ltr'><strong>si</strong></span> <span class='ocrx_word' id='word_1_129' title='bbox 2372 430 2496 486; x_wconf 81' lang='lat' dir='ltr'><strong>tunc</strong></span> <span class='ocrx_word' id='word_1_130' title='bbox 2530 421 2681 482; x_wconf 86' lang='lat' dir='ltr'><strong>istius</strong></span> <span class='ocrx_word' id='word_1_131' title='bbox 2718 424 2907 496; x_wconf 71' lang='lat' dir='ltr'><strong>gratiae</strong></span> <span class='ocrx_word' id='word_1_132' title='bbox 2962 426 3232 497; x_wconf 75' lang='lat' dir='ltr'><strong>particeps</strong></span> <span class='ocrx_word' id='word_1_133' title='bbox 3265 429 3432 496; x_wconf 78' lang='lat' dir='ltr'><strong>factus</strong></span> <span class='ocrx_word' id='word_1_134' title='bbox 3471 442 3575 500; x_wconf 88' lang='lat' dir='ltr'><strong>est,</strong></span> 
     </span>
    </p>
   </div>
   <div class='ocr_carea' id='block_1_20' title="bbox 2003 515 3586 595">
    <p class='ocr_par' dir='ltr' id='par_1_20' title="bbox 2003 515 3586 595">
     <span class='ocr_line' id='line_1_20' title="bbox 2003 515 3586 595; baseline 0.008 -28"><span class='ocrx_word' id='word_1_135' title='bbox 2003 515 2215 592; x_wconf 69' lang='lat' dir='ltr'><strong>quaudo</strong></span> <span class='ocrx_word' id='word_1_136' title='bbox 2247 515 2494 572; x_wconf 87' lang='lat' dir='ltr'><strong>omnibus</strong></span> <span class='ocrx_word' id='word_1_137' title='bbox 2526 517 2867 582; x_wconf 75' lang='lat' dir='ltr'><strong>facultatibus</strong></span> <span class='ocrx_word' id='word_1_138' title='bbox 2899 519 3145 590; x_wconf 83' lang='lat' dir='ltr'><strong>perditis,</strong></span> <span class='ocrx_word' id='word_1_139' title='bbox 3173 523 3422 588; x_wconf 78' lang='lat' dir='ltr'><strong>universa</strong></span> <span class='ocrx_word' id='word_1_140' title='bbox 3453 543 3586 595; x_wconf 85' lang='lat' dir='ltr'><strong>quo-</strong></span> 
     </span>
    </p>
   </div>
   <div class='ocr_carea' id='block_1_21' title="bbox 2006 607 3588 682">
    <p class='ocr_par' dir='ltr' id='par_1_21' title="bbox 2006 607 3588 682">
     <span class='ocr_line' id='line_1_21' title="bbox 2006 607 3588 682; baseline 0.008 -21"><span class='ocrx_word' id='word_1_141' title='bbox 2006 623 2114 682; x_wconf 76' lang='lat' dir='ltr'><strong>que</strong></span> <span class='ocrx_word' id='word_1_142' title='bbox 2146 607 2346 670; x_wconf 79' lang='lat' dir='ltr'><strong>familia</strong></span> <span class='ocrx_word' id='word_1_143' title='bbox 2384 607 2611 679; x_wconf 87' lang='lat' dir='ltr'><strong>filiisque</strong></span> <span class='ocrx_word' id='word_1_144' title='bbox 2653 612 2909 680; x_wconf 84' lang='lat' dir='ltr'><strong>privatus,</strong></span> <span class='ocrx_word' id='word_1_145' title='bbox 2954 621 3008 670; x_wconf 88' lang='lat' dir='ltr'><strong>et</strong></span> <span class='ocrx_word' id='word_1_146' title='bbox 3063 630 3332 680; x_wconf 74' lang='lat' dir='ltr'><strong>percussus</strong></span> <span class='ocrx_word' id='word_1_147' title='bbox 3384 619 3588 682; x_wconf 73' lang='lat' dir='ltr'><strong>vulnere</strong></span> 
     </span>
    </p>
   </div>
   <div class='ocr_carea' id='block_1_22' title="bbox 2004 703 3587 782">
    <p class='ocr_par' dir='ltr' id='par_1_22' title="bbox 2004 703 3587 782">
     <span class='ocr_line' id='line_1_22' title="bbox 2004 703 3587 782; baseline 0.008 -30"><span class='ocrx_word' id='word_1_148' title='bbox 2004 703 2218 768; x_wconf 84' lang='lat' dir='ltr'><strong>pessimo</strong></span> <span class='ocrx_word' id='word_1_149' title='bbox 2240 719 2271 758; x_wconf 89' lang='lat' dir='ltr'><strong>a</strong></span> <span class='ocrx_word' id='word_1_150' title='bbox 2310 703 2488 774; x_wconf 81' lang='lat' dir='ltr'><strong>planta</strong></span> <span class='ocrx_word' id='word_1_151' title='bbox 2513 704 2654 775; x_wconf 80' lang='lat' dir='ltr'><strong>pedis</strong></span> <span class='ocrx_word' id='word_1_152' title='bbox 2684 721 2839 776; x_wconf 87' lang='lat' dir='ltr'><strong>usque</strong></span> <span class='ocrx_word' id='word_1_153' title='bbox 2865 708 2931 762; x_wconf 84' lang='lat' dir='ltr'><strong>ad</strong></span> <span class='ocrx_word' id='word_1_154' title='bbox 2960 709 3194 767; x_wconf 80' lang='lat' dir='ltr'><strong>verticem</strong></span> <span class='ocrx_word' id='word_1_155' title='bbox 3224 711 3427 782; x_wconf 84' lang='lat' dir='ltr'><strong>capitis,</strong></span> <span class='ocrx_word' id='word_1_156' title='bbox 3463 721 3587 768; x_wconf 81' lang='lat' dir='ltr'><strong>testa</strong></span> 
     </span>
    </p>
   </div>
   <div class='ocr_carea' id='block_1_23' title="bbox 2001 794 3584 874">
    <p class='ocr_par' dir='ltr' id='par_1_23' title="bbox 2001 794 3584 874">
     <span class='ocr_line' id='line_1_23' title="bbox 2001 794 3584 874; baseline 0.006 -27"><span class='ocrx_word' id='word_1_157' title='bbox 2001 794 2442 860; x_wconf 81' lang='lat' dir='ltr'><strong>saniemradebat,</strong></span> <span class='ocrx_word' id='word_1_158' title='bbox 2475 795 2655 854; x_wconf 72' lang='lat' dir='ltr'><strong>sedens</strong></span> <span class='ocrx_word' id='word_1_159' title='bbox 2698 797 2748 850; x_wconf 87' lang='lat' dir='ltr'><strong>in</strong></span> <span class='ocrx_word' id='word_1_160' title='bbox 2793 808 3009 854; x_wconf 79' lang='lat' dir='ltr'><strong>stercore</strong></span> <span class='ocrx_word' id='word_1_161' title='bbox 3033 799 3155 869; x_wconf 82' lang='lat' dir='ltr'><strong>(Job</strong></span> <span class='ocrx_word' id='word_1_162' title='bbox 3213 817 3271 872; x_wconf 91' lang='lat' dir='ltr'><strong>tt,</strong></span> <span class='ocrx_word' id='word_1_163' title='bbox 3323 801 3402 874; x_wconf 86' lang='lat'><strong>7),</strong></span> <span class='ocrx_word' id='word_1_164' title='bbox 3440 801 3458 840; x_wconf 72' lang='grc' dir='ltr'>ί</span> <span class='ocrx_word' id='word_1_165' title='bbox 3518 803 3584 858; x_wconf 90' lang='lat' dir='ltr'><strong>ad</strong></span> 
     </span>
    </p>
   </div>
   <div class='ocr_carea' id='block_1_24' title="bbox 2003 885 3588 962">
    <p class='ocr_par' dir='ltr' id='par_1_24' title="bbox 2003 885 3588 962">
     <span class='ocr_line' id='line_1_24' title="bbox 2003 885 3588 962; baseline 0.004 -20"><span class='ocrx_word' id='word_1_166' title='bbox 2003 885 2292 955; x_wconf 81' lang='lat' dir='ltr'><strong>imaginem</strong></span> <span class='ocrx_word' id='word_1_167' title='bbox 2325 886 2575 944; x_wconf 87' lang='lat' dir='ltr'><strong>elationis</strong></span> <span class='ocrx_word' id='word_1_168' title='bbox 2605 887 3010 962; x_wconf 79' lang='lat' dir='ltr'><strong>lentationisque</strong></span> <span class='ocrx_word' id='word_1_169' title='bbox 3052 891 3387 961; x_wconf 84' lang='lat' dir='ltr'><strong>postmodum</strong></span> <span class='ocrx_word' id='word_1_170' title='bbox 3434 908 3588 948; x_wconf 84' lang='lat' dir='ltr'><strong>revo-</strong></span> 
     </span>
    </p>
   </div>
   <div class='ocr_carea' id='block_1_25' title="bbox 2002 979 3582 1054">
    <p class='ocr_par' dir='ltr' id='par_1_25' title="bbox 2002 979 3582 1054">
     <span class='ocr_line' id='line_1_25' title="bbox 2002 979 3582 1054; baseline 0.004 -20"><span class='ocrx_word' id='word_1_171' title='bbox 2002 989 2152 1036; x_wconf 87' lang='lat' dir='ltr'><strong>catus</strong></span> <span class='ocrx_word' id='word_1_172' title='bbox 2183 989 2285 1046; x_wconf 90' lang='lat' dir='ltr'><strong>est,</strong></span> <span class='ocrx_word' id='word_1_173' title='bbox 2338 979 2552 1048; x_wconf 80' lang='lat' dir='ltr'><strong>quando</strong></span> <span class='ocrx_word' id='word_1_174' title='bbox 2609 982 2852 1054; x_wconf 88' lang='lat' dir='ltr'><strong>corporis</strong></span> <span class='ocrx_word' id='word_1_175' title='bbox 2896 981 3257 1040; x_wconf 86' lang='lat' dir='ltr'><strong>incolumitate</strong></span> <span class='ocrx_word' id='word_1_176' title='bbox 3306 995 3582 1052; x_wconf 84' lang='lat' dir='ltr'><strong>renovata,</strong></span> 
     </span>
    </p>
   </div>
   <div class='ocr_carea' id='block_1_26' title="bbox 2003 1072 3582 1147">
    <p class='ocr_par' dir='ltr' id='par_1_26' title="bbox 2003 1072 3582 1147">
     <span class='ocr_line' id='line_1_26' title="bbox 2003 1072 3582 1147; baseline 0.003 -22"><span class='ocrx_word' id='word_1_177' title='bbox 2003 1082 2193 1142; x_wconf 85' lang='lat' dir='ltr'><strong>septem</strong></span> <span class='ocrx_word' id='word_1_178' title='bbox 2214 1086 2400 1128; x_wconf 86' lang='lat' dir='ltr'><strong>rursus</strong></span> <span class='ocrx_word' id='word_1_179' title='bbox 2431 1072 2658 1142; x_wconf 83' lang='lat' dir='ltr'><strong>ﬁliorum</strong></span> <span class='ocrx_word' id='word_1_180' title='bbox 2680 1072 2932 1142; x_wconf 86' lang='lat' dir='ltr'><strong>triumque</strong></span> <span class='ocrx_word' id='word_1_181' title='bbox 2958 1074 3182 1142; x_wconf 77' lang='lat' dir='ltr'><strong>ﬁliarum</strong></span> <span class='ocrx_word' id='word_1_182' title='bbox 3203 1076 3364 1144; x_wconf 78' lang='lat' dir='ltr'><strong>factus</strong></span> <span class='ocrx_word' id='word_1_183' title='bbox 3393 1087 3464 1132; x_wconf 88' lang='lat' dir='ltr'><strong>est</strong></span> <span class='ocrx_word' id='word_1_184' title='bbox 3490 1095 3582 1147; x_wconf 77' lang='lat' dir='ltr'><strong>pa-</strong></span> 
     </span>
    </p>
   </div>
   <div class='ocr_carea' id='block_1_27' title="bbox 2008 1163 3587 1238">
    <p class='ocr_par' dir='ltr' id='par_1_27' title="bbox 2008 1163 3587 1238">
     <span class='ocr_line' id='line_1_27' title="bbox 2008 1163 3587 1238; baseline 0 -14"><span class='ocrx_word' id='word_1_185' title='bbox 2008 1174 2101 1229; x_wconf 80' lang='lat' dir='ltr'><strong>ter.</strong></span> <span class='ocrx_word' id='word_1_186' title='bbox 2129 1174 2182 1222; x_wconf 86' lang='lat' dir='ltr'><strong>et</strong></span> <span class='ocrx_word' id='word_1_187' title='bbox 2209 1166 2371 1234; x_wconf 83' lang='lat' dir='ltr'><strong>duplo</strong></span> <span class='ocrx_word' id='word_1_188' title='bbox 2393 1171 2446 1219; x_wconf 87' lang='lat' dir='ltr'><strong>in</strong></span> <span class='ocrx_word' id='word_1_189' title='bbox 2469 1167 2759 1220; x_wconf 85' lang='lat' dir='ltr'><strong>universam</strong></span> <span class='ocrx_word' id='word_1_190' title='bbox 2787 1163 3127 1222; x_wconf 72' lang='lat' dir='ltr'><strong>substantiam</strong></span> <span class='ocrx_word' id='word_1_191' title='bbox 3153 1177 3222 1226; x_wconf 84' lang='lat' dir='ltr'><strong>est</strong></span> <span class='ocrx_word' id='word_1_192' title='bbox 3253 1169 3441 1224; x_wconf 85' lang='lat' dir='ltr'><strong>ditatus</strong></span> <span class='ocrx_word' id='word_1_193' title='bbox 3463 1186 3587 1238; x_wconf 87' lang='lat' dir='ltr'><strong>aug-</strong></span> 
     </span>
    </p>
   </div>
   <div class='ocr_carea' id='block_1_28' title="bbox 2007 1255 3587 1330">
    <p class='ocr_par' dir='ltr' id='par_1_28' title="bbox 2007 1255 3587 1330">
     <span class='ocr_line' id='line_1_28' title="bbox 2007 1255 3587 1330; baseline 0.001 -16"><span class='ocrx_word' id='word_1_194' title='bbox 2007 1268 2176 1314; x_wconf 84' lang='lat' dir='ltr'><strong>mento</strong></span> <span class='ocrx_word' id='word_1_195' title='bbox 2207 1257 2329 1330; x_wconf 83' lang='lat' dir='ltr'><strong>(Job</strong></span> <span class='ocrx_word' id='word_1_196' title='bbox 2357 1273 2485 1324; x_wconf 68' lang='grc' dir='ltr'><em>χιιι,</em></span> <span class='ocrx_word' id='word_1_197' title='bbox 2514 1258 2601 1322; x_wconf 81' lang='lat' dir='ltr'><strong>l0,</strong></span> <span class='ocrx_word' id='word_1_198' title='bbox 2627 1255 2738 1328; x_wconf 80' lang='lat' dir='ltr'><strong>i5).</strong></span> <span class='ocrx_word' id='word_1_199' title='bbox 2763 1257 2918 1314; x_wconf 84' lang='lat' dir='ltr'><strong>Absit</strong></span> <span class='ocrx_word' id='word_1_200' title='bbox 2938 1268 3116 1318; x_wconf 87' lang='lat' dir='ltr'><strong>autem</strong></span> <span class='ocrx_word' id='word_1_201' title='bbox 3148 1259 3215 1313; x_wconf 90' lang='lat' dir='ltr'><strong>ab</strong></span> <span class='ocrx_word' id='word_1_202' title='bbox 3242 1260 3430 1316; x_wconf 86' lang='lat' dir='ltr'><strong>animis</strong></span> <span class='ocrx_word' id='word_1_203' title='bbox 3462 1261 3587 1316; x_wconf 84' lang='lat' dir='ltr'><strong>lide-</strong></span> 
     </span>
    </p>
   </div>
   <div class='ocr_carea' id='block_1_29' title="bbox 2005 1350 3583 1424">
    <p class='ocr_par' dir='ltr' id='par_1_29' title="bbox 2005 1350 3583 1424">
     <span class='ocr_line' id='line_1_29' title="bbox 2005 1350 3583 1424; baseline 0 -18"><span class='ocrx_word' id='word_1_204' title='bbox 2005 1350 2134 1406; x_wconf 91' lang='lat' dir='ltr'><strong>lium</strong></span> <span class='ocrx_word' id='word_1_205' title='bbox 2161 1360 2268 1405; x_wconf 89' lang='lat' dir='ltr'><strong>tam</strong></span> <span class='ocrx_word' id='word_1_206' title='bbox 2302 1351 2596 1420; x_wconf 77' lang='lat' dir='ltr'><strong>irreligiosa</strong></span> <span class='ocrx_word' id='word_1_207' title='bbox 2620 1351 2930 1422; x_wconf 80' lang='lat' dir='ltr'><strong>persuasio,</strong></span> <span class='ocrx_word' id='word_1_208' title='bbox 2968 1361 3026 1405; x_wconf 92' lang='lat' dir='ltr'><strong>ut</strong></span> <span class='ocrx_word' id='word_1_209' title='bbox 3070 1353 3318 1424; x_wconf 80' lang='lat' dir='ltr'><strong>cuiquam</strong></span> <span class='ocrx_word' id='word_1_210' title='bbox 3369 1362 3583 1408; x_wconf 85' lang='lat' dir='ltr'><strong>sancto-</strong></span> 
     </span>
    </p>
   </div>
   <div class='ocr_carea' id='block_1_30' title="bbox 2009 1443 3586 1518">
    <p class='ocr_par' dir='ltr' id='par_1_30' title="bbox 2009 1443 3586 1518">
     <span class='ocr_line' id='line_1_30' title="bbox 2009 1443 3586 1518; baseline 0.001 -21"><span class='ocrx_word' id='word_1_211' title='bbox 2009 1459 2150 1507; x_wconf 91' lang='lat' dir='ltr'><strong>rum,</strong></span> <span class='ocrx_word' id='word_1_212' title='bbox 2182 1444 2373 1512; x_wconf 88' lang='lat' dir='ltr'><strong>quibus</strong></span> <span class='ocrx_word' id='word_1_213' title='bbox 2406 1443 2544 1498; x_wconf 90' lang='lat' dir='ltr'><strong>Deus</strong></span> <span class='ocrx_word' id='word_1_214' title='bbox 2571 1453 2626 1502; x_wconf 85' lang='lat' dir='ltr'><strong>et</strong></span> <span class='ocrx_word' id='word_1_215' title='bbox 2652 1444 2865 1500; x_wconf 84' lang='lat' dir='ltr'><strong>divitias</strong></span> <span class='ocrx_word' id='word_1_216' title='bbox 2888 1456 2969 1506; x_wconf 90' lang='lat' dir='ltr'><strong>est</strong></span> <span class='ocrx_word' id='word_1_217' title='bbox 2998 1447 3219 1518; x_wconf 75' lang='lat' dir='ltr'><strong>largitus</strong></span> <span class='ocrx_word' id='word_1_218' title='bbox 3250 1457 3302 1504; x_wconf 90' lang='lat' dir='ltr'><strong>et</strong></span> <span class='ocrx_word' id='word_1_219' title='bbox 3331 1446 3586 1514; x_wconf 64' lang='lat' dir='ltr'><strong>honores,</strong></span> 
     </span>
    </p>
   </div>
   <div class='ocr_carea' id='block_1_31' title="bbox 2008 1535 3586 1606">
    <p class='ocr_par' dir='ltr' id='par_1_31' title="bbox 2008 1535 3586 1606">
     <span class='ocr_line' id='line_1_31' title="bbox 2008 1535 3586 1606; baseline 0.003 -16"><span class='ocrx_word' id='word_1_220' title='bbox 2008 1535 2075 1590; x_wconf 87' lang='lat' dir='ltr'><strong>ad</strong></span> <span class='ocrx_word' id='word_1_221' title='bbox 2123 1536 2441 1606; x_wconf 87' lang='lat' dir='ltr'><strong>capiendum</strong></span> <span class='ocrx_word' id='word_1_222' title='bbox 2489 1552 2628 1594; x_wconf 84' lang='lat' dir='ltr'><strong>verae</strong></span> <span class='ocrx_word' id='word_1_223' title='bbox 2680 1537 2994 1594; x_wconf 87' lang='lat' dir='ltr'><strong>humilitatis</strong></span> <span class='ocrx_word' id='word_1_224' title='bbox 3037 1541 3287 1597; x_wconf 90' lang='lat' dir='ltr'><strong>meritum</strong></span> <span class='ocrx_word' id='word_1_225' title='bbox 3337 1542 3586 1598; x_wconf 88' lang='lat' dir='ltr'><strong>credatur</strong></span> 
     </span>
    </p>
   </div>
   <div class='ocr_carea' id='block_1_32' title="bbox 2002 1629 3588 1703">
    <p class='ocr_par' dir='ltr' id='par_1_32' title="bbox 2002 1629 3588 1703">
     <span class='ocr_line' id='line_1_32' title="bbox 2002 1629 3588 1703; baseline 0.006 -21"><span class='ocrx_word' id='word_1_226' title='bbox 2002 1637 2027 1682; x_wconf 75' lang='grc' dir='ltr'>σ</span> <span class='ocrx_word' id='word_1_227' title='bbox 2053 1629 2136 1685; x_wconf 86' lang='lat' dir='ltr'><strong>vel</strong></span> <span class='ocrx_word' id='word_1_228' title='bbox 2167 1629 2437 1700; x_wconf 89' lang='lat' dir='ltr'><strong>opulentia</strong></span> <span class='ocrx_word' id='word_1_229' title='bbox 2461 1630 2720 1698; x_wconf 84' lang='lat' dir='ltr'><strong>obfuisse,</strong></span> <span class='ocrx_word' id='word_1_230' title='bbox 2747 1632 2828 1686; x_wconf 86' lang='lat' dir='ltr'><strong>vel</strong></span> <span class='ocrx_word' id='word_1_231' title='bbox 2859 1633 3124 1703; x_wconf 73' lang='lat' dir='ltr'><strong>dignitas;</strong></span> <span class='ocrx_word' id='word_1_232' title='bbox 3153 1649 3274 1692; x_wconf 90' lang='lat' dir='ltr'><strong>cum</strong></span> <span class='ocrx_word' id='word_1_233' title='bbox 3291 1637 3370 1698; x_wconf 88' lang='lat' dir='ltr'><strong>eis</strong></span> <span class='ocrx_word' id='word_1_234' title='bbox 3395 1637 3461 1692; x_wconf 88' lang='lat' dir='ltr'><strong>ad</strong></span> <span class='ocrx_word' id='word_1_235' title='bbox 3488 1637 3588 1692; x_wconf 87' lang='lat' dir='ltr'><strong>ltu-</strong></span> 
     </span>
    </p>
   </div>
   <div class='ocr_carea' id='block_1_33' title="bbox 320 1714 3587 1796">
    <p class='ocr_par' dir='ltr' id='par_1_33' title="bbox 320 1714 3587 1796">
     <span class='ocr_line' id='line_1_33' title="bbox 320 1714 3587 1796; baseline 0.003 -26"><span class='ocrx_word' id='word_1_236' title='bbox 320 1715 473 1772; x_wconf 86' lang='lat' dir='ltr'><strong>biunt</strong></span> <span class='ocrx_word' id='word_1_237' title='bbox 504 1722 840 1782; x_wconf 75' lang='lat' dir='ltr'><strong>creatorem;</strong></span> <span class='ocrx_word' id='word_1_238' title='bbox 894 1714 979 1772; x_wconf 92' lang='lat' dir='ltr'><strong>cui</strong></span> <span class='ocrx_word' id='word_1_239' title='bbox 1005 1715 1432 1784; x_wconf 85' lang='lat' dir='ltr'><strong>appropinquare</strong></span> <span class='ocrx_word' id='word_1_240' title='bbox 1461 1715 1760 1772; x_wconf 84' lang='lat' dir='ltr'><strong>clarescere</strong></span> <span class='ocrx_word' id='word_1_241' title='bbox 1787 1723 1894 1782; x_wconf 79' lang='lat' dir='ltr'><strong>est,</strong></span> <span class='ocrx_word' id='word_1_242' title='bbox 1927 1722 1975 1788; x_wconf 74' lang='grc' dir='ltr'><strong>Β</strong></span> <span class='ocrx_word' id='word_1_243' title='bbox 2004 1720 2092 1790; x_wconf 85' lang='lat' dir='ltr'><strong>jus</strong></span> <span class='ocrx_word' id='word_1_244' title='bbox 2121 1721 2330 1774; x_wconf 77' lang='lat' dir='ltr'><strong>virtutis</strong></span> <span class='ocrx_word' id='word_1_245' title='bbox 2365 1731 2676 1790; x_wconf 88' lang='lat' dir='ltr'><strong>provectum</strong></span> <span class='ocrx_word' id='word_1_246' title='bbox 2718 1731 2939 1789; x_wconf 84' lang='lat' dir='ltr'><strong>utraque</strong></span> <span class='ocrx_word' id='word_1_247' title='bbox 2972 1724 3288 1792; x_wconf 78' lang='lat' dir='ltr'><strong>profuerint.</strong></span> <span class='ocrx_word' id='word_1_248' title='bbox 3330 1726 3587 1796; x_wconf 84' lang='lat' dir='ltr'><strong>Quamvis</strong></span> 
     </span>
    </p>
   </div>
   <div class='ocr_carea' id='block_1_34' title="bbox 313 1805 1821 1878">
    <p class='ocr_par' dir='ltr' id='par_1_34' title="bbox 313 1805 1821 1878">
     <span class='ocr_line' id='line_1_34' title="bbox 313 1805 1821 1878; baseline 0.001 -15"><span class='ocrx_word' id='word_1_249' title='bbox 313 1822 474 1878; x_wconf 89' lang='lat' dir='ltr'><strong>quem</strong></span> <span class='ocrx_word' id='word_1_250' title='bbox 511 1807 697 1864; x_wconf 87' lang='lat' dir='ltr'><strong>timere</strong></span> <span class='ocrx_word' id='word_1_251' title='bbox 723 1805 956 1876; x_wconf 76' lang='lat' dir='ltr'><strong>gaudere</strong></span> <span class='ocrx_word' id='word_1_252' title='bbox 977 1813 1079 1872; x_wconf 85' lang='lat' dir='ltr'><strong>est,</strong></span> <span class='ocrx_word' id='word_1_253' title='bbox 1108 1807 1192 1862; x_wconf 90' lang='lat' dir='ltr'><strong>cui</strong></span> <span class='ocrx_word' id='word_1_254' title='bbox 1221 1806 1424 1864; x_wconf 81' lang='lat' dir='ltr'><strong>servire</strong></span> <span class='ocrx_word' id='word_1_255' title='bbox 1456 1821 1686 1878; x_wconf 77' lang='lat' dir='ltr'><strong>regnare</strong></span> <span class='ocrx_word' id='word_1_256' title='bbox 1714 1818 1821 1866; x_wconf 82' lang='lat' dir='ltr'><strong>est.</strong></span> 
     </span>
    </p>
   </div>
   <div class='ocr_carea' id='block_1_35' title="bbox 381 1894 1897 1972">
    <p class='ocr_par' dir='ltr' id='par_1_35' title="bbox 381 1894 1897 1972">
     <span class='ocr_line' id='line_1_35' title="bbox 381 1894 1897 1972; baseline 0.005 -23"><span class='ocrx_word' id='word_1_257' title='bbox 381 1894 510 1950; x_wconf 70' lang='lat' dir='ltr'><strong>Car.</strong></span> <span class='ocrx_word' id='word_1_258' title='bbox 547 1895 607 1951; x_wconf 82' lang='lat' dir='ltr'><strong>V.</strong></span> <span class='ocrx_word' id='word_1_259' title='bbox 642 1894 764 1951; x_wconf 83' lang='lat' dir='ltr'><strong>Non</strong></span> <span class='ocrx_word' id='word_1_260' title='bbox 790 1897 924 1952; x_wconf 83' lang='lat' dir='ltr'><strong>solos</strong></span> <span class='ocrx_word' id='word_1_261' title='bbox 947 1913 1218 1970; x_wconf 73' lang='lat' dir='ltr'><strong>pauperes,</strong></span> <span class='ocrx_word' id='word_1_262' title='bbox 1236 1898 1324 1956; x_wconf 83' lang='lat' dir='ltr'><strong>sed</strong></span> <span class='ocrx_word' id='word_1_263' title='bbox 1349 1899 1502 1972; x_wconf 84' lang='lat' dir='ltr'><strong>etiam</strong></span> <span class='ocrx_word' id='word_1_264' title='bbox 1527 1901 1705 1958; x_wconf 80' lang='lat' dir='ltr'><strong>divites</strong></span> <span class='ocrx_word' id='word_1_265' title='bbox 1726 1902 1897 1958; x_wconf 85' lang='lat' dir='ltr'><strong>humi-</strong></span> 
     </span>
    </p>
   </div>
   <div class='ocr_carea' id='block_1_36' title="bbox 306 1988 1895 2066">
    <p class='ocr_par' dir='ltr' id='par_1_36' title="bbox 306 1988 1895 2066">
     <span class='ocr_line' id='line_1_36' title="bbox 306 1988 1895 2066; baseline 0.004 -23"><span class='ocrx_word' id='word_1_266' title='bbox 306 1988 455 2044; x_wconf 80' lang='lat' dir='ltr'><strong>litate</strong></span> <span class='ocrx_word' id='word_1_267' title='bbox 482 1988 774 2044; x_wconf 79' lang='lat' dir='ltr'><strong>Cftristiana</strong></span> <span class='ocrx_word' id='word_1_268' title='bbox 811 1990 984 2044; x_wconf 87' lang='lat' dir='ltr'><strong>ornari</strong></span> <span class='ocrx_word' id='word_1_269' title='bbox 1011 2005 1176 2058; x_wconf 84' lang='lat' dir='ltr'><strong>posse.</strong></span> <span class='ocrx_word' id='word_1_270' title='bbox 1204 2019 1273 2030; x_wconf 96' lang='lat'>—</span> <span class='ocrx_word' id='word_1_271' title='bbox 1301 1989 1406 2047; x_wconf 86' lang='lat' dir='ltr'><strong>Sed</strong></span> <span class='ocrx_word' id='word_1_272' title='bbox 1437 1991 1553 2048; x_wconf 72' lang='lat' dir='ltr'><strong>haec</strong></span> <span class='ocrx_word' id='word_1_273' title='bbox 1582 1994 1749 2050; x_wconf 82' lang='lat' dir='ltr'><strong>virtus</strong></span> <span class='ocrx_word' id='word_1_274' title='bbox 1774 2010 1895 2066; x_wconf 73' lang='lat' dir='ltr'><strong>qua:</strong></span> 
     </span>
    </p>
   </div>
   <div class='ocr_carea' id='block_1_37' title="bbox 305 2081 1894 2156">
    <p class='ocr_par' dir='ltr' id='par_1_37' title="bbox 305 2081 1894 2156">
     <span class='ocr_line' id='line_1_37' title="bbox 305 2081 1894 2156; baseline 0.003 -20"><span class='ocrx_word' id='word_1_275' title='bbox 305 2081 622 2152; x_wconf 84' lang='lat' dir='ltr'><strong>temporalis</strong></span> <span class='ocrx_word' id='word_1_276' title='bbox 644 2081 815 2152; x_wconf 79' lang='lat' dir='ltr'><strong>c0pia:</strong></span> <span class='ocrx_word' id='word_1_277' title='bbox 862 2090 918 2142; x_wconf 86' lang='lat' dir='ltr'><strong>et</strong></span> <span class='ocrx_word' id='word_1_278' title='bbox 948 2091 971 2119; x_wconf 71' lang='grc' dir='ltr'>α</span> <span class='ocrx_word' id='word_1_279' title='bbox 998 2082 1250 2152; x_wconf 71' lang='lat' dir='ltr'><strong>potentia:</strong></span> <span class='ocrx_word' id='word_1_280' title='bbox 1294 2085 1570 2156; x_wconf 72' lang='lat' dir='ltr'><strong>negligens</strong></span> <span class='ocrx_word' id='word_1_281' title='bbox 1601 2087 1682 2144; x_wconf 79' lang='lat' dir='ltr'><strong>ad</strong></span> <span class='ocrx_word' id='word_1_282' title='bbox 1730 2087 1894 2142; x_wconf 86' lang='lat' dir='ltr'><strong>vitam</strong></span> 
     </span>
    </p>
   </div>
   <div class='ocr_carea' id='block_1_38' title="bbox 304 2170 1898 2248">
    <p class='ocr_par' dir='ltr' id='par_1_38' title="bbox 304 2170 1898 2248">
     <span class='ocr_line' id='line_1_38' title="bbox 304 2170 1898 2248; baseline 0.005 -20"><span class='ocrx_word' id='word_1_283' title='bbox 304 2184 568 2241; x_wconf 65' lang='lat' dir='ltr'><strong>aeternam</strong></span> <span class='ocrx_word' id='word_1_284' title='bbox 599 2170 625 2210; x_wconf 74' lang='grc' dir='ltr'>ά</span> <span class='ocrx_word' id='word_1_285' title='bbox 657 2184 880 2245; x_wconf 74' lang='lat' dir='ltr'><strong>angusta</strong></span> <span class='ocrx_word' id='word_1_286' title='bbox 911 2175 994 2232; x_wconf 86' lang='lat' dir='ltr'><strong>via</strong></span> <span class='ocrx_word' id='word_1_287' title='bbox 1016 2185 1072 2236; x_wconf 87' lang='lat' dir='ltr'><strong>et</strong></span> <span class='ocrx_word' id='word_1_288' title='bbox 1101 2176 1266 2234; x_wconf 85' lang='lat' dir='ltr'><strong>ardua</strong></span> <span class='ocrx_word' id='word_1_289' title='bbox 1303 2179 1559 2248; x_wconf 78' lang='lat' dir='ltr'><strong>enititur,</strong></span> <span class='ocrx_word' id='word_1_290' title='bbox 1599 2194 1708 2236; x_wconf 92' lang='lat' dir='ltr'><strong>non</strong></span> <span class='ocrx_word' id='word_1_291' title='bbox 1737 2179 1898 2242; x_wconf 77' lang='lat' dir='ltr'><strong>debet</strong></span> 
     </span>
    </p>
   </div>
   <div class='ocr_carea' id='block_1_39' title="bbox 299 2267 1895 2338">
    <p class='ocr_par' dir='ltr' id='par_1_39' title="bbox 299 2267 1895 2338">
     <span class='ocr_line' id='line_1_39' title="bbox 299 2267 1895 2338; baseline 0.005 -18"><span class='ocrx_word' id='word_1_292' title='bbox 299 2267 639 2322; x_wconf 81' lang='lat' dir='ltr'><strong>voluntarios</strong></span> <span class='ocrx_word' id='word_1_293' title='bbox 663 2281 924 2338; x_wconf 83' lang='lat' dir='ltr'><strong>pauperes</strong></span> <span class='ocrx_word' id='word_1_294' title='bbox 955 2267 1007 2324; x_wconf 92' lang='lat' dir='ltr'><strong>in</strong></span> <span class='ocrx_word' id='word_1_295' title='bbox 1023 2269 1351 2332; x_wconf 82' lang='lat' dir='ltr'><strong>consortium</strong></span> <span class='ocrx_word' id='word_1_296' title='bbox 1376 2271 1696 2330; x_wconf 65' lang='lat' dir='ltr'><strong>Christianas</strong></span> <span class='ocrx_word' id='word_1_297' title='bbox 1722 2272 1895 2336; x_wconf 85' lang='lat' dir='ltr'><strong>humi-</strong></span> 
     </span>
    </p>
   </div>
   <div class='ocr_carea' id='block_1_40' title="bbox 297 2361 1896 2439">
    <p class='ocr_par' dir='ltr' id='par_1_40' title="bbox 297 2361 1896 2439">
     <span class='ocr_line' id='line_1_40' title="bbox 297 2361 1896 2439; baseline 0.006 -24"><span class='ocrx_word' id='word_1_298' title='bbox 297 2361 472 2418; x_wconf 82' lang='lat' dir='ltr'><strong>litatis</strong></span> <span class='ocrx_word' id='word_1_299' title='bbox 504 2361 822 2428; x_wconf 85' lang='lat' dir='ltr'><strong>admittere;</strong></span> <span class='ocrx_word' id='word_1_300' title='bbox 873 2376 966 2424; x_wconf 85' lang='lat' dir='ltr'><strong>eos</strong></span> <span class='ocrx_word' id='word_1_301' title='bbox 994 2370 1174 2426; x_wconf 82' lang='lat' dir='ltr'><strong>autem</strong></span> <span class='ocrx_word' id='word_1_302' title='bbox 1211 2379 1242 2426; x_wconf 86' lang='lat' dir='ltr'><strong>a</strong></span> <span class='ocrx_word' id='word_1_303' title='bbox 1270 2367 1529 2426; x_wconf 84' lang='lat' dir='ltr'><strong>societate</strong></span> <span class='ocrx_word' id='word_1_304' title='bbox 1551 2366 1680 2423; x_wconf 89' lang='lat' dir='ltr'><strong>boni</strong></span> <span class='ocrx_word' id='word_1_305' title='bbox 1735 2368 1896 2439; x_wconf 76' lang='lat' dir='ltr'><strong>huius</strong></span> 
     </span>
    </p>
   </div>
   <div class='ocr_carea' id='block_1_41' title="bbox 298 2455 1888 2532">
    <p class='ocr_par' dir='ltr' id='par_1_41' title="bbox 298 2455 1888 2532">
     <span class='ocr_line' id='line_1_41' title="bbox 298 2455 1888 2532; baseline 0.004 -21"><span class='ocrx_word' id='word_1_306' title='bbox 298 2455 622 2522; x_wconf 80' lang='lat' dir='ltr'><strong>excludere,</strong></span> <span class='ocrx_word' id='word_1_307' title='bbox 647 2456 736 2527; x_wconf 88' lang='lat' dir='ltr'><strong>qui</strong></span> <span class='ocrx_word' id='word_1_308' title='bbox 775 2455 950 2528; x_wconf 85' lang='lat' dir='ltr'><strong>ampla</strong></span> <span class='ocrx_word' id='word_1_309' title='bbox 975 2457 1198 2526; x_wconf 60' lang='lat' dir='ltr'><strong>praedia,</strong></span> <span class='ocrx_word' id='word_1_310' title='bbox 1234 2460 1514 2532; x_wconf 69' lang='lat' dir='ltr'><strong>ntaguilica</strong></span> <span class='ocrx_word' id='word_1_311' title='bbox 1546 2461 1888 2532; x_wconf 82' lang='lat' dir='ltr'><strong>patrimonia,</strong></span> 
     </span>
    </p>
   </div>
   <div class='ocr_carea' id='block_1_42' title="bbox 300 2550 1892 2624">
    <p class='ocr_par' dir='ltr' id='par_1_42' title="bbox 300 2550 1892 2624">
     <span class='ocr_line' id='line_1_42' title="bbox 300 2550 1892 2624; baseline 0.004 -18"><span class='ocrx_word' id='word_1_312' title='bbox 300 2560 359 2606; x_wconf 82' lang='lat' dir='ltr'><strong>et</strong></span> <span class='ocrx_word' id='word_1_313' title='bbox 385 2550 587 2608; x_wconf 88' lang='lat' dir='ltr'><strong>multas</strong></span> <span class='ocrx_word' id='word_1_314' title='bbox 617 2551 670 2608; x_wconf 89' lang='lat' dir='ltr'><strong>in</strong></span> <span class='ocrx_word' id='word_1_315' title='bbox 701 2551 805 2608; x_wconf 89' lang='lat' dir='ltr'><strong>hoc</strong></span> <span class='ocrx_word' id='word_1_316' title='bbox 831 2553 1028 2613; x_wconf 63' lang='lat' dir='ltr'><strong>saeculo</strong></span> <span class='ocrx_word' id='word_1_317' title='bbox 1052 2551 1328 2624; x_wconf 71' lang='lat' dir='ltr'><strong>possident</strong></span> <span class='ocrx_word' id='word_1_318' title='bbox 1347 2553 1662 2614; x_wconf 78' lang='lat' dir='ltr'><strong>facultates:</strong></span> <span class='ocrx_word' id='word_1_319' title='bbox 1692 2569 1816 2616; x_wconf 84' lang='lat' dir='ltr'><strong>cum</strong></span> <span class='ocrx_word' id='word_1_320' title='bbox 1838 2556 1892 2612; x_wconf 93' lang='lat' dir='ltr'><strong>in</strong></span> 
     </span>
    </p>
   </div>
   <div class='ocr_carea' id='block_1_43' title="bbox 303 2645 1893 2720">
    <p class='ocr_par' dir='ltr' id='par_1_43' title="bbox 303 2645 1893 2720">
     <span class='ocr_line' id='line_1_43' title="bbox 303 2645 1893 2720; baseline 0.003 -18"><span class='ocrx_word' id='word_1_321' title='bbox 303 2645 508 2716; x_wconf 85' lang='lat' dir='ltr'><strong>populo</strong></span> <span class='ocrx_word' id='word_1_322' title='bbox 536 2645 631 2708; x_wconf 85' lang='lat' dir='ltr'><strong>Dei</strong></span> <span class='ocrx_word' id='word_1_323' title='bbox 658 2648 808 2711; x_wconf 83' lang='lat' dir='ltr'><strong>multi</strong></span> <span class='ocrx_word' id='word_1_324' title='bbox 837 2662 1055 2720; x_wconf 80' lang='lat' dir='ltr'><strong>semper</strong></span> <span class='ocrx_word' id='word_1_325' title='bbox 1084 2648 1177 2720; x_wconf 88' lang='lat' dir='ltr'><strong>qui</strong></span> <span class='ocrx_word' id='word_1_326' title='bbox 1217 2648 1415 2710; x_wconf 82' lang='lat' dir='ltr'><strong>divitiis</strong></span> <span class='ocrx_word' id='word_1_327' title='bbox 1443 2649 1581 2708; x_wconf 85' lang='lat' dir='ltr'><strong>bene</strong></span> <span class='ocrx_word' id='word_1_328' title='bbox 1610 2661 1893 2708; x_wconf 84' lang='lat' dir='ltr'><strong>uterentur</strong></span> 
     </span>
    </p>
   </div>
   <div class='ocr_carea' id='block_1_44' title="bbox 299 2736 1890 2814">
    <p class='ocr_par' dir='ltr' id='par_1_44' title="bbox 299 2736 1890 2814">
     <span class='ocr_line' id='line_1_44' title="bbox 299 2736 1890 2814; baseline 0.006 -22"><span class='ocrx_word' id='word_1_329' title='bbox 299 2736 636 2808; x_wconf 79' lang='lat' dir='ltr'><strong>exstiterint,</strong></span> <span class='ocrx_word' id='word_1_330' title='bbox 669 2753 769 2802; x_wconf 80' lang='lat' dir='ltr'><strong>nec</strong></span> <span class='ocrx_word' id='word_1_331' title='bbox 795 2738 904 2799; x_wconf 88' lang='lat' dir='ltr'><strong>ullo</strong></span> <span class='ocrx_word' id='word_1_332' title='bbox 931 2739 1092 2804; x_wconf 88' lang='lat' dir='ltr'><strong>modo</strong></span> <span class='ocrx_word' id='word_1_333' title='bbox 1108 2741 1189 2800; x_wconf 80' lang='lat' dir='ltr'><strong>vel</strong></span> <span class='ocrx_word' id='word_1_334' title='bbox 1221 2741 1328 2798; x_wconf 85' lang='lat' dir='ltr'><strong>dici</strong></span> <span class='ocrx_word' id='word_1_335' title='bbox 1357 2742 1439 2798; x_wconf 79' lang='lat' dir='ltr'><strong>vel</strong></span> <span class='ocrx_word' id='word_1_336' title='bbox 1469 2745 1690 2814; x_wconf 74' lang='lat' dir='ltr'><strong>cogitari</strong></span> <span class='ocrx_word' id='word_1_337' title='bbox 1731 2745 1890 2806; x_wconf 88' lang='lat' dir='ltr'><strong>liceat</strong></span> 
     </span>
    </p>
   </div>
   <div class='ocr_carea' id='block_1_45' title="bbox 301 2829 1892 2904">
    <p class='ocr_par' dir='ltr' id='par_1_45' title="bbox 301 2829 1892 2904">
     <span class='ocr_line' id='line_1_45' title="bbox 301 2829 1892 2904; baseline 0.005 -20"><span class='ocrx_word' id='word_1_338' title='bbox 301 2829 447 2899; x_wconf 85' lang='lat' dir='ltr'><strong>quod</strong></span> <span class='ocrx_word' id='word_1_339' title='bbox 480 2829 772 2900; x_wconf 80' lang='lat' dir='ltr'><strong>Abraham,</strong></span> <span class='ocrx_word' id='word_1_340' title='bbox 797 2831 1036 2899; x_wconf 77' lang='lat' dir='ltr'><strong>etlsaac,</strong></span> <span class='ocrx_word' id='word_1_341' title='bbox 1086 2841 1141 2890; x_wconf 84' lang='lat' dir='ltr'><strong>et</strong></span> <span class='ocrx_word' id='word_1_342' title='bbox 1182 2833 1368 2899; x_wconf 64' lang='lat' dir='ltr'><strong>Iacob,</strong></span> <span class='ocrx_word' id='word_1_343' title='bbox 1413 2850 1642 2904; x_wconf 86' lang='lat' dir='ltr'><strong>quorum</strong></span> <span class='ocrx_word' id='word_1_344' title='bbox 1671 2851 1732 2891; x_wconf 87' lang='lat' dir='ltr'><strong>se</strong></span> <span class='ocrx_word' id='word_1_345' title='bbox 1772 2851 1892 2893; x_wconf 89' lang='lat' dir='ltr'><strong>esse</strong></span> 
     </span>
    </p>
   </div>
   <div class='ocr_carea' id='block_1_46' title="bbox 309 2922 1888 2998">
    <p class='ocr_par' dir='ltr' id='par_1_46' title="bbox 309 2922 1888 2998">
     <span class='ocr_line' id='line_1_46' title="bbox 309 2922 1888 2998; baseline 0.002 -18"><span class='ocrx_word' id='word_1_346' title='bbox 309 2923 476 2990; x_wconf 81' lang='lat' dir='ltr'><strong>Deum</strong></span> <span class='ocrx_word' id='word_1_347' title='bbox 531 2922 786 2982; x_wconf 78' lang='lat' dir='ltr'><strong>Dominus</strong></span> <span class='ocrx_word' id='word_1_348' title='bbox 816 2933 1143 2994; x_wconf 81' lang='lat' dir='ltr'><strong>protestatus</strong></span> <span class='ocrx_word' id='word_1_349' title='bbox 1168 2934 1253 2983; x_wconf 91' lang='lat' dir='ltr'><strong>est</strong></span> <span class='ocrx_word' id='word_1_350' title='bbox 1279 2925 1477 2996; x_wconf 77' lang='lat' dir='ltr'><strong>(Exod.</strong></span> <span class='ocrx_word' id='word_1_351' title='bbox 1517 2942 1600 2995; x_wconf 84' lang='grc' dir='ltr'><em>ιιι,</em></span> <span class='ocrx_word' id='word_1_352' title='bbox 1644 2926 1725 2998; x_wconf 83' lang='grc'><strong>6),</strong></span> <span class='ocrx_word' id='word_1_353' title='bbox 1767 2927 1888 2984; x_wconf 88' lang='lat' dir='ltr'><strong>ideo</strong></span> 
     </span>
    </p>
   </div>
   <div class='ocr_carea' id='block_1_47' title="bbox 312 3014 1887 3087">
    <p class='ocr_par' dir='ltr' id='par_1_47' title="bbox 312 3014 1887 3087">
     <span class='ocr_line' id='line_1_47' title="bbox 312 3014 1887 3087; baseline 0.003 -19"><span class='ocrx_word' id='word_1_354' title='bbox 312 3030 435 3070; x_wconf 87' lang='lat' dir='ltr'><strong>vera</strong></span> <span class='ocrx_word' id='word_1_355' title='bbox 484 3014 793 3080; x_wconf 78' lang='lat' dir='ltr'><strong>humilitate</strong></span> <span class='ocrx_word' id='word_1_356' title='bbox 841 3017 1134 3084; x_wconf 84' lang='lat' dir='ltr'><strong>caruerint,</strong></span> <span class='ocrx_word' id='word_1_357' title='bbox 1183 3017 1311 3086; x_wconf 86' lang='lat' dir='ltr'><strong>quia</strong></span> <span class='ocrx_word' id='word_1_358' title='bbox 1340 3031 1602 3087; x_wconf 86' lang='lat' dir='ltr'><strong>pauperes</strong></span> <span class='ocrx_word' id='word_1_359' title='bbox 1630 3032 1738 3074; x_wconf 86' lang='lat' dir='ltr'><strong>non</strong></span> <span class='ocrx_word' id='word_1_360' title='bbox 1772 3017 1887 3073; x_wconf 84' lang='lat' dir='ltr'><strong>fue-</strong></span> 
     </span>
    </p>
   </div>
   <div class='ocr_carea' id='block_1_48' title="bbox 2001 1814 3588 1890">
    <p class='ocr_par' dir='ltr' id='par_1_48' title="bbox 2001 1814 3588 1890">
     <span class='ocr_line' id='line_1_48' title="bbox 2001 1814 3588 1890; baseline 0.001 -20"><span class='ocrx_word' id='word_1_361' title='bbox 2001 1814 2142 1870; x_wconf 89' lang='lat' dir='ltr'><strong>enim</strong></span> <span class='ocrx_word' id='word_1_362' title='bbox 2176 1823 2282 1870; x_wconf 78' lang='lat' dir='ltr'><strong>tota</strong></span> <span class='ocrx_word' id='word_1_363' title='bbox 2316 1815 2417 1868; x_wconf 78' lang='lat' dir='ltr'><strong>vita</strong></span> <span class='ocrx_word' id='word_1_364' title='bbox 2445 1815 2664 1870; x_wconf 80' lang='lat' dir='ltr'><strong>hominis</strong></span> <span class='ocrx_word' id='word_1_365' title='bbox 2693 1815 2902 1870; x_wconf 82' lang='lat' dir='ltr'><strong>tentatio</strong></span> <span class='ocrx_word' id='word_1_366' title='bbox 2931 1817 2995 1867; x_wconf 85' lang='lat' dir='ltr'><strong>sit</strong></span> <span class='ocrx_word' id='word_1_367' title='bbox 3047 1833 3197 1884; x_wconf 83' lang='lat' dir='ltr'><strong>super</strong></span> <span class='ocrx_word' id='word_1_368' title='bbox 3234 1827 3420 1870; x_wconf 84' lang='lat' dir='ltr'><strong>terram</strong></span> <span class='ocrx_word' id='word_1_369' title='bbox 3469 1815 3588 1890; x_wconf 73' lang='lat' dir='ltr'><strong>(Job</strong></span> 
     </span>
    </p>
   </div>
   <div class='ocr_carea' id='block_1_49' title="bbox 2002 1905 3581 1982">
    <p class='ocr_par' dir='ltr' id='par_1_49' title="bbox 2002 1905 3581 1982">
     <span class='ocr_line' id='line_1_49' title="bbox 2002 1905 3581 1982; baseline 0.003 -21"><span class='ocrx_word' id='word_1_370' title='bbox 2002 1920 2095 1972; x_wconf 89' lang='lat' dir='ltr'><strong>vtt,</strong></span> <span class='ocrx_word' id='word_1_371' title='bbox 2129 1908 2178 1975; x_wconf 81' lang='lat' dir='ltr'><strong>l,</strong></span> <span class='ocrx_word' id='word_1_372' title='bbox 2205 1910 2360 1978; x_wconf 80' lang='lat' dir='ltr'><strong>juxta</strong></span> <span class='ocrx_word' id='word_1_373' title='bbox 2389 1905 2586 1978; x_wconf 76' lang='lat' dir='ltr'><strong>LXX),</strong></span> <span class='ocrx_word' id='word_1_374' title='bbox 2613 1916 2665 1964; x_wconf 88' lang='lat' dir='ltr'><strong>et</strong></span> <span class='ocrx_word' id='word_1_375' title='bbox 2696 1918 2798 1962; x_wconf 86' lang='lat' dir='ltr'><strong>tam</strong></span> <span class='ocrx_word' id='word_1_376' title='bbox 2833 1908 3156 1974; x_wconf 79' lang='lat' dir='ltr'><strong>abundantia</strong></span> <span class='ocrx_word' id='word_1_377' title='bbox 3189 1928 3343 1980; x_wconf 83' lang='lat' dir='ltr'><strong>quam</strong></span> <span class='ocrx_word' id='word_1_378' title='bbox 3382 1912 3581 1982; x_wconf 87' lang='lat' dir='ltr'><strong>in0pia,</strong></span> 
     </span>
    </p>
   </div>
   <div class='ocr_carea' id='block_1_50' title="bbox 2001 1998 3580 2070">
    <p class='ocr_par' dir='ltr' id='par_1_50' title="bbox 2001 1998 3580 2070">
     <span class='ocr_line' id='line_1_50' title="bbox 2001 1998 3580 2070; baseline 0.003 -17"><span class='ocrx_word' id='word_1_379' title='bbox 2001 1999 2228 2054; x_wconf 83' lang='lat' dir='ltr'><strong>materia</strong></span> <span class='ocrx_word' id='word_1_380' title='bbox 2251 1998 2422 2056; x_wconf 87' lang='lat' dir='ltr'><strong>soleat</strong></span> <span class='ocrx_word' id='word_1_381' title='bbox 2444 2014 2565 2056; x_wconf 69' lang='lat' dir='ltr'><strong>esse</strong></span> <span class='ocrx_word' id='word_1_382' title='bbox 2593 1999 2816 2070; x_wconf 75' lang='lat' dir='ltr'><strong>pet‘cali,</strong></span> <span class='ocrx_word' id='word_1_383' title='bbox 2846 2016 2966 2062; x_wconf 86' lang='lat' dir='ltr'><strong>cum</strong></span> <span class='ocrx_word' id='word_1_384' title='bbox 3002 2001 3083 2055; x_wconf 85' lang='lat' dir='ltr'><strong>vel</strong></span> <span class='ocrx_word' id='word_1_385' title='bbox 3131 2001 3279 2062; x_wconf 84' lang='lat' dir='ltr'><strong>dives</strong></span> <span class='ocrx_word' id='word_1_386' title='bbox 3306 2003 3580 2058; x_wconf 76' lang='lat' dir='ltr'><strong>extollitur</strong></span> 
     </span>
    </p>
   </div>
   <div class='ocr_carea' id='block_1_51' title="bbox 2000 2089 3581 2166">
    <p class='ocr_par' dir='ltr' id='par_1_51' title="bbox 2000 2089 3581 2166">
     <span class='ocr_line' id='line_1_51' title="bbox 2000 2089 3581 2166; baseline 0.003 -22"><span class='ocrx_word' id='word_1_387' title='bbox 2000 2089 2068 2144; x_wconf 86' lang='lat' dir='ltr'><strong>ad</strong></span> <span class='ocrx_word' id='word_1_388' title='bbox 2127 2089 2480 2158; x_wconf 83' lang='lat' dir='ltr'><strong>superbiam,</strong></span> <span class='ocrx_word' id='word_1_389' title='bbox 2525 2089 2606 2146; x_wconf 90' lang='lat' dir='ltr'><strong>vel</strong></span> <span class='ocrx_word' id='word_1_390' title='bbox 2665 2106 2865 2162; x_wconf 82' lang='lat' dir='ltr'><strong>pauper</strong></span> <span class='ocrx_word' id='word_1_391' title='bbox 2920 2093 3128 2164; x_wconf 79' lang='lat' dir='ltr'><strong>prosilit</strong></span> <span class='ocrx_word' id='word_1_392' title='bbox 3177 2094 3241 2147; x_wconf 86' lang='lat' dir='ltr'><strong>ad</strong></span> <span class='ocrx_word' id='word_1_393' title='bbox 3285 2095 3581 2166; x_wconf 85' lang='lat' dir='ltr'><strong>querelam,</strong></span> 
     </span>
    </p>
   </div>
   <div class='ocr_carea' id='block_1_52' title="bbox 1999 2183 3584 2258">
    <p class='ocr_par' dir='ltr' id='par_1_52' title="bbox 1999 2183 3584 2258">
     <span class='ocr_line' id='line_1_52' title="bbox 1999 2183 3584 2258; baseline 0 -18"><span class='ocrx_word' id='word_1_394' title='bbox 1999 2183 2319 2240; x_wconf 71' lang='lat' dir='ltr'><strong>entiterunt</strong></span> <span class='ocrx_word' id='word_1_395' title='bbox 2371 2192 2544 2240; x_wconf 86' lang='lat' dir='ltr'><strong>tamen</strong></span> <span class='ocrx_word' id='word_1_396' title='bbox 2587 2183 2639 2238; x_wconf 89' lang='lat' dir='ltr'><strong>itt</strong></span> <span class='ocrx_word' id='word_1_397' title='bbox 2687 2186 2830 2242; x_wconf 85' lang='lat' dir='ltr'><strong>omni</strong></span> <span class='ocrx_word' id='word_1_398' title='bbox 2881 2197 3142 2258; x_wconf 83' lang='lat' dir='ltr'><strong>tempore,</strong></span> <span class='ocrx_word' id='word_1_399' title='bbox 3203 2196 3258 2254; x_wconf 77' lang='lat' dir='ltr'><strong>et</strong></span> <span class='ocrx_word' id='word_1_400' title='bbox 3309 2186 3361 2254; x_wconf 85' lang='lat' dir='ltr'><strong>in</strong></span> <span class='ocrx_word' id='word_1_401' title='bbox 3406 2202 3584 2246; x_wconf 71' lang='lat' dir='ltr'><strong>nosua</strong></span> 
     </span>
    </p>
   </div>
   <div class='ocr_carea' id='block_1_53' title="bbox 1999 2279 3572 2356">
    <p class='ocr_par' dir='ltr' id='par_1_53' title="bbox 1999 2279 3572 2356">
     <span class='ocr_line' id='line_1_53' title="bbox 1999 2279 3572 2356; baseline 0.003 -24"><span class='ocrx_word' id='word_1_402' title='bbox 1999 2291 2211 2348; x_wconf 88' lang='lat' dir='ltr'><strong>quoque</strong></span> <span class='ocrx_word' id='word_1_403' title='bbox 2243 2286 2396 2334; x_wconf 61' lang='lat' dir='ltr'><strong>atate</strong></span> <span class='ocrx_word' id='word_1_404' title='bbox 2427 2295 2529 2334; x_wconf 92' lang='lat' dir='ltr'><strong>non</strong></span> <span class='ocrx_word' id='word_1_405' title='bbox 2569 2279 2784 2344; x_wconf 88' lang='lat' dir='ltr'><strong>desunt,</strong></span> <span class='ocrx_word' id='word_1_406' title='bbox 2840 2281 2981 2340; x_wconf 85' lang='lat' dir='ltr'><strong>sicut</strong></span> <span class='ocrx_word' id='word_1_407' title='bbox 3031 2291 3084 2346; x_wconf 85' lang='lat' dir='ltr'><strong>ct</strong></span> <span class='ocrx_word' id='word_1_408' title='bbox 3136 2283 3258 2338; x_wconf 88' lang='lat' dir='ltr'><strong>boni</strong></span> <span class='ocrx_word' id='word_1_409' title='bbox 3291 2298 3572 2356; x_wconf 83' lang='lat' dir='ltr'><strong>pauperes,</strong></span> 
     </span>
    </p>
   </div>
   <div class='ocr_carea' id='block_1_54' title="bbox 2000 2367 3579 2444">
    <p class='ocr_par' dir='ltr' id='par_1_54' title="bbox 2000 2367 3579 2444">
     <span class='ocr_line' id='line_1_54' title="bbox 2000 2367 3579 2444; baseline 0.003 -22"><span class='ocrx_word' id='word_1_410' title='bbox 2000 2367 2070 2424; x_wconf 86' lang='lat' dir='ltr'><strong>ita</strong></span> <span class='ocrx_word' id='word_1_411' title='bbox 2117 2376 2170 2430; x_wconf 84' lang='lat' dir='ltr'><strong>et</strong></span> <span class='ocrx_word' id='word_1_412' title='bbox 2217 2367 2342 2426; x_wconf 86' lang='lat' dir='ltr'><strong>boni</strong></span> <span class='ocrx_word' id='word_1_413' title='bbox 2407 2368 2623 2426; x_wconf 78' lang='lat' dir='ltr'><strong>divites.</strong></span> <span class='ocrx_word' id='word_1_414' title='bbox 2686 2369 2796 2428; x_wconf 86' lang='lat' dir='ltr'><strong>Nec</strong></span> <span class='ocrx_word' id='word_1_415' title='bbox 2861 2371 3054 2434; x_wconf 81' lang='lat' dir='ltr'><strong>lrustra</strong></span> <span class='ocrx_word' id='word_1_416' title='bbox 3115 2372 3303 2434; x_wconf 83' lang='lat' dir='ltr'><strong>beatus</strong></span> <span class='ocrx_word' id='word_1_417' title='bbox 3360 2384 3579 2444; x_wconf 79' lang='lat' dir='ltr'><strong>aposto-</strong></span> 
     </span>
    </p>
   </div>
   <div class='ocr_carea' id='block_1_55' title="bbox 1996 2460 3580 2529">
    <p class='ocr_par' dir='ltr' id='par_1_55' title="bbox 1996 2460 3580 2529">
     <span class='ocr_line' id='line_1_55' title="bbox 1996 2460 3580 2529; baseline -0.003 -7"><span class='ocrx_word' id='word_1_418' title='bbox 1996 2461 2079 2522; x_wconf 73' lang='lat' dir='ltr'><strong>lus</strong></span> <span class='ocrx_word' id='word_1_419' title='bbox 2129 2460 2328 2518; x_wconf 86' lang='lat' dir='ltr'><strong>Paulus</strong></span> <span class='ocrx_word' id='word_1_420' title='bbox 2376 2461 2717 2520; x_wconf 83' lang='lat' dir='ltr'><strong>Timotheum</strong></span> <span class='ocrx_word' id='word_1_421' title='bbox 2787 2463 3084 2529; x_wconf 83' lang='lat' dir='ltr'><strong>admonet,</strong></span> <span class='ocrx_word' id='word_1_422' title='bbox 3149 2462 3378 2522; x_wconf 84' lang='lat' dir='ltr'><strong>dicens:</strong></span> <span class='ocrx_word' id='word_1_423' title='bbox 3442 2465 3580 2517; x_wconf 79' lang='lat' dir='ltr'><strong>Divi-</strong></span> 
     </span>
    </p>
   </div>
   <div class='ocr_carea' id='block_1_56' title="bbox 1996 2553 3587 2630">
    <p class='ocr_par' dir='ltr' id='par_1_56' title="bbox 1996 2553 3587 2630">
     <span class='ocr_line' id='line_1_56' title="bbox 1996 2553 3587 2630; baseline 0.002 -24"><span class='ocrx_word' id='word_1_424' title='bbox 1996 2553 2127 2608; x_wconf 79' lang='lat' dir='ltr'><strong>tibus</strong></span> <span class='ocrx_word' id='word_1_425' title='bbox 2167 2553 2322 2627; x_wconf 80' lang='lat' dir='ltr'><strong>hujus</strong></span> <span class='ocrx_word' id='word_1_426' title='bbox 2380 2554 2555 2612; x_wconf 74' lang='lat' dir='ltr'><strong>swculi</strong></span> <span class='ocrx_word' id='word_1_427' title='bbox 2600 2556 2818 2627; x_wconf 70' lang='lat' dir='ltr'><strong>principe</strong></span> <span class='ocrx_word' id='word_1_428' title='bbox 2859 2572 2958 2612; x_wconf 87' lang='lat' dir='ltr'><strong>non</strong></span> <span class='ocrx_word' id='word_1_429' title='bbox 2998 2556 3209 2628; x_wconf 79' lang='lat' dir='ltr'><strong>superbe</strong></span> <span class='ocrx_word' id='word_1_430' title='bbox 3253 2573 3450 2630; x_wconf 82' lang='lat' dir='ltr'><strong>sapere,</strong></span> <span class='ocrx_word' id='word_1_431' title='bbox 3499 2574 3587 2611; x_wconf 85' lang='lat' dir='ltr'><strong>nec</strong></span> 
     </span>
    </p>
   </div>
   <div class='ocr_carea' id='block_1_57' title="bbox 1995 2646 3585 2720">
    <p class='ocr_par' dir='ltr' id='par_1_57' title="bbox 1995 2646 3585 2720">
     <span class='ocr_line' id='line_1_57' title="bbox 1995 2646 3585 2720; baseline 0.001 -20"><span class='ocrx_word' id='word_1_432' title='bbox 1995 2663 2198 2720; x_wconf 79' lang='lat' dir='ltr'><strong>sperare</strong></span> <span class='ocrx_word' id='word_1_433' title='bbox 2225 2649 2277 2702; x_wconf 85' lang='lat' dir='ltr'><strong>in</strong></span> <span class='ocrx_word' id='word_1_434' title='bbox 2298 2649 2491 2704; x_wconf 84' lang='lat' dir='ltr'><strong>incerto</strong></span> <span class='ocrx_word' id='word_1_435' title='bbox 2515 2649 2832 2716; x_wconf 81' lang='lat' dir='ltr'><strong>divitiarum,</strong></span> <span class='ocrx_word' id='word_1_436' title='bbox 2857 2648 2944 2710; x_wconf 79' lang='lat' dir='ltr'><strong>sed</strong></span> <span class='ocrx_word' id='word_1_437' title='bbox 2998 2651 3049 2702; x_wconf 91' lang='lat' dir='ltr'><strong>in</strong></span> <span class='ocrx_word' id='word_1_438' title='bbox 3079 2646 3208 2716; x_wconf 78' lang='lat' dir='ltr'><strong>Deo,</strong></span> <span class='ocrx_word' id='word_1_439' title='bbox 3239 2651 3324 2717; x_wconf 85' lang='lat' dir='ltr'><strong>qui</strong></span> <span class='ocrx_word' id='word_1_440' title='bbox 3376 2660 3585 2719; x_wconf 63' lang='lat' dir='ltr'><strong>prastat</strong></span> 
     </span>
    </p>
   </div>
   <div class='ocr_carea' id='block_1_58' title="bbox 1994 2739 3584 2813">
    <p class='ocr_par' dir='ltr' id='par_1_58' title="bbox 1994 2739 3584 2813">
     <span class='ocr_line' id='line_1_58' title="bbox 1994 2739 3584 2813; baseline 0.002 -21"><span class='ocrx_word' id='word_1_441' title='bbox 1994 2739 2141 2796; x_wconf 83' lang='lat' dir='ltr'><strong>nobis</strong></span> <span class='ocrx_word' id='word_1_442' title='bbox 2169 2741 2340 2796; x_wconf 84' lang='lat' dir='ltr'><strong>omnia</strong></span> <span class='ocrx_word' id='word_1_443' title='bbox 2359 2740 2566 2800; x_wconf 80' lang='lat' dir='ltr'><strong>abunde</strong></span> <span class='ocrx_word' id='word_1_444' title='bbox 2591 2739 2659 2795; x_wconf 83' lang='lat' dir='ltr'><strong>ad</strong></span> <span class='ocrx_word' id='word_1_445' title='bbox 2698 2740 3016 2807; x_wconf 83' lang='lat' dir='ltr'><strong>fruendum;</strong></span> <span class='ocrx_word' id='word_1_446' title='bbox 3061 2741 3183 2794; x_wconf 88' lang='lat' dir='ltr'><strong>bene</strong></span> <span class='ocrx_word' id='word_1_447' title='bbox 3231 2756 3401 2813; x_wconf 72' lang='lat' dir='ltr'><strong>agere,</strong></span> <span class='ocrx_word' id='word_1_448' title='bbox 3459 2742 3584 2795; x_wconf 80' lang='lat' dir='ltr'><strong>diri-</strong></span> 
     </span>
    </p>
   </div>
   <div class='ocr_carea' id='block_1_59' title="bbox 1993 2829 3586 2900">
    <p class='ocr_par' dir='ltr' id='par_1_59' title="bbox 1993 2829 3586 2900">
     <span class='ocr_line' id='line_1_59' title="bbox 1993 2829 3586 2900; baseline 0.001 -18"><span class='ocrx_word' id='word_1_449' title='bbox 1993 2837 2067 2892; x_wconf 74' lang='lat' dir='ltr'><strong>tes</strong></span> <span class='ocrx_word' id='word_1_450' title='bbox 2104 2829 2216 2898; x_wconf 79' lang='lat' dir='ltr'><strong>ﬁeri</strong></span> <span class='ocrx_word' id='word_1_451' title='bbox 2270 2832 2323 2886; x_wconf 87' lang='lat' dir='ltr'><strong>in</strong></span> <span class='ocrx_word' id='word_1_452' title='bbox 2373 2833 2608 2900; x_wconf 76' lang='lat' dir='ltr'><strong>operibus</strong></span> <span class='ocrx_word' id='word_1_453' title='bbox 2659 2830 2824 2896; x_wconf 88' lang='lat' dir='ltr'><strong>bonis,</strong></span> <span class='ocrx_word' id='word_1_454' title='bbox 2893 2830 3047 2899; x_wconf 76' lang='lat' dir='ltr'><strong>facile</strong></span> <span class='ocrx_word' id='word_1_455' title='bbox 3091 2831 3330 2896; x_wconf 81' lang='lat' dir='ltr'><strong>tribuere,</strong></span> <span class='ocrx_word' id='word_1_456' title='bbox 3364 2848 3586 2884; x_wconf 82' lang='lat' dir='ltr'><strong>commu-</strong></span> 
     </span>
    </p>
   </div>
   <div class='ocr_carea' id='block_1_60' title="bbox 1994 2921 3588 2991">
    <p class='ocr_par' dir='ltr' id='par_1_60' title="bbox 1994 2921 3588 2991">
     <span class='ocr_line' id='line_1_60' title="bbox 1994 2921 3588 2991; baseline 0 -17"><span class='ocrx_word' id='word_1_457' title='bbox 1994 2922 2182 2987; x_wconf 85' lang='lat' dir='ltr'><strong>nicare,</strong></span> <span class='ocrx_word' id='word_1_458' title='bbox 2216 2923 2561 2978; x_wconf 72' lang='lat' dir='ltr'><strong>tltesaurisarc</strong></span> <span class='ocrx_word' id='word_1_459' title='bbox 2591 2921 2686 2976; x_wconf 84' lang='lat' dir='ltr'><strong>sibi</strong></span> <span class='ocrx_word' id='word_1_460' title='bbox 2705 2921 3097 2991; x_wconf 74' lang='lat' dir='ltr'><strong>fundamentum</strong></span> <span class='ocrx_word' id='word_1_461' title='bbox 3132 2921 3316 2974; x_wconf 87' lang='lat' dir='ltr'><strong>bonum</strong></span> <span class='ocrx_word' id='word_1_462' title='bbox 3345 2922 3396 2974; x_wconf 85' lang='lat' dir='ltr'><strong>in</strong></span> <span class='ocrx_word' id='word_1_463' title='bbox 3448 2923 3588 2990; x_wconf 79' lang='lat' dir='ltr'><strong>futu-</strong></span> 
     </span>
    </p>
   </div>
   <div class='ocr_carea' id='block_1_61' title="bbox 1991 3009 3584 3081">
    <p class='ocr_par' dir='ltr' id='par_1_61' title="bbox 1991 3009 3584 3081">
     <span class='ocr_line' id='line_1_61' title="bbox 1991 3009 3584 3081; baseline -0.001 -15"><span class='ocrx_word' id='word_1_464' title='bbox 1991 3027 2156 3066; x_wconf 88' lang='lat' dir='ltr'><strong>rum:</strong></span> <span class='ocrx_word' id='word_1_465' title='bbox 2209 3022 2262 3065; x_wconf 87' lang='lat' dir='ltr'><strong>ut</strong></span> <span class='ocrx_word' id='word_1_466' title='bbox 2293 3012 2680 3081; x_wconf 84' lang='lat' dir='ltr'><strong>apprchendant</strong></span> <span class='ocrx_word' id='word_1_467' title='bbox 2710 3027 2880 3066; x_wconf 84' lang='lat' dir='ltr'><strong>ueram</strong></span> <span class='ocrx_word' id='word_1_468' title='bbox 2919 3010 3070 3062; x_wconf 85' lang='lat' dir='ltr'><strong>vitam</strong></span> <span class='ocrx_word' id='word_1_469' title='bbox 3115 3009 3160 3078; x_wconf 87' lang='grc'><strong>(1</strong></span> <span class='ocrx_word' id='word_1_470' title='bbox 3207 3010 3338 3066; x_wconf 85' lang='lat' dir='ltr'><strong>Tim.</strong></span> <span class='ocrx_word' id='word_1_471' title='bbox 3391 3026 3460 3075; x_wconf 83' lang='lat' dir='ltr'><strong>vt,</strong></span> <span class='ocrx_word' id='word_1_472' title='bbox 3500 3013 3584 3077; x_wconf 84' lang='lat' dir='ltr'><strong>l7,</strong></span> 
     </span>
    </p>
   </div>
   <div class='ocr_carea' id='block_1_62' title="bbox 321 3097 3581 3182">
    <p class='ocr_par' dir='ltr' id='par_1_62' title="bbox 321 3097 3581 3182">
     <span class='ocr_line' id='line_1_62' title="bbox 321 3097 3581 3182; baseline -0.001 -16"><span class='ocrx_word' id='word_1_473' title='bbox 321 3119 457 3166; x_wconf 89' lang='lat' dir='ltr'><strong>runt.</strong></span> <span class='ocrx_word' id='word_1_474' title='bbox 481 3110 584 3176; x_wconf 69' lang='lat' dir='ltr'><strong>Aut</strong></span> <span class='ocrx_word' id='word_1_475' title='bbox 607 3110 754 3182; x_wconf 83' lang='lat' dir='ltr'><strong>quod</strong></span> <span class='ocrx_word' id='word_1_476' title='bbox 779 3109 858 3168; x_wconf 87' lang='lat' dir='ltr'><strong>vir</strong></span> <span class='ocrx_word' id='word_1_477' title='bbox 885 3111 1276 3168; x_wconf 85' lang='lat' dir='ltr'><strong>sacratissimus</strong></span> <span class='ocrx_word' id='word_1_478' title='bbox 1321 3109 1740 3177; x_wconf 80' lang='lat' dir='ltr'><strong>Melchisedech,</strong></span> <span class='ocrx_word' id='word_1_479' title='bbox 1789 3111 1893 3168; x_wconf 88' lang='lat' dir='ltr'><strong>Do-</strong></span> <span class='ocrx_word' id='word_1_480' title='bbox 1922 3097 1971 3168; x_wconf 84' lang='lat' dir='ltr'><strong>C</strong></span> <span class='ocrx_word' id='word_1_481' title='bbox 2003 3103 2112 3175; x_wconf 82' lang='grc'><strong>19).</strong></span> <span class='ocrx_word' id='word_1_482' title='bbox 2145 3103 2299 3171; x_wconf 88' lang='lat' dir='ltr'><strong>Quod</strong></span> <span class='ocrx_word' id='word_1_483' title='bbox 2330 3105 2516 3173; x_wconf 78' lang='lat' dir='ltr'><strong>utique</strong></span> <span class='ocrx_word' id='word_1_484' title='bbox 2543 3102 2657 3158; x_wconf 77' lang='lat' dir='ltr'><strong>ﬁeri</strong></span> <span class='ocrx_word' id='word_1_485' title='bbox 2691 3104 2741 3156; x_wconf 93' lang='lat' dir='ltr'><strong>in</strong></span> <span class='ocrx_word' id='word_1_486' title='bbox 2771 3104 3017 3156; x_wconf 85' lang='lat' dir='ltr'><strong>universa</strong></span> <span class='ocrx_word' id='word_1_487' title='bbox 3050 3103 3312 3168; x_wconf 80' lang='lat' dir='ltr'><strong>Ecclesia,</strong></span> <span class='ocrx_word' id='word_1_488' title='bbox 3347 3121 3464 3174; x_wconf 73' lang='lat' dir='ltr'><strong>quae</strong></span> <span class='ocrx_word' id='word_1_489' title='bbox 3487 3122 3581 3180; x_wconf 89' lang='lat' dir='ltr'><strong>per</strong></span> 
     </span>
    </p>
   </div>
   <div class='ocr_carea' id='block_1_63' title="bbox 325 3199 1890 3272">
    <p class='ocr_par' dir='ltr' id='par_1_63' title="bbox 325 3199 1890 3272">
     <span class='ocr_line' id='line_1_63' title="bbox 325 3199 1890 3272; baseline 0.001 -20"><span class='ocrx_word' id='word_1_490' title='bbox 325 3200 450 3254; x_wconf 83' lang='lat' dir='ltr'><strong>mini</strong></span> <span class='ocrx_word' id='word_1_491' title='bbox 471 3210 520 3254; x_wconf 76' lang='lat' dir='ltr'><strong>et</strong></span> <span class='ocrx_word' id='word_1_492' title='bbox 545 3199 848 3257; x_wconf 82' lang='lat' dir='ltr'><strong>Salvatoris</strong></span> <span class='ocrx_word' id='word_1_493' title='bbox 877 3200 1049 3258; x_wconf 83' lang='lat' dir='ltr'><strong>nostri</strong></span> <span class='ocrx_word' id='word_1_494' title='bbox 1089 3199 1384 3270; x_wconf 82' lang='lat' dir='ltr'><strong>praeferens</strong></span> <span class='ocrx_word' id='word_1_495' title='bbox 1427 3200 1650 3256; x_wconf 88' lang='lat' dir='ltr'><strong>formam</strong></span> <span class='ocrx_word' id='word_1_496' title='bbox 1703 3199 1890 3272; x_wconf 82' lang='lat' dir='ltr'><strong>(Hebr.</strong></span> 
     </span>
    </p>
   </div>
   <div class='ocr_carea' id='block_1_64' title="bbox 321 3285 1896 3364">
    <p class='ocr_par' dir='ltr' id='par_1_64' title="bbox 321 3285 1896 3364">
     <span class='ocr_line' id='line_1_64' title="bbox 321 3285 1896 3364; baseline -0.001 -16"><span class='ocrx_word' id='word_1_497' title='bbox 321 3307 412 3360; x_wconf 78' lang='lat' dir='ltr'><strong>vit,</strong></span> <span class='ocrx_word' id='word_1_498' title='bbox 445 3292 516 3362; x_wconf 73' lang='lat'><strong>3),</strong></span> <span class='ocrx_word' id='word_1_499' title='bbox 537 3307 645 3360; x_wconf 81' lang='lat' dir='ltr'><strong>non</strong></span> <span class='ocrx_word' id='word_1_500' title='bbox 677 3292 840 3350; x_wconf 87' lang='lat' dir='ltr'><strong>fuerit</strong></span> <span class='ocrx_word' id='word_1_501' title='bbox 867 3293 1107 3364; x_wconf 72' lang='lat' dir='ltr'><strong>perfecte</strong></span> <span class='ocrx_word' id='word_1_502' title='bbox 1133 3292 1372 3362; x_wconf 80' lang='lat' dir='ltr'><strong>humilis,</strong></span> <span class='ocrx_word' id='word_1_503' title='bbox 1413 3285 1537 3363; x_wconf 81' lang='lat' dir='ltr'><strong>quia</strong></span> <span class='ocrx_word' id='word_1_504' title='bbox 1567 3301 1621 3348; x_wconf 87' lang='lat' dir='ltr'><strong>et</strong></span> <span class='ocrx_word' id='word_1_505' title='bbox 1642 3291 1896 3358; x_wconf 77' lang='lat' dir='ltr'><strong>sacerdo-</strong></span> 
     </span>
    </p>
   </div>
   <div class='ocr_carea' id='block_1_65' title="bbox 314 3384 1896 3459">
    <p class='ocr_par' dir='ltr' id='par_1_65' title="bbox 314 3384 1896 3459">
     <span class='ocr_line' id='line_1_65' title="bbox 314 3384 1896 3459; baseline -0.001 -17"><span class='ocrx_word' id='word_1_506' title='bbox 314 3386 388 3444; x_wconf 90' lang='lat' dir='ltr'><strong>tio</strong></span> <span class='ocrx_word' id='word_1_507' title='bbox 417 3387 686 3448; x_wconf 78' lang='lat' dir='ltr'><strong>eminebat</strong></span> <span class='ocrx_word' id='word_1_508' title='bbox 715 3395 770 3444; x_wconf 86' lang='lat' dir='ltr'><strong>et</strong></span> <span class='ocrx_word' id='word_1_509' title='bbox 797 3401 980 3458; x_wconf 76' lang='lat' dir='ltr'><strong>regno.</strong></span> <span class='ocrx_word' id='word_1_510' title='bbox 1017 3385 1116 3442; x_wconf 78' lang='lat' dir='ltr'><strong>Vel</strong></span> <span class='ocrx_word' id='word_1_511' title='bbox 1146 3385 1288 3457; x_wconf 90' lang='lat' dir='ltr'><strong>quod</strong></span> <span class='ocrx_word' id='word_1_512' title='bbox 1315 3385 1470 3442; x_wconf 84' lang='lat' dir='ltr'><strong>beato</strong></span> <span class='ocrx_word' id='word_1_513' title='bbox 1491 3384 1612 3449; x_wconf 80' lang='lat' dir='ltr'><strong>Job,</strong></span> <span class='ocrx_word' id='word_1_514' title='bbox 1635 3386 1798 3459; x_wconf 63' lang='lat'><strong>365</strong></span> <span class='ocrx_word' id='word_1_515' title='bbox 1831 3384 1896 3442; x_wconf 84' lang='lat' dir='ltr'><strong>de</strong></span> 
     </span>
    </p>
   </div>
   <div class='ocr_carea' id='block_1_66' title="bbox 303 3479 1897 3553">
    <p class='ocr_par' dir='ltr' id='par_1_66' title="bbox 303 3479 1897 3553">
     <span class='ocr_line' id='line_1_66' title="bbox 303 3479 1897 3553; baseline -0.003 -16"><span class='ocrx_word' id='word_1_516' title='bbox 303 3496 413 3552; x_wconf 87' lang='lat' dir='ltr'><strong>quo</strong></span> <span class='ocrx_word' id='word_1_517' title='bbox 438 3481 580 3542; x_wconf 62' lang='lat' dir='ltr'><strong>Datis</strong></span> <span class='ocrx_word' id='word_1_518' title='bbox 607 3482 942 3553; x_wconf 80' lang='lat' dir='ltr'><strong>pronuntiat,</strong></span> <span class='ocrx_word' id='word_1_519' title='bbox 977 3481 1164 3538; x_wconf 84' lang='lat' dir='ltr'><strong>dicens</strong></span> <span class='ocrx_word' id='word_1_520' title='bbox 1194 3499 1208 3536; x_wconf 93' lang='lat'><strong>:</strong></span> <span class='ocrx_word' id='word_1_521' title='bbox 1261 3479 1534 3551; x_wconf 76' lang='lat' dir='ltr'><strong>Numquid</strong></span> <span class='ocrx_word' id='word_1_522' title='bbox 1558 3480 1897 3536; x_wconf 79' lang='lat' dir='ltr'><strong>considerasti</strong></span> 
     </span>
    </p>
   </div>
   <div class='ocr_carea' id='block_1_67' title="bbox 301 3572 1889 3646">
    <p class='ocr_par' dir='ltr' id='par_1_67' title="bbox 301 3572 1889 3646">
     <span class='ocr_line' id='line_1_67' title="bbox 301 3572 1889 3646; baseline -0.002 -16"><span class='ocrx_word' id='word_1_523' title='bbox 301 3589 508 3632; x_wconf 70' lang='lat' dir='ltr'><strong>servum</strong></span> <span class='ocrx_word' id='word_1_524' title='bbox 529 3592 701 3634; x_wconf 72' lang='lat' dir='ltr'><strong>munt</strong></span> <span class='ocrx_word' id='word_1_525' title='bbox 728 3572 851 3643; x_wconf 78' lang='lat' dir='ltr'><strong>Job,</strong></span> <span class='ocrx_word' id='word_1_526' title='bbox 870 3575 1008 3646; x_wconf 82' lang='lat' dir='ltr'><strong>quod</strong></span> <span class='ocrx_word' id='word_1_527' title='bbox 1033 3591 1136 3638; x_wconf 74' lang='lat' dir='ltr'><strong>non</strong></span> <span class='ocrx_word' id='word_1_528' title='bbox 1159 3574 1227 3630; x_wconf 86' lang='lat' dir='ltr'><strong>sit</strong></span> <span class='ocrx_word' id='word_1_529' title='bbox 1251 3573 1298 3628; x_wconf 86' lang='lat' dir='ltr'><strong>ei</strong></span> <span class='ocrx_word' id='word_1_530' title='bbox 1324 3575 1509 3630; x_wconf 81' lang='lat' dir='ltr'><strong>similis</strong></span> <span class='ocrx_word' id='word_1_531' title='bbox 1533 3574 1586 3628; x_wconf 84' lang='lat' dir='ltr'><strong>in</strong></span> <span class='ocrx_word' id='word_1_532' title='bbox 1610 3582 1767 3639; x_wconf 86' lang='lat' dir='ltr'><strong>terra,</strong></span> <span class='ocrx_word' id='word_1_533' title='bbox 1796 3574 1889 3628; x_wconf 83' lang='lat' dir='ltr'><strong>ho-</strong></span> 
     </span>
    </p>
   </div>
   <div class='ocr_carea' id='block_1_68' title="bbox 301 3665 1890 3740">
    <p class='ocr_par' dir='ltr' id='par_1_68' title="bbox 301 3665 1890 3740">
     <span class='ocr_line' id='line_1_68' title="bbox 301 3665 1890 3740; baseline -0.003 -16"><span class='ocrx_word' id='word_1_534' title='bbox 301 3685 388 3724; x_wconf 72' lang='lat' dir='ltr'><strong>mo</strong></span> <span class='ocrx_word' id='word_1_535' title='bbox 406 3669 630 3740; x_wconf 59' lang='lat' dir='ltr'><strong>simple:</strong></span> <span class='ocrx_word' id='word_1_536' title='bbox 651 3679 697 3722; x_wconf 88' lang='lat' dir='ltr'><strong>et</strong></span> <span class='ocrx_word' id='word_1_537' title='bbox 735 3679 920 3734; x_wconf 84' lang='lat' dir='ltr'><strong>rectus,</strong></span> <span class='ocrx_word' id='word_1_538' title='bbox 951 3675 1002 3722; x_wconf 85' lang='lat' dir='ltr'><strong>et</strong></span> <span class='ocrx_word' id='word_1_539' title='bbox 1050 3668 1230 3722; x_wconf 84' lang='lat' dir='ltr'><strong>timens</strong></span> <span class='ocrx_word' id='word_1_540' title='bbox 1273 3665 1462 3732; x_wconf 78' lang='lat' dir='ltr'><strong>Deum,</strong></span> <span class='ocrx_word' id='word_1_541' title='bbox 1503 3673 1550 3722; x_wconf 83' lang='lat' dir='ltr'><strong>et</strong></span> <span class='ocrx_word' id='word_1_542' title='bbox 1578 3666 1816 3721; x_wconf 78' lang='lat' dir='ltr'><strong>recedens</strong></span> <span class='ocrx_word' id='word_1_543' title='bbox 1857 3681 1890 3719; x_wconf 89' lang='lat' dir='ltr'><strong>a</strong></span> 
     </span>
    </p>
   </div>
   <div class='ocr_carea' id='block_1_69' title="bbox 297 3757 1893 3831">
    <p class='ocr_par' dir='ltr' id='par_1_69' title="bbox 297 3757 1893 3831">
     <span class='ocr_line' id='line_1_69' title="bbox 297 3757 1893 3831; baseline -0.003 -15"><span class='ocrx_word' id='word_1_544' title='bbox 297 3762 444 3818; x_wconf 66' lang='lat' dir='ltr'><strong>male</strong></span> <span class='ocrx_word' id='word_1_545' title='bbox 475 3760 597 3831; x_wconf 71' lang='lat' dir='ltr'><strong>(Job</strong></span> <span class='ocrx_word' id='word_1_546' title='bbox 627 3776 686 3827; x_wconf 90' lang='lat' dir='ltr'><strong>tt,</strong></span> <span class='ocrx_word' id='word_1_547' title='bbox 712 3759 768 3830; x_wconf 82' lang='grc'><strong>5)</strong></span> <span class='ocrx_word' id='word_1_548' title='bbox 797 3759 965 3814; x_wconf 88' lang='lat' dir='ltr'><strong>&#39;lldeo</strong></span> <span class='ocrx_word' id='word_1_549' title='bbox 996 3760 1166 3818; x_wconf 82' lang='lat' dir='ltr'><strong>virtus</strong></span> <span class='ocrx_word' id='word_1_550' title='bbox 1194 3759 1297 3816; x_wconf 70' lang='lat' dir='ltr'><strong>iota</strong></span> <span class='ocrx_word' id='word_1_551' title='bbox 1319 3757 1572 3824; x_wconf 88' lang='lat' dir='ltr'><strong>defuerit,</strong></span> <span class='ocrx_word' id='word_1_552' title='bbox 1594 3758 1719 3830; x_wconf 87' lang='lat' dir='ltr'><strong>quia</strong></span> <span class='ocrx_word' id='word_1_553' title='bbox 1746 3767 1893 3814; x_wconf 83' lang='lat' dir='ltr'><strong>erant</strong></span> 
     </span>
    </p>
   </div>
   <div class='ocr_carea' id='block_1_70' title="bbox 301 3850 1886 3923">
    <p class='ocr_par' dir='ltr' id='par_1_70' title="bbox 301 3850 1886 3923">
     <span class='ocr_line' id='line_1_70' title="bbox 301 3850 1886 3923; baseline -0.003 -15"><span class='ocrx_word' id='word_1_554' title='bbox 301 3854 468 3920; x_wconf 78' lang='lat' dir='ltr'><strong>(sicut</strong></span> <span class='ocrx_word' id='word_1_555' title='bbox 495 3855 754 3923; x_wconf 67' lang='lat' dir='ltr'><strong>scriptum</strong></span> <span class='ocrx_word' id='word_1_556' title='bbox 786 3851 888 3922; x_wconf 85' lang='lat' dir='ltr'><strong>est)</strong></span> <span class='ocrx_word' id='word_1_557' title='bbox 917 3852 970 3906; x_wconf 87' lang='lat' dir='ltr'><strong>in</strong></span> <span class='ocrx_word' id='word_1_558' title='bbox 1005 3853 1318 3922; x_wconf 80' lang='lat' dir='ltr'><strong>possessione</strong></span> <span class='ocrx_word' id='word_1_559' title='bbox 1339 3855 1454 3922; x_wconf 82' lang='lat' dir='ltr'><strong>ejus</strong></span> <span class='ocrx_word' id='word_1_560' title='bbox 1495 3859 1683 3920; x_wconf 81' lang='lat' dir='ltr'><strong>septem</strong></span> <span class='ocrx_word' id='word_1_561' title='bbox 1713 3850 1886 3904; x_wconf 74' lang='lat' dir='ltr'><strong>millia</strong></span> 
     </span>
    </p>
   </div>
   <div class='ocr_carea' id='block_1_71' title="bbox 300 3943 1885 4016">
    <p class='ocr_par' dir='ltr' id='par_1_71' title="bbox 300 3943 1885 4016">
     <span class='ocr_line' id='line_1_71' title="bbox 300 3943 1885 4016; baseline -0.002 -17"><span class='ocrx_word' id='word_1_562' title='bbox 300 3946 499 4010; x_wconf 75' lang='lat' dir='ltr'><strong>ovium,</strong></span> <span class='ocrx_word' id='word_1_563' title='bbox 531 3955 578 4000; x_wconf 80' lang='lat' dir='ltr'><strong>et</strong></span> <span class='ocrx_word' id='word_1_564' title='bbox 604 3946 702 4000; x_wconf 86' lang='lat' dir='ltr'><strong>tria</strong></span> <span class='ocrx_word' id='word_1_565' title='bbox 723 3946 885 3999; x_wconf 89' lang='lat' dir='ltr'><strong>millia</strong></span> <span class='ocrx_word' id='word_1_566' title='bbox 910 3943 1241 4011; x_wconf 87' lang='lat' dir='ltr'><strong>camelorum,</strong></span> <span class='ocrx_word' id='word_1_567' title='bbox 1270 3944 1547 4016; x_wconf 86' lang='lat' dir='ltr'><strong>quingenta</strong></span> <span class='ocrx_word' id='word_1_568' title='bbox 1571 3959 1769 4015; x_wconf 86' lang='lat' dir='ltr'><strong>quoque</strong></span> <span class='ocrx_word' id='word_1_569' title='bbox 1790 3944 1885 4014; x_wconf 87' lang='lat' dir='ltr'><strong>ju-</strong></span> 
     </span>
    </p>
   </div>
   <div class='ocr_carea' id='block_1_72' title="bbox 297 4036 1889 4112">
    <p class='ocr_par' dir='ltr' id='par_1_72' title="bbox 297 4036 1889 4112">
     <span class='ocr_line' id='line_1_72' title="bbox 297 4036 1889 4112; baseline -0.003 -19"><span class='ocrx_word' id='word_1_570' title='bbox 297 4054 374 4112; x_wconf 64' lang='grc' dir='ltr'><strong>σα</strong></span> <span class='ocrx_word' id='word_1_571' title='bbox 401 4039 568 4106; x_wconf 87' lang='lat' dir='ltr'><strong>boum,</strong></span> <span class='ocrx_word' id='word_1_572' title='bbox 591 4049 638 4094; x_wconf 86' lang='lat' dir='ltr'><strong>et</strong></span> <span class='ocrx_word' id='word_1_573' title='bbox 663 4038 950 4109; x_wconf 77' lang='lat' dir='ltr'><strong>quingentte</strong></span> <span class='ocrx_word' id='word_1_574' title='bbox 973 4037 1150 4104; x_wconf 68' lang='lat' dir='ltr'><strong>asinis,</strong></span> <span class='ocrx_word' id='word_1_575' title='bbox 1183 4053 1244 4092; x_wconf 78' lang='lat' dir='ltr'><strong>ac</strong></span> <span class='ocrx_word' id='word_1_576' title='bbox 1269 4036 1471 4107; x_wconf 78' lang='lat' dir='ltr'><strong>familia</strong></span> <span class='ocrx_word' id='word_1_577' title='bbox 1511 4036 1668 4090; x_wconf 83' lang='lat' dir='ltr'><strong>multa</strong></span> <span class='ocrx_word' id='word_1_578' title='bbox 1696 4036 1846 4090; x_wconf 82' lang='lat' dir='ltr'><strong>nimis</strong></span> <span class='ocrx_word' id='word_1_579' title='bbox 1870 4053 1889 4102; x_wconf 81' lang='lat'><strong>,-</strong></span> 
     </span>
    </p>
   </div>
   <div class='ocr_carea' id='block_1_73' title="bbox 380 4174 1889 4244">
    <p class='ocr_par' dir='ltr' id='par_1_73' title="bbox 380 4174 1889 4244">
     <span class='ocr_line' id='line_1_73' title="bbox 380 4174 1889 4244; baseline -0.003 -10"><span class='ocrx_word' id='word_1_580' title='bbox 380 4189 407 4216; x_wconf 63' lang='grc' dir='ltr'><strong>ε</strong></span> <span class='ocrx_word' id='word_1_581' title='bbox 435 4179 563 4234; x_wconf 65' lang='lat' dir='ltr'><strong>Haec</strong></span> <span class='ocrx_word' id='word_1_582' title='bbox 587 4185 890 4234; x_wconf 91' lang='lat' dir='ltr'><strong>nostrorum</strong></span> <span class='ocrx_word' id='word_1_583' title='bbox 920 4174 1163 4233; x_wconf 85' lang='lat' dir='ltr'><strong>codicum</strong></span> <span class='ocrx_word' id='word_1_584' title='bbox 1186 4174 1344 4232; x_wconf 88' lang='lat' dir='ltr'><strong>lectio</strong></span> <span class='ocrx_word' id='word_1_585' title='bbox 1365 4174 1568 4239; x_wconf 83' lang='lat' dir='ltr'><strong>melior,</strong></span> <span class='ocrx_word' id='word_1_586' title='bbox 1595 4189 1754 4244; x_wconf 86' lang='lat' dir='ltr'><strong>quam</strong></span> <span class='ocrx_word' id='word_1_587' title='bbox 1773 4174 1889 4229; x_wconf 91' lang='lat' dir='ltr'><strong>vul-</strong></span> 
     </span>
    </p>
   </div>
   <div class='ocr_carea' id='block_1_74' title="bbox 291 4250 678 4326">
    <p class='ocr_par' dir='ltr' id='par_1_74' title="bbox 291 4250 678 4326">
     <span class='ocr_line' id='line_1_74' title="bbox 291 4250 678 4326; baseline -0.01 -19"><span class='ocrx_word' id='word_1_588' title='bbox 291 4260 427 4326; x_wconf 76' lang='lat' dir='ltr'><strong>gata</strong></span> <span class='ocrx_word' id='word_1_589' title='bbox 453 4250 678 4326; x_wconf 70' lang='lat' dir='ltr'><strong>electius.</strong></span> 
     </span>
    </p>
   </div>
   <div class='ocr_carea' id='block_1_75' title="bbox 382 4317 1880 4390">
    <p class='ocr_par' dir='ltr' id='par_1_75' title="bbox 382 4317 1880 4390">
     <span class='ocr_line' id='line_1_75' title="bbox 382 4317 1880 4390; baseline -0.003 -15"><span class='ocrx_word' id='word_1_590' title='bbox 382 4321 408 4362; x_wconf 71' lang='grc' dir='ltr'>δ</span> <span class='ocrx_word' id='word_1_591' title='bbox 455 4339 474 4374; x_wconf 85' lang='grc' dir='ltr'><strong>ι</strong></span> <span class='ocrx_word' id='word_1_592' title='bbox 531 4321 589 4376; x_wconf 85' lang='grc' dir='ltr'><strong>Ρ.</strong></span> <span class='ocrx_word' id='word_1_593' title='bbox 647 4321 885 4380; x_wconf 86' lang='lat' dir='ltr'><strong>Nannius</strong></span> <span class='ocrx_word' id='word_1_594' title='bbox 937 4320 1050 4378; x_wconf 83' lang='lat' dir='ltr'><strong>vult</strong></span> <span class='ocrx_word' id='word_1_595' title='bbox 1103 4317 1388 4390; x_wconf 78' lang='lat' dir='ltr'><strong>legendum</strong></span> <span class='ocrx_word' id='word_1_596' title='bbox 1440 4331 1561 4374; x_wconf 85' lang='lat' dir='ltr'><strong>esse</strong></span> <span class='ocrx_word' id='word_1_597' title='bbox 1599 4318 1803 4372; x_wconf 83' lang='lat' dir='ltr'><strong>abeunt.</strong></span> <span class='ocrx_word' id='word_1_598' title='bbox 1861 4336 1880 4370; x_wconf 70' lang='grc' dir='ltr'><strong>ι</strong></span> 
     </span>
    </p>
   </div>
   <div class='ocr_carea' id='block_1_76' title="bbox 291 4397 1887 4535">
    <p class='ocr_par' dir='ltr' id='par_1_76' title="bbox 291 4397 1887 4535">
     <span class='ocr_line' id='line_1_76' title="bbox 291 4397 1887 4535; baseline -0.004 -15"><span class='ocrx_word' id='word_1_599' title='bbox 291 4397 582 4519; x_wconf 53' lang='lat' dir='ltr'><strong>Qufsgditi</strong></span> <span class='ocrx_word' id='word_1_600' title='bbox 612 4461 880 4518; x_wconf 89' lang='lat' dir='ltr'><strong>habebant</strong></span> <span class='ocrx_word' id='word_1_601' title='bbox 927 4462 1204 4535; x_wconf 65' lang='lat' dir='ltr'><strong>patientia.</strong></span> <span class='ocrx_word' id='word_1_602' title='bbox 1253 4459 1573 4535; x_wconf 81' lang='lat' dir='ltr'><strong>Quesnellus</strong></span> <span class='ocrx_word' id='word_1_603' title='bbox 1622 4459 1887 4535; x_wconf 72' lang='lat' dir='ltr'><strong>sapientia:</strong></span> 
     </span>
    </p>
   </div>
   <div class='ocr_carea' id='block_1_77' title="bbox 291 4531 1882 4605">
    <p class='ocr_par' dir='ltr' id='par_1_77' title="bbox 291 4531 1882 4605">
     <span class='ocr_line' id='line_1_77' title="bbox 291 4531 1882 4605; baseline -0.007 -10"><span class='ocrx_word' id='word_1_604' title='bbox 291 4553 373 4595; x_wconf 77' lang='lat' dir='ltr'><strong>ex</strong></span> <span class='ocrx_word' id='word_1_605' title='bbox 402 4537 612 4605; x_wconf 79' lang='lat' dir='ltr'><strong>ingenio</strong></span> <span class='ocrx_word' id='word_1_606' title='bbox 642 4535 899 4602; x_wconf 87' lang='lat' dir='ltr'><strong>reposuit,</strong></span> <span class='ocrx_word' id='word_1_607' title='bbox 928 4531 993 4588; x_wconf 78' lang='lat' dir='ltr'><strong>ea</strong></span> <span class='ocrx_word' id='word_1_608' title='bbox 1017 4535 1221 4588; x_wconf 84' lang='lat' dir='ltr'><strong>ratione</strong></span> <span class='ocrx_word' id='word_1_609' title='bbox 1250 4533 1443 4588; x_wconf 88' lang='lat' dir='ltr'><strong>ductus</strong></span> <span class='ocrx_word' id='word_1_610' title='bbox 1471 4532 1595 4602; x_wconf 88' lang='lat' dir='ltr'><strong>quia</strong></span> <span class='ocrx_word' id='word_1_611' title='bbox 1629 4531 1743 4605; x_wconf 79' lang='lat' dir='ltr'><strong>voci</strong></span> <span class='ocrx_word' id='word_1_612' title='bbox 1788 4548 1882 4601; x_wconf 88' lang='lat' dir='ltr'><strong>pa-</strong></span> 
     </span>
    </p>
   </div>
   <div class='ocr_carea' id='block_1_78' title="bbox 2002 3195 3572 3270">
    <p class='ocr_par' dir='ltr' id='par_1_78' title="bbox 2002 3195 3572 3270">
     <span class='ocr_line' id='line_1_78' title="bbox 2002 3195 3572 3270; baseline 0 -16"><span class='ocrx_word' id='word_1_613' title='bbox 2002 3206 2172 3254; x_wconf 91' lang='lat' dir='ltr'><strong>totum</strong></span> <span class='ocrx_word' id='word_1_614' title='bbox 2203 3196 2456 3254; x_wconf 91' lang='lat' dir='ltr'><strong>mundum</strong></span> <span class='ocrx_word' id='word_1_615' title='bbox 2487 3207 2571 3252; x_wconf 75' lang='lat' dir='ltr'><strong>est</strong></span> <span class='ocrx_word' id='word_1_616' title='bbox 2597 3195 2809 3262; x_wconf 69' lang='lat' dir='ltr'><strong>diffusa,</strong></span> <span class='ocrx_word' id='word_1_617' title='bbox 2836 3211 2937 3250; x_wconf 84' lang='lat' dir='ltr'><strong>non</strong></span> <span class='ocrx_word' id='word_1_618' title='bbox 2968 3196 3184 3251; x_wconf 88' lang='lat' dir='ltr'><strong>dubium</strong></span> <span class='ocrx_word' id='word_1_619' title='bbox 3211 3208 3312 3263; x_wconf 78' lang='lat' dir='ltr'><strong>est,</strong></span> <span class='ocrx_word' id='word_1_620' title='bbox 3364 3209 3415 3254; x_wconf 91' lang='lat' dir='ltr'><strong>et</strong></span> <span class='ocrx_word' id='word_1_621' title='bbox 3444 3215 3572 3270; x_wconf 70' lang='lat' dir='ltr'><strong>pau-</strong></span> 
     </span>
    </p>
   </div>
   <div class='ocr_carea' id='block_1_79' title="bbox 2003 3286 3584 3360">
    <p class='ocr_par' dir='ltr' id='par_1_79' title="bbox 2003 3286 3584 3360">
     <span class='ocr_line' id='line_1_79' title="bbox 2003 3286 3584 3360; baseline -0.001 -14"><span class='ocrx_word' id='word_1_622' title='bbox 2003 3303 2160 3360; x_wconf 87' lang='lat' dir='ltr'><strong>peres</strong></span> <span class='ocrx_word' id='word_1_623' title='bbox 2181 3286 2378 3346; x_wconf 88' lang='lat' dir='ltr'><strong>Christi</strong></span> <span class='ocrx_word' id='word_1_624' title='bbox 2411 3304 2516 3346; x_wconf 90' lang='lat' dir='ltr'><strong>non</strong></span> <span class='ocrx_word' id='word_1_625' title='bbox 2547 3303 2732 3344; x_wconf 89' lang='lat' dir='ltr'><strong>eorum</strong></span> <span class='ocrx_word' id='word_1_626' title='bbox 2789 3296 2990 3342; x_wconf 87' lang='lat' dir='ltr'><strong>tantum</strong></span> <span class='ocrx_word' id='word_1_627' title='bbox 3040 3287 3382 3344; x_wconf 82' lang='lat' dir='ltr'><strong>facultatibus</strong></span> <span class='ocrx_word' id='word_1_628' title='bbox 3421 3291 3584 3346; x_wconf 87' lang='lat' dir='ltr'><strong>susti-</strong></span> 
     </span>
    </p>
   </div>
   <div class='ocr_carea' id='block_1_80' title="bbox 2002 3382 3582 3456">
    <p class='ocr_par' dir='ltr' id='par_1_80' title="bbox 2002 3382 3582 3456">
     <span class='ocr_line' id='line_1_80' title="bbox 2002 3382 3582 3456; baseline -0.009 -14"><span class='ocrx_word' id='word_1_629' title='bbox 2002 3385 2142 3455; x_wconf 87' lang='lat' dir='ltr'><strong>neri,</strong></span> <span class='ocrx_word' id='word_1_630' title='bbox 2174 3385 2264 3456; x_wconf 91' lang='lat' dir='ltr'><strong>qui</strong></span> <span class='ocrx_word' id='word_1_631' title='bbox 2297 3392 2354 3444; x_wconf 92' lang='lat' dir='ltr'><strong>ut</strong></span> <span class='ocrx_word' id='word_1_632' title='bbox 2381 3383 2740 3454; x_wconf 80' lang='lat' dir='ltr'><strong>expeditiores</strong></span> <span class='ocrx_word' id='word_1_633' title='bbox 2772 3382 3050 3437; x_wconf 90' lang='lat' dir='ltr'><strong>Dominum</strong></span> <span class='ocrx_word' id='word_1_634' title='bbox 3099 3392 3472 3454; x_wconf 88' lang='lat' dir='ltr'><strong>sequerentur,</strong></span> <span class='ocrx_word' id='word_1_635' title='bbox 3508 3387 3582 3441; x_wconf 91' lang='lat' dir='ltr'><strong>si-</strong></span> 
     </span>
    </p>
   </div>
   <div class='ocr_carea' id='block_1_81' title="bbox 2006 3475 3581 3546">
    <p class='ocr_par' dir='ltr' id='par_1_81' title="bbox 2006 3475 3581 3546">
     <span class='ocr_line' id='line_1_81' title="bbox 2006 3475 3581 3546; baseline -0.004 -8"><span class='ocrx_word' id='word_1_636' title='bbox 2006 3479 2114 3538; x_wconf 84' lang='lat' dir='ltr'><strong>mul</strong></span> <span class='ocrx_word' id='word_1_637' title='bbox 2146 3493 2205 3536; x_wconf 86' lang='lat' dir='ltr'><strong>se</strong></span> <span class='ocrx_word' id='word_1_638' title='bbox 2237 3478 2486 3536; x_wconf 85' lang='lat' dir='ltr'><strong>omnibus</strong></span> <span class='ocrx_word' id='word_1_639' title='bbox 2516 3480 2626 3532; x_wconf 87' lang='lat' dir='ltr'><strong>suis</strong></span> <span class='ocrx_word' id='word_1_640' title='bbox 2670 3475 2861 3546; x_wconf 91' lang='lat' dir='ltr'><strong>opibus</strong></span> <span class='ocrx_word' id='word_1_641' title='bbox 2912 3484 3177 3532; x_wconf 80' lang='lat' dir='ltr'><strong>exuerunt</strong></span> <span class='ocrx_word' id='word_1_642' title='bbox 3210 3494 3222 3543; x_wconf 92' lang='lat'><strong>;</strong></span> <span class='ocrx_word' id='word_1_643' title='bbox 3264 3477 3357 3532; x_wconf 89' lang='lat' dir='ltr'><strong>sed</strong></span> <span class='ocrx_word' id='word_1_644' title='bbox 3411 3478 3581 3536; x_wconf 88' lang='lat' dir='ltr'><strong>eidem</strong></span> 
     </span>
    </p>
   </div>
   <div class='ocr_carea' id='block_1_82' title="bbox 2003 3569 3582 3644">
    <p class='ocr_par' dir='ltr' id='par_1_82' title="bbox 2003 3569 3582 3644">
     <span class='ocr_line' id='line_1_82' title="bbox 2003 3569 3582 3644; baseline -0.003 -14"><span class='ocrx_word' id='word_1_645' title='bbox 2003 3572 2149 3644; x_wconf 89' lang='lat' dir='ltr'><strong>operi</strong></span> <span class='ocrx_word' id='word_1_646' title='bbox 2181 3573 2341 3628; x_wconf 86' lang='lat' dir='ltr'><strong>etiam</strong></span> <span class='ocrx_word' id='word_1_647' title='bbox 2373 3572 2582 3627; x_wconf 88' lang='lat' dir='ltr'><strong>illorum</strong></span> <span class='ocrx_word' id='word_1_648' title='bbox 2614 3570 2938 3628; x_wconf 84' lang='lat' dir='ltr'><strong>substantias</strong></span> <span class='ocrx_word' id='word_1_649' title='bbox 2967 3569 3264 3637; x_wconf 89' lang='lat' dir='ltr'><strong>deservire,</strong></span> <span class='ocrx_word' id='word_1_650' title='bbox 3319 3571 3410 3641; x_wconf 88' lang='lat' dir='ltr'><strong>qui</strong></span> <span class='ocrx_word' id='word_1_651' title='bbox 3457 3585 3582 3642; x_wconf 88' lang='lat' dir='ltr'><strong>pos-</strong></span> 
     </span>
    </p>
   </div>
   <div class='ocr_carea' id='block_1_83' title="bbox 2001 3663 3578 3734">
    <p class='ocr_par' dir='ltr' id='par_1_83' title="bbox 2001 3663 3578 3734">
     <span class='ocr_line' id='line_1_83' title="bbox 2001 3663 3578 3734; baseline -0.004 -8"><span class='ocrx_word' id='word_1_652' title='bbox 2001 3669 2334 3726; x_wconf 85' lang='lat' dir='ltr'><strong>sessionibus</strong></span> <span class='ocrx_word' id='word_1_653' title='bbox 2386 3668 2496 3723; x_wconf 90' lang='lat' dir='ltr'><strong>suis</strong></span> <span class='ocrx_word' id='word_1_654' title='bbox 2529 3682 2632 3722; x_wconf 88' lang='lat' dir='ltr'><strong>non</strong></span> <span class='ocrx_word' id='word_1_655' title='bbox 2667 3666 2822 3724; x_wconf 86' lang='lat' dir='ltr'><strong>aliter</strong></span> <span class='ocrx_word' id='word_1_656' title='bbox 2878 3679 3035 3734; x_wconf 89' lang='lat' dir='ltr'><strong>quam</strong></span> <span class='ocrx_word' id='word_1_657' title='bbox 3082 3663 3240 3720; x_wconf 87' lang='lat' dir='ltr'><strong>rebus</strong></span> <span class='ocrx_word' id='word_1_658' title='bbox 3285 3679 3578 3734; x_wconf 87' lang='lat' dir='ltr'><strong>pauperum</strong></span> 
     </span>
    </p>
   </div>
   <div class='ocr_carea' id='block_1_84' title="bbox 2004 3759 3582 3838">
    <p class='ocr_par' dir='ltr' id='par_1_84' title="bbox 2004 3759 3582 3838">
     <span class='ocr_line' id='line_1_84' title="bbox 2004 3759 3582 3838; baseline -0.006 -14"><span class='ocrx_word' id='word_1_659' title='bbox 2004 3775 2258 3838; x_wconf 66' lang='lat' dir='ltr'><strong>praesunt,</strong></span> <span class='ocrx_word' id='word_1_660' title='bbox 2299 3765 2322 3804; x_wconf 67' lang='grc' dir='ltr'>δ</span> <span class='ocrx_word' id='word_1_661' title='bbox 2357 3775 2410 3821; x_wconf 92' lang='lat' dir='ltr'><strong>et</strong></span> <span class='ocrx_word' id='word_1_662' title='bbox 2437 3763 2821 3822; x_wconf 72' lang='lat' dir='ltr'><strong>ecclesiastica:</strong></span> <span class='ocrx_word' id='word_1_663' title='bbox 2839 3761 3052 3816; x_wconf 88' lang='lat' dir='ltr'><strong>utilitati</strong></span> <span class='ocrx_word' id='word_1_664' title='bbox 3082 3761 3182 3815; x_wconf 90' lang='lat' dir='ltr'><strong>sub</strong></span> <span class='ocrx_word' id='word_1_665' title='bbox 3207 3759 3431 3830; x_wconf 86' lang='lat' dir='ltr'><strong>quadam</strong></span> <span class='ocrx_word' id='word_1_666' title='bbox 3461 3774 3582 3830; x_wconf 89' lang='lat' dir='ltr'><strong>pro-</strong></span> 
     </span>
    </p>
   </div>
   <div class='ocr_carea' id='block_1_85' title="bbox 2000 3851 3576 3923">
    <p class='ocr_par' dir='ltr' id='par_1_85' title="bbox 2000 3851 3576 3923">
     <span class='ocr_line' id='line_1_85' title="bbox 2000 3851 3576 3923; baseline -0.007 -7"><span class='ocrx_word' id='word_1_667' title='bbox 2000 3860 2277 3916; x_wconf 78' lang='lat' dir='ltr'><strong>curatione</strong></span> <span class='ocrx_word' id='word_1_668' title='bbox 2308 3857 2649 3923; x_wconf 84' lang='lat' dir='ltr'><strong>famulantur,</strong></span> <span class='ocrx_word' id='word_1_669' title='bbox 2682 3853 3024 3912; x_wconf 89' lang='lat' dir='ltr'><strong>elaborantes</strong></span> <span class='ocrx_word' id='word_1_670' title='bbox 3067 3851 3260 3923; x_wconf 81' lang='lat' dir='ltr'><strong>singuli</strong></span> <span class='ocrx_word' id='word_1_671' title='bbox 3309 3867 3404 3921; x_wconf 90' lang='lat' dir='ltr'><strong>pro</strong></span> <span class='ocrx_word' id='word_1_672' title='bbox 3451 3867 3576 3906; x_wconf 87' lang='lat' dir='ltr'><strong>sua-</strong></span> 
     </span>
    </p>
   </div>
   <div class='ocr_carea' id='block_1_86' title="bbox 2002 3944 3580 4020">
    <p class='ocr_par' dir='ltr' id='par_1_86' title="bbox 2002 3944 3580 4020">
     <span class='ocr_line' id='line_1_86' title="bbox 2002 3944 3580 4020; baseline -0.004 -15"><span class='ocrx_word' id='word_1_673' title='bbox 2002 3967 2120 4006; x_wconf 88' lang='lat' dir='ltr'><strong>rum</strong></span> <span class='ocrx_word' id='word_1_674' title='bbox 2150 3952 2342 4005; x_wconf 81' lang='lat' dir='ltr'><strong>virium</strong></span> <span class='ocrx_word' id='word_1_675' title='bbox 2390 3949 2656 4020; x_wconf 79' lang='lat' dir='ltr'><strong>portione,</strong></span> <span class='ocrx_word' id='word_1_676' title='bbox 2704 3956 2762 4002; x_wconf 94' lang='lat' dir='ltr'><strong>ut</strong></span> <span class='ocrx_word' id='word_1_677' title='bbox 2797 3945 2864 4000; x_wconf 90' lang='lat' dir='ltr'><strong>ad</strong></span> <span class='ocrx_word' id='word_1_678' title='bbox 2896 3945 3090 4000; x_wconf 84' lang='lat' dir='ltr'><strong>victum</strong></span> <span class='ocrx_word' id='word_1_679' title='bbox 3134 3953 3292 4013; x_wconf 87' lang='lat' dir='ltr'><strong>atque</strong></span> <span class='ocrx_word' id='word_1_680' title='bbox 3337 3944 3580 3998; x_wconf 78' lang='lat' dir='ltr'><strong>vestitum</strong></span> 
     </span>
    </p>
   </div>
   <div class='ocr_carea' id='block_1_87' title="bbox 2003 4033 3580 4106">
    <p class='ocr_par' dir='ltr' id='par_1_87' title="bbox 2003 4033 3580 4106">
     <span class='ocr_line' id='line_1_87' title="bbox 2003 4033 3580 4106; baseline -0.004 -11"><span class='ocrx_word' id='word_1_681' title='bbox 2003 4041 2214 4096; x_wconf 78' lang='lat' dir='ltr'><strong>familire</strong></span> <span class='ocrx_word' id='word_1_682' title='bbox 2244 4041 2337 4094; x_wconf 80' lang='lat' dir='ltr'><strong>Dei</strong></span> <span class='ocrx_word' id='word_1_683' title='bbox 2367 4039 2673 4095; x_wconf 76' lang='lat' dir='ltr'><strong>necessaria</strong></span> <span class='ocrx_word' id='word_1_684' title='bbox 2701 4035 3072 4101; x_wconf 87' lang='lat' dir='ltr'><strong>conferantur,</strong></span> <span class='ocrx_word' id='word_1_685' title='bbox 3107 4043 3161 4089; x_wconf 88' lang='lat' dir='ltr'><strong>et</strong></span> <span class='ocrx_word' id='word_1_686' title='bbox 3185 4033 3340 4088; x_wconf 91' lang='lat' dir='ltr'><strong>simul</strong></span> <span class='ocrx_word' id='word_1_687' title='bbox 3373 4035 3580 4106; x_wconf 80' lang='lat' dir='ltr'><strong>prospi-</strong></span> 
     </span>
    </p>
   </div>
   <div class='ocr_carea' id='block_1_88' title="bbox 1993 4169 3580 4241">
    <p class='ocr_par' dir='ltr' id='par_1_88' title="bbox 1993 4169 3580 4241">
     <span class='ocr_line' id='line_1_88' title="bbox 1993 4169 3580 4241; baseline -0.002 -12"><span class='ocrx_word' id='word_1_688' title='bbox 1993 4177 2060 4230; x_wconf 73' lang='grc' dir='ltr'><strong>αα</strong></span> <span class='ocrx_word' id='word_1_689' title='bbox 2082 4177 2252 4241; x_wconf 78' lang='lat' dir='ltr'><strong>vitam,</strong></span> <span class='ocrx_word' id='word_1_690' title='bbox 2290 4184 2346 4229; x_wconf 81' lang='grc' dir='ltr'><strong>ιιι</strong></span> <span class='ocrx_word' id='word_1_691' title='bbox 2368 4189 2528 4228; x_wconf 88' lang='lat' dir='ltr'><strong>serm.</strong></span> <span class='ocrx_word' id='word_1_692' title='bbox 2563 4175 2595 4227; x_wconf 82' lang='grc'>5</span> <span class='ocrx_word' id='word_1_693' title='bbox 2616 4173 2681 4226; x_wconf 88' lang='lat' dir='ltr'><strong>de</strong></span> <span class='ocrx_word' id='word_1_694' title='bbox 2711 4170 2882 4225; x_wconf 84' lang='lat' dir='ltr'><strong>Nativ.</strong></span> <span class='ocrx_word' id='word_1_695' title='bbox 2916 4169 3068 4221; x_wconf 90' lang='lat' dir='ltr'><strong>Dom.</strong></span> <span class='ocrx_word' id='word_1_696' title='bbox 3092 4184 3141 4241; x_wconf 67' lang='grc' dir='ltr'><strong>ς.</strong></span> <span class='ocrx_word' id='word_1_697' title='bbox 3171 4171 3218 4233; x_wconf 79' lang='grc' dir='ltr'><strong>Ι,</strong></span> <span class='ocrx_word' id='word_1_698' title='bbox 3266 4169 3492 4238; x_wconf 85' lang='lat' dir='ltr'><strong>septimo</strong></span> <span class='ocrx_word' id='word_1_699' title='bbox 3512 4171 3580 4228; x_wconf 83' lang='lat' dir='ltr'><strong>de</strong></span> 
     </span>
    </p>
   </div>
   <div class='ocr_carea' id='block_1_89' title="bbox 1991 4240 3576 4315">
    <p class='ocr_par' dir='ltr' id='par_1_89' title="bbox 1991 4240 3576 4315">
     <span class='ocr_line' id='line_1_89' title="bbox 1991 4240 3576 4315; baseline -0.001 -17"><span class='ocrx_word' id='word_1_700' title='bbox 1991 4246 2260 4315; x_wconf 77' lang='lat' dir='ltr'><strong>Quadrag.</strong></span> <span class='ocrx_word' id='word_1_701' title='bbox 2293 4261 2342 4298; x_wconf 91' lang='lat' dir='ltr'><strong>c.</strong></span> <span class='ocrx_word' id='word_1_702' title='bbox 2376 4245 2426 4307; x_wconf 83' lang='lat' dir='ltr'><strong>l,</strong></span> <span class='ocrx_word' id='word_1_703' title='bbox 2456 4257 2581 4309; x_wconf 79' lang='lat' dir='ltr'><strong>etc.,</strong></span> <span class='ocrx_word' id='word_1_704' title='bbox 2615 4258 2679 4297; x_wconf 81' lang='lat' dir='ltr'><strong>ex</strong></span> <span class='ocrx_word' id='word_1_705' title='bbox 2703 4255 2810 4315; x_wconf 91' lang='lat' dir='ltr'><strong>quo</strong></span> <span class='ocrx_word' id='word_1_706' title='bbox 2837 4247 2892 4315; x_wconf 79' lang='lat' dir='ltr'><strong>et</strong></span> <span class='ocrx_word' id='word_1_707' title='bbox 2914 4240 3166 4315; x_wconf 75' lang='lat' dir='ltr'><strong>nonnulla</strong></span> <span class='ocrx_word' id='word_1_708' title='bbox 3199 4241 3576 4315; x_wconf 82' lang='lat' dir='ltr'><strong>probatioeli-</strong></span> 
     </span>
    </p>
   </div>
   <div class='ocr_carea' id='block_1_90' title="bbox 1990 4310 3576 4384">
    <p class='ocr_par' dir='ltr' id='par_1_90' title="bbox 1990 4310 3576 4384">
     <span class='ocr_line' id='line_1_90' title="bbox 1990 4310 3576 4384; baseline -0.002 -13"><span class='ocrx_word' id='word_1_709' title='bbox 1990 4310 2148 4384; x_wconf 75' lang='lat' dir='ltr'><strong>citur,</strong></span> <span class='ocrx_word' id='word_1_710' title='bbox 2185 4310 2286 4384; x_wconf 79' lang='lat' dir='ltr'><strong>qua</strong></span> <span class='ocrx_word' id='word_1_711' title='bbox 2330 4317 2465 4368; x_wconf 87' lang='lat' dir='ltr'><strong>ltnnc</strong></span> <span class='ocrx_word' id='word_1_712' title='bbox 2496 4315 2663 4382; x_wconf 77' lang='lat' dir='ltr'><strong>ipsum</strong></span> <span class='ocrx_word' id='word_1_713' title='bbox 2695 4310 2975 4383; x_wconf 83' lang='lat' dir='ltr'><strong>epistolam</strong></span> <span class='ocrx_word' id='word_1_714' title='bbox 3022 4310 3077 4367; x_wconf 72' lang='grc' dir='ltr'><strong>ὃ.</strong></span> <span class='ocrx_word' id='word_1_715' title='bbox 3101 4310 3294 4384; x_wconf 38' lang='lat' dir='ltr'><strong>“Leoni</strong></span> <span class='ocrx_word' id='word_1_716' title='bbox 3341 4311 3576 4384; x_wconf 81' lang='lat' dir='ltr'><strong>vindice-</strong></span> 
     </span>
    </p>
   </div>
   <div class='ocr_carea' id='block_1_91' title="bbox 1992 4379 3578 4455">
    <p class='ocr_par' dir='ltr' id='par_1_91' title="bbox 1992 4379 3578 4455">
     <span class='ocr_line' id='line_1_91' title="bbox 1992 4379 3578 4455; baseline -0.003 -13"><span class='ocrx_word' id='word_1_717' title='bbox 1992 4395 2094 4443; x_wconf 88' lang='lat' dir='ltr'><strong>tur.</strong></span> <span class='ocrx_word' id='word_1_718' title='bbox 2137 4379 2154 4438; x_wconf 64' lang='grc' dir='ltr'><strong>ι</strong></span> <span class='ocrx_word' id='word_1_719' title='bbox 2191 4379 2558 4455; x_wconf 66' lang='lat' dir='ltr'><strong>Quesneuus.</strong></span> <span class='ocrx_word' id='word_1_720' title='bbox 2581 4415 2650 4424; x_wconf 89' lang='lat'><strong><em>—</em></strong></span> <span class='ocrx_word' id='word_1_721' title='bbox 2678 4379 2810 4439; x_wconf 81' lang='lat' dir='ltr'><strong>llinc</strong></span> <span class='ocrx_word' id='word_1_722' title='bbox 2840 4390 3017 4455; x_wconf 78' lang='lat' dir='ltr'><strong>autem</strong></span> <span class='ocrx_word' id='word_1_723' title='bbox 3049 4379 3255 4455; x_wconf 77' lang='lat' dir='ltr'><strong>edidit:</strong></span> <span class='ocrx_word' id='word_1_724' title='bbox 3279 4453 3289 4455; x_wconf 20' lang='lat'><em>4</em></span> <span class='ocrx_word' id='word_1_725' title='bbox 3315 4382 3394 4436; x_wconf 83' lang='lat' dir='ltr'><strong>Ad</strong></span> <span class='ocrx_word' id='word_1_726' title='bbox 3421 4384 3578 4438; x_wconf 83' lang='lat' dir='ltr'><strong>vitam</strong></span> 
     </span>
    </p>
   </div>
   <div class='ocr_carea' id='block_1_92' title="bbox 1990 4452 3578 4528">
    <p class='ocr_par' dir='ltr' id='par_1_92' title="bbox 1990 4452 3578 4528">
     <span class='ocr_line' id='line_1_92' title="bbox 1990 4452 3578 4528; baseline -0.004 -12"><span class='ocrx_word' id='word_1_727' title='bbox 1990 4452 2231 4516; x_wconf 64' lang='lat' dir='ltr'><strong>attentam</strong></span> <span class='ocrx_word' id='word_1_728' title='bbox 2263 4475 2352 4528; x_wconf 87' lang='lat' dir='ltr'><strong>per</strong></span> <span class='ocrx_word' id='word_1_729' title='bbox 2374 4467 2587 4528; x_wconf 85' lang='lat' dir='ltr'><strong>angusta</strong></span> <span class='ocrx_word' id='word_1_730' title='bbox 2610 4466 2656 4528; x_wconf 79' lang='lat' dir='ltr'><strong>et</strong></span> <span class='ocrx_word' id='word_1_731' title='bbox 2681 4456 2847 4510; x_wconf 84' lang='lat' dir='ltr'><strong>ardua</strong></span> <span class='ocrx_word' id='word_1_732' title='bbox 2865 4452 3094 4506; x_wconf 80' lang='lat' dir='ltr'><strong>enititur.</strong></span> <span class='ocrx_word' id='word_1_733' title='bbox 3128 4452 3236 4508; x_wconf 89' lang='lat' dir='ltr'><strong>Sed</strong></span> <span class='ocrx_word' id='word_1_734' title='bbox 3278 4453 3400 4510; x_wconf 90' lang='lat' dir='ltr'><strong>huic</strong></span> <span class='ocrx_word' id='word_1_735' title='bbox 3433 4456 3578 4528; x_wconf 82' lang='lat' dir='ltr'><strong>arbi-</strong></span> 
     </span>
    </p>
   </div>
   <div class='ocr_carea' id='block_1_93' title="bbox 1993 4517 3576 4585">
    <p class='ocr_par' dir='ltr' id='par_1_93' title="bbox 1993 4517 3576 4585">
     <span class='ocr_line' id='line_1_93' title="bbox 1993 4517 3576 4585; baseline -0.001 -2"><span class='ocrx_word' id='word_1_736' title='bbox 1993 4532 2169 4585; x_wconf 78' lang='lat' dir='ltr'><strong>trariae</strong></span> <span class='ocrx_word' id='word_1_737' title='bbox 2194 4517 2553 4584; x_wconf 79' lang='lat' dir='ltr'><strong>emendationi</strong></span> <span class='ocrx_word' id='word_1_738' title='bbox 2607 4527 2893 4583; x_wconf 88' lang='lat' dir='ltr'><strong>lectionem</strong></span> <span class='ocrx_word' id='word_1_739' title='bbox 2923 4533 3228 4580; x_wconf 87' lang='lat' dir='ltr'><strong>nostrorum</strong></span> <span class='ocrx_word' id='word_1_740' title='bbox 3268 4541 3396 4582; x_wconf 88' lang='lat' dir='ltr'><strong>mss.</strong></span> <span class='ocrx_word' id='word_1_741' title='bbox 3453 4527 3576 4582; x_wconf 73' lang='lat' dir='ltr'><strong>Vat.</strong></span> 
     </span>
    </p>
   </div>
   <div class='ocr_carea' id='block_1_94' title="bbox 289 4589 2830 4670">
    <p class='ocr_par' dir='ltr' id='par_1_94' title="bbox 289 4589 2830 4670">
     <span class='ocr_line' id='line_1_94' title="bbox 289 4589 2830 4670; baseline -0.004 -6"><span class='ocrx_word' id='word_1_742' title='bbox 289 4589 502 4664; x_wconf 50' lang='lat' dir='ltr'><strong>(satis;</strong></span> <span class='ocrx_word' id='word_1_743' title='bbox 525 4589 718 4662; x_wconf 75' lang='lat' dir='ltr'><strong>sensus</strong></span> <span class='ocrx_word' id='word_1_744' title='bbox 743 4589 1057 4670; x_wconf 69' lang='lat' dir='ltr'><strong>reluctatur,</strong></span> <span class='ocrx_word' id='word_1_745' title='bbox 1093 4605 1220 4658; x_wconf 84' lang='lat' dir='ltr'><strong>utin</strong></span> <span class='ocrx_word' id='word_1_746' title='bbox 1269 4589 1704 4659; x_wconf 80' lang='lat' dir='ltr'><strong>annotatiuncula</strong></span> <span class='ocrx_word' id='word_1_747' title='bbox 1758 4589 1882 4670; x_wconf 72' lang='lat' dir='ltr'><strong>pro-</strong></span> <span class='ocrx_word' id='word_1_748' title='bbox 1916 4589 1968 4649; x_wconf 81' lang='grc' dir='ltr'><strong>Ῑ)</strong></span> <span class='ocrx_word' id='word_1_749' title='bbox 1995 4603 2158 4656; x_wconf 71' lang='lat' dir='ltr'><strong>textui</strong></span> <span class='ocrx_word' id='word_1_750' title='bbox 2189 4602 2442 4656; x_wconf 83' lang='lat' dir='ltr'><strong>insertam</strong></span> <span class='ocrx_word' id='word_1_751' title='bbox 2476 4599 2830 4667; x_wconf 72' lang='lat' dir='ltr'><strong>prmtulimus.</strong></span> 
     </span>
    </p>
   </div>
   <div class='ocr_carea' id='block_1_95' title="bbox 289 4673 1886 4746">
    <p class='ocr_par' dir='ltr' id='par_1_95' title="bbox 289 4673 1886 4746">
     <span class='ocr_line' id='line_1_95' title="bbox 289 4673 1886 4746; baseline -0.006 -11"><span class='ocrx_word' id='word_1_752' title='bbox 289 4682 485 4736; x_wconf 79' lang='lat' dir='ltr'><strong>fessus</strong></span> <span class='ocrx_word' id='word_1_753' title='bbox 512 4687 627 4743; x_wconf 88' lang='lat' dir='ltr'><strong>est;</strong></span> <span class='ocrx_word' id='word_1_754' title='bbox 661 4685 714 4731; x_wconf 90' lang='lat' dir='ltr'><strong>et</strong></span> <span class='ocrx_word' id='word_1_755' title='bbox 736 4677 870 4731; x_wconf 86' lang='lat' dir='ltr'><strong>hanc</strong></span> <span class='ocrx_word' id='word_1_756' title='bbox 907 4678 1185 4732; x_wconf 87' lang='lat' dir='ltr'><strong>lectionem</strong></span> <span class='ocrx_word' id='word_1_757' title='bbox 1218 4686 1518 4746; x_wconf 86' lang='lat' dir='ltr'><strong>postremus</strong></span> <span class='ocrx_word' id='word_1_758' title='bbox 1549 4673 1725 4730; x_wconf 87' lang='lat' dir='ltr'><strong>editor</strong></span> <span class='ocrx_word' id='word_1_759' title='bbox 1757 4673 1886 4728; x_wconf 86' lang='lat' dir='ltr'><strong>Pro-</strong></span> 
     </span>
    </p>
   </div>
   <div class='ocr_carea' id='block_1_96' title="bbox 289 4746 1886 4830">
    <p class='ocr_par' dir='ltr' id='par_1_96' title="bbox 289 4746 1886 4830">
     <span class='ocr_line' id='line_1_96' title="bbox 289 4746 1886 4830; baseline -0.006 -23"><span class='ocrx_word' id='word_1_760' title='bbox 289 4748 459 4822; x_wconf 84' lang='lat' dir='ltr'><strong>speri</strong></span> <span class='ocrx_word' id='word_1_761' title='bbox 497 4749 751 4830; x_wconf 77' lang='lat' dir='ltr'><strong>suscepit.</strong></span> <span class='ocrx_word' id='word_1_762' title='bbox 783 4748 1108 4829; x_wconf 74' lang='lat' dir='ltr'><strong>Sedveratn</strong></span> <span class='ocrx_word' id='word_1_763' title='bbox 1153 4746 1418 4830; x_wconf 70' lang='lat' dir='ltr'><strong>lectionen</strong></span> <span class='ocrx_word' id='word_1_764' title='bbox 1468 4747 1726 4830; x_wconf 64' lang='lat' dir='ltr'><strong>poteritne,</strong></span> <span class='ocrx_word' id='word_1_765' title='bbox 1767 4759 1886 4816; x_wconf 66' lang='lat' dir='ltr'><strong>quae</strong></span> 
     </span>
    </p>
   </div>
   <div class='ocr_carea' id='block_1_97' title="bbox 288 4817 1884 4888">
    <p class='ocr_par' dir='ltr' id='par_1_97' title="bbox 288 4817 1884 4888">
     <span class='ocr_line' id='line_1_97' title="bbox 288 4817 1884 4888; baseline -0.006 -11"><span class='ocrx_word' id='word_1_766' title='bbox 288 4817 748 4877; x_wconf 79' lang='lat' dir='ltr'><strong>ahteccdentibus</strong></span> <span class='ocrx_word' id='word_1_767' title='bbox 770 4819 1000 4873; x_wconf 82' lang='lat' dir='ltr'><strong>maxime</strong></span> <span class='ocrx_word' id='word_1_768' title='bbox 1029 4819 1293 4888; x_wconf 74' lang='lat' dir='ltr'><strong>congruit,</strong></span> <span class='ocrx_word' id='word_1_769' title='bbox 1318 4817 1486 4872; x_wconf 85' lang='lat' dir='ltr'><strong>nostri</strong></span> <span class='ocrx_word' id='word_1_770' title='bbox 1517 4817 1730 4871; x_wconf 88' lang='lat' dir='ltr'><strong>codices</strong></span> <span class='ocrx_word' id='word_1_771' title='bbox 1761 4831 1884 4886; x_wconf 83' lang='lat' dir='ltr'><strong>sup-</strong></span> 
     </span>
    </p>
   </div>
   <div class='ocr_carea' id='block_1_98' title="bbox 289 4891 633 4965">
    <p class='ocr_par' dir='ltr' id='par_1_98' title="bbox 289 4891 633 4965">
     <span class='ocr_line' id='line_1_98' title="bbox 289 4891 633 4965; baseline -0.012 -17"><span class='ocrx_word' id='word_1_772' title='bbox 289 4891 633 4965; x_wconf 60' lang='lat' dir='ltr'><strong>peditarunt.</strong></span> 
     </span>
    </p>
   </div>
   <div class='ocr_carea' id='block_1_99' title="bbox 382 4959 1884 5028">
    <p class='ocr_par' dir='ltr' id='par_1_99' title="bbox 382 4959 1884 5028">
     <span class='ocr_line' id='line_1_99' title="bbox 382 4959 1884 5028; baseline -0.002 -14"><span class='ocrx_word' id='word_1_773' title='bbox 382 4960 410 4998; x_wconf 73' lang='grc' dir='ltr'><em>ά</em></span> <span class='ocrx_word' id='word_1_774' title='bbox 447 4979 466 5014; x_wconf 80' lang='lat' dir='ltr'><strong>t</strong></span> <span class='ocrx_word' id='word_1_775' title='bbox 502 4962 654 5017; x_wconf 87' lang='lat' dir='ltr'><strong>Prius</strong></span> <span class='ocrx_word' id='word_1_776' title='bbox 684 4962 754 5016; x_wconf 76' lang='lat' dir='ltr'><strong>ita</strong></span> <span class='ocrx_word' id='word_1_777' title='bbox 787 4959 977 5016; x_wconf 87' lang='lat' dir='ltr'><strong>lectum</strong></span> <span class='ocrx_word' id='word_1_778' title='bbox 1001 4968 1120 5016; x_wconf 86' lang='lat' dir='ltr'><strong>est:</strong></span> <span class='ocrx_word' id='word_1_779' title='bbox 1151 4960 1230 5014; x_wconf 81' lang='lat' dir='ltr'><strong>Ad</strong></span> <span class='ocrx_word' id='word_1_780' title='bbox 1259 4961 1414 5014; x_wconf 86' lang='lat' dir='ltr'><strong>vitam</strong></span> <span class='ocrx_word' id='word_1_781' title='bbox 1447 4970 1688 5014; x_wconf 71' lang='lat' dir='ltr'><strong>wternam</strong></span> <span class='ocrx_word' id='word_1_782' title='bbox 1723 4975 1884 5028; x_wconf 85' lang='lat' dir='ltr'><strong>angu-</strong></span> 
     </span>
    </p>
   </div>
   <div class='ocr_carea' id='block_1_100' title="bbox 288 5029 1899 5100">
    <p class='ocr_par' dir='ltr' id='par_1_100' title="bbox 288 5029 1899 5100">
     <span class='ocr_line' id='line_1_100' title="bbox 288 5029 1899 5100; baseline -0.004 -11"><span class='ocrx_word' id='word_1_783' title='bbox 288 5046 391 5090; x_wconf 85' lang='lat' dir='ltr'><strong>sta</strong></span> <span class='ocrx_word' id='word_1_784' title='bbox 417 5043 465 5086; x_wconf 90' lang='lat' dir='ltr'><strong>et</strong></span> <span class='ocrx_word' id='word_1_785' title='bbox 505 5035 668 5087; x_wconf 85' lang='lat' dir='ltr'><strong>ardua</strong></span> <span class='ocrx_word' id='word_1_786' title='bbox 711 5032 972 5097; x_wconf 87' lang='lat' dir='ltr'><strong>mittitur;</strong></span> <span class='ocrx_word' id='word_1_787' title='bbox 1007 5031 1056 5084; x_wconf 89' lang='lat' dir='ltr'><strong>in</strong></span> <span class='ocrx_word' id='word_1_788' title='bbox 1105 5030 1262 5100; x_wconf 86' lang='lat' dir='ltr'><strong>hujus</strong></span> <span class='ocrx_word' id='word_1_789' title='bbox 1294 5031 1492 5085; x_wconf 82' lang='lat' dir='ltr'><strong>ultima:</strong></span> <span class='ocrx_word' id='word_1_790' title='bbox 1522 5032 1665 5083; x_wconf 87' lang='lat' dir='ltr'><strong>vocis</strong></span> <span class='ocrx_word' id='word_1_791' title='bbox 1708 5029 1899 5083; x_wconf 70' lang='lat' dir='ltr'><strong>locum</strong></span> 
     </span>
    </p>
   </div>
   <div class='ocr_carea' id='block_1_101' title="bbox 290 5099 1879 5170">
    <p class='ocr_par' dir='ltr' id='par_1_101' title="bbox 290 5099 1879 5170">
     <span class='ocr_line' id='line_1_101' title="bbox 290 5099 1879 5170; baseline -0.006 -8"><span class='ocrx_word' id='word_1_792' title='bbox 290 5104 743 5162; x_wconf 84' lang='lat' dir='ltr'><strong>substituendum</strong></span> <span class='ocrx_word' id='word_1_793' title='bbox 773 5116 892 5157; x_wconf 84' lang='lat' dir='ltr'><strong>esse</strong></span> <span class='ocrx_word' id='word_1_794' title='bbox 922 5102 1126 5155; x_wconf 87' lang='lat' dir='ltr'><strong>enititur</strong></span> <span class='ocrx_word' id='word_1_795' title='bbox 1170 5099 1292 5155; x_wconf 81' lang='lat' dir='ltr'><strong>ante</strong></span> <span class='ocrx_word' id='word_1_796' title='bbox 1348 5116 1442 5156; x_wconf 93' lang='lat' dir='ltr'><strong>nos</strong></span> <span class='ocrx_word' id='word_1_797' title='bbox 1473 5099 1700 5170; x_wconf 77' lang='lat' dir='ltr'><strong>coniecit</strong></span> <span class='ocrx_word' id='word_1_798' title='bbox 1743 5115 1879 5154; x_wconf 88' lang='lat' dir='ltr'><strong>non-</strong></span> 
     </span>
    </p>
   </div>
   <div class='ocr_carea' id='block_1_102' title="bbox 291 5170 1879 5232">
    <p class='ocr_par' dir='ltr' id='par_1_102' title="bbox 291 5170 1879 5232">
     <span class='ocr_line' id='line_1_102' title="bbox 291 5170 1879 5232; baseline -0.004 -1"><span class='ocrx_word' id='word_1_799' title='bbox 291 5176 506 5232; x_wconf 86' lang='lat' dir='ltr'><strong>nullus.</strong></span> <span class='ocrx_word' id='word_1_800' title='bbox 531 5175 722 5229; x_wconf 83' lang='lat' dir='ltr'><strong>Petrus</strong></span> <span class='ocrx_word' id='word_1_801' title='bbox 763 5173 999 5227; x_wconf 83' lang='lat' dir='ltr'><strong>Nannius</strong></span> <span class='ocrx_word' id='word_1_802' title='bbox 1035 5172 1404 5226; x_wconf 82' lang='lat' dir='ltr'><strong>Alemarianus</strong></span> <span class='ocrx_word' id='word_1_803' title='bbox 1445 5172 1501 5226; x_wconf 90' lang='lat' dir='ltr'><strong>in</strong></span> <span class='ocrx_word' id='word_1_804' title='bbox 1547 5171 1765 5225; x_wconf 83' lang='lat' dir='ltr'><strong>scholiis</strong></span> <span class='ocrx_word' id='word_1_805' title='bbox 1814 5170 1879 5224; x_wconf 90' lang='lat' dir='ltr'><strong>ad</strong></span> 
     </span>
    </p>
   </div>
   <div class='ocr_carea' id='block_1_103' title="bbox 291 5242 1881 5312">
    <p class='ocr_par' dir='ltr' id='par_1_103' title="bbox 291 5242 1881 5312">
     <span class='ocr_line' id='line_1_103' title="bbox 291 5242 1881 5312; baseline -0.008 -6"><span class='ocrx_word' id='word_1_806' title='bbox 291 5250 368 5306; x_wconf 88' lang='lat' dir='ltr'><strong>S.</strong></span> <span class='ocrx_word' id='word_1_807' title='bbox 407 5247 744 5304; x_wconf 77' lang='lat' dir='ltr'><strong>Ambrosium</strong></span> <span class='ocrx_word' id='word_1_808' title='bbox 778 5245 996 5300; x_wconf 74' lang='lat' dir='ltr'><strong>Basilete</strong></span> <span class='ocrx_word' id='word_1_809' title='bbox 1016 5258 1103 5297; x_wconf 89' lang='lat' dir='ltr'><strong>an.</strong></span> <span class='ocrx_word' id='word_1_810' title='bbox 1139 5242 1272 5297; x_wconf 70' lang='lat' dir='ltr'><strong>i551</strong></span> <span class='ocrx_word' id='word_1_811' title='bbox 1305 5245 1530 5312; x_wconf 88' lang='lat' dir='ltr'><strong>primum</strong></span> <span class='ocrx_word' id='word_1_812' title='bbox 1576 5243 1758 5306; x_wconf 85' lang='lat' dir='ltr'><strong>editis,</strong></span> <span class='ocrx_word' id='word_1_813' title='bbox 1787 5257 1881 5310; x_wconf 89' lang='lat' dir='ltr'><strong>pu-</strong></span> 
     </span>
    </p>
   </div>
   <div class='ocr_carea' id='block_1_104' title="bbox 293 5315 1880 5398">
    <p class='ocr_par' dir='ltr' id='par_1_104' title="bbox 293 5315 1880 5398">
     <span class='ocr_line' id='line_1_104' title="bbox 293 5315 1880 5398; baseline -0.009 -21"><span class='ocrx_word' id='word_1_814' title='bbox 293 5331 390 5398; x_wconf 71' lang='lat' dir='ltr'><strong>tat</strong></span> <span class='ocrx_word' id='word_1_815' title='bbox 417 5319 468 5372; x_wconf 86' lang='lat' dir='ltr'><strong>in</strong></span> <span class='ocrx_word' id='word_1_816' title='bbox 495 5320 634 5398; x_wconf 76' lang='lat' dir='ltr'><strong>hunc</strong></span> <span class='ocrx_word' id='word_1_817' title='bbox 659 5315 871 5397; x_wconf 81' lang='lat' dir='ltr'><strong>modum</strong></span> <span class='ocrx_word' id='word_1_818' title='bbox 897 5328 1059 5398; x_wconf 40' lang='lat' dir='ltr'><strong>ppsse.</strong></span> <span class='ocrx_word' id='word_1_819' title='bbox 1081 5315 1301 5398; x_wconf 74' lang='lat' dir='ltr'><strong>corrigi,</strong></span> <span class='ocrx_word' id='word_1_820' title='bbox 1327 5331 1420 5385; x_wconf 86' lang='lat' dir='ltr'><strong>per</strong></span> <span class='ocrx_word' id='word_1_821' title='bbox 1461 5322 1680 5396; x_wconf 76' lang='lat' dir='ltr'><strong>angusta</strong></span> <span class='ocrx_word' id='word_1_822' title='bbox 1709 5323 1763 5393; x_wconf 42' lang='lat' dir='ltr'><strong>et.</strong></span> <span class='ocrx_word' id='word_1_823' title='bbox 1795 5329 1880 5364; x_wconf 85' lang='lat' dir='ltr'><strong>ar-</strong></span> 
     </span>
    </p>
   </div>
   <div class='ocr_carea' id='block_1_105' title="bbox 292 5383 1880 5456">
    <p class='ocr_par' dir='ltr' id='par_1_105' title="bbox 292 5383 1880 5456">
     <span class='ocr_line' id='line_1_105' title="bbox 292 5383 1880 5456; baseline -0.006 -11"><span class='ocrx_word' id='word_1_824' title='bbox 292 5394 419 5446; x_wconf 84' lang='lat' dir='ltr'><strong>dua</strong></span> <span class='ocrx_word' id='word_1_825' title='bbox 449 5389 599 5440; x_wconf 82' lang='lat' dir='ltr'><strong>mittit</strong></span> <span class='ocrx_word' id='word_1_826' title='bbox 624 5405 641 5452; x_wconf 89' lang='lat'><strong>;</strong></span> <span class='ocrx_word' id='word_1_827' title='bbox 674 5388 871 5456; x_wconf 88' lang='lat' dir='ltr'><strong>optime</strong></span> <span class='ocrx_word' id='word_1_828' title='bbox 897 5383 948 5440; x_wconf 87' lang='lat' dir='ltr'><strong>id</strong></span> <span class='ocrx_word' id='word_1_829' title='bbox 978 5385 1211 5456; x_wconf 75' lang='lat' dir='ltr'><strong>quidem,</strong></span> <span class='ocrx_word' id='word_1_830' title='bbox 1236 5383 1286 5438; x_wconf 17' lang='lat' dir='ltr'><strong>isi</strong></span> <span class='ocrx_word' id='word_1_831' title='bbox 1309 5383 1416 5456; x_wconf 4' lang='lat' dir='ltr'><strong>(pro</strong></span> <span class='ocrx_word' id='word_1_832' title='bbox 1442 5385 1594 5437; x_wconf 89' lang='lat' dir='ltr'><strong>mittit</strong></span> <span class='ocrx_word' id='word_1_833' title='bbox 1615 5383 1880 5456; x_wconf 79' lang='lat' dir='ltr'><strong>posuisset</strong></span> 
     </span>
    </p>
   </div>
   <div class='ocr_carea' id='block_1_106' title="bbox 295 5453 1877 5526">
    <p class='ocr_par' dir='ltr' id='par_1_106' title="bbox 295 5453 1877 5526">
     <span class='ocr_line' id='line_1_106' title="bbox 295 5453 1877 5526; baseline -0.006 -11"><span class='ocrx_word' id='word_1_834' title='bbox 295 5462 540 5515; x_wconf 72' lang='lat' dir='ltr'><strong>enititur.</strong></span> <span class='ocrx_word' id='word_1_835' title='bbox 573 5453 777 5514; x_wconf 84' lang='lat' dir='ltr'><strong>Similis</strong></span> <span class='ocrx_word' id='word_1_836' title='bbox 801 5453 1050 5526; x_wconf 83' lang='lat' dir='ltr'><strong>loquendi</strong></span> <span class='ocrx_word' id='word_1_837' title='bbox 1095 5455 1282 5510; x_wconf 76' lang='lat' dir='ltr'><strong>modus</strong></span> <span class='ocrx_word' id='word_1_838' title='bbox 1303 5455 1356 5509; x_wconf 90' lang='lat' dir='ltr'><strong>in</strong></span> <span class='ocrx_word' id='word_1_839' title='bbox 1403 5470 1566 5510; x_wconf 89' lang='lat' dir='ltr'><strong>serm.</strong></span> <span class='ocrx_word' id='word_1_840' title='bbox 1605 5453 1640 5506; x_wconf 75' lang='grc'><strong>2</strong></span> <span class='ocrx_word' id='word_1_841' title='bbox 1683 5455 1749 5509; x_wconf 88' lang='lat' dir='ltr'><strong>de</strong></span> <span class='ocrx_word' id='word_1_842' title='bbox 1778 5454 1877 5523; x_wconf 78' lang='lat' dir='ltr'><strong>Jej.</strong></span> 
     </span>
    </p>
   </div>
   <div class='ocr_carea' id='block_1_107' title="bbox 299 5527 1886 5600">
    <p class='ocr_par' dir='ltr' id='par_1_107' title="bbox 299 5527 1886 5600">
     <span class='ocr_line' id='line_1_107' title="bbox 299 5527 1886 5600; baseline -0.007 -12"><span class='ocrx_word' id='word_1_843' title='bbox 299 5535 533 5588; x_wconf 75' lang='lat' dir='ltr'><strong>Pent.c.</strong></span> <span class='ocrx_word' id='word_1_844' title='bbox 553 5533 602 5583; x_wconf 86' lang='lat' dir='ltr'><strong>l:</strong></span> <span class='ocrx_word' id='word_1_845' title='bbox 626 5529 763 5600; x_wconf 82' lang='lat' dir='ltr'><strong>Nam</strong></span> <span class='ocrx_word' id='word_1_846' title='bbox 787 5529 905 5600; x_wconf 77' lang='lat' dir='ltr'><strong>quia</strong></span> <span class='ocrx_word' id='word_1_847' title='bbox 916 5536 1132 5599; x_wconf 74' lang='lat' dir='ltr'><strong>angusta</strong></span> <span class='ocrx_word' id='word_1_848' title='bbox 1145 5537 1194 5600; x_wconf 79' lang='lat' dir='ltr'><strong>et</strong></span> <span class='ocrx_word' id='word_1_849' title='bbox 1209 5530 1373 5582; x_wconf 74' lang='lat' dir='ltr'><strong>ardua</strong></span> <span class='ocrx_word' id='word_1_850' title='bbox 1394 5527 1727 5591; x_wconf 81' lang='lat' dir='ltr'><strong>declinantes,</strong></span> <span class='ocrx_word' id='word_1_851' title='bbox 1749 5534 1855 5581; x_wconf 79' lang='lat' dir='ltr'><strong>etc.</strong></span> <span class='ocrx_word' id='word_1_852' title='bbox 1873 5567 1886 5589; x_wconf 93' lang='lat'><strong>,</strong></span> 
     </span>
    </p>
   </div>
   <div class='ocr_carea' id='block_1_108' title="bbox 293 5599 1884 5673">
    <p class='ocr_par' dir='ltr' id='par_1_108' title="bbox 293 5599 1884 5673">
     <span class='ocr_line' id='line_1_108' title="bbox 293 5599 1884 5673; baseline -0.004 -16"><span class='ocrx_word' id='word_1_853' title='bbox 293 5603 403 5673; x_wconf 87' lang='lat' dir='ltr'><strong>qui</strong></span> <span class='ocrx_word' id='word_1_854' title='bbox 446 5611 524 5657; x_wconf 88' lang='lat' dir='ltr'><strong>est</strong></span> <span class='ocrx_word' id='word_1_855' title='bbox 555 5599 742 5659; x_wconf 83' lang='lat' dir='ltr'><strong>Matth.</strong></span> <span class='ocrx_word' id='word_1_856' title='bbox 782 5599 882 5666; x_wconf 75' lang='lat' dir='ltr'><strong>tm,</strong></span> <span class='ocrx_word' id='word_1_857' title='bbox 915 5615 967 5673; x_wconf 83' lang='lat' dir='ltr'><strong>v.</strong></span> <span class='ocrx_word' id='word_1_858' title='bbox 1000 5600 1065 5673; x_wconf 58' lang='lat' dir='ltr'><strong>lt</strong></span> <span class='ocrx_word' id='word_1_859' title='bbox 1094 5615 1108 5673; x_wconf 92' lang='lat'><strong>:_</strong></span> <span class='ocrx_word' id='word_1_860' title='bbox 1159 5599 1324 5664; x_wconf 85' lang='lat' dir='ltr'><strong>Quam</strong></span> <span class='ocrx_word' id='word_1_861' title='bbox 1369 5606 1588 5673; x_wconf 81' lang='lat' dir='ltr'><strong>angusta</strong></span> <span class='ocrx_word' id='word_1_862' title='bbox 1634 5606 1782 5666; x_wconf 84' lang='lat' dir='ltr'><strong>porta</strong></span> <span class='ocrx_word' id='word_1_863' title='bbox 1812 5607 1884 5673; x_wconf 88' lang='lat' dir='ltr'><strong>_et</strong></span> 
     </span>
    </p>
   </div>
   <div class='ocr_carea' id='block_1_109' title="bbox 292 5670 1882 5742">
    <p class='ocr_par' dir='ltr' id='par_1_109' title="bbox 292 5670 1882 5742">
     <span class='ocr_line' id='line_1_109' title="bbox 292 5670 1882 5742; baseline -0.006 -13"><span class='ocrx_word' id='word_1_864' title='bbox 292 5670 454 5729; x_wconf 76' lang='lat' dir='ltr'><strong>circta</strong></span> <span class='ocrx_word' id='word_1_865' title='bbox 477 5673 560 5726; x_wconf 82' lang='lat' dir='ltr'><strong>via</strong></span> <span class='ocrx_word' id='word_1_866' title='bbox 589 5680 659 5726; x_wconf 79' lang='lat' dir='ltr'><strong>est</strong></span> <span class='ocrx_word' id='word_1_867' title='bbox 687 5687 800 5742; x_wconf 75' lang='lat' dir='ltr'><strong>qua:</strong></span> <span class='ocrx_word' id='word_1_868' title='bbox 816 5671 954 5724; x_wconf 82' lang='lat' dir='ltr'><strong>ducit</strong></span> <span class='ocrx_word' id='word_1_869' title='bbox 973 5670 1039 5742; x_wconf 76' lang='lat' dir='ltr'><strong>ad</strong></span> <span class='ocrx_word' id='word_1_870' title='bbox 1065 5671 1218 5722; x_wconf 64' lang='lat' dir='ltr'><strong>unum</strong></span> <span class='ocrx_word' id='word_1_871' title='bbox 1241 5687 1259 5735; x_wconf 89' lang='lat'><strong>;</strong></span> <span class='ocrx_word' id='word_1_872' title='bbox 1285 5686 1441 5738; x_wconf 88' lang='lat' dir='ltr'><strong>quem</strong></span> <span class='ocrx_word' id='word_1_873' title='bbox 1472 5671 1580 5724; x_wconf 85' lang='lat' dir='ltr'><strong>Leo</strong></span> <span class='ocrx_word' id='word_1_874' title='bbox 1601 5678 1780 5724; x_wconf 88' lang='lat' dir='ltr'><strong>noster</strong></span> <span class='ocrx_word' id='word_1_875' title='bbox 1811 5671 1882 5742; x_wconf 82' lang='lat' dir='ltr'><strong>ita</strong></span> 
     </span>
    </p>
   </div>
   <div class='ocr_carea' id='block_1_110' title="bbox 293 5741 1883 5815">
    <p class='ocr_par' dir='ltr' id='par_1_110' title="bbox 293 5741 1883 5815">
     <span class='ocr_line' id='line_1_110' title="bbox 293 5741 1883 5815; baseline -0.008 -12"><span class='ocrx_word' id='word_1_876' title='bbox 293 5758 527 5815; x_wconf 68' lang='lat' dir='ltr'><strong>semper</strong></span> <span class='ocrx_word' id='word_1_877' title='bbox 551 5741 902 5815; x_wconf 55' lang='lat' dir='ltr'><strong>représentat</strong></span> <span class='ocrx_word' id='word_1_878' title='bbox 925 5759 942 5796; x_wconf 85' lang='lat' dir='ltr'><strong>t</strong></span> <span class='ocrx_word' id='word_1_879' title='bbox 969 5741 1204 5812; x_wconf 69' lang='lat' dir='ltr'><strong>Angusta</strong></span> <span class='ocrx_word' id='word_1_880' title='bbox 1226 5751 1274 5795; x_wconf 82' lang='lat' dir='ltr'><strong>et</strong></span> <span class='ocrx_word' id='word_1_881' title='bbox 1293 5742 1459 5796; x_wconf 79' lang='lat' dir='ltr'><strong>ardua</strong></span> <span class='ocrx_word' id='word_1_882' title='bbox 1484 5744 1564 5796; x_wconf 81' lang='lat' dir='ltr'><strong>via</strong></span> <span class='ocrx_word' id='word_1_883' title='bbox 1590 5757 1703 5810; x_wconf 65' lang='lat' dir='ltr'><strong>quae</strong></span> <span class='ocrx_word' id='word_1_884' title='bbox 1745 5741 1883 5793; x_wconf 82' lang='lat' dir='ltr'><strong>ducit</strong></span> 
     </span>
    </p>
   </div>
   <div class='ocr_carea' id='block_1_111' title="bbox 2069 4668 3579 4740">
    <p class='ocr_par' dir='ltr' id='par_1_111' title="bbox 2069 4668 3579 4740">
     <span class='ocr_line' id='line_1_111' title="bbox 2069 4668 3579 4740; baseline -0.003 -12"><span class='ocrx_word' id='word_1_885' title='bbox 2069 4684 2090 4711; x_wconf 74' lang='grc' dir='ltr'><strong>ο</strong></span> <span class='ocrx_word' id='word_1_886' title='bbox 2123 4673 2260 4728; x_wconf 88' lang='lat' dir='ltr'><strong>Editi</strong></span> <span class='ocrx_word' id='word_1_887' title='bbox 2297 4692 2308 4728; x_wconf 91' lang='lat'>:</span> <span class='ocrx_word' id='word_1_888' title='bbox 2343 4673 2501 4740; x_wconf 76' lang='lat' dir='ltr'><strong>Quasi</strong></span> <span class='ocrx_word' id='word_1_889' title='bbox 2531 4682 2692 4736; x_wconf 85' lang='lat' dir='ltr'><strong>tunc;</strong></span> <span class='ocrx_word' id='word_1_890' title='bbox 2741 4681 2794 4726; x_wconf 89' lang='lat' dir='ltr'><strong>et</strong></span> <span class='ocrx_word' id='word_1_891' title='bbox 2824 4683 2941 4737; x_wconf 85' lang='lat' dir='ltr'><strong>post</strong></span> <span class='ocrx_word' id='word_1_892' title='bbox 2985 4671 3237 4728; x_wconf 87' lang='lat' dir='ltr'><strong>nonnulla</strong></span> <span class='ocrx_word' id='word_1_893' title='bbox 3260 4668 3579 4736; x_wconf 86' lang='lat' dir='ltr'><strong>Quesnellus</strong></span> 
     </span>
    </p>
   </div>
   <div class='ocr_carea' id='block_1_112' title="bbox 1992 4741 3574 4812">
    <p class='ocr_par' dir='ltr' id='par_1_112' title="bbox 1992 4741 3574 4812">
     <span class='ocr_line' id='line_1_112' title="bbox 1992 4741 3574 4812; baseline -0.003 -13"><span class='ocrx_word' id='word_1_894' title='bbox 1992 4754 2115 4800; x_wconf 85' lang='lat' dir='ltr'><strong>ante</strong></span> <span class='ocrx_word' id='word_1_895' title='bbox 2143 4761 2296 4799; x_wconf 82' lang='lat' dir='ltr'><strong>voces</strong></span> <span class='ocrx_word' id='word_1_896' title='bbox 2326 4748 2392 4797; x_wconf 84' lang='lat' dir='ltr'><strong>ad</strong></span> <span class='ocrx_word' id='word_1_897' title='bbox 2422 4745 2692 4812; x_wconf 81' lang='lat' dir='ltr'><strong>imaginem</strong></span> <span class='ocrx_word' id='word_1_898' title='bbox 2714 4742 2948 4797; x_wconf 84' lang='lat' dir='ltr'><strong>elationis</strong></span> <span class='ocrx_word' id='word_1_899' title='bbox 2976 4744 3179 4798; x_wconf 84' lang='lat' dir='ltr'><strong>addidit</strong></span> <span class='ocrx_word' id='word_1_900' title='bbox 3213 4751 3320 4804; x_wconf 86' lang='lat' dir='ltr'><strong>aut,</strong></span> <span class='ocrx_word' id='word_1_901' title='bbox 3351 4741 3494 4810; x_wconf 89' lang='lat' dir='ltr'><strong>quod</strong></span> <span class='ocrx_word' id='word_1_902' title='bbox 3523 4743 3574 4795; x_wconf 87' lang='lat' dir='ltr'><strong>itt</strong></span> 
     </span>
    </p>
   </div>
   <div class='ocr_carea' id='block_1_113' title="bbox 1992 4813 3571 4880">
    <p class='ocr_par' dir='ltr' id='par_1_113' title="bbox 1992 4813 3571 4880">
     <span class='ocr_line' id='line_1_113' title="bbox 1992 4813 3571 4880; baseline -0.004 -10"><span class='ocrx_word' id='word_1_903' title='bbox 1992 4815 2150 4870; x_wconf 88' lang='lat' dir='ltr'><strong>editis</strong></span> <span class='ocrx_word' id='word_1_904' title='bbox 2179 4815 2383 4871; x_wconf 83' lang='lat' dir='ltr'><strong>deerat.</strong></span> <span class='ocrx_word' id='word_1_905' title='bbox 2417 4815 2652 4880; x_wconf 85' lang='lat' dir='ltr'><strong>Utroque</strong></span> <span class='ocrx_word' id='word_1_906' title='bbox 2680 4822 2856 4868; x_wconf 86' lang='lat' dir='ltr'><strong>autem</strong></span> <span class='ocrx_word' id='word_1_907' title='bbox 2891 4815 3050 4870; x_wconf 89' lang='lat' dir='ltr'><strong>modo</strong></span> <span class='ocrx_word' id='word_1_908' title='bbox 3089 4813 3250 4870; x_wconf 88' lang='lat' dir='ltr'><strong>lectio</strong></span> <span class='ocrx_word' id='word_1_909' title='bbox 3295 4820 3571 4880; x_wconf 83' lang='lat' dir='ltr'><strong>corrupta,</strong></span> 
     </span>
    </p>
   </div>
   <div class='ocr_carea' id='block_1_114' title="bbox 1990 4882 3565 4956">
    <p class='ocr_par' dir='ltr' id='par_1_114' title="bbox 1990 4882 3565 4956">
     <span class='ocr_line' id='line_1_114' title="bbox 1990 4882 3565 4956; baseline -0.004 -14"><span class='ocrx_word' id='word_1_910' title='bbox 1990 4886 2058 4942; x_wconf 86' lang='lat' dir='ltr'><strong>de</strong></span> <span class='ocrx_word' id='word_1_911' title='bbox 2079 4902 2182 4956; x_wconf 90' lang='lat' dir='ltr'><strong>qua</strong></span> <span class='ocrx_word' id='word_1_912' title='bbox 2214 4888 2544 4956; x_wconf 82' lang='lat' dir='ltr'><strong>novissimus</strong></span> <span class='ocrx_word' id='word_1_913' title='bbox 2567 4884 2818 4952; x_wconf 86' lang='lat' dir='ltr'><strong>Prosperi</strong></span> <span class='ocrx_word' id='word_1_914' title='bbox 2847 4887 3024 4942; x_wconf 89' lang='lat' dir='ltr'><strong>editor</strong></span> <span class='ocrx_word' id='word_1_915' title='bbox 3047 4883 3285 4941; x_wconf 87' lang='lat' dir='ltr'><strong>nonnihil</strong></span> <span class='ocrx_word' id='word_1_916' title='bbox 3308 4882 3565 4950; x_wconf 75' lang='lat' dir='ltr'><strong>coniecit;</strong></span> 
     </span>
    </p>
   </div>
   <div class='ocr_carea' id='block_1_115' title="bbox 1991 4955 3570 5020">
    <p class='ocr_par' dir='ltr' id='par_1_115' title="bbox 1991 4955 3570 5020">
     <span class='ocr_line' id='line_1_115' title="bbox 1991 4955 3570 5020; baseline -0.004 -8"><span class='ocrx_word' id='word_1_917' title='bbox 1991 4955 2385 5012; x_wconf 29' lang='lat' dir='ltr'><strong>sed’codicibus</strong></span> <span class='ocrx_word' id='word_1_918' title='bbox 2415 4955 2720 5018; x_wconf 85' lang='lat' dir='ltr'><strong>destitutus,</strong></span> <span class='ocrx_word' id='word_1_919' title='bbox 2747 4958 3016 5020; x_wconf 80' lang='lat' dir='ltr'><strong>Qttesnelli</strong></span> <span class='ocrx_word' id='word_1_920' title='bbox 3051 4957 3331 5012; x_wconf 78' lang='lat' dir='ltr'><strong>lectionem</strong></span> <span class='ocrx_word' id='word_1_921' title='bbox 3353 4961 3570 5007; x_wconf 88' lang='lat' dir='ltr'><strong>secutus</strong></span> 
     </span>
    </p>
   </div>
   <div class='ocr_carea' id='block_1_116' title="bbox 1992 5025 3436 5094">
    <p class='ocr_par' dir='ltr' id='par_1_116' title="bbox 1992 5025 3436 5094">
     <span class='ocr_line' id='line_1_116' title="bbox 1992 5025 3436 5094; baseline -0.007 -10"><span class='ocrx_word' id='word_1_922' title='bbox 1992 5037 2092 5084; x_wconf 89' lang='lat' dir='ltr'><strong>est.</strong></span> <span class='ocrx_word' id='word_1_923' title='bbox 2122 5028 2299 5083; x_wconf 84' lang='lat' dir='ltr'><strong>Nostri</strong></span> <span class='ocrx_word' id='word_1_924' title='bbox 2328 5027 2542 5082; x_wconf 87' lang='lat' dir='ltr'><strong>codices</strong></span> <span class='ocrx_word' id='word_1_925' title='bbox 2566 5041 2743 5080; x_wconf 65' lang='lat' dir='ltr'><strong>verum</strong></span> <span class='ocrx_word' id='word_1_926' title='bbox 2775 5025 3054 5083; x_wconf 83' lang='lat' dir='ltr'><strong>lectionem</strong></span> <span class='ocrx_word' id='word_1_927' title='bbox 3079 5026 3436 5094; x_wconf 72' lang='lat' dir='ltr'><strong>praebuerunt.</strong></span> 
     </span>
    </p>
   </div>
   <div class='ocr_carea' id='block_1_117' title="bbox 2065 5091 3562 5167">
    <p class='ocr_par' dir='ltr' id='par_1_117' title="bbox 2065 5091 3562 5167">
     <span class='ocr_line' id='line_1_117' title="bbox 2065 5091 3562 5167; baseline -0.006 -14"><span class='ocrx_word' id='word_1_928' title='bbox 2065 5096 2084 5136; x_wconf 72' lang='grc' dir='ltr'>ί</span> <span class='ocrx_word' id='word_1_929' title='bbox 2111 5098 2188 5153; x_wconf 90' lang='lat' dir='ltr'><strong>Ob</strong></span> <span class='ocrx_word' id='word_1_930' title='bbox 2219 5109 2520 5167; x_wconf 89' lang='lat' dir='ltr'><strong>corruptam</strong></span> <span class='ocrx_word' id='word_1_931' title='bbox 2554 5096 2832 5151; x_wconf 83' lang='lat' dir='ltr'><strong>lcetioncm</strong></span> <span class='ocrx_word' id='word_1_932' title='bbox 2863 5099 3023 5164; x_wconf 85' lang='lat' dir='ltr'><strong>Quasi</strong></span> <span class='ocrx_word' id='word_1_933' title='bbox 3061 5091 3379 5167; x_wconf 85' lang='lat' dir='ltr'><strong>Quesnellus</strong></span> <span class='ocrx_word' id='word_1_934' title='bbox 3411 5091 3562 5167; x_wconf 77' lang='lat' dir='ltr'><strong>addi-</strong></span> 
     </span>
    </p>
   </div>
   <div class='ocr_carea' id='block_1_118' title="bbox 1988 5163 3559 5232">
    <p class='ocr_par' dir='ltr' id='par_1_118' title="bbox 1988 5163 3559 5232">
     <span class='ocr_line' id='line_1_118' title="bbox 1988 5163 3559 5232; baseline -0.005 -8"><span class='ocrx_word' id='word_1_935' title='bbox 1988 5169 2198 5232; x_wconf 79' lang='lat' dir='ltr'><strong>ditant,</strong></span> <span class='ocrx_word' id='word_1_936' title='bbox 2224 5179 2280 5223; x_wconf 92' lang='lat' dir='ltr'><strong>ut</strong></span> <span class='ocrx_word' id='word_1_937' title='bbox 2304 5163 2640 5224; x_wconf 79' lang='lat' dir='ltr'><strong>antecedenti</strong></span> <span class='ocrx_word' id='word_1_938' title='bbox 2685 5163 3030 5223; x_wconf 84' lang='lat' dir='ltr'><strong>annotatiune</strong></span> <span class='ocrx_word' id='word_1_939' title='bbox 3071 5165 3394 5222; x_wconf 86' lang='lat' dir='ltr'><strong>monuimus.</strong></span> <span class='ocrx_word' id='word_1_940' title='bbox 3428 5163 3559 5218; x_wconf 72' lang='lat' dir='ltr'><strong>Vera</strong></span> 
     </span>
    </p>
   </div>
   <div class='ocr_carea' id='block_1_119' title="bbox 1986 5232 3566 5313">
    <p class='ocr_par' dir='ltr' id='par_1_119' title="bbox 1986 5232 3566 5313">
     <span class='ocr_line' id='line_1_119' title="bbox 1986 5232 3566 5313; baseline -0.006 -17"><span class='ocrx_word' id='word_1_941' title='bbox 1986 5250 2168 5313; x_wconf 83' lang='lat' dir='ltr'><strong>autem</strong></span> <span class='ocrx_word' id='word_1_942' title='bbox 2201 5240 2428 5296; x_wconf 89' lang='lat' dir='ltr'><strong>lectione</strong></span> <span class='ocrx_word' id='word_1_943' title='bbox 2451 5239 2664 5294; x_wconf 83' lang='lat' dir='ltr'><strong>indueta</strong></span> <span class='ocrx_word' id='word_1_944' title='bbox 2687 5249 2993 5313; x_wconf 81' lang='lat' dir='ltr'><strong>nostrorum</strong></span> <span class='ocrx_word' id='word_1_945' title='bbox 3023 5252 3155 5292; x_wconf 86' lang='lat' dir='ltr'><strong>mss.</strong></span> <span class='ocrx_word' id='word_1_946' title='bbox 3177 5233 3444 5313; x_wconf 45' lang='lat' dir='ltr'><strong>praesidio,</strong></span> <span class='ocrx_word' id='word_1_947' title='bbox 3465 5232 3566 5286; x_wconf 88' lang='lat' dir='ltr'><strong>hoc</strong></span> 
     </span>
    </p>
   </div>
   <div class='ocr_carea' id='block_1_120' title="bbox 1987 5304 3566 5377">
    <p class='ocr_par' dir='ltr' id='par_1_120' title="bbox 1987 5304 3566 5377">
     <span class='ocr_line' id='line_1_120' title="bbox 1987 5304 3566 5377; baseline -0.006 -11"><span class='ocrx_word' id='word_1_948' title='bbox 1987 5312 2349 5367; x_wconf 85' lang='lat' dir='ltr'><strong>additamento</strong></span> <span class='ocrx_word' id='word_1_949' title='bbox 2397 5326 2529 5377; x_wconf 88' lang='lat' dir='ltr'><strong>opus</strong></span> <span class='ocrx_word' id='word_1_950' title='bbox 2582 5323 2686 5363; x_wconf 91' lang='lat' dir='ltr'><strong>non</strong></span> <span class='ocrx_word' id='word_1_951' title='bbox 2729 5318 2829 5364; x_wconf 88' lang='lat' dir='ltr'><strong>est.</strong></span> <span class='ocrx_word' id='word_1_952' title='bbox 2878 5311 2998 5364; x_wconf 81' lang='lat' dir='ltr'><strong>Mox</strong></span> <span class='ocrx_word' id='word_1_953' title='bbox 3060 5304 3455 5372; x_wconf 78' lang='lat' dir='ltr'><strong>tentationisqne</strong></span> <span class='ocrx_word' id='word_1_954' title='bbox 3503 5318 3566 5358; x_wconf 79' lang='lat' dir='ltr'><strong>ex</strong></span> 
     </span>
    </p>
   </div>
   <div class='ocr_carea' id='block_1_121' title="bbox 1989 5380 2696 5438">
    <p class='ocr_par' dir='ltr' id='par_1_121' title="bbox 1989 5380 2696 5438">
     <span class='ocr_line' id='line_1_121' title="bbox 1989 5380 2696 5438; baseline -0.006 -3"><span class='ocrx_word' id='word_1_955' title='bbox 1989 5381 2178 5438; x_wconf 88' lang='lat' dir='ltr'><strong>iisdem</strong></span> <span class='ocrx_word' id='word_1_956' title='bbox 2207 5398 2335 5436; x_wconf 77' lang='lat' dir='ltr'><strong>mss.</strong></span> <span class='ocrx_word' id='word_1_957' title='bbox 2371 5380 2696 5435; x_wconf 79' lang='lat' dir='ltr'><strong>addidimus.</strong></span> 
     </span>
    </p>
   </div>
   <div class='ocr_carea' id='block_1_122' title="bbox 2061 5443 3565 5522">
    <p class='ocr_par' dir='ltr' id='par_1_122' title="bbox 2061 5443 3565 5522">
     <span class='ocr_line' id='line_1_122' title="bbox 2061 5443 3565 5522; baseline -0.005 -15"><span class='ocrx_word' id='word_1_958' title='bbox 2061 5462 2084 5498; x_wconf 72' lang='grc' dir='ltr'><strong>α</strong></span> <span class='ocrx_word' id='word_1_959' title='bbox 2111 5453 2332 5519; x_wconf 87' lang='lat' dir='ltr'><strong>Quesn.,</strong></span> <span class='ocrx_word' id='word_1_960' title='bbox 2362 5463 2408 5506; x_wconf 87' lang='lat' dir='ltr'><strong>et</strong></span> <span class='ocrx_word' id='word_1_961' title='bbox 2438 5451 2719 5522; x_wconf 79' lang='lat' dir='ltr'><strong>Opulentia.</strong></span> <span class='ocrx_word' id='word_1_962' title='bbox 2754 5449 3095 5505; x_wconf 78' lang='lat' dir='ltr'><strong>Corresimus</strong></span> <span class='ocrx_word' id='word_1_963' title='bbox 3131 5463 3202 5503; x_wconf 77' lang='lat' dir='ltr'><strong>ex</strong></span> <span class='ocrx_word' id='word_1_964' title='bbox 3247 5443 3406 5501; x_wconf 83' lang='lat' dir='ltr'><strong>editis</strong></span> <span class='ocrx_word' id='word_1_965' title='bbox 3438 5444 3565 5499; x_wconf 84' lang='lat' dir='ltr'><strong>Pro-</strong></span> 
     </span>
    </p>
   </div>
   <div class='ocr_carea' id='block_1_123' title="bbox 1987 5520 2785 5594">
    <p class='ocr_par' dir='ltr' id='par_1_123' title="bbox 1987 5520 2785 5594">
     <span class='ocr_line' id='line_1_123' title="bbox 1987 5520 2785 5594; baseline -0.009 -15"><span class='ocrx_word' id='word_1_966' title='bbox 1987 5527 2129 5594; x_wconf 87' lang='lat' dir='ltr'><strong>speri</strong></span> <span class='ocrx_word' id='word_1_967' title='bbox 2161 5520 2785 5594; x_wconf 69' lang='lat' dir='ltr'><strong>nostrisquecodicibus.</strong></span> 
     </span>
    </p>
   </div>
   <div class='ocr_carea' id='block_1_124' title="bbox 2062 5587 3558 5649">
    <p class='ocr_par' dir='ltr' id='par_1_124' title="bbox 2062 5587 3558 5649">
     <span class='ocr_line' id='line_1_124' title="bbox 2062 5587 3558 5649; baseline -0.005 -1"><span class='ocrx_word' id='word_1_968' title='bbox 2062 5594 2086 5629; x_wconf 64' lang='grc' dir='ltr'>δ</span> <span class='ocrx_word' id='word_1_969' title='bbox 2120 5595 2266 5649; x_wconf 71' lang='lat' dir='ltr'><strong>ltztes</strong></span> <span class='ocrx_word' id='word_1_970' title='bbox 2289 5587 2414 5648; x_wconf 74' lang='lat' dir='ltr'><strong>mss.</strong></span> <span class='ocrx_word' id='word_1_971' title='bbox 2444 5593 2562 5647; x_wconf 86' lang='lat' dir='ltr'><strong>Vat.</strong></span> <span class='ocrx_word' id='word_1_972' title='bbox 2591 5591 2757 5644; x_wconf 64' lang='lat' dir='ltr'><strong>Etliti:</strong></span> <span class='ocrx_word' id='word_1_973' title='bbox 2794 5589 2859 5641; x_wconf 76' lang='lat' dir='ltr'><strong>Ut</strong></span> <span class='ocrx_word' id='word_1_974' title='bbox 2906 5590 3257 5644; x_wconf 69' lang='lat' dir='ltr'><strong>errlesiusticw</strong></span> <span class='ocrx_word' id='word_1_975' title='bbox 3285 5587 3558 5647; x_wconf 86' lang='lat' dir='ltr'><strong>utilitati...</strong></span> 
     </span>
    </p>
   </div>
   <div class='ocr_carea' id='block_1_125' title="bbox 1988 5665 2324 5737">
    <p class='ocr_par' dir='ltr' id='par_1_125' title="bbox 1988 5665 2324 5737">
     <span class='ocr_line' id='line_1_125' title="bbox 1988 5665 2324 5737; baseline 0.009 -20"><span class='ocrx_word' id='word_1_976' title='bbox 1988 5665 2324 5737; x_wconf 76' lang='lat' dir='ltr'><strong>famulentur.</strong></span> 
     </span>
    </p>
   </div>
  </div>
