4018 6314
481 379 588 441 167

1447 357 1679 416 OPERA
1716 355 1776 413 S.
1818 352 2021 411 ΗΕΘΜ
2058 352 2295 412 MAGNO
2335 350 2757 410 ATT-RIBUTA.

3654 353 3773 409 168

485 486 691 542 cientes
714 486 774 537 ut
797 478 850 535 in
874 475 1123 534 domibus
1162 475 1401 546 ipsorum
1447 474 1548 528 sub
1586 471 1732 542 justo
1780 480 2072 536 sanctoque
2102 473 2145 529 Α
2178 469 2506 538 prudentium
2538 464 2837 535 reprobabo.
2870 464 2968 520 Ubi
2995 466 3249 535 sapiens?
3293 467 3377 521 ubi
3425 466 3638 522 sm'ba?
3684 468 3774 523 ubi

486 574 854 632 moderamine
870 585 1061 626 omnes
1088 577 1142 624 et
1168 566 1467 636 benignitas
1493 565 1688 627 foveat,
1712 572 1764 618 et
1794 560 2072 629 disciplina

487 668 763 726 Contineat
790 684 801 719 :
833 664 1047 720 dicente
1068 661 1329 730 Apostolo
1359 676 1373 712 :
1404 657 1464 713 Si
1489 657 1600 726 quis
1645 668 1812 710 autem
1838 669 2071 721 suarum,

489 769 537 814 et
566 759 728 831 266
748 757 967 811 maxime
998 753 1393 808 domesticorum
1442 763 1619 801 curam
1674 762 1774 800 non
1814 744 1984 806 habet,
2015 743 2078 811 ﬁ-

489 854 605 907 dem
632 854 850 921 nrgavit,
881 858 927 903 et
953 858 1024 903 est
1046 846 1243 913 inﬁdeli
1275 844 1494 898 deterior
1522 842 1564 913 (I
1591 840 1724 896 Tim.
1749 856 1801 904 v,
1827 838 1907 910 8).

560 943 698 997 CAP.
726 941 812 996 VI.
845 940 1030 995 Omnes
1052 948 1255 994 sanctos
1299 934 1547 989 Ecclesia:
1578 934 1716 1004 ﬁlios
1754 931 1871 987 aliis
1930 929 2079 984 rebus

494 1036 745 1104 dispares,
785 1035 897 1087 sola
935 1032 1222 1085 humilitate
1266 1043 1416 1097 pares
1459 1026 1850 1097 Misi—Cum
1901 1023 2080 1092 itaque

492 1126 736 1183 Eccle~ia
766 1125 881 1190 Dei,
915 1139 1033 1195 quae
1054 1132 1138 1179 est
1164 1136 1361 1191 corpus
1384 1118 1609 1183 ChriSti,
1650 1118 1723 1172 ita
1771 1118 1843 1171 sit
1888 1116 2076 1170 multi-

492 1223 647 1277 moda
675 1218 931 1274 varietate
960 1224 1233 1279 contexta,
1267 1222 1325 1266 ut
1356 1212 1409 1267 in
1437 1225 1598 1265 unum
1632 1208 1881 1263 decorem
1910 1207 2073 1261 etiam

493 1329 612 1385 qum
641 1326 747 1367 non
780 1318 903 1365 sunt
935 1308 1080 1379 paria
1105 1314 1451 1370 concurrant,
1485 1311 1539 1357 et
1579 1301 1645 1356 de
1689 1300 1834 1354 omni
1879 1312 2079 1369 genere

497 1404 795 1465 hominum,
824 1403 889 1455 de
914 1399 1061 1455 omni
1093 1398 1260 1468 gradu
1290 1396 1611 1459 oftlciorum,
1643 1392 1711 1446 de
1760 1390 1905 1446 omni
1925 1404 2079 1444 men-

496 1515 619 1554 sura
644 1511 894 1567 operum,
925 1494 993 1549 de
1024 1492 1171 1547 omni
1194 1490 1451 1560 qualitate
1494 1493 1753 1542 virtutum
1786 1485 1873 1539 ﬁat
1920 1484 2085 1537 totius

492 1596 865 1653 mdiﬁcationis
916 1589 1287 1658 inseparabilis
1339 1587 1603 1642 connexio
1656 1591 1710 1636 et
1769 1577 2084 1634 indifferens

494 1687 857 1761 pulchritudo,
892 1700 990 1739 nec
1012 1684 1149 1738 desit
1201 1678 1455 1734 soliditati
1502 1675 1644 1747 quod
1693 1688 1796 1729 non
1852 1671 2084 1725 defuerit

496 1781 753 1854 portioni,
788 1788 1037 1847 tantaque
1070 1774 1141 1828 ibi
1185 1775 1252 1825 sit
1278 1786 1375 1839 pax
1427 1778 1678 1837 tantaque
1711 1762 1997 1819 concordia
2028 1767 2085 1814 ut

2179 561 2491 628 conquisitor
2522 561 2672 631 hujus
2702 560 2924 614 saculi?
2978 558 3166 615 Nonne
3197 562 3410 614 stultam
3460 561 3577 631 fecit
3625 558 3773 613 Deus

2179 656 2482 725 sapientium
2509 653 2665 724 hujus
2705 654 2885 706 mundi
2934 652 2977 725 (l
3014 655 3134 709 Cor.
3190 669 3229 724 ι,
3276 652 3412 724 l9)?
3460 654 3774 709 Secundum

2179 764 2362 819 quam,
2414 748 2547 801 sicut
2580 747 2650 800 ait
2679 746 2991 815 Apostolus,
3019 748 3236 813 qttidam
3268 763 3386 803 cum
3417 748 3777 817 cognouissent

2182 842 2371 906 Deum,
2398 857 2499 894 non
2522 842 2655 917 sicut
2678 839 2842 893 Deum
2864 840 3294 911 gloriﬁcauerunt,
3312 850 3402 894 aut
3432 842 3631 913 gratias
3655 857 3776 911 ege-

2181 942 2341 999 runt;
2367 932 2455 986 sed
2474 940 2784 987 evanuerunt
2814 932 2865 984 in
2896 932 3286 1004 cogitationibus
3309 934 3438 997 suis,
3488 941 3537 986 et
3582 932 3775 987 obscu-

2182 1035 2350 1082 ratum
2388 1035 2461 1081 est
2488 1042 2576 1080 cor
2603 1028 2851 1093 insipiens
2882 1043 3076 1081 eorum.
3106 1027 3338 1082 Dicentes
3379 1028 3513 1081 enim
3560 1044 3616 1082 se
3664 1043 3780 1082 esse

2181 1119 2459 1187 sapientes.
2490 1118 2633 1172 stulti
2660 1120 2785 1190 facti
2804 1131 2919 1173 sunt
2943 1119 3118 1189 (Rom.
3150 1134 3191 1185 ι,
3229 1118 3346 1191 21).
3385 1119 3615 1175 Videsne
3642 1135 3783 1190 qna-

2185 1211 2251 1266 lis
2272 1211 2517 1281 superbis
2568 1212 2848 1266 retributio
2898 1210 3182 1280 debeatur,
3231 1221 3286 1267 et
3333 1212 3475 1282 quali
3526 1213 3784 1269 mercede

2184 1303 2516 1372 repleantur,
2545 1304 2634 1373 qui
2664 1304 2709 1359 si
2733 1319 2839 1373 quo
2870 1304 3028 1358 modo
3051 1303 3117 1359 ad
3141 1305 3499 1374 cognitionem
3529 1305 3783 1360 veritatis

2186 1396 2538 1461 accesserint,
2563 1411 2673 1451 sua:
2698 1396 2797 1451 hoc
2820 1398 3097 1465 sapientia!
3139 1397 3400 1464 tribuunt,
3434 1407 3488 1453 et
3508 1399 3577 1455 de
3623 1411 3786 1454 natu-

2186 1486 2287 1541 rali
2335 1488 2547 1556 ingenio
2593 1488 2931 1556 gloriantur;
2988 1498 3255 1559 tamquam
3304 1489 3499 1558 Deum,
3545 1507 3651 1546 non
3684 1489 3784 1547 Dei

2186 1594 2431 1645 munere,
2455 1580 2550 1635 sed
2571 1582 2771 1649 proprii
2803 1579 3107 1637 inteIIeCtus
3125 1581 3375 1638 facultate
3394 1585 3782 1653 cognoverint?

2186 1674 2375 1727 Omnia
2400 1672 2616 1741 quidem
2647 1672 2914 1728 elementa
2966 1673 3174 1740 nntndi,
3208 1681 3263 1727 et
3308 1680 3569 1730 universae
3610 1689 3778 1730 crea-

2188 1772 2426 1819 turarum
2453 1772 2676 1829 naturas,
2706 1766 2805 1818 hoc
2830 1766 2941 1833 ipsa
2967 1766 3047 1818 sui
3077 1766 3295 1834 exigunt
3328 1767 3529 1831 specie,
3554 1775 3611 1819 ut
3635 1767 3782 1819 inei-

498 1897 605 1935 non
638 1878 804 1949 possit
826 1891 947 1930 esse
976 1872 1078 1927 nisi
1102 1870 1342 1924 omnium
1373 1866 1513 1936 quod
1548 1875 1629 1919 est
1659 1864 1819 1918 etiam
1852 1858 2077 1929 singulo-
2109 1858 2156 1917 Β
2182 1858 2349 1911 sibilia
2382 1855 2477 1910 Dei
2500 1873 2588 1925 per
2608 1874 2665 1910 ea
2685 1872 2798 1925 qutr
2818 1857 2953 1925 facta
2973 1865 3115 1917 sunt,
3149 1857 3405 1910 intellecta
3436 1857 3779 1923 conspician-

495 1990 642 2037 rum,
675 1968 1038 2024 indubitanter
1083 1970 1308 2033 apparet
1354 1958 1740 2028 copulatricem
1797 1952 2083 2022 quamdam

496 2082 618 2124 esse
660 2066 941 2126 virtutem,
982 2075 1086 2129 qua
1137 2057 1237 2111 sibi
1287 2052 1687 2109 confmderatur
1741 2054 1798 2101 et
1849 2042 2088 2098 concinit

496 2156 779 2225 multiplex
811 2163 1120 2208 sanctorum
1144 2149 1321 2201 unitas
1369 2152 1424 2199 et
1473 2142 1718 2211 Speciosa
1776 2135 2083 2190 diversitas.

495 2249 624 2305 Haec
646 2259 823 2300 autem
855 2245 1023 2296 virtus
1048 2256 1169 2295 vera
1194 2236 1469 2292 humilitas
1498 2241 1581 2287 est
1599 2243 1720 2299 qua:
1761 2227 1901 2281 inter
1921 2237 2086 2293 quos-

495 2342 627 2398 libet
670 2338 980 2392 ntot-itorum
1022 2335 1221 2403 gratius
1271 2341 1559 2396 numquam
1612 2322 1698 2377 sui
1744 2328 1922 2391 potest
1966 2330 2087 2373 esse

494 2431 797 2491 dissimilis.
831 2427 960 2483 Nam
991 2420 1047 2482 et
1072 2425 1125 2480 in
1160 2423 1466 2479 ofﬁciorum
1505 2413 1897 2476 vicissitudine,
1954 2420 2010 2465 et
2036 2411 2089 2465 in

494 2523 925 2584 mansuetudinis
954 2521 1206 2582 lenitate,
1240 2526 1292 2573 et
1319 2516 1371 2569 in
1399 2510 1718 2567 voluntaria:
1754 2504 2089 2577 paupertatis

493 2620 782 2680 electiOne,
814 2612 1085 2669 invenitur
1110 2610 1280 2663 multa
1310 2604 1588 2666 distantia,
1610 2612 1664 2655 et
1685 2599 1820 2653 alter
1842 2600 2010 2650 altero
2032 2595 2087 2649 in

502 2708 763 2783 propositi
788 2708 869 2761 sui
903 2705 1194 2760 devotione
1223 2707 1316 2752 aut
1359 2695 1530 2763 major
1557 2702 1651 2747 aut
1679 2692 1854 2745 minor
1882 2696 1964 2742 est
1988 2702 2004 2750 ;
2035 2686 2089 2739 in

496 2821 624 2861 vera
649 2811 825 2857 autem
849 2799 1148 2855 humilitate
1170 2792 1299 2848 nihil
1322 2791 1579 2853 divisum,
1604 2785 1843 2855 nihilque
1874 2796 1980 2836 non
2004 2793 2095 2832 so-

500 2898 667 2954 lidum
696 2908 807 2960 est;
836 2902 893 2949 et
916 2893 1060 2960 ideo,
1080 2902 1269 2942 omnes
1300 2883 1588 2955 participes
1610 2894 1736 2935 suos
1762 2891 1925 2932 unum
1946 2872 2093 2939 facit,

507 2992 628 3064 quia
652 2986 1069 3058 inaequalitatem
1100 2984 1213 3054 ipsa
1249 2994 1356 3034 non
1390 2975 1599 3045 recipit.

582 3084 710 3141 CAP.
743 3081 855 3138 \‘ll.
895 3080 1084 3134 Veram
1115 3076 1454 3130 humilitatem
1493 3071 1545 3124 in
1574 3068 1798 3141 perfecta
1821 3072 1865 3117 et
1900 3066 2099 3134 integra

503 3181 687 3252 gratia:
714 3175 1032 3247 confessione
1062 3163 1616 3231 consistere.-—-Hujus
1644 3159 1805 3229 igitur
1819 3156 1944 3211 boni
1975 3170 2099 3225 pro-

2188 1957 2271 2002 tur
2300 1947 2475 2017 (Rom.
2509 1962 2547 2011 ι,
2579 1948 2670 2016 εεο)
2699 1963 2712 2012 ;
2746 1958 2797 2002 et
2837 1947 2888 2000 in
2914 1946 3307 2015 pulchritudine
3346 1948 3469 2002 coeli
3515 1958 3569 2001 et
3618 1955 3788 2002 terra:

2188 2040 2428 2110 quadam
2457 2039 2484 2078 ιι
2513 2049 2636 2094 sunt
2663 2039 2867 2109 paginze
2916 2040 2981 2093 ad
3034 2040 3274 2093 omnium
3320 2040 3508 2095 oculos
3553 2054 3780 2106 semper

2190 2139 2450 2201 patentes,
2478 2142 2529 2187 et
2553 2141 2823 2186 auctorem
2849 2145 3004 2184 suum
3038 2146 3326 2200 numquam
3360 2140 3622 2194 tacentes.
3647 2146 3790 2198 qua-

2190 2241 2307 2281 rum
2338 2227 2651 2293 protestatio
2678 2223 2983 2278 doctrinam
3039 2226 3279 2279 imitatur
3320 2227 3697 2295 magistrorum
3734 2234 3790 2279 et

2191 2318 2404 2386 eIOquia
2461 2318 2884 2385 Scripturarttm.
2917 2317 3023 2372 Sed
3071 2318 3328 2386 quidquid
3378 2319 3505 2372 illud
3555 2328 3637 2375 est
3668 2335 3785 2387 quo

2192 2424 2582 2477 eoi-porcorum
2613 2424 2865 2464 sensuum
2897 2410 3164 2465 exteriora
3196 2411 3501 2481 pulsantur,
3553 2409 3607 2464 in
3652 2425 3789 2479 agro

2195 2502 2376 2556 cordis
2408 2504 2492 2555 cui
2526 2503 2851 2570 impenditur
2876 2503 2977 2557 ista
3009 2503 3239 2569 cultura,
3289 2519 3389 2559 nec
3418 2502 3650 2557 radicem
3681 2517 3789 2572 po-

2196 2605 2301 2652 test
2327 2596 2509 2665 ligcre,
2538 2612 2634 2650 nec
2662 2612 2883 2667 germen
2907 2597 3173 2662 emittere,
3218 2595 3319 2650 nisi
3352 2594 3443 2650 ille
3470 2609 3712 2649 summus
3733 2603 3790 2651 et

2197 2707 2357 2747 verus
2414 2691 2647 2761 agricola
2683 2690 2975 2759 potentiam
3005 2690 3086 2745 sui
3136 2689 3317 2760 operis
3368 2688 3695 2751 adhibuerit,
3730 2699 3785 2744 et

2198 2784 2264 2838 ad
2309 2784 2523 2838 vitalem
2549 2783 2847 2843 profectum
2878 2797 2939 2839 ea
2969 2798 3089 2854 qum
3112 2790 3235 2837 sunt
3257 2780 3494 2851 plantata
3524 2780 3791 2850 perduxe-

2200 2876 2292 2931 rit.
2340 2876 2463 2932 Sive
2492 2876 2632 2930 enim
2682 2875 3067 2943 contemplatio
3105 2886 3496 2937 creaturarum,
3549 2872 3664 2925 sive
3702 2884 3789 2926 sa-

2200 2986 2413 3025 crorum
2434 2972 2601 3024 series
2624 2969 2981 3032 voluminum,
3000 2965 3114 3022 sive
3132 2964 3355 3020 scientia
3378 2963 3784 3031 disserentium,

2201 3064 2415 3118 sincero
2443 3072 2496 3116 et
2556 3062 2773 3115 assiduo
2828 3060 3141 3117 testimonio
3189 3057 3443 3126 praedicet
3483 3058 3783 3121 veritatem,

2202 3171 2360 3221 neque
2388 3155 2476 3223 qui
2502 3155 2702 3223 plantat
2730 3162 2803 3206 est
2828 3153 3049 3223 aliquid,
3077 3168 3238 3221 neque
3264 3151 3354 3220 qui
3376 3150 3537 3221 rigat,
3567 3150 3662 3205 sed
3701 3149 3786 3219 qui

499 3229 697 3342 ἐτίθεις
728 3271 779 3322 itt
811 3229 1149 3321 confessione
1174 3269 1256 3315 est
1285 3257 1473 3329 gratia:
1500 3254 1620 3320 Dei,
1662 3267 1784 3323 quae
1838 3259 1950 3303 tota
1998 3264 2089 3302 re-
2118 3229 2165 3292 Ο
2196 3248 2559 3301 incrementum
2588 3248 2672 3299 dat
2708 3244 2841 3299 Deus
2872 3244 2913 3317 (I
2944 3243 3062 3299 Cor.
3099 3260 3180 3311 ιιι,
3210 3245 3293 3313 7.)

505 3362 724 3433 pellitur
765 3358 865 3412 nisi
898 3366 1007 3411 tota
1030 3353 1338 3421 suscipitur.
1371 3350 1524 3405 Sicut
1550 3346 1692 3400 enim
1725 3342 1934 3397 alienus
1956 3349 2091 3395 esta

502 3467 730 3510 numero
760 3450 993 3505 lidelittut
1021 3458 1074 3501 et
1101 3461 1130 3499 a
1156 3455 1302 3498 sorte
1323 3450 1630 3496 sanctorum
1655 3438 1743 3507 qui
1767 3437 1818 3489 itt
1848 3435 2027 3503 aliquo
2060 3447 2092 3486 a

504 3542 767 3600 catholica
805 3539 1029 3595 veritate
1053 3536 1320 3599 dissentit,
1349 3533 1420 3586 ita
1460 3540 1608 3585 extra
1654 3528 1878 3598 gratiam
1925 3525 2094 3579 eflici-

505 3646 613 3705 tur,
644 3636 733 3705 qui
770 3633 967 3701 aliquid
1011 3630 1079 3684 de
1101 3627 1217 3697 ejus
1248 3621 1579 3694 plenitudine
1615 3618 1872 3674 dillitetur
1892 3657 1907 3681 ,
1938 3613 2093 3685 quasi

506 3730 672 3785 homo
701 3725 900 3781 auxilio
921 3724 1014 3778 Dei
1048 3722 1099 3776 in
1130 3718 1358 3789 quadam
1385 3714 1656 3769 actionum
1697 3724 1913 3765 suarum
1942 3715 2095 3777 parte

505 3832 684 3892 egeat,
738 3819 792 3873 in
840 3815 1068 3887 quadam
1120 3821 1299 3865 autem
1347 3816 1499 3878 parte
1553 3820 1657 3860 non
1698 3808 1871 3873 egeat,
1919 3800 2096 3867 sitque

505 3889 672 3969 ullum
724 3920 934 3976 tempus
1002 3905 1239 3960 ullumve
1285 3906 1616 3955 momentum
1662 3907 1767 3963 quo
1828 3889 2097 3960 pernicio-

505 4019 624 4061 sum
693 4002 769 4056 illi
818 4015 939 4056 esse
995 4012 1100 4052 non
1145 3994 1314 4065 possit
1354 3993 1397 4046 si
1446 3990 1511 4045 ab
1566 4003 1633 4044 eo
1683 3985 1921 4054 Spiritus
1965 3996 2092 4035 san-

505 4107 624 4153 ctus
667 4093 927 4157 defuerit;
979 4090 1071 4161 qui
1101 4087 1283 4156 utique
1340 4082 1637 4139 secundum
1673 4091 1816 4132 vera:
1871 4073 2097 4129 Deitatis

504 4191 791 4247 essentiam
820 4187 1015 4255 ubique
1046 4192 1187 4237 totus
1213 4188 1317 4246 est,
1357 4187 1412 4233 et
1440 4175 1616 4231 omnia
1646 4167 2093 4241 comprehendit;

507 4283 602 4337 sed
640 4280 835 4335 abillis
865 4276 1025 4332 modo
1043 4273 1275 4344 quodam
1307 4269 1625 4338 intelligitur
1655 4264 1929 4322 recedere.
1960 4273 2096 4327 quos

506 4372 772 4428 destiterit
799 4369 1127 4439 gubernare.
1165 4362 1408 4418 Cessatio
1433 4361 1626 4429 quippe
1655 4355 1839 4411 auxilii
1862 4354 1978 4424 ejus
2003 4366 2099 4421 pro

506 4464 747 4520 absentia
778 4464 1063 4529 accipitur,
1093 4473 1250 4527 quam
1278 4456 1382 4510 sibi
1414 4451 1758 4509 insanissime
1791 4449 1971 4501 utilem
2002 4460 2098 4512 ptt-

508 4565 587 4611 tat
613 4555 701 4624 qui
733 4554 784 4608 in
805 4554 870 4607 iis
900 4566 1021 4621 qum
1048 4558 1193 4604 recte
1216 4546 1443 4617 gesserit
1476 4559 1534 4595 se
1561 4542 1731 4609 magis
1756 4553 1911 4606 quam
1937 4532 2095 4604 267

508 4650 681 4704 Deum
706 4644 901 4715 gaudet
924 4653 1230 4713 operatum.
1258 4640 1421 4693 Plene
1450 4648 1577 4701 ergo
1606 4640 1661 4685 et
1682 4627 1943 4683 veraciter
1968 4640 2095 4678 con-

508 4740 704 4795 litenda
734 4748 817 4793 est
840 4739 1011 4807 gratia
1043 4738 1158 4800 Dei,
1187 4735 1255 4790 de
1282 4731 1432 4799 cujus
1461 4729 1564 4781 hoc
1600 4727 1827 4796 primum
1876 4732 2098 4774 munere

507 4842 592 4888 est
618 4842 676 4886 ut
696 4830 950 4885 auxilium
979 4827 1151 4898 ipsius
1193 4826 1473 4879 sentiatur.
1525 4821 1755 4885 PrOptcr
1784 4810 1925 4883 quod
1970 4811 2101 4866 dicit

507 4922 793 4993 Apostolus
821 4938 834 4973 :
870 4920 980 4974 Nos
1004 4928 1174 4973 autem
1201 4931 1302 4969 non
1325 4913 1562 4979 spiritum
1578 4906 1755 4963 mundi
1782 4903 2096 4975 accepimus,

506 5018 594 5072 sed
621 5019 857 5087 spiritum
895 5013 981 5077 qui
1040 5029 1101 5067 ea:
1145 5009 1251 5064 Deo
1279 5016 1373 5071 est,
1398 5014 1454 5059 ut
1485 5006 1711 5059 sciamus
1765 5014 1880 5071 qua:
1916 5015 1948 5051 a
1994 4994 2098 5049 Deo

507 5086 697 5162 donata
726 5118 750 5143 ⁸
779 5116 897 5159 sunt
924 5105 1087 5174 nobis(
1115 5099 1344 5164 lCor.tt,
1364 5096 1472 5168 l2).
1499 5094 1651 5152 Unde
1684 5094 1726 5148 si
1758 5091 1877 5162 quis
1900 5096 1985 5145 est
2009 5086 2098 5156 qui

507 5202 681 5272 aliqua
704 5216 763 5256 se
794 5199 996 5255 habere
1038 5194 1310 5251 existimat
1352 5193 1511 5257 bona,
1553 5203 1777 5259 quorum
1822 5200 1927 5240 non
1958 5182 2098 5236 Deus

508 5294 732 5362 largitor
746 5292 833 5353 sit,
850 5290 944 5345 sed
964 5288 1079 5357 ipse
1099 5287 1200 5341 sibi
1218 5294 1402 5340 auctor
1415 5285 1627 5347 exiSIat;
1656 5278 2003 5334 manifestum
2016 5280 2101 5326 est

507 5382 650 5438 hunc
681 5398 784 5437 non
818 5383 911 5437 Dei
942 5380 1191 5448 spiritum
1222 5378 1443 5439 habere,
1475 5376 1565 5430 sed
1595 5371 1803 5433 mundi,
1837 5376 1889 5422 ct
1914 5366 1984 5419 de
2011 5363 2099 5416 illa

505 5476 778 5532 saecularis
805 5474 1081 5544 sapientia:
1099 5486 1305 5526 tumere
1326 5468 1593 5533 doctrina,
1613 5467 1678 5519 de
1707 5478 1810 5533 qua
1830 5460 1961 5513 dicit
1989 5456 2097 5509 Do-

2127 4600 2180 4658 D

2267 3339 2395 3395 CAP.
2430 3339 2562 3393 VIII.
2597 3339 2940 3410 Superborum
2966 3338 3167 3391 ruinam
3192 3337 3422 3392 omnium
3440 3350 3547 3389 esse
3579 3333 3783 3404 gravis-

2197 3432 2399 3486 simam.
2436 3460 2507 3471 —
2536 3430 2678 3485 inter
2710 3444 2898 3485 omnes
2929 3430 3088 3499 igitur
3116 3429 3298 3496 lapsus
3330 3426 3612 3488 hominum,
3639 3424 3782 3477 inter

2200 3523 2379 3577 omnia
2411 3522 2698 3576 commissa
2735 3523 3089 3591 peccantium,
3116 3520 3263 3575 nulla
3287 3527 3367 3575 est
3388 3515 3593 3587 gravior
3614 3527 3780 3584 quam

2198 3615 2549 3686 superborum
2584 3613 2771 3680 ruina;
2817 3615 3049 3668 maxime
3090 3629 3211 3668 cum
3257 3614 3371 3683 ipsa
3410 3610 3566 3666 elatio
3600 3608 3656 3663 in
3685 3606 3791 3664 Dei

2201 3707 2371 3761 tendit
2408 3704 2676 3775 injuriam.
2719 3703 2849 3758 Nam
2882 3706 3034 3758 aliter
3058 3705 3335 3770 inﬂantur,
3367 3703 3458 3774 qui
3497 3700 3791 3770 cupiditate

2199 3797 2522 3853 extollentim
2574 3796 2866 3865 singularis
2903 3797 3149 3852 omnibus
3193 3802 3453 3867 appetunt
3496 3791 3787 3859 anteferri;

2204 3890 2370 3961 268
2395 3889 2551 3943 aliter
2573 3904 2702 3943 vero
2725 3889 3106 3955 intumescunt,
3134 3890 3222 3957 qui
3247 3888 3339 3943 Dei
3368 3884 3623 3941 auxilium
3651 3883 3801 3940 refu-

2202 3994 2399 4051 tantes,
2430 3999 2548 4052 qum
2576 3982 2686 4035 lieri
2720 3982 2834 4037 sine
2877 3981 3045 4050 ipsius
3087 3996 3250 4051 opere
3295 3995 3399 4035 non
3433 3988 3685 4049 possunt,
3727 3994 3799 4035 ex

2202 4094 2296 4133 sua
2327 4078 2509 4147 perlici
2541 4078 2737 4132 virtute
2774 4077 3127 4143 contendunt,
3175 4083 3229 4131 et
3272 4089 3423 4144 spem
3456 4089 3605 4129 suam
3638 4088 3666 4126 a
3692 4072 3801 4127 Do-

2204 4172 2351 4226 mino
2371 4170 2643 4233 auferunt,
2671 4178 2829 4238 atque
2853 4170 2922 4224 ad
2945 4185 3005 4225 se
3030 4169 3358 4223 transferunt
3384 4185 3397 4221 :
3424 4176 3481 4221 ut
3502 4164 3801 4232 adimplea-

2203 4273 2291 4319 tus-
2319 4265 2371 4318 in
2400 4265 2479 4319 eis
2515 4261 2654 4333 quod
2697 4264 2955 4331 scriptum
2992 4274 3074 4317 est
3113 4280 3127 4317 :
3163 4261 3475 4315 Maledictus
3515 4260 3669 4313 ltomo
3706 4258 3802 4327 qui

2202 4375 2343 4428 spem
2374 4357 2520 4410 habet
2549 4355 2603 4409 in
2634 4353 2859 4419 homine,
2893 4361 2940 4407 rt
2966 4355 3135 4423 ﬁrmat
3163 4369 3367 4408 carnem
3393 4351 3588 4407 brachii
3617 4349 3719 4416 sui,
3749 4359 3801 4405 et

2202 4466 2233 4501 o
2263 4448 2481 4501 Domino
2510 4447 2723 4501 discedit
2753 4463 2841 4501 cor
2869 4450 2981 4518 ejus
3012 4445 3145 4516 (Jer.
3185 4461 3313 4510 xvu,
3347 4444 3425 4515 ii).
3459 4444 3583 4499 Hmc
3612 4457 3804 4512 supcr-

2208 4541 2292 4594 bia
2324 4556 2350 4591 a
2390 4539 2603 4592 diabolo
2646 4539 2874 4607 sumpsit
2921 4535 3203 4592 exordium
3235 4536 3360 4606 :qni
3393 4534 3640 4606 quoniam
3672 4547 3800 4597 sua,

2205 4650 2360 4703 quam
2387 4649 2415 4687 a
2444 4631 2702 4689 Creatore
2728 4642 3031 4701 acceperat,
3064 4633 3302 4703 potentia
3324 4641 3378 4687 et
3407 4631 3664 4701 dignitate
3689 4628 3801 4683 sibi

2205 4726 2423 4796 placuit,
2458 4741 2623 4796 seque
2649 4726 2887 4782 auctoris
2929 4727 3014 4781 sui
3046 4725 3230 4795 glorirc
3268 4723 3623 4794 comparavit,
3668 4736 3802 4776 cum

2207 4818 2272 4871 iis
2296 4817 2500 4885 angelis
2530 4832 2667 4888 quos
2697 4819 2750 4873 in
2780 4833 3104 4873 consensum
3151 4816 3440 4883 impietatis
3474 4829 3581 4869 sua:
3610 4822 3800 4866 traxe-

2204 4922 2306 4970 rat,
2338 4924 2366 4963 a
2398 4911 2603 4967 caelesti
2638 4922 2659 4950 ε
2692 4911 2992 4967 humilitate
3032 4911 3275 4981 delectus
3309 4918 3411 4964 εει.
3444 4909 3509 4963 Ει
3537 4907 3659 4962 ideo
3686 4906 3799 4975 pri-

2206 5001 2308 5055 mis
2338 5000 2643 5055 hominibus
2668 5017 2865 5057 nocere
2896 5003 3087 5072 potuit,
3109 5003 3230 5072 quia
3256 5001 3363 5055 illis
3403 5000 3539 5054 male
3560 4997 3800 5053 credulis

2206 5108 2303 5161 per
2332 5093 2609 5147 mendacia
2639 5102 2899 5147 venenata
2946 5094 3213 5164 persuasit
3244 5102 3301 5147 ιιι
3344 5092 3593 5147 meliores
3624 5106 3683 5143 se
3717 5092 3802 5143 fn-

2206 5192 2355 5237 turos
2384 5193 2658 5253 putarent,
2704 5184 2747 5239 si
2774 5185 2799 5221 ά
2827 5186 2879 5239 in
2914 5185 3216 5241 libertatem
3262 5184 3345 5239 stti
3387 5182 3589 5238 arbitrii
3621 5182 3800 5250 prosi-

2203 5274 2386 5341 lirent,
2421 5292 2575 5347 quam
2604 5279 2646 5331 si
2680 5277 2731 5330 in
2758 5277 2891 5346 legis
2921 5278 3055 5332 datae
3078 5277 3321 5333 custodia
3359 5284 3759 5345 permanerent.

2272 5367 2401 5422 CAP.
2448 5368 2536 5424 IX.
2588 5370 2919 5439 Superbiam,
2969 5387 3067 5441 qua
3113 5370 3224 5440 quis
3281 5385 3487 5423 suorum
3532 5366 3630 5421 sibi
3691 5365 3802 5420 vult

2201 5471 2378 5515 auctor
2417 5479 2524 5517 esse
2569 5465 2839 5529 bonorum,
2883 5466 3050 5518 omnis
3087 5480 3195 5518 esse
3240 5464 3433 5535 peccati
3474 5462 3700 5515 initium.
3729 5487 3808 5504 --

507 5568 725 5622 minus:
758 5564 980 5620 Perdam
1002 5565 1305 5637 sapientiam
1324 5559 1655 5628 sapientium,
1685 5566 1731 5609 et
1760 5550 2095 5623 prudentiam
2202 5548 2329 5607 Sive
2356 5553 2534 5625 itaque
2581 5556 2634 5610 in
2675 5556 2829 5626 lapsu
2875 5556 3094 5623 diaboli,
3127 5558 3242 5612 sive
3268 5557 3319 5611 in
3352 5555 3807 5626 praevaricatione

2272 5680 2298 5720 ἀ
2326 5684 2412 5740 Sic
2439 5686 2761 5753 Quesnellus
2806 5701 2931 5743 cum
2970 5687 3205 5744 editione
3244 5686 3533 5742 Parisiensi
3572 5688 3633 5745 S.

2200 5751 2367 5837 brosii
2401 5751 2501 5837 an.
2528 5757 2695 5837 ﬁgit),
2725 5760 2864 5814 sicut
2894 5768 2949 5814 et
2974 5760 3033 5837 _in
3055 5760 3623 5837 novissitna__editione
3660 5762 3811 5819 Pro-

2197 5828 2364 5892 spari.
2386 5829 2494 5895 AL,
2521 5829 2575 5882 in
2599 5828 2863 5897 libertate;
2889 5839 2946 5888 et
2970 5828 3044 5885 ita
3074 5829 3242 5886 nostri
3272 5828 3510 5886 codices.

581 5712 610 5740 ⁸
641 5701 729 5757 Sic
754 5699 921 5755 nostri
950 5697 1106 5754 codd.
1132 5697 1311 5764 Vulg.,
1345 5694 1465 5748 sint.

580 5772 609 5811 δ
642 5770 787 5828 Unus
815 5772 934 5825 cod.
967 5770 1111 5836 νει,
1145 5771 1264 5821 sint.
1770 5782 1808 5808 κ

586 5853 611 5884 ⁸
637 5841 821 5907 Forte,
850 5840 1172 5896 sublimitate.
