4018 6314
269 409 372 466 169

1390 400 1726 464 εριετοιΑ
1765 399 1857 460 AD
1897 397 2410 458 DEMETRIADEM.

3433 390 3537 444 HO

263 522 522 590 hominis,
545 521 752 580 initium
777 528 981 594 peccati
1005 519 1256 594 superbia
1280 526 1382 588 est,
1407 533 1524 591 quas
1545 531 1848 589 congruen-
1873 521 1927 580 Α
1951 529 2215 578 amorem,
2261 512 2572 568 immitteret
2617 512 2788 568 laudis
2826 509 3211 581 cupiditatem;
3245 505 3272 547 σι
3312 516 3366 563 et
3409 508 3535 564 inde

265 623 352 670 ter
397 625 452 670 et
498 616 720 670 avaritia
759 617 1085 681 nominatur,
1130 613 1254 686 quia
1301 621 1527 684 utraque
1559 609 1847 681 appellatio

267 720 394 762 eum
423 704 688 776 signiﬁcat
705 705 1000 777 appetitum
1027 704 1117 775 qui
1137 712 1190 760 et
1216 718 1368 760 suam
1391 716 1696 760 mensuram
1719 715 1850 756 con-

265 797 508 867 cupiscat
536 796 818 862 excedere,
866 807 921 854 et
951 813 1058 851 non
1099 796 1348 868 dignetur
1377 795 1527 851 dives
1553 807 1698 857 esse,
1746 789 1848 846 nisi

267 889 502 959 propriis
527 905 540 941 :
568 896 836 960 tamquam
876 888 1069 946 habeat
1096 887 1197 944 hoc
1226 887 1408 945 simile
1436 888 1567 953 Deo,
1598 895 1653 940 ut
1681 885 1850 940 bono-

265 995 388 1035 rum
419 995 635 1036 suorum
668 981 783 1051 ipse
807 981 910 1036 sibi
939 990 965 1018 α
989 981 1129 1046 lens,
1156 981 1270 1051 ipse
1301 978 1405 1034 sibi
1435 977 1506 1034 sit
1525 976 1698 1048 capia.
1725 975 1852 1030 Haec

265 1078 450 1126 autem
475 1071 638 1127 elatio
664 1071 732 1127 de
762 1087 1014 1142 perverso
1043 1086 1143 1126 usu
1168 1071 1435 1126 donorum
1463 1068 1560 1124 Dei
1592 1067 1849 1122 nascitur.

267 1159 403 1217 Nam
456 1163 502 1219 si
551 1163 798 1220 conditor
847 1175 1155 1220 naturarum
1205 1163 1349 1218 nulla
1401 1161 1662 1231 pulchra,
1711 1158 1856 1214 nulla

267 1255 516 1312 sublimia
549 1257 753 1311 naturis
791 1256 1196 1312 rationabilibus
1239 1253 1576 1319 contulisset,
1626 1249 1768 1305 unde
1798 1264 1858 1305 se

265 1345 594 1402 extollerent
623 1363 730 1401 non
780 1346 1062 1403 haberent.
1093 1345 1121 1384 ιι
1151 1344 1322 1400 Nemo
1351 1344 1496 1400 enim
1525 1343 1592 1398 de
1633 1342 1701 1397 iis
1737 1355 1856 1412 quas

267 1453 382 1493 non
427 1437 639 1508 accepit
679 1439 944 1508 superbit,
996 1452 1094 1493 nec
1142 1437 1318 1492 inllari
1363 1437 1640 1507 quisquam
1681 1434 1750 1491 de
1789 1449 1857 1489 eo

267 1536 477 1597 potest,
508 1528 651 1599 quod
681 1543 710 1582 a
738 1528 1146 1599 participatione
1173 1529 1291 1598 ejus
1311 1528 1541 1584 alienum
1568 1538 1668 1582 est.
1693 1527 1857 1582 Num-

269 1636 438 1691 quam
469 1622 729 1693 gloriatur
769 1622 837 1677 de
866 1623 1154 1678 sobrietate
1198 1621 1537 1685 temulentus,
1588 1635 1762 1688 neque
1786 1618 1853 1674 de

272 1713 653 1770 benevolentia
682 1715 912 1782 invidus,
942 1728 1033 1770 aut
1073 1715 1140 1770 de
1168 1714 1388 1770 lenitate
1431 1727 1624 1780 savus,
1674 1712 1758 1769 vel
1787 1713 1854 1768 de

265 1804 523 1858 castitate
553 1806 826 1860 extollitur
871 1806 1190 1876 impudicus.
1239 1805 1357 1874 Ipsa
1402 1821 1461 1861 se
1507 1821 1535 1858 a
1569 1805 1852 1862 virtutibus

1949 608 2242 665 novissima
2275 607 2628 662 instrueretur
2670 607 2917 672 tentatio,
2965 604 3105 660 unde
3136 603 3318 659 nocuit
3364 603 3534 672 prima

1949 701 2234 770 deceptio?
2284 700 2401 756 Non
2449 700 2630 770 itaque
2669 700 2952 756 desidiosis
2999 708 3054 755 et
3093 697 3310 768 tepidis,
3359 712 3534 768 neque

1949 793 2212 850 inertibus
2234 803 2289 850 et
2314 793 2551 859 incultis,
2583 792 2676 848 sed
2705 794 2872 862 magis
2894 791 3208 862 quibusdam
3237 791 3430 846 animis
3451 805 3536 846 se-

1949 887 2093 942 dulis
2122 895 2176 942 et
2214 886 2480 942 bonorum
2521 893 2737 940 actuum
2778 885 3042 954 probitate
3088 883 3389 948 luculentis,
3442 897 3537 952 per

1951 979 2180 1049 gloriam
2209 978 2427 1049 irrepsit
2457 977 2780 1042 humanam;
2825 985 2879 1031 et
2902 991 3035 1046 quos
3079 976 3399 1046 impulsione
3431 990 3538 1030 non

1954 1073 2144 1136 movit,
2172 1071 2409 1126 elatione
2439 1070 2658 1138 dejecit.
2688 1069 2899 1135 Quanto
2923 1068 3066 1122 enim
3094 1061 3350 1123 claridres
3388 1077 3544 1123 erant

1958 1163 2186 1227 meritis,
2227 1170 2376 1215 tanto
2406 1175 2500 1215 eos
2527 1162 2765 1230 aptiores
2795 1159 2909 1212 suis
2955 1159 3160 1214 invenit
3201 1159 3427 1214 insidiis.
3481 1157 3543 1213 In

1960 1255 2210 1323 paradiso
2263 1269 2493 1322 namque
2525 1251 2782 1306 Ecclesia:
2823 1252 3167 1314 constitutos,
3198 1260 3250 1304 et
3287 1252 3542 1305 virtutum

1959 1345 2169 1402 deliciis
2191 1347 2541 1410 abundantes,
2585 1344 2650 1398 ad
2691 1344 3072 1398 confidentiam
3120 1343 3276 1399 liberi
3307 1342 3550 1398 incitavit

1958 1437 2189 1502 arbitrii,
2222 1447 2276 1492 ut
2305 1437 2576 1505 profectus
2622 1451 2745 1490 suos
2777 1434 2831 1489 in
2863 1450 2922 1490 se
2952 1436 3361 1499 constituerent,
3403 1443 3456 1489 et
3481 1433 3550 1488 ad

1958 1530 2205 1584 arborem
2242 1529 2471 1598 preprire
2518 1527 2808 1581 voluntatis
2854 1541 3069 1580 manum
3117 1525 3552 1595 praesumptionis

1956 1621 2328 1677 extenderent.
2358 1621 2691 1674 Restiterunt
2719 1619 2933 1690 quidem
2969 1618 3092 1673 huic
3119 1619 3380 1687 impietati
3403 1628 3551 1672 recta

1959 1716 2476 1771 'innumerabilium
2527 1714 2688 1768 corda
2737 1722 3068 1778 sanctorum,
3122 1723 3176 1767 et
3224 1728 3330 1766 nou
3375 1713 3550 1766 solum

1956 1806 2099 1863 docti
2125 1809 2322 1878 quique
2355 1807 2658 1877 pontifices,
2693 1821 2880 1860 verum
2904 1804 3064 1858 etiam
3091 1805 3422 1858 universales
3452 1803 3552 1856 Ec-

261 1895 395 1950 vitla
423 1905 735 1962 secernunt,
767 1905 822 1952 et
848 1911 970 1952 cum
1001 1897 1052 1951 in
1087 1896 1314 1966 peccatis
1343 1899 1536 1966 agitur,
1566 1911 1672 1951 non
1697 1897 1852 1951 insita
1884 1901 1933 1962 Β
1959 1901 2137 1955 clesize
2168 1900 2371 1968 plebes.
2402 1899 2710 1969 apostolica:
2742 1897 2886 1952 sedis
2920 1895 2938 1934 ι
2975 1895 3244 1963 exemplo,
3289 1896 3550 1950 insaniam

263 2001 368 2056 per
412 1995 676 2053 naturam,
719 1989 814 2044 sed
859 2003 926 2044 ex
969 1989 1104 2044 mala
1135 1989 1408 2044 voluntate
1451 1999 1710 2058 concepta
1744 2000 1766 2027 ε
1801 2003 1857 2044 ut

266 2078 490 2149 propria
520 2078 812 2149 diliguntur
843 2099 855 2132 :
882 2081 1024 2150 quia,
1056 2081 1192 2136 sicut
1214 2081 1472 2150 scriptum
1500 2092 1603 2148 est,
1637 2082 1860 2136 mendax

264 2171 337 2223 de
374 2170 582 2238 proprio
629 2171 855 2240 loquitur
891 2171 1076 2244 (Joan.
1113 2189 1225 2239 vm,
1259 2174 1373 2243 44).
1407 2173 1541 2228 Cum
1584 2183 1764 2229 autem
1804 2174 1858 2230 in

260 2259 426 2315 bonis
445 2270 499 2314 et
526 2262 691 2316 rectis
718 2262 927 2319 actibus
956 2264 1237 2320 laudabilis
1258 2265 1366 2320 vita
1389 2264 1624 2333 ducitur,
1660 2266 1752 2321 Dei
1776 2274 1862 2322 est

263 2351 415 2423 quod
443 2353 666 2423 geritur,
702 2354 798 2412 Dei
825 2365 909 2413 est
940 2358 1080 2427 quod
1110 2369 1341 2413 amatur.
1380 2358 1542 2413 Omne
1576 2360 1719 2414 enim
1761 2359 1856 2414 da-

265 2453 384 2501 tum
410 2448 655 2517 Optimum
679 2457 725 2502 et
747 2465 894 2504 omne
930 2451 1124 2505 donum
1151 2451 1431 2523 perfectum
1467 2451 1730 2508 desursum
1763 2464 1857 2520 est,

262 2538 576 2592 descendens
614 2557 646 2593 a
673 2538 832 2594 Patre
874 2540 1126 2596 luminum
1166 2541 1302 2614 (Jac.
1336 2559 1375 2609 ι,
1409 2544 1520 2611 17).
1552 2542 1703 2599 Unde
1737 2544 1859 2613 quia

263 2631 415 2686 inter
450 2630 578 2686 vitia
606 2641 696 2686 aut
723 2632 866 2687 nulla
910 2643 994 2688 est
1021 2643 1114 2688 aut
1157 2649 1278 2689 rara
1303 2634 1581 2704 iactantia,
1625 2646 1678 2689 et
1707 2635 1860 2690 facile

266 2723 546 2792 spernitur
574 2723 664 2792 qui
705 2723 776 2780 de
803 2725 1093 2796 opprobrio
1121 2726 1399 2797 gloriatur,
1444 2727 1642 2782 malum
1671 2742 1859 2796 supcr-

270 2815 372 2870 bize
421 2814 654 2870 maxime
682 2817 968 2872 virtutibus
1008 2827 1091 2873 est
1134 2818 1454 2883 cavendum,
1513 2821 1638 2889 quia
1699 2820 1858 2875 nullis

271 2909 626 2980 opportunius
661 2909 972 2981 insidiatur,
1018 2927 1178 2982 quam
1210 2913 1405 2983 quibus
1443 2913 1560 2968 laus
1583 2913 1728 2983 justa
1764 2915 1861 2969 de-

278 3001 448 3056 betur.

345 3092 504 3164 269
529 3092 658 3148 Car.
692 3091 761 3148 Χ.
790 3092 869 3148 Ea:
890 3094 1033 3148 bonis
1061 3095 1296 3163 operibus
1318 3097 1612 3165 superbiam
1629 3104 1675 3150 et
1703 3096 1861 3150 Pela-

290 3183 483 3252 gianam
513 3184 747 3240 bwresim
779 3202 886 3240 esse
917 3195 1123 3251 natam;
1149 3203 1240 3242 nec
1265 3204 1366 3242 non
1392 3197 1437 3241 et
1463 3188 1863 3260 Pelagianorum

1964 1993 2087 2047 novi
2119 1991 2384 2061 dogmatis
2412 1996 2758 2046 horruerunt.
2790 1988 2896 2044 Sed
2927 1988 3249 2042 invenerunt
3280 1997 3303 2034 8
3334 1988 3551 2054 quidam

1961 2083 2200 2153 viperina
2243 2082 2492 2148 consilia,
2538 2081 2732 2151 quibus
2779 2080 3038 2134 doctrinae
3065 2093 3175 2132 Sttzu
3204 2078 3348 2132 virus
3378 2077 3554 2131 infun-

1961 2176 2172 2238 derent,
2223 2184 2279 2230 et
2318 2191 2542 2245 quorum
2571 2174 2804 2242 linguam
2847 2189 2942 2242 per
2970 2171 3120 2228 dolos
3154 2171 3301 2226 falsa:
3331 2171 3556 2225 rationis

1963 2278 2258 2326 armarent.
2288 2269 2420 2324 Hinc
2454 2269 2541 2323 illa
2571 2278 2685 2324 erat
2714 2279 2918 2323 naturre
2948 2267 3194 2322 humana:
3219 2267 3554 2321 fraudulenta

1964 2368 2223 2436 laudatio,
2272 2377 2330 2423 et
2378 2367 2560 2422 illmsrc
2608 2381 2702 2435 per
2748 2379 2936 2418 omnes
2986 2363 3232 2418 homines
3279 2362 3556 2432 originalis

1961 2460 2205 2517 defensio
2226 2460 2536 2530 dignitatis;
2567 2458 2691 2514 hinc
2715 2459 2877 2530 270
2901 2456 3030 2511 Δάλιε
3060 2466 3334 2525 peccatum
3365 2470 3554 2510 exem-

1962 2555 2052 2625 plo
2085 2555 2318 2624 posteris
2351 2552 2698 2608 asserebatur
2741 2552 3024 2617 nocuisse,
3072 2565 3176 2604 nOn
3211 2551 3469 2610 transitu;
3503 2556 3557 2602 et

1961 2663 2120 2716 quam
2149 2648 2224 2702 illi
2260 2646 2515 2716 possibile
2541 2644 2714 2701 fuerat
2737 2658 2840 2698 non
2862 2643 3068 2697 violare
3094 2643 3424 2702 mandatum,
3449 2651 3558 2694 tam

1960 2740 2188 2796 liberum
2213 2756 2330 2796 esse
2361 2739 2650 2810 unicuique
2675 2738 2948 2794 declinare
2969 2736 3254 2801 delictum;
3288 2736 3411 2790 hinc
3433 2750 3559 2789 eva-

1961 2831 2139 2886 cuatio
2169 2829 2506 2900 baptismatis
2558 2829 2923 2898 parvulorum,
2975 2828 3065 2897 qui
3112 2827 3225 2881 sola
3270 2827 3558 2896 adaptioue

1961 2923 2172 2988 donari,
2198 2925 2346 2977 nullo
2376 2921 2402 2958 ³³
2435 2931 2613 2976 autem
2653 2929 2806 2975 reatu
2833 2922 3140 2974 dicerentur
3168 2918 3403 2982 absolvi;
3438 2916 3560 2972 hinc

1963 3025 2236 3085 postremo
2291 3015 2485 3069 divinae
2529 3014 2715 3082 gratia:
2761 3011 3015 3067 simulata
3047 3020 3102 3064 et
3132 3011 3396 3064 insincera
3426 3025 3563 3064 con-

1970 3106 2157 3171 fessio,
2203 3121 2320 3174 quae
2352 3105 2646 3159 secundum
2688 3105 2877 3158 merita
2923 3103 3165 3165 daretur,
3214 3116 3319 3154 non
3350 3116 3414 3154 ex
3458 3115 3560 3168 qua

1969 3198 2158 3252 merita
2189 3203 2558 3251 nascerentur.
2591 3195 2761 3259 Quam
2795 3191 2810 3228 ί
2847 3183 3053 3261 partem
3083 3190 3329 3259 superba:
3372 3190 3563 3258 praedi-

287 3273 534 3344 τοιίσηίωι
555 3277 782 3332 -ουω
812 3292 944 3348 0’80
971 3293 1066 3348 Ρθι·
1094 3279 1416 3335 inea-“bilem
1439 3281 1865 3338 misericordiam
1894 3281 1941 3345 C
1973 3287 2205 3343 cationis
2244 3287 2461 3358 quidam
2489 3285 2617 3353 sibi,
2649 3299 2770 3340 cum
2801 3290 2994 3340 caetera
3026 3283 3342 3346 abnuerent,
3374 3296 3562 3336 serva-

281 3366 377 3424 Dei
405 3371 624 3442 captivis
655 3371 895 3438 libertas,
930 3371 1153 3442 perditis
1183 3373 1350 3440 salus,
1382 3374 1609 3430 mortuis
1636 3376 1743 3428 vita
1774 3391 1861 3432 re-

274 3475 512 3534 paratur,
539 3479 661 3521 cum
703 3467 756 3521 in
784 3478 1126 3523 sacramento
1167 3468 1342 3523 crucis
1369 3477 1424 3524 et
1451 3470 1865 3526 resurrectionis

270 3556 471 3612 ChriSti
515 3558 581 3613 ad
613 3559 909 3615 novitatem
936 3559 1078 3615 redit
1103 3569 1361 3627 vetustas,
1407 3571 1462 3616 et
1487 3561 1552 3616 ad
1600 3561 1863 3618 innocen-

269 3649 400 3704 tiam
427 3659 776 3722 regeneratur
801 3652 1070 3722 impietas,
1099 3655 1348 3722 antiquus
1379 3653 1553 3710 hostis
1581 3656 1863 3727 malignius

269 3741 453 3798 fremit
478 3753 530 3799 et
555 3743 735 3799 acrius
758 3743 1067 3813 inardescit,
1090 3754 1286 3801 etcum
1315 3746 1608 3803 innumeris
1635 3750 1861 3804 nocendi

273 3835 484 3890 artibus
514 3835 805 3891 humanttm
837 3851 1006 3907 genus
1036 3837 1235 3893 nitatur
1264 3847 1731 3905 evertere,serens
1757 3843 1866 3897 dis-

267 3926 513 3994 cordias,
559 3927 791 3982 incitans
819 3926 927 3982 iras
948 3968 964 3994 ,
1014 3943 1215 3985 acuens
1246 3929 1566 4000 cupiditates
1585 3971 1601 3996 ,
1631 3933 1864 3988 suadens

264 4019 472 4086 turpia,
521 4018 652 4074 falsa
697 4029 1068 4075 commentans
1112 4030 1166 4076 et
1210 4036 1453 4076 errorum
1505 4022 1724 4094 laqueos
1767 4039 1865 4095 per

265 4112 586 4180 opinionum
627 4121 932 4168 commenta
978 4113 1360 4183 multiplicans,
1417 4114 1537 4184 plus
1580 4117 1755 4171 uritur
1797 4116 1864 4171 de

263 4204 477 4260 virtute
517 4205 767 4261 stantium
809 4220 968 4277 quam
1014 4206 1226 4261 lauetur
1265 4207 1333 4262 de
1370 4208 1649 4277 fragilitate
1681 4208 1866 4264 laben-

265 4301 435 4353 tium.
467 4297 613 4353 Multi
641 4298 785 4354 enim
817 4298 1114 4354 servientes
1147 4299 1278 4365 Deo,
1309 4308 1365 4353 et
1391 4299 1442 4353 in
1488 4300 1605 4368 lege
1634 4299 1752 4368 ejus
1780 4300 1866 4356 die

263 4407 342 4448 ac
371 4400 526 4446 nocte
546 4390 889 4456 meditantes,
931 4392 1303 4459 cruxi/ixeruut
1331 4407 1533 4444 carnem
1565 4408 1713 4445 suam
1752 4408 1868 4446 cum

262 4483 548 4539 desideriis
570 4493 617 4537 et
641 4482 1086 4554 concupiscentiis,
1116 4483 1462 4553 omniumque
1491 4483 1866 4540 illecebrarum

261 4575 549 4636 incentiva
579 4576 937 4641 domuerant;
984 4590 1093 4631 non
1122 4575 1332 4631 damnis
1367 4577 1514 4641 victi,
1544 4592 1650 4632 non
1679 4592 1865 4646 perse-

1968 3391 2180 3438 verunt.
2231 3381 2337 3437 Sed
2382 3382 2483 3436 hoc
2529 3395 2626 3437 eos
2671 3387 2766 3433 aut
2805 3377 2968 3433 nimis
3015 3378 3259 3448 imperite
3291 3387 3382 3432 aut
3409 3377 3564 3434 valde

1973 3476 2220 3545 nequiter
2250 3475 2444 3531 fecisse
2471 3488 2576 3528 non
2603 3472 2823 3528 dubium
2867 3480 2970 3536 est,
3021 3481 3074 3525 ut
3117 3470 3355 3525 omnium
3389 3471 3564 3524 homi-

1965 3585 2093 3624 num
2131 3567 2436 3639 generalem
2480 3565 2687 3621 ruinam
2719 3565 3033 3620 meritorum
3067 3563 3348 3633 privilegio
3377 3562 3563 3617 suble-

1965 3670 2181 3725 varent;
2213 3669 2269 3716 et
2288 3674 2409 3715 cum
2430 3657 2569 3712 inter
2589 3667 2802 3711 nostros
2824 3655 3100 3725 originalis
3123 3655 3324 3722 peccati
3343 3655 3562 3708 vulnera

1966 3751 2283 3817 faterentur,
2312 3750 2454 3804 inter
2481 3762 2610 3803 suos
2633 3757 2811 3804 tamen
2845 3745 2946 3801 hoc
2975 3755 3158 3800 tenere
3187 3745 3561 3812 ostenderent,

1965 3843 2106 3914 quod
2139 3845 2431 3914 primorum
2461 3841 2740 3896 hominum
2771 3839 3144 3910 praevaricatio
3175 3839 3306 3892 solis
3332 3839 3567 3892 imitato-

1965 3937 2115 3992 ribus
2161 3936 2458 3997 obfuisset;
2504 3933 2803 3989 naturalem
2847 3942 3028 3986 autem
3074 3931 3382 3985 facultatem
3429 3929 3564 3984 nihil

1965 4029 2049 4084 sui
2076 4029 2127 4081 in
2158 4027 2336 4082 alieno
2375 4025 2623 4081 amisisse
2664 4031 2911 4093 peccato,
2943 4023 3026 4077 cui
3061 4032 3114 4076 et
3143 4023 3394 4091 possibile
3419 4030 3568 4075 esset

1968 4130 2021 4174 et
2067 4120 2294 4174 liberum
2343 4134 2436 4186 per
2481 4115 2842 4171 voluntariam
2891 4114 3232 4168 devotionem
3265 4114 3565 4180 promereri

1968 4213 2153 4282 gratias
2183 4211 2506 4280 largitatem.

2041 4303 2168 4357 Car.
2203 4301 2293 4354 XI.
2327 4299 2512 4351 Omnes
2553 4297 2608 4349 in
2651 4303 2855 4363 peccato
2886 4300 3050 4356 natos,
3093 4308 3125 4344 a
3164 4293 3328 4347 salute
3367 4295 3564 4349 alienos

1968 4409 2098 4460 esse,
2129 4391 2227 4446 nisi
2250 4392 2302 4443 in
2323 4387 2527 4442 Christo
2549 4395 2907 4440 renascantur.
2924 4413 2993 4423 —
3011 4382 3204 4438 Verum
3230 4385 3386 4441 istam
3410 4385 3565 4440 dant-

1971 4488 2080 4543 nati
2112 4484 2373 4555 dogmatis
2403 4481 2700 4552 portionem
2728 4478 3008 4533 catholicae
3035 4486 3242 4533 mentes
3287 4478 3442 4535 facile
3470 4482 3553 4533 in-

1972 4580 2236 4650 telligunt,
2263 4585 2316 4631 et
2333 4574 2528 4630 merito
2551 4572 2908 4628 detestantur.
2935 4569 3155 4625 Dicente
3177 4572 3318 4626 enim
3334 4571 3564 4626 Domino

259 4669 586 4728 cutionibus
608 4668 784 4734 fracti,
807 4684 912 4723 non
933 4669 1379 4739 prosperitatibus
1396 4669 1691 4741 depravati,
1713 4686 1870 4726 mun-
1895 4659 1946 4720 Π
1971 4673 2095 4731 Jesn
2119 4689 2131 4724 :
2156 4669 2276 4724 Non
2291 4678 2361 4723 est
2388 4684 2514 4738 opus
2536 4666 2676 4720 sanis
2700 4663 2948 4729 medicus,
2971 4665 3058 4717 sed
3081 4663 3212 4718 male
3231 4663 3564 4733 habentibus;

264 4759 416 4816 dum
443 4763 600 4818 istum
639 4777 740 4817 nec
775 4761 1014 4817 dilexere
1041 4761 1447 4832 obsequentem,
1499 4777 1600 4818 nec
1640 4765 1867 4820 timuere

267 4852 841 4909 terrentem.'rantam
871 4854 1050 4924 itaque
1079 4852 1409 4921 ﬁrmitatém,
1429 4864 1484 4910 et
1513 4864 1620 4910 tam
1643 4858 1872 4915 sublime

265 4940 622 5017 propositum
668 4953 773 5008 qua
814 4938 1218 5008 impugnationo
1246 4945 1491 5000 diabolus
1521 4957 1704 5015 posset
1737 4950 1872 5006 ado-

266 5033 410 5100 riri,
442 5031 542 5088 nisi
566 5040 624 5087 ut
649 5030 843 5103 quibus
873 5043 980 5084 non
1008 5037 1254 5100 potuerat
1273 5032 1599 5088 persuadere
1622 5035 1875 5094 vitiorum

361 5176 392 5205 ι
421 5166 598 5222 Editio
617 5166 833 5236 Prosp.,
859 5165 926 5218 sit
952 5165 1090 5236 fons.

359 5239 394 5279 ιδ
428 5239 581 5307 Vulg.
611 5233 904 5306 corrupte:
937 5233 1058 5290 Non
1087 5234 1239 5290 enim.
1270 5233 1452 5291 Nostri
1489 5237 1647 5293 codd.
1687 5251 1876 5296 emen-

270 5311 567 5374 dationem
599 5309 898 5380 praebuere.

370 5393 394 5420 ο
423 5383 514 5438 Sic
530 5378 728 5447 Quesn.
753 5380 921 5449 probe
939 5378 1194 5443 correxit,
1213 5393 1334 5434 cum
1355 5379 1406 5434 in
1425 5378 1582 5436 editis
1605 5391 1658 5437 et
1682 5384 1880 5440 nostris

273 5456 459 5514 etiam
488 5467 618 5507 mss.
648 5450 906 5506 mendose
927 5451 1157 5521 legatur,
1187 5459 1233 5504 et
1261 5452 1489 5521 prapria.

371 5523 401 5558 ά
427 5525 506 5578 lta
536 5523 704 5577 nostri
723 5521 880 5577 codd.
913 5521 1108 5576 etediti
1132 5520 1400 5589 Prosperi.
1421 5522 1645 5588 Quesn.,
1664 5535 1718 5578 ut
1739 5526 1878 5580 inde.

377 5602 403 5629 ο
430 5590 675 5658 Antiqua:
720 5591 850 5648 edit.
893 5593 1106 5662 Pr05p.,
1150 5593 1566 5648 innumerabilia.
1617 5595 1883 5652 Emenda-

283 5670 504 5724 tionem
531 5663 734 5734 Questa.
765 5664 934 5734 nostri
960 5663 1173 5719 codices
1196 5664 1513 5734 approbant.

382 5736 399 5773 ί
430 5734 618 5803 Carpit
658 5732 798 5786 hunc
835 5733 1011 5789 locum
1050 5732 1369 5802 Quesnellus
1409 5736 1626 5792 dissert.
1665 5736 1718 5803 4,
1749 5751 1797 5793 c.
1825 5737 1880 5804 6,

286 5829 360 5868 ῃ.
392 5809 444 5873 5,
477 5821 540 5860 ac
578 5805 624 5860 si
659 5805 862 5858 Auctor
899 5820 1135 5876 romana:
1180 5806 1324 5861 sedis
1360 5809 1582 5876 gloriam
1625 5808 1881 5873 elaturos,

289 5879 482 5945 eidem
509 5876 726 5939 tribuat,
772 5875 912 5944 quod
936 5876 1201 5934 Africanis
1246 5875 1475 5947 Prosper
1517 5880 1725 5934 asserit.
1778 5879 1882 5936 Sed

647 5971 917 6041 ΡΑτειοι..
965 5969 1092 6039 ιν.

1976 4782 2077 4819 non
2103 4764 2237 4818 enim
2258 4761 2368 4814 veni
2391 4774 2569 4814 vocare
2586 4759 2772 4825 iustos,
2788 4755 2877 4810 sed
2899 4766 3185 4823 peccatores
3211 4754 3360 4825 (Luc.
3380 4772 3430 4820 v,
3446 4755 3562 4825 31):

1975 4858 2370 4912 convincuntur
2414 4852 2501 4906 iSti
2553 4851 2605 4904 in
2651 4848 2900 4917 superbia
2939 4849 3097 4901 etiam
3135 4847 3251 4901 sine
3296 4863 3423 4902 voce
3451 4848 3565 4902 cla-

1977 4965 2124 5006 mare
2151 4967 2162 5002 :
2192 4946 2319 5002 Sani
2343 4959 2552 5009 sumus,
2580 4957 2715 5011 Opus
2738 4939 2946 4995 medico
2980 4954 3085 4994 non
3117 4938 3412 5004 habemus;
3445 4955 3567 5008 qua

1979 5041 2135 5096 nobis
2163 5037 2520 5109 exspectanda
2551 5043 2674 5091 sunt
2697 5033 2941 5106 prresidia
2973 5034 3040 5089 de
3079 5047 3181 5103 ope
3208 5031 3412 5102 gratiae,
3445 5035 3566 5102 qui-

1984 5185 2089 5239 quo
2111 5184 2269 5223 sensu
2292 5177 2344 5222 et
2367 5182 2526 5237 quam
2554 5181 2676 5239 vere
2693 5167 2893 5221 Auctor
2918 5171 3216 5239 scripserit.
3249 5177 3312 5239 ex
3342 5175 3574 5239 Insontet

1986 5232 2249 5308 Prospero
2279 5232 2770 5293 demonstrabimus
2801 5239 2854 5292 in
2881 5232 3091 5291 observ.
3120 5232 3186 5286 ad
3214 5233 3428 5286 citatam
3461 5235 3574 5286 dis-

1984 5314 2330 5367 sertationem
2361 5326 2508 5365 num.
2538 5310 2570 5364 8
2598 5319 2652 5363 et
2680 5323 2831 5378 seqq.

2060 5392 2083 5428 κ
2112 5383 2184 5436 lta
2227 5397 2346 5436 cum
2379 5383 2578 5447 Quesn.
2623 5370 2806 5434 nostri
2836 5376 2992 5432 codd.
3035 5374 3090 5428 ln
3134 5380 3408 5442 postrema
3435 5370 3576 5427 edit.

1989 5452 2045 5507 Ρι
2061 5453 2260 5523 osperi,
2293 5453 2566 5523 quosdam.

2060 5522 2084 5559 δ
2118 5525 2206 5579 Sic
2237 5519 2394 5578 iidem
2427 5537 2554 5575 mss.
2589 5521 2728 5575 libri.
2763 5519 2922 5584 Editi,
2955 5526 3142 5571 tamen.

2069 5595 2080 5631 ί
2121 5596 2212 5648 llis
2262 5594 2525 5660 postillam
2557 5591 2873 5656 Quesncllus
2920 5588 3092 5660 aflixit
3119 5604 3141 5660 Δε
3173 5583 3574 5660 Pelagianorum

1993 5666 2219 5734 reliquia:
2250 5657 2680 5734 Semipelagiuni,
2723 5675 2794 5734 ac
2821 5662 2862 5711 si
2895 5660 2960 5712 ad
2989 5657 3443 5734 Semipelagianos
3469 5671 3575 5734 ,εθ-

1991 5727 2204 5806 quentia
2257 5727 2575 5806 pertineant.
2628 5732 2733 5783 Sed
2774 5733 2888 5806 haec
2923 5738 3171 5806 spectare
3213 5727 3279 5806 ad
3314 5727 3576 5806 quosdam

1992 5797 2231 5861 occultos
2263 5797 2574 5873 Pelagianos
2603 5797 3226 5873 οδιιειιύειιιυςριιιτὶιιυε
3266 5799 3320 5853 in
3357 5797 3575 5860 observ.

1993 5878 2059 5931 ad
2083 5877 2296 5932 dissert.
2325 5877 2381 5939 (Ξ,
2415 5892 2466 5928 n.
2499 5873 2550 5926 ι.

3066 5964 3103 6022 6
