4018 6314
512 292 610 351 Hi
1494 285 1719 343 OPERA
1757 285 1814 343 S.
1858 282 2056 339 LEONI
2096 283 2332 340 MAGNO
2370 286 2780 345 ATTRIBUTA.

3674 288 3775 354 {73

512 415 616 473 bus
656 415 944 481 suppetunt
985 407 1126 461 vires
1162 404 1229 461 de
1270 405 1639 461 incolumitate
1685 408 1931 458 natum?
1972 403 2085 457 Non
2117 405 2168 462 Α
2195 408 2435 474 quoniam
2454 410 2620 477 gloria
2642 408 2841 462 uirtutis
2858 423 3029 463 eorum
3048 415 3101 461 tu
3119 422 3169 461 es
3193 403 3363 480 (Psal.
3382 422 3639 477 Lxxxmt,
3666 408 3770 480 I7).

518 516 696 563 autem
742 502 940 558 frustra
979 498 1213 555 Joannes
1261 498 1585 567 protestatur
1632 502 1687 549 et
1728 494 1857 550 dicit
1900 513 1912 547 :
1958 492 2091 550 Ecce

513 599 689 669 Agnus
714 592 834 662 Dei,
859 606 972 647 ecce
999 591 1086 660 qui
1106 586 1239 644 tollit
1263 598 1468 671 peccata
1493 586 1670 640 mundi
1694 584 1872 657 (Joan.
1906 600 1943 651 ι,
1969 582 2089 657 29).

511 688 623 744 Nec
654 685 851 742 frustra
877 682 1134 753 scriptum
1164 690 1246 736 est
1271 698 1284 734 :
1310 679 1477 735 Nemo
1499 680 1717 733 mundus
1739 694 1770 733 a
1796 678 1968 745 sorde,
2000 697 2094 734 nec

507 782 700 851 infans,
726 779 873 849 cujus
896 776 1046 830 unius
1077 773 1179 828 diei
1204 772 1305 827 vita
1326 783 1398 827 est
1418 786 1571 843 super
1608 779 1796 824 terram
1825 769 1944 839 (Job
1980 784 2087 832 Itv,

506 873 736 943 4,ju:rta
760 866 963 940 LXX);
1006 875 1059 923 et
1092 884 1104 920 ε
1142 865 1270 933 Quis
1314 867 1501 935 poterit
1536 866 1704 936 facere
1739 864 1989 916 mundum
2029 862 2093 914 de

504 961 772 1023 immundo
812 967 1105 1027 conceptum
1152 956 1380 1011 semine?
1429 952 1620 1009 Nonne
1658 961 1711 1007 tu
1751 954 1839 1024 qui
1871 953 2009 1008 solus
2036 960 2086 1006 es

511 1052 677 1123 (Ibid.
699 1056 855 1125 juxta
884 1048 1099 1121 Vulg)?
1128 1047 1351 1117 Propter
1379 1045 1543 1117 quod,
1570 1047 1710 1100 sicut
1736 1059 1876 1099 nunc
1904 1043 1958 1098 in
1983 1043 2084 1098 Ec-

508 1144 671 1201 clesia
696 1154 871 1198 manet
897 1140 1206 1197 constitutio
1224 1139 1518 1194 Salvatoris
1544 1137 1803 1193 dicentis:
1828 1134 1950 1190 Nisi
1973 1137 2085 1205 quis

506 1244 711 1289 renatus
736 1234 887 1304 fuerit
914 1248 975 1305 ea:
991 1248 1123 1301 aqua
1151 1241 1197 1286 et
1224 1231 1424 1300 Spiritu
1449 1238 1644 1297 sancto,
1672 1245 1772 1283 non
1798 1227 2005 1282 intrabit
2030 1228 2085 1281 in

504 1343 715 1401 regnum
744 1326 985 1381 caelorum
1022 1324 1199 1395 (Joan.
1227 1341 1306 1389 ιιι,
1335 1323 1429 1395 5);
1476 1324 1546 1378 ita
1575 1322 1934 1378 sacratissime
1969 1330 2086 1376 erat

502 1421 559 1473 in
576 1419 693 1489 lege
719 1427 1044 1488 prtecautum
1068 1426 1125 1471 ut
1146 1426 1301 1470 natus
1329 1431 1478 1484 puer,
1501 1414 1600 1469 nisi
1621 1414 1707 1469 die
1730 1412 2080 1469 circumcide-

502 1517 650 1566 retur
679 1517 889 1577 octavo,
932 1506 1377 1563 exterminaretur
1422 1506 1599 1559 anima
1641 1503 1759 1575 ejus
1789 1504 1855 1559 de
1882 1503 2081 1574 populo

505 1614 603 1656 suo
633 1598 788 1672 (Gen.
820 1612 951 1663 xvu,
982 1596 1093 1667 14),
1128 1597 1326 1651 nullum
1355 1597 1407 1650 in
1441 1594 1754 1651 hmreditate
1787 1595 1947 1651 Israel
1982 1595 2080 1648 ha-

504 1693 687 1749 bitura
707 1690 1057 1749 consortium.
1088 1688 1219 1757 Quae
1239 1688 1438 1755 omnia,
1464 1697 1518 1744 et
1546 1690 1712 1743 multo
1736 1689 1881 1756 plura
1910 1687 2048 1742 docu
2064 1717 2079 1726 -

2197 496 2299 565 Qui
2326 496 2380 551 et
2407 496 2534 552 alibi
2562 498 2802 568 piissime
2829 498 3114 555 conﬁtetur
3139 498 3428 555 Dominum
3466 500 3531 555 ¹ἰιι
3578 501 3771 557 sanatis

2198 589 2311 643 suis
2328 601 2454 644 esse
2466 588 2821 656 laudandam,
2842 590 3027 645 dicens
3053 608 3065 643 :
3092 588 3349 644 Hirabilis
3366 590 3504 645 Deus
3526 595 3578 645 in
3588 602 3771 648 sanctis

2196 681 2304 735 suis
2336 696 2356 735 :
2384 678 2523 735 Deus
2564 680 2735 735 Israel
2762 682 2875 751 ipse
2899 681 3040 736 dabit
3078 684 3310 737 virtutem
3352 692 3398 737 et
3427 683 3770 753 fortitudinem

2194 771 2327 841 plebi
2368 780 2475 827 suis
2522 771 2701 842 (Ptol.
2753 772 3055 845 van,36).
3082 784 3104 812 ε
3138 773 3271 829 lluic
3294 775 3465 829 etiam
3506 774 3770 831 Jeremias

2195 864 2489 920 concordat
2517 874 2572 921 et
2599 865 2727 922 dicit
2758 882 2772 919 :
2808 865 2933 919 Hac
2958 864 3082 919 dicit
3110 864 3363 920 Dominus
3385 882 3405 921 :
3436 865 3559 921 Non
3587 865 3770 936 glorie-

2196 965 2277 1007 tur
2305 957 2507 1024 sapiens
2532 958 2586 1011 in
2611 958 2862 1025 sapientia
2892 974 3005 1024 sua,
3037 966 3085 1011 et
3115 973 3216 1011 non
3256 956 3507 1028 glorietur
3545 958 3692 1025 fortis
3721 960 3767 1012 in

2194 1046 2494 1115 fortitudine
2524 1064 2615 1101 sua
2636 1093 2649 1117 ,
2683 1057 2730 1103 et
2756 1064 2856 1102 non
2882 1050 3128 1119 glorietur
3166 1048 3305 1102 dices
3329 1049 3383 1102 in
3407 1049 3599 1103 divitiis
3630 1050 3765 1115 suis;

2191 1138 2280 1190 sed
2318 1137 2372 1191 in
2418 1139 2513 1191 hoc
2537 1140 2778 1208 glorietur
2801 1140 2888 1211 qui
2914 1142 3165 1210 gloriatur
3187 1180 3205 1207 ,
3250 1140 3532 1209 intelligere
3570 1152 3618 1194 et
3644 1142 3768 1195 scire

2192 1231 2311 1299 quia
2338 1244 2427 1300 ego
2457 1247 2571 1284 sum
2602 1230 2850 1285 Dominus
2876 1230 3086 1303 (Jerem.
3114 1247 3189 1297 lx,
3216 1231 3312 1299 25,
3338 1231 3457 1302 26).
3490 1232 3612 1300 Ipse
3641 1247 3766 1288 vero

2191 1320 2494 1376 intellectus
2520 1333 2572 1377 et
2615 1323 2835 1377 scientia
2862 1323 3003 1377 unde
3030 1323 3343 1391 habeantur,
3372 1323 3617 1393 pandunt
3643 1325 3764 1380 Pro-

2194 1414 2376 1468 verbia
2401 1414 2723 1482 Salomonis,
2743 1425 2797 1469 et
2815 1416 3000 1469 dicunt
3023 1433 3034 1467 :
3056 1415 3313 1483 Quoniam
3333 1416 3493 1486 27g
3518 1413 3766 1472 Dominus

2191 1506 2279 1559 dat
2308 1506 2638 1572 sapientiam,
2670 1515 2719 1560 et
2762 1524 2796 1559 α
2841 1506 2970 1577 facie
3007 1510 3118 1578 ejus
3146 1508 3354 1561 scientia
3392 1518 3441 1562 et
3483 1508 3766 1565 intellectus

2191 1595 2375 1667 (Prov.
2404 1613 2479 1661 ιι,
2514 1596 2604 1667 6).
2632 1598 2660 1635 ά
2682 1599 2751 1652 Et
2773 1599 2823 1652 in
2848 1598 3169 1654 Ecclesiaste
3193 1598 3329 1653 libro
3353 1600 3520 1668 ipsius
3542 1599 3765 1671 legimus

2191 1689 2330 1758 quod
2362 1698 2415 1744 et
2440 1690 2599 1744 corda
2626 1699 2681 1745 et
2705 1704 2867 1761 opera
2885 1690 3152 1759 iustorum
3177 1692 3230 1745 in
3250 1704 3413 1747 manu
3437 1692 3530 1747 Dei
3553 1694 3688 1763 sint,
3716 1704 3764 1749 et

503 1796 706 1852 menta,
738 1800 846 1840 non
878 1791 1019 1838 tanta
1043 1796 1167 1836 cura
1198 1779 1365 1836 sacris
1389 1779 1591 1849 paginis
1608 1779 1837 1848 Spiritus
1862 1787 2079 1835 sanctus
2110 1770 2160 1831 B
2190 1789 2391 1836 tantum
2439 1782 2493 1835 in
2539 1782 2729 1836 studiis
2768 1783 2880 1837 suis
2900 1782 3205 1852 proﬁciant,
3240 1793 3496 1854 quantum
3537 1801 3637 1841 eos
3682 1786 3764 1842 ille

500 1875 835 1941 inseruisset,
867 1875 911 1929 si
935 1873 1054 1928 talis
1080 1881 1223 1928 esset
1250 1879 1441 1925 natura
1464 1871 1517 1924 in
1544 1870 1667 1924 llliis
1693 1869 1880 1937 Adam,
1909 1871 2082 1939 qualis

501 1969 555 2024 in
601 1968 715 2039 ipso
762 1978 848 2023 est
889 1964 1255 2036 principaliter
1305 1964 1567 2017 instituta.
1606 1964 1763 2034 271
1811 1961 1918 2017 Sed
1959 1962 2079 2032 quia

502 2061 670 2117 Filius
693 2061 789 2117 Dei
814 2060 961 2115 venit
988 2067 1046 2113 ut
1069 2057 1303 2113 solveret
1332 2071 1492 2127 Opera
1517 2057 1713 2113 diaboli
1747 2058 1789 2129 (l
1816 2056 1972 2111 Joan.
1997 2074 2075 2125 nt,

501 2154 582 2223 8),
629 2162 684 2208 et
726 2162 784 2207 ut
823 2160 1088 2221 quaereret
1130 2164 1193 2204 ac
1234 2150 1465 2205 salvaret
1493 2150 1635 2219 quod
1667 2151 1893 2219 perierat
1923 2149 2075 2221 (Luc.

501 2261 607 2310 ιιι,
635 2244 745 2314 l0),
770 2244 1108 2299 manifestum
1135 2250 1217 2296 est
1241 2256 1430 2298 omnes
1459 2241 1513 2296 in
1542 2243 1708 2297 Adam
1747 2242 2075 2298 damnationi

498 2338 762 2394 obnoxios
791 2352 910 2393 esse
935 2336 1221 2403 nascendo,
1262 2335 1365 2390 nisi
1394 2333 1445 2390 in
1475 2333 1688 2391 Christo
1718 2336 1925 2393 liberati
1959 2337 2075 2391 lue-

495 2431 604 2488 rint
646 2429 996 2486 renascendo.
1048 2424 1199 2485 Unde
1229 2426 1515 2498 vigilanter
1547 2428 1700 2483 nobis
1730 2429 2075 2483 consideran-

495 2523 625 2581 dum
652 2530 732 2577 est
759 2519 810 2577 in
839 2522 953 2591 ipso
984 2518 1407 2591 regenerationis
1439 2534 1657 2575 munere
1681 2520 1803 2589 quid
1831 2530 2067 2590 geratur.

496 2614 752 2683 Quamvis
792 2613 932 2669 enim
978 2612 1043 2667 ad
1070 2627 1234 2666 unum
1263 2619 1589 2667 concurrant
1615 2625 1800 2666 omnes
1829 2610 2068 2679 ejusdem

497 2706 737 2778 mysterii
776 2704 1072 2775 portiones,
1118 2702 1260 2758 aliud
1285 2708 1465 2757 tamen
1507 2710 1589 2757 est
1617 2701 1761 2772 quod
1786 2700 2071 2755 visibiliter

494 2799 690 2868 agitur,
721 2796 863 2851 aliud
892 2795 1033 2867 quod
1061 2794 1406 2850 invisibiliter
1425 2794 1757 2860 celebratur;
1799 2807 1899 2848 nec
1927 2792 2067 2847 idem

497 2897 580 2944 est
607 2888 660 2942 in
700 2895 1033 2942 sacramento
1079 2884 1272 2953 forma,
1312 2888 1455 2956 quod
1496 2886 1689 2953 virtus,
1736 2898 1856 2939 cum
1901 2884 2066 2939 forma

496 2989 522 3017 ι
539 2979 753 3035 humani
782 2978 1060 3035 ministerii
1087 2976 1403 3034 adhibeatur
1416 2976 1875 3048 obsequio,virtus
1888 2985 2065 3031 autem

494 3086 593 3141 per
611 3070 775 3125 divini
798 3071 975 3141 operis
1000 3078 1284 3141 praestetur
1306 3068 1586 3135 edoctum;
1615 3068 1680 3123 ad
1706 3068 1858 3139 cujus
1884 3069 2063 3140 utiquo

2188 1875 2516 1944 provexerit.
2552 1875 3045 1944 Quantumcumque,
3070 1875 3259 1946 inquit,
3286 1876 3595 1933 laboraverit
3616 1879 3761 1934 homo

2186 1974 2241 2019 ut
2282 1975 2472 2034 quierat
2520 1980 2621 2020 non
2668 1968 2904 2023 inveniet.
2945 1966 3013 2020 Et
3041 1969 3389 2038 quodcumque
3417 1978 3439 2005 ο
3467 1970 3657 2024 dixerit
3686 1986 3761 2022 sa-

2184 2058 2327 2128 piens
2348 2066 2403 2110 ut
2434 2059 2583 2124 sciat,
2610 2066 2715 2112 non
2736 2068 2894 2127 potest
2920 2060 3164 2127 invenire,
3209 2060 3331 2125 quia
3354 2062 3647 2115 universum
3674 2064 3760 2115 hoc

2183 2150 2304 2203 vidit
2345 2164 2432 2203 cor
2454 2165 2640 2217 meum,
2670 2152 2792 2220 quia
2810 2153 2944 2221 justi
2974 2161 3022 2206 et
3053 2154 3324 2223 sapientes,
3348 2163 3401 2207 et
3441 2156 3758 2222 operationes

2182 2254 2355 2296 eorum
2394 2243 2445 2293 in
2469 2256 2625 2295 manu
2654 2241 2750 2295 Dei
2790 2239 2989 2313 (Eccle.
3032 2257 3144 2309 vut,
3177 2244 3271 2308 l7;
3305 2259 3378 2311 ts,
3414 2246 3488 2314 i).
3523 2245 3657 2300 Tale
3683 2254 3758 2300 est

2185 2332 2325 2401 quod
2371 2334 2660 2402 Apostolus
2704 2334 2979 2401 pmdicat,
3002 2335 3188 2390 dicens
3215 2350 3375 2390 omne
3408 2336 3636 2391 verbum
3666 2338 3756 2391 bo‘

2177 2439 2303 2477 num
2349 2434 2402 2479 et
2447 2436 2607 2481 omne
2654 2440 2789 2495 opus
2830 2436 3071 2481 sanctum
3106 2425 3124 2465 ί
3154 2426 3351 2482 donum
3382 2442 3503 2482 esse
3530 2428 3756 2497 Spiritus

2179 2516 2370 2579 sancti,
2400 2516 2516 2570 sine
2546 2530 2651 2585 quo
2675 2517 2809 2571 nihil
2838 2527 2987 2573 recte
3014 2526 3221 2586 agatur.
3250 2518 3401 2583 Ideo,
3445 2520 3639 2589 inquit,
3672 2536 3756 2575 no-

2175 2616 2281 2660 tum
2311 2607 2448 2662 vobis
2479 2609 2611 2678 facio
2652 2611 2788 2679 quod
2817 2626 2962 2664 nemo
2988 2611 3041 2664 in
3062 2610 3246 2681 spiritu
3271 2610 3366 2663 Dci
3398 2610 3610 2681 loquens
3638 2612 3755 2667 dicit

2174 2700 2442 2753 anathema
2451 2699 2598 2766 Iesu,
2614 2710 2659 2755 et
2675 2717 2820 2755 nemo
2837 2706 3001 2771 potest
3013 2703 3200 2768 dicere,
3216 2703 3464 2756 Dominus
3474 2701 3754 2769 Jesus,uisi

2178 2791 2230 2843 in
2264 2791 2465 2860 Spiritu
2493 2802 2688 2847 sancto.
2716 2791 3007 2848 Divisiones
3026 2809 3142 2847 vero
3161 2802 3279 2847 sunt
3294 2794 3602 2863 gratiarum,
3628 2794 3752 2848 idem

2171 2892 2341 2935 autem
2390 2883 2651 2954 Spiritus;
2704 2895 2755 2938 et
2804 2886 3075 2939 divisiones
3126 2885 3561 2939 ministratioth
3600 2895 3747 2950 sunt,

2168 2975 2305 3030 idem
2333 2986 2502 3030 autem
2531 2975 2816 3043 Dominus;
2840 2986 2887 3032 et
2926 2979 3199 3033 divisiones
3237 2981 3592 3047 operationum
3618 2988 3748 3042 sunt,

2168 3068 2305 3123 idem
2330 3084 2444 3123 vero
2468 3069 2605 3125 Deus
2632 3072 2719 3141 qui
2760 3081 2999 3142 operatur
3029 3071 3200 3125 omnia
3228 3070 3283 3125 in
3323 3071 3584 3125 omnibus.
3616 3069 3745 3124 Uni-

490 3164 781 3233 potentiam
810 3162 1148 3218 referendum
1196 3172 1277 3216 est
1319 3162 1460 3231 quod
1490 3160 1616 3215 dunt
1644 3160 1803 3215 homo
1832 3161 2066 3217 exterior
2091 3144 2139 3209 Ο
2171 3164 2349 3233 cuique
2374 3173 2547 3217 autem
2574 3164 2727 3217 datur
2751 3164 3096 3233 manifestatio
3119 3163 3343 3233 Spiritus
3370 3165 3441 3216 ad
3464 3164 3745 3217 utilitatem.

476 3238 746 3321 abluitur,
792 3263 1025 3309 mutatur
1064 3254 1314 3318 interior;
1363 3263 1415 3308 et
1458 3251 1518 3307 ﬁt
1558 3268 1695 3309 nova
1723 3262 1968 3310 creatura
1996 3254 2067 3311 de

493 3346 681 3410 veteri,
711 3360 832 3400 vasa
862 3345 957 3399 ira:
990 3346 1046 3399 in
1083 3358 1209 3399 vasa
1241 3344 1622 3400 misericordia:
1652 3347 2063 3416 transferuntur,

493 3448 547 3492 et
575 3436 627 3492 iu
651 3450 845 3506 corpus
871 3433 1069 3490 Christi
1089 3434 1419 3490 convertitur
1441 3444 1568 3490 caro
1603 3438 1835 3503 peccati;
1873 3437 1940 3492 de
1969 3438 2066 3491 im-

2171 3254 2275 3308 Alii
2301 3255 2506 3323 quidem
2545 3270 2635 3323 per
2681 3252 2935 3323 Spiritum
2960 3254 3115 3307 datur
3141 3269 3306 3307 sermo
3340 3255 3628 3323 sapientia
3658 3251 3747 3303 alii

2169 3356 2339 3400 autem
2365 3362 2527 3400 sermo
2555 3347 2778 3400 scientia:
2793 3347 3069 3409 secundum
3099 3346 3330 3399 eumdem
3360 3344 3619 3410 Spiritum,
3654 3342 3738 3393 al-

2168 3440 2263 3492 teri
2313 3439 2439 3505 fides
2483 3440 2536 3491 in
2568 3439 2741 3492 eodem
2768 3438 3003 3507 Spiritu;
3031 3447 3056 3485 ε
3087 3437 3178 3492 alii
3217 3438 3441 3506 operatio
3467 3437 3724 3494 tu'rtulum,

492 3527 595 3596 piis
619 3526 768 3595 justi,
817 3525 883 3579 de
921 3524 1147 3594 captivis
1177 3524 1353 3589 liberi,
1383 3523 1451 3579 de
1478 3524 1597 3580 ﬁliis
1630 3526 1903 3584 hominum
1935 3527 2070 3581 llunt
2169 3530 2261 3584 alii
2283 3528 2563 3600 prophetia,
2597 3530 2688 3583 alii
2724 3530 2962 3585 discretio
2995 3530 3291 3599 spirituum,
3324 3528 3407 3581 alii
3431 3540 3599 3595 genera
3628 3524 3729 3575 lin-

493 3618 588 3672 ftlii
614 3616 733 3687 Dei,
779 3619 866 3688 qui
902 3632 1004 3671 non
1033 3631 1095 3672 e:c
1129 3616 1482 3687 sanguinibus,
1524 3634 1684 3688 neque
1711 3634 1775 3673 ea:
1810 3617 2068 3673 voluntate
2169 3638 2409 3692 gnarum,
2431 3622 2523 3675 alii
2544 3622 2894 3691 interpretatio
2910 3636 3220 3676 sermonum.
3242 3619 3374 3674 Hac
3391 3627 3550 3673 autem
3569 3615 3741 3668 omnia

492 3711 606 3776 uiri,
634 3726 791 3780 neque
833 3725 895 3764 ea;
926 3709 1182 3763 voluntate
1212 3708 1415 3776 carnis;
1464 3710 1551 3764 sed
1587 3726 1652 3766 ea:
1679 3708 1786 3766 Deo
1812 3712 1919 3765 nati
1948 3720 2067 3767 sunt
2169 3724 2412 3782 aperatur
2438 3729 2569 3766 unus
2603 3723 2750 3781 atque
2788 3714 2925 3767 idem
2965 3712 3211 3783 Spiritus,
3262 3710 3491 3765 dividens
3529 3705 3748 3778 singulis

492 3802 671 3874 (Joan.
701 3818 741 3871 ι,
771 3800 883 3873 l5).
912 3801 1063 3870 Quod
1096 3800 1218 3872 quia
1243 3800 1606 3857 indubitanter
1632 3803 1951 3873 accepimus,
1980 3819 2067 3861 ve-

490 3894 760 3950 rissimum
784 3904 865 3950 est
885 3893 1026 3965 quo‘d
1046 3893 1333 3964 Apostolus
1360 3893 1537 3964 docet,
1564 3896 1748 3951 dicens
1776 3914 1789 3949 :
1820 3898 2067 3964 Quicum-

489 4002 588 4055 que
616 3986 750 4040 enim
777 3986 958 4057 spiritu
996 3985 1091 4041 Dei
1112 3995 1351 4057 aguntur,
1403 3986 1443 4041 ii
1480 3986 1579 4057 filii
1606 3997 1723 4041 sunt
1748 3986 1845 4042 Dei
1885 3988 2061 4059 (Rom.

489 4096 601 4146 vnt,
654 4079 764 4151 It).
814 4079 965 4134 Unde
992 4079 1203 4135 videant
1233 4079 1384 4150 cujus
1409 4094 1470 4135 se
1500 4081 1682 4135 haberi
1705 4079 1842 4136 ﬁlios
1875 4083 2062 4149 velint,

489 4173 577 4242 qui
601 4170 903 4227 deﬁnierint
924 4183 1110 4224 omnes
1135 4169 1375 4225 homines
1396 4170 1669 4226 voluntate
1692 4173 1904 4242 propria
1928 4174 2060 4243 regi,

488 4276 607 4317 cum
651 4260 789 4316 idem
812 4259 1101 4329 Apostolus
1128 4268 1450 4329 protestetur
1479 4268 1534 4316 et
1558 4260 1699 4315 dicat
1727 4278 1741 4314 :
1776 4260 1878 4329 Qui
1900 4265 2061 4332 spiri-

488 4362 596 4407 tum
619 4351 809 4406 Christi
834 4367 934 4404 non
968 4350 1135 4415 habet,
1167 4351 1249 4403 hic
1276 4367 1374 4404 non
1392 4360 1464 4406 est
1493 4354 1603 4423 ejus
1626 4351 1798 4423 (Rom.
1828 4368 1944 4420 vm,
1978 4354 2059 4423 9).

560 4443 691 4498 Cn.
721 4441 840 4497 XII.
870 4442 938 4496 In
958 4442 1068 4496 solo
1092 4440 1202 4496 Deo
1228 4458 1331 4496 esse
1350 4444 1671 4514 gloriandum
1688 4485 1701 4509 ,
1719 4462 1750 4497 a
1775 4462 1873 4514 quo
1896 4447 2059 4501 omnis

2172 3815 2323 3875 prout
2351 3807 2461 3860 vult
2492 3806 2545 3877 (l
2576 3804 2693 3860 Cor.
2719 3820 2811 3866 ιιι.
2841 3805 2929 3875 3).

2237 3898 2367 3953 Car.
2396 3898 2537 3953 XIII.
2573 3898 2697 3953 Sine
2742 3897 2931 3952 Christi
2975 3898 3233 3967 operantis
3268 3897 3321 3952 in
3360 3898 3504 3951 nobis
3547 3895 3751 3949 auxilio

2166 3992 2297 4046 nihil
2322 3993 2437 4045 boni
2462 4007 2553 4045 nos
2579 4006 2757 4061 agere;
2782 4007 2875 4045 nec
2901 3992 2973 4044 ita
2995 3991 3189 4059 auferri
3215 3989 3431 4045 liberum
3456 3989 3753 4053 arbitrium,

2166 4085 2255 4137 sed
2278 4085 2470 4151 iuuari.
2494 4113 2564 4125 —-
2590 4084 2728 4137 Sunt
2753 4093 2806 4137 et
2842 4082 2946 4137 alia
2992 4082 3397 4137 innumerabilia
3443 4082 3756 4137 testimonia

2165 4190 2285 4246 qum
2311 4191 2375 4229 ex
2409 4176 2615 4245 paginis
2640 4184 2692 4229 et
2721 4174 2842 4227 novi
2863 4182 2920 4228 et
2946 4174 3142 4229 veteris
3164 4173 3490 4228 Testamenti
3517 4172 3758 4243 quadam

2165 4270 2590 4325 conclamatione
2618 4268 2935 4323 conﬁrment
2959 4266 3096 4322 hanc
3121 4280 3241 4322 esse
3263 4281 3405 4321 verte
3428 4266 3761 4321 humilitatis

2150 4361 2672 4417 excellentissimam
2693 4359 3027 4429 dignitatem,
3052 4366 3111 4414 ut
3130 4359 3307 4412 omnia
3327 4373 3450 4427 qua:
3471 4358 3761 4413 hominem

2164 4453 2364 4507 faciunt
2382 4452 2729 4506 christianum
2758 4450 2823 4505 ad
2848 4450 3043 4504 divinae
3062 4450 3249 4519 gratia:
3276 4448 3474 4503 donum
3504 4448 3765 4505 referan-

489 4535 668 4601 uirtus,
694 4532 857 4604 gloria
880 4541 927 4586 et
948 4533 1194 4601 sapientia
1224 4540 1319 4587 est.
1341 4533 1675 4588 —Rel’utata
1700 4535 2057 4607 igitursuper-
2082 4521 2137 4580 Ῐ)
2165 4551 2267 4597 tur.
2299 4542 2406 4597 Sed
2429 4551 2627 4596 tantam
2652 4541 3043 4596 multitudinem
3078 4539 3463 4595 sententiarum
3492 4539 3548 4593 in
3588 4555 3783 4594 unum

487 4625 677 4680 borum
700 4623 857 4693 impia
885 4624 1138 4688 vanitate,
1163 4623 1355 4694 quibus
1385 4625 1438 4679 in
1470 4635 1743 4695 peccatum
1773 4629 1934 4683 etiam
1966 4631 2056 4686 illa

2164 4649 2460 4704 congerere
2477 4634 2817 4689 immodicum
2838 4633 2955 4699 fuit,
2972 4633 3267 4703 praesertim
3283 4647 3401 4686 cum
3419 4631 3553 4685 mihi
3570 4646 3769 4687 sermo

491 4731 608 4786 qute
648 4716 700 4770 in
747 4717 825 4772 eis
872 4716 1118 4771 videntur
1166 4715 1426 4771 laudanda
1470 4726 1768 4788 vertuntur,
1790 4734 1890 4776 nos
1911 4721 2055 4778 illam
2164 4736 2309 4784 esset
2342 4726 2408 4780 ad
2447 4725 2853 4780 sanctimoniam
2883 4734 3048 4788 tuam,
3080 4724 3165 4779 cui
3195 4739 3261 4778 ex
3293 4721 3524 4778 formula
3560 4732 3767 4775 eorum

488 4806 840 4863 humilitatem
866 4806 893 4846 δ
925 4808 1010 4862 cui
1039 4809 1206 4863 virtus
1226 4817 1280 4863 et
1305 4809 1474 4879 gloria
1504 4809 1647 4865 Deus
1671 4820 1755 4866 est
1774 4812 2053 4885 eligamus,

489 4898 722 4954 scientes
751 4898 1061 4967 prophetam
1098 4898 1260 4953 David
1290 4899 1548 4956 cecinisse
1576 4901 1644 4957 de
1668 4905 1863 4960 sanctis
1895 4922 1910 4961 :
1939 4906 2053 4961 Do-

2160 4835 2281 4891 qua:
2300 4819 2837 4874 commemoravimus
2861 4817 3043 4872 omnia
3068 4831 3127 4871 se
3156 4826 3243 4869 aut
3279 4810 3597 4865 recordanti
3628 4809 3772 4867 offe-

2160 4921 2278 4968 rent
2296 4920 2388 4966 aut
2415 4908 2631 4978 legenti,
2654 4909 2780 4963 licet
2795 4907 3036 4969 quaedam
3054 4900 3215 4954 etiam
3238 4897 3563 4953 brevissima
3591 4909 3772 4957 tantae

489 4994 645 5059 mine,
696 4994 749 5047 in
790 4991 981 5046 lumine
1008 4990 1176 5046 vultus
1206 4994 1278 5045 tui
1315 4993 1666 5061 ambulabunt,
1694 5005 1743 5049 et
1768 4996 1823 5049 in
1853 4999 2056 5052 nomine
2158 5000 2268 5056 sint
2318 4993 2690 5067 plenitudinis,
2726 5001 2989 5061 latumque
3042 4990 3287 5057 virtutis,
3340 5000 3399 5044 ut
3444 4991 3613 5046 nullo
3666 4992 3771 5050 ad-

482 5097 569 5141 tuo
590 5085 911 5142 easuttabunt
930 5092 1036 5140 tota
1053 5084 1159 5153 die,
1187 5095 1237 5140 et
1255 5088 1309 5142 in
1327 5095 1415 5141 tua
1423 5088 1635 5159 justitia
1653 5090 2014 5146 exaltabuntur
2034 5107 2055 5146 :

540 5321 574 5347 "
606 5309 745 5367 Editi
792 5323 913 5365 cum
956 5322 1065 5363 uno
1117 5316 1302 5362 nostro
1347 5304 1468 5361 cod.
1518 5305 1642 5361 Vat.
1681 5306 1883 5364 addunt
1912 5325 2049 5365 eum.

480 5380 663 5435 Melius
690 5380 981 5435 delevimus
1001 5378 1315 5433 auctoritate
1339 5377 1557 5432 alterius
1587 5392 1694 5432 ms.

545 5450 575 5487 δ
607 5450 679 5504 Ita
708 5451 908 5518 Quesn.
937 5460 991 5504 et
1038 5449 1357 5505 novissimus
1386 5448 1561 5521 editor
1588 5448 1859 5521 Prosperi.
1886 5449 2049 5521 Vulg.

481 5521 770 5591 anteriores
790 5536 910 5575 cum
940 5521 1222 5576 recentiori
1251 5535 1349 5575 ms.
1385 5519 1531 5583 Vat.,
1561 5520 1642 5572 cui
1670 5520 1826 5573 virtus
1854 5529 1901 5574 et
1928 5519 2045 5591 glo-

481 5592 556 5642 ria
584 5589 675 5642 Dei
696 5599 791 5644 est.
820 5592 968 5646 Alius
994 5592 1114 5646 cod.
1144 5591 1286 5654 Vat.,
1309 5591 1390 5643 cui
1418 5594 1577 5643 virtus
1618 5598 1693 5660 est
1731 5590 1891 5660 gloria
1925 5589 2042 5646 Dei.

547 5660 761 5786 crEditi,
812 5660 951 5717 Hinc
991 5663 1163 5718 etiam.
1221 5661 1534 5718 Nostrorum
1587 5659 1831 5717 codicum
1882 5661 2049 5719 lectio

480 5743 685 5793 metor.

2159 5088 2420 5148 versantis
2441 5085 2653 5157 ingenio
2672 5084 2875 5155 possint
2892 5084 2944 5137 in
2962 5097 3180 5139 sensum
3209 5082 3369 5137 alium
3400 5081 3773 5155 detorqueri.

2228 5306 2252 5344 δ
2294 5307 2472 5375 Vulg.,
2504 5305 2653 5360 Unde
2680 5306 2733 5357 in
2767 5302 3103 5375 Ecclesiastes
3126 5303 3280 5369 libro,
3312 5302 3397 5357 vel
3449 5304 3504 5356 in
3563 5305 3778 5363 Eccle-

2157 5374 2329 5433 siaste.
2359 5374 2583 5431 NOStros
2616 5376 2735 5429 cod.
2773 5376 2887 5427 Vat.
2925 5374 3276 5443 praetulimus.

2229 5460 2251 5486 ο
2286 5447 2447 5503 Iidem
2472 5447 2652 5509 C0dti.,
2681 5446 2937 5500 dilexerit.

2230 5518 2249 5557 ί
2285 5519 2418 5573 Cum
2452 5519 2502 5572 in
2529 5517 2888 5571 anterioribus
2917 5514 3075 5569 editis
3106 5515 3390 5569 haberetur
3417 5515 3635 5582 domum
3670 5526 3774 5582 est,

2155 5590 2495 5657 Quosnellus,
2530 5589 2720 5641 omissa
2758 5601 2883 5639 voce
2922 5588 3131 5649 donum,
3161 5600 3227 5657 ex
3253 5593 3322 5657 est
3350 5581 3587 5657 scripsit
3630 5604 3776 5643 esse.

2153 5652 2327 5719 Nostri
2358 5659 2514 5714 codd.
2544 5674 2722 5710 veram
2756 5657 3137 5725 integramque
3170 5652 3453 5725 lectionem
3511 5654 3778 5717 dedere.

2226 5730 2364 5787 σείς
2396 5730 2554 5784 iidem
2588 5742 2716 5782 mss.
2750 5722 3011 5782 libri—Vat.
3046 5722 3213 5791 Editi,
3242 5722 3387 5778 alteri
