4018 6314
179 317 275 375 175

1287 322 1617 382 EPISTOLA
1656 325 1749 381 AD
1790 325 2316 386 DEIETRIADEM.

3335 339 3441 396 i'l-i

175 431 303 488 Nam
331 448 450 503 quae
477 434 825 490 contradictio
855 433 1058 489 admitti
1090 443 1266 506 potest
1295 437 1348 492 in
1376 452 1440 493 eo
1468 437 1610 509 quod
1635 438 1749 508 ipsa
1775 445 1825 505 Α
1849 442 2079 512 gratiam
2105 440 2408 512 prmveniri.
2441 443 2683 514 Erainus,
2715 447 2916 520 inquit,
2943 458 2992 504 et
3022 466 3114 506 nos
3147 451 3445 523 insipientes

177 523 384 580 Veritus
406 525 684 596 discipulis
700 527 812 582 suis
833 541 929 597 per
948 529 1288 598 Evangelium
1309 528 1530 585 Joannis
1553 529 1754 586 dixisse

179 626 424 673 narratur
459 636 471 670 :
507 618 652 674 Sicut
681 621 895 691 palmes,
929 621 1118 692 inquit,
1151 637 1251 676 non
1278 631 1439 692 potest
1457 623 1628 692 facere
1649 627 1762 692 {ru-

173 718 311 766 ctum
333 712 429 766 nisi
455 714 698 767 manserit
724 715 776 768 in
799 715 916 780 rite,
948 714 1020 768 sic
1049 731 1140 768 nec
1160 731 1268 784 vos,
1293 715 1451 788 273
1474 717 1574 771 nisi
1603 717 1655 770 in
1682 733 1762 771 me

172 802 483 857 manseritis.
512 802 620 874 Ego
637 821 747 860 sum
769 806 901 871 vitis,
927 822 1012 861 vos
1032 806 1283 876 palmites.
1305 807 1408 874 Qui
1430 816 1598 863 manet
1620 809 1672 861 in
1687 825 1763 863 me

171 903 216 948 et
237 910 333 964 ego
360 894 411 948 in
433 911 510 960 eo,
538 896 619 950 hic
635 896 732 966 fert
749 898 994 967 fructum,
1013 901 1131 969 quia
1157 901 1265 956 sine
1297 919 1375 954 me
1402 901 1533 955 nihil
1553 902 1762 971 potestis

170 989 342 1056 facere
365 985 542 1057 (Joan.
563 1003 648 1058 xv,
671 990 724 1055 4,
757 992 830 1061 5).
856 990 1041 1046 Nonne
1066 995 1398 1048 convincitur
1420 994 1626 1063 palmes
1653 993 1762 1047 ela-

171 1094 256 1138 tus
286 1083 429 1152 quod
465 1083 614 1139 omni
642 1085 921 1141 fertilitate
960 1098 1234 1154 vacuatur,
1281 1090 1325 1143 si
1360 1089 1484 1143 vitis
1517 1087 1768 1142 ubertate

167 1195 276 1233 non
307 1179 508 1234 alitur?
535 1178 668 1246 Quis
711 1180 855 1236 enim
907 1179 1022 1235 sine
1075 1176 1272 1233 auxilio
1316 1173 1504 1244 gratia:
1542 1171 1772 1225 fructum

159 1279 350 1338 potest
376 1268 573 1328 aﬂerre
604 1270 859 1340 justitim,
911 1279 1004 1324 aut
1052 1269 1172 1339 quis
1224 1265 1384 1320 audet
1427 1264 1611 1318 dicere
1643 1278 1700 1319 se
1742 1277 1772 1317 a

167 1362 396 1419 Christo
428 1378 535 1418 non
564 1364 752 1429 dividi,
784 1364 877 1433 qui
904 1362 1174 1418 Christum
1201 1360 1254 1414 in
1284 1373 1343 1412 se
1365 1357 1622 1413 dilﬁtetur
1648 1372 1770 1426 ope-

165 1455 319 1510 rari?
380 1456 463 1510 An
515 1455 660 1510 forte
716 1455 1008 1509 verendum
1057 1464 1140 1507 est
1192 1468 1257 1504 ne
1301 1449 1528 1504 liberum
1583 1449 1771 1503 tollere

163 1544 456 1601 videamur
487 1547 796 1616 arbitrium,
827 1561 946 1599 cum
976 1543 1154 1598 omnia
1181 1559 1275 1612 per
1304 1558 1420 1611 qua:
1449 1539 1769 1609 propitiatur

168 1637 326 1691 Deus
353 1637 418 1691 ad
449 1640 620 1706 ipsum
651 1637 878 1691 dicimus
899 1651 1016 1690 esse
1047 1633 1356 1689 referenda?
1383 1629 1533 1697 Quod
1562 1641 1761 1699 nequa-

166 1745 338 1798 quam
385 1745 506 1785 esse
546 1744 879 1799 consequens
913 1737 938 1764 ι
981 1729 1098 1782 luce
1140 1721 1379 1780 veritatis
1409 1721 1713 1778 ostenditur
1747 1740 1759 1776 :

1863 535 2159 604 aliquando,
2209 537 2482 604 increduli,
2516 549 2761 608 errantes,
2791 543 3064 600 seruientes
3096 544 3360 600 desideriis
3391 557 3450 600 et

1864 627 2210 695 voluptatibus
2250 629 2427 695 variis,
2467 629 2522 682 in
2561 631 2752 686 malitia
2777 642 2825 687 et
2861 633 3054 688 invidia
3085 643 3312 706 agentes,
3333 637 3450 692 odi-

1864 718 2009 784 biles,
2043 719 2271 773 odientes
2295 720 2527 774 invicem.
2551 719 2676 774 Cum
2694 733 2862 778 autem
2889 725 3173 800 benignitas
3195 737 3240 782 et
3261 727 3449 784 huma-

1867 811 1999 864 nitas
2029 813 2270 882 apparuit
2300 810 2596 868 Salvatoris
2627 817 2784 869 nostri
2809 857 2824 884 ,
2852 834 2953 872 non
2983 836 3045 876 ea:
3073 822 3308 891 operibus
3327 823 3452 892 jus-

1868 905 1993 958 titia:
2007 921 2120 975 qua:
2135 905 2342 974 fecimus
2357 922 2473 972 nos,
2493 906 2583 959 sed
2601 908 2874 962 secundum
2887 927 3031 964 suam
3042 913 3451 972 miscricordiam

1867 996 2031 1050 salvos
2063 1011 2153 1049 nos
2184 996 2322 1065 fecit,
2359 1012 2451 1067 per
2494 996 2754 1052 lavacrum
2784 1004 3180 1072 regenerationis
3225 1007 3453 1075 Spiritus

1870 1090 2028 1142 sancti
2051 1105 2197 1156 quem
2229 1087 2409 1155 e/fudit
2446 1089 2649 1142 abunde
2671 1090 2725 1143 in
2755 1107 2846 1146 nos
2876 1109 2963 1162 per
2990 1092 3168 1150 Iesum
3195 1096 3458 1154 Christum

1875 1179 2195 1232 Salratorent
2223 1187 2474 1247 nostrum,
2495 1189 2548 1233 ut
2551 1182 2832 1252 justiﬁcati
2843 1185 3011 1252 gratia
3029 1186 3212 1252 ipsius,
3228 1189 3450 1244 lueredes

1875 1269 2030 1322 siinus
2077 1269 2351 1323 secundum
2399 1287 2539 1340 spem
2590 1272 2705 1325 vitta
2751 1283 2956 1329 aeternae
3009 1273 3136 1345 (Tit.
3169 1292 3256 1344 ιιι,
3287 1279 3451 1348 5-7).

1873 1363 2059 1416 Otnnis
2085 1364 2242 1431 igitur
2263 1363 2682 1419 illuminatarum
2707 1367 2964 1422 mentium
2989 1369 3108 1437 pius
3127 1378 3302 1423 motus
3327 1370 3456 1427 alie-

1873 1455 1987 1508 nari
2015 1455 2230 1521 quidem
2264 1470 2372 1508 non
2403 1465 2579 1524 potest
2603 1471 2631 1510 a
2663 1464 2877 1527 pr0pria
2905 1459 3139 1518 hominis
3161 1461 3456 1531 voluntate,

1871 1547 2134 1617 siquidem
2170 1547 2299 1601 nihil
2333 1557 2478 1602 recte
2507 1548 2665 1604 faciet
2696 1551 2796 1605 nisi
2836 1551 2978 1621 quod
3025 1552 3215 1608 volens
3257 1555 3457 1625 egerit;

1869 1639 1960 1693 sed
2005 1649 2062 1694 ut
2093 1639 2158 1693 ad
2206 1639 2255 1694 id
2303 1640 2445 1710 quod
2484 1656 2696 1711 aequum
2723 1652 2776 1699 et
2808 1643 2936 1699 utile
2960 1654 3044 1700 est
3078 1645 3240 1701 animi
3274 1649 3459 1704 tendat

1869 1734 2095 1789 intentio
2116 1775 2130 1802 ,
2163 1735 2230 1790 de
2260 1735 2403 1790 illius
2445 1745 2662 1793 aeterna:
2695 1746 2750 1793 ct
2782 1739 3236 1796 incommutabilis
3266 1743 3432 1800 volun

162 1833 434 1888 operante
478 1821 620 1875 enim
676 1821 879 1888 Spiritu
928 1818 1018 1873 Dei
1063 1816 1281 1887 juvatur
1326 1813 1630 1882 arbitrium,
1661 1829 1765 1869 non

1881 1827 1994 1883 tatis
2023 1828 2374 1897 inspiratione
2400 1829 2716 1899 concipitur.
2751 1829 2818 1885 Et
2856 1831 2995 1886 sicut
3035 1842 3152 1886 arte
3177 1833 3369 1888 medici
3399 1832 3460 1890 lit

162 1909 410 1966 aufertur
439 1927 453 1964 :
486 1921 540 1966 et
567 1911 668 1966 hoc
695 1913 807 1982 agit
829 1909 1020 1981 gratia,
1045 1919 1103 1962 ut
1127 1909 1372 1962 voluntas
1396 1917 1618 1978 peccato
1647 1921 1768 1961 cor-

165 2009 348 2071 rupta,
384 2001 712 2056 vanitatibus
735 2001 882 2056 ebria
907 2042 922 2068 ,
958 1998 1362 2055 scductiouibus
1387 1997 1765 2068 circumsepta,

163 2094 571 2150 difﬁcultatibus
596 2094 870 2165 impedita,
904 2109 1010 2149 non
1035 2101 1310 2148 remaneat
1341 2095 1391 2146 in
1417 2093 1768 2164 languoribus

166 2187 302 2254 suis,
357 2187 457 2242 sed
507 2202 599 2258 per
629 2202 786 2257 opem
834 2187 1139 2241 miserentis
1173 2183 1365 2241 medici
1404 2193 1586 2240 curata
1619 2201 1769 2240 reva-

167 2278 359 2346 lescat,
393 2289 447 2336 et
477 2280 710 2350 gaudeat
742 2295 801 2336 se
833 2296 938 2334 non
967 2280 1386 2350 interrogantem
1417 2277 1684 2346 eductam,
1717 2288 1772 2334 et

170 2388 269 2426 non
291 2380 635 2442 qumrentem
669 2387 787 2426 esse
816 2371 1094 2442 qutesitam
1118 2413 1133 2439 ,
1162 2370 1284 2440 quia
1306 2370 1565 2440 impletur
1588 2369 1768 2440 quoti-

172 2463 250 2519 die
269 2464 421 2534 quod
447 2464 611 2520 Isaias
636 2465 898 2536 propheta
923 2465 1174 2536 prmdixlt
1197 2483 1210 2518 :
1242 2464 1437 2532 Quibus
1462 2481 1561 2518 non
1585 2475 1656 2518 est
1676 2482 1771 2518 an-

174 2560 467 2613 nuntiatum
497 2558 562 2612 de
590 2575 671 2629 eo,
705 2553 981 2624 videbunt;
1004 2570 1050 2613 et
1077 2560 1166 2631 qui
1195 2576 1295 2613 non
1325 2560 1594 2614 audierunt
1618 2560 1770 2613 intel-

178 2652 320 2722 ligent
351 2651 490 2724 (lsa.
520 2667 612 2720 ιιι,
643 2652 755 2721 15).
784 2652 1068 2720 Quomodo
1090 2664 1270 2708 autem
1296 2653 1397 2709 hoc
1424 2652 1514 2707 ﬁat
1535 2653 1769 2708 Joannes

183 2747 325 2804 docet
354 2747 542 2802 dicens
577 2767 590 2801 :
626 2745 830 2802 Scimus
858 2749 976 2817 quia
1013 2764 1076 2802 ea:
1106 2745 1214 2802 Deo
1246 2765 1440 2815 sumus,
1472 2757 1518 2802 et
1543 2748 1768 2801 mundus

189 2851 300 2897 totus
327 2841 386 2897 in
417 2837 644 2915 maligno
683 2843 879 2912 positus
911 2852 1012 2908 est;
1044 2852 1090 2897 et
1112 2844 1300 2898 scimus
1327 2843 1568 2911 quoniam
1593 2837 1641 2892 F
1649 2844 1767 2896 ilius

196 2933 273 2988 Dei
294 2936 426 2990 venit
458 2945 504 2989 et
534 2936 674 2989 dedit
705 2934 847 2989 nobis
886 2952 1095 2990 sensum
1124 2945 1175 2989 ut
1205 2952 1571 3005 cognoscamus
1594 2950 1768 2987 verum

206 3028 363 3098 Deum,
395 3043 441 3085 et
467 3033 626 3085 simus
674 3032 724 3084 in
775 3047 891 3085 vero
918 3029 1060 3085 Filio
1089 3032 1201 3102 ejus
1231 3030 1408 3100 (Joan.
1438 3046 1488 3096 v,
1533 3028 1618 3093 19,
1650 3027 1766 3097 ‘20).

213 3123 339 3190 Quod
364 3125 542 3196 utique
574 3141 717 3180 nunc
742 3124 768 3163 δ
801 3141 1014 3194 quoque
1040 3125 1226 3179 eadem
1252 3125 1487 3194 potentia
1514 3123 1774 3177 Dominus

1872 1920 1927 1976 in
1972 1920 2143 1975 oculis
2185 1921 2570 1991 caligantibus,
2607 1931 2664 1975 ut
2697 1924 2905 1990 possint
2941 1922 3124 1979 videre
3159 1921 3302 1993 quod
3343 1941 3457 1980 non

1874 2015 2080 2082 vident,
2111 2030 2209 2071 nec
2243 2025 2419 2071 tamen
2459 2032 2563 2070 non
2598 2017 2835 2086 ipsorum
2877 2027 2960 2074 est
2992 2017 3132 2072 visio
3157 2033 3316 2089 quam
3347 2033 3462 2074 tne-

1871 2106 2044 2161 dicina
2074 2107 2378 2172 contulerit,
2415 2106 2485 2161 ita
2518 2108 2570 2162 in
2601 2107 2850 2163 cordibus
2883 2107 3050 2164 tardis
3083 2118 3137 2166 et
3171 2108 3460 2168 hebetibus

1875 2215 1969 2267 per
2010 2199 2268 2270 Spiritum
2311 2207 2550 2254 sanctum
2588 2200 2730 2255 acies
2753 2199 2983 2256 obducta
3035 2201 3277 2272 tergitnr,
3309 2212 3364 2256 et
3390 2200 3462 2258 ds

1873 2306 2002 2348 vero
2031 2291 2232 2347 lumine
2264 2290 2561 2346 tenebrosa:
2600 2291 2711 2361 jam
2761 2299 2814 2346 et
2862 2291 3174 2348 deﬁcientes
3224 2292 3462 2349 lucernas

1874 2387 2053 2439 lumen
2085 2382 2381 2453 accipiunt;
2409 2397 2506 2437 nec
2541 2395 2713 2437 tamen
2747 2384 2847 2438 nisi
2894 2383 3129 2451 ipsarum
3165 2384 3273 2438 erit
3302 2385 3462 2454 quid-

1873 2477 1999 2547 quid
2033 2477 2251 2544 fulgoris
2281 2476 2609 2546 accepcrint.
2636 2475 2783 2530 Unde
2804 2476 2935 2531 dicit
2957 2475 3214 2531 Dominus
3239 2493 3251 2529 :
3278 2474 3461 2549 Ignem

1872 2570 2195 2623 venimittere
2224 2569 2274 2621 in
2306 2577 2514 2633 terram;
2530 2577 2575 2620 et
2601 2569 2724 2637 quid
2755 2568 2867 2622 rolo
2895 2568 2994 2622 nisi
3022 2577 3075 2622 ut
3109 2567 3462 2639 ardeat(Luc.

1872 2676 1946 2716 xu
1967 2706 1981 2730 ,
2015 2660 2234 2732 49)?Et
2259 2660 2398 2716 idem
2420 2660 2570 2728 jubet
2603 2671 2658 2713 ut
2690 2660 2924 2715 lucerna:
2952 2668 3150 2715 nostra:
3189 2662 3295 2715 sint
3317 2675 3465 2716 sem--

1871 2768 1967 2824 per
1993 2754 2244 2808 ardentes
2263 2795 2276 2818 ,
2311 2765 2369 2807 ut
2395 2751 2606 2809 scilicet
2634 2767 2868 2820 superno
2895 2751 3018 2823 igne
3062 2765 3322 2806 accensus
3345 2753 3476 2810 auio.

1874 2863 1992 2902 mus
2025 2863 2130 2902 non
2163 2855 2421 2916 tepescat,
2464 2845 2558 2899 sed
2585 2845 2795 2900 studeat
2836 2859 3052 2914 semper
3074 2844 3294 2910 ardere;
3327 2859 3390 2900 ac
3411 2847 3465 2901 sl

1873 2940 2109 3010 vigorem
2139 2940 2257 3010 ejus
2285 2940 2461 3009 aliqua
2490 2938 2718 2992 turbarit
2745 2937 3064 3002 adversitas,
3111 2937 3254 2992 unde
3295 2938 3464 3007 cmpit

1876 3032 2216 3096 inﬂammari,
2246 3030 2370 3085 inde
2394 3039 2578 3099 poscat
2600 3029 2774 3096 igniri.
3472 3078 3485 3096 η

1947 3124 2072 3179 Cir.
2105 3121 2221 3178 XV.
2254 3121 2379 3175 Ideo
2405 3122 2519 3175 dari
2549 3131 2855 3190 prteceptum
2883 3129 2939 3173 ut
2963 3119 3304 3189 prtecipientis
3325 3135 3466 3186 qua-

213 3215 546 3277 lndesiteuter
586 3229 864 3291 operatur,
915 3219 1003 3289 qui
1044 3219 1155 3273 ait:
1192 3216 1322 3272 Ecce
1364 3235 1456 3288 ego
1509 3216 1767 3270 vobiscum
1797 3193 1844 3257 ο
1874 3226 2019 3269 ratur
2045 3215 2317 3278 auxilium,
2345 3215 2435 3266 cui
2456 3212 2600 3266 homo
2623 3209 2900 3264 obediendo
2932 3209 3465 3282 coaperetur.—l'ro-

215 3324 309 3363 tum
335 3311 550 3365 omnibus
571 3311 746 3366 diebus
774 3327 930 3379 usque
973 3309 1039 3363 ad
1073 3309 1565 3362 consummationem
1594 3306 1770 3360 swculi

205 3401 398 3472 (Matt/2.
433 3421 618 3472 xxvnt,
643 3405 760 3474 9.0).

261 3494 385 3551 CAP.
416 3495 555 3552 XIV.
593 3494 660 3550 In
691 3495 835 3549 nullo
866 3495 1049 3564 gratia
1077 3495 1419 3564 operationem
1447 3492 1507 3546 ab
1547 3493 1772 3546 humana

208 3589 450 3642 voluntate
494 3587 782 3660 prtzveniri.
817 3615 884 3626 —
915 3586 981 3641 Ut
1023 3600 1150 3658 ergo
1195 3583 1620 3652 misericordiam
1679 3583 1771 3638 Dei

199 3694 486 3748 quaeramus
508 3721 522 3745 ,
555 3679 647 3734 Dei
681 3677 1042 3733 misericordia
1074 3687 1155 3731 est
1200 3676 1289 3745 qui
1334 3676 1408 3730 ait
1441 3694 1453 3730 :
1485 3674 1768 3730 Miserebor

202 3774 273 3825 cui
300 3775 538 3827 misertus
566 3789 677 3838 ero,
707 3781 754 3826 et
783 3770 1188 3824 miscricordiam
1214 3768 1466 3840 praestabo
1514 3769 1596 3822 cui
1628 3769 1774 3822 mise-

199 3867 456 3919 ricordiam
511 3865 793 3936 prwstiterq
843 3862 1018 3933 (Rom.
1070 3879 1143 3929 ix,
1180 3860 1288 3932 15).
1325 3861 1476 3919 Unde
1506 3862 1638 3916 mire
1681 3877 1776 3932 per

199 3955 470 4012 lcremiam
503 3957 642 4011 idem
685 3953 941 4010 Dominus
968 3953 1295 4020 manifestat,
1328 3953 1469 4024 quod
1523 3954 1616 4009 Dei
1647 3968 1776 4024 gra-

199 4051 307 4104 tiam
340 4065 506 4105 nemo
550 4049 842 4119 przeveniat
889 4046 1083 4101 merito
1111 4061 1230 4112 suo,
1261 4044 1354 4100 sed
1389 4055 1606 4115 propter
1635 4045 1774 4100 dile-

197 4140 418 4196 ctionem
451 4157 553 4210 qua
581 4139 722 4194 Deus
747 4137 918 4210 diligit
939 4139 1096 4192 etiam
1121 4151 1340 4191 aversos
1369 4137 1433 4190 ad
1468 4136 1775 4191 misericor-

198 4232 325 4287 diam
378 4233 547 4288 trahi.
607 4230 925 4296 Dilectione,
971 4230 1180 4296 inquit,
1238 4239 1428 4282 arterna
1477 4228 1636 4283 dilexi
1686 4240 1777 4281 te:

197 4333 457 4395 propterea
505 4324 641 4377 traxi
667 4332 713 4376 te
744 4322 811 4375 ad
842 4321 1236 4387 miserationem,
1269 4322 1390 4390 quia
1419 4320 1684 4390 (Ltllﬁt‘abo
1712 4330 1776 4388 te,

197 4422 237 4465 et
261 4415 616 4487 a’diﬁcuberis,
647 4415 786 4485 virgo
815 4412 983 4466 Israel
1017 4409 1229 4484 (Jcrem.
1258 4428 1401 4477 xxxx,
1429 4410 1505 4481 ‘5).
1541 4411 1638 4465 Cui
1667 4428 1785 4466 sen-

201 4507 375 4562 tentiae
419 4507 652 4564 JOannes
699 4521 908 4576 quoque
952 4502 1225 4575 apostolus
1263 4503 1507 4574 Congruit
1551 4503 1780 4559 dicens:

1877 3307 2000 3363 inde
2029 3308 2149 3378 quia
2184 3301 2616 3360 manifestissime
2646 3312 2700 3356 et
2733 3301 3074 3372 prophetica,
3105 3308 3160 3356 et
3189 3301 3464 3372 evangeli-

1875 3410 2027 3467 ca,et
2053 3398 2339 3468 apostolica
2359 3395 2624 3461 doctrina,
2640 3408 2738 3450 nec
2760 3392 3022 3464 superbos
3050 3407 3148 3448 nos
3175 3394 3288 3449 vult
3309 3407 3456 3460 esse,

1877 3511 1977 3551 nec
2017 3493 2229 3550 desides
2275 3501 2660 3560 coorieratores
2697 3504 2792 3545 nos
2843 3503 2964 3545 esse
3013 3498 3226 3559 oportet
3279 3489 3469 3559 gratia

1879 3588 1992 3656 Dei,
2023 3597 2081 3643 ut
2110 3587 2250 3642 illam
2274 3584 2624 3650 excitantem,
2650 3582 2948 3650 juvantem,
2970 3581 3386 3649 locupletantcm
3405 3587 3468 3636 et

1877 3682 2113 3756 quotidie
2138 3679 2540 3752 provehentem,
2570 3677 2852 3748 vigilanter
2876 3685 2932 3732 et
2959 3675 3141 3731 sobrie
3167 3673 3469 3745 subsequa-

1879 3792 2021 3840 mur,
2053 3788 2340 3844 numquam
2374 3777 2647 3826 messantes
2677 3769 2744 3824 ab
2765 3769 2975 3824 actione
3003 3768 3313 3837 gratiarum,
3340 3765 3470 3836 quia

1880 3868 2019 3923 inter
2047 3865 2279 3920 secunda
2308 3864 2429 3917 vita:
2469 3862 2624 3916 istius
2657 3870 2712 3914 et
2750 3859 2996 3925 adversa,
3024 3858 3214 3929 quibus
3252 3857 3470 3926 gemina

1881 3975 2097 4030 semper
2125 3957 2418 4014 tentatione
2450 3955 2747 4024 pulsamur,
2782 3953 2827 4005 si
2858 3951 3186 4021 proficimus,
3215 3949 3342 4003 inde
3370 3950 3472 4004 ali-

1883 4070 2033 4119 mur;
2057 4053 2100 4106 si
2129 4062 2352 4115 stamus,
2378 4047 2502 4102 inde
2530 4045 2904 4108 subsistimus;
2937 4043 2980 4097 si
3005 4042 3312 4107 recidimus,
3343 4041 3470 4095 inde

1884 4159 2215 4214 reparamur.
2239 4141 2374 4195 Dicit
2395 4139 2537 4193 enim
2559 4135 2788 4204 Spiritus
2811 4148 2906 4200 per
2931 4132 3245 4201 prophetam
3267 4129 3470 4183 David:

1885 4243 1931 4291 A
1971 4237 2192 4289 Domino
2241 4248 2440 4304 gressus
2488 4229 2708 4283 hominis
2736 4223 3062 4296 dirigentur,
3101 4233 3147 4276 et
3186 4223 3317 4276 vium
3361 4225 3474 4292 ejus

1886 4328 2035 4383 uolet.
2084 4325 2211 4380 Cum
2263 4323 2524 4385 ceciderit,
2575 4335 2678 4371 non
2715 4315 3007 4381 collidetur,
3052 4314 3172 4384 quia
3221 4312 3476 4367 Dominus

1887 4418 2128 4489 supponit
2161 4431 2366 4469 manum
2397 4427 2562 4466 suam.
2593 4409 2710 4464 Non
2739 4407 2917 4480 itaque
2943 4407 3136 4461 frustra
3169 4405 3476 4476 prmcipitur

1891 4519 1946 4564 ut
1968 4508 2090 4564 b0ni
2115 4509 2307 4573 simus,
2323 4522 2438 4560 cum
2457 4501 2614 4576 275
2631 4502 2824 4557 dicitur
2846 4519 2856 4553 :
2876 4497 3132 4554 Declinaa
3155 4497 3312 4563 malo,
3329 4508 3377 4552 et
3393 4499 3477 4570 [ac

200 4593 312 4651 Non
341 4598 496 4669 quasi
537 4613 626 4650 nos
668 4597 995 4649 dilexerimus
1042 4593 1228 4661 Deum,
1273 4595 1360 4647 sed
1403 4596 1643 4664 quoniam
1675 4597 1783 4665 ipse
1808 4581 1862 4642 Ῑ)
1891 4605 2075 4657 bonum
2105 4593 2276 4673 (Psal.
2307 4615 2488 4665 xxxu,
2522 4599 2610 4660 ‘25,
2642 4595 2730 4657 ﬁt,
2762 4593 2875 4664 9.7).
2902 4591 3004 4647 Sed
3033 4607 3130 4647 nec
3151 4591 3346 4646 frustra
3379 4607 3474 4662 per

202 4688 370 4743 dilexit
417 4706 539 4754 nos;
571 4699 624 4743 et
667 4687 808 4742 infra
842 4706 853 4740 :
887 4687 999 4741 Nos
1044 4703 1162 4757 ergo
1209 4687 1511 4758 diligamus,
1541 4689 1783 4758 quoniam

203 4776 333 4832 Deus
383 4785 526 4849 prior
571 4781 752 4836 dilexit
796 4798 887 4835 nos
921 4781 973 4852 (Ι
1004 4781 1160 4834 Joan.
1191 4795 1268 4848 tv,
1304 4779 1369 4834 10
1391 4820 1404 4844 ,
1439 4780 1551 4851 19).
1585 4771 1784 4836 Paulus

201 4883 412 4940 quoque
457 4858 731 4937 apostolus
781 4872 832 4921 in
871 4873 1060 4925 eadem
1096 4879 1179 4925 est
1209 4872 1496 4937 sententia,
1524 4873 1707 4926 dicens
1730 4873 1785 4928 in

202 4959 368 5028 Epist.
402 4958 470 5012 ad
501 4949 742 5013 Timon].
777 4973 809 5011 ιι
842 4975 852 5010 2
889 4955 1160 5011 Collabora
1199 4959 1476 5029 Eonngelio
1508 4963 1784 5017 secundant

202 5054 442 5108 virtutem
491 5049 588 5106 Dei
633 5053 722 5123 qui
775 5065 864 5105 nos
909 5051 1138 5104 liberavit
1186 5062 1233 5106 et
1281 5053 1473 5106 vocavit
1521 5057 1781 5111 vocatione

207 5157 227 5183 ο
241 5159 446 5213 sancta,
467 5163 567 5201 non
584 5146 862 5200 secundum
881 5161 1034 5214 opera
1057 5152 1246 5209 nostra,
1268 5147 1355 5200 sed
1377 5148 1651 5201 secundum
1669 5167 1788 5218 pro-

177 5242 431 5306 positum
456 5256 602 5294 suum
641 5248 688 5294 et
726 5241 982 5310 gratiam,
1014 5255 1127 5308 qum
1171 5238 1332 5310 274
1375 5240 1496 5294 data
1539 5251 1612 5294 est
1643 5245 1786 5298 nobis

201 5343 314 5388 ante
357 5346 595 5404 tempora
643 5343 833 5388 (eterna
880 5331 958 5403 (ll
990 5330 1124 5387 Tim.
1155 5347 1221 5398 tt,
1255 5331 1317 5400 8,
1350 5333 1441 5405 9).
1485 5336 1567 5390 Ad
1609 5337 1787 5395 Titum

201 5426 360 5482 etiam
390 5427 655 5492 scribens,
685 5426 842 5481 docet
869 5425 1013 5481 nullo
1030 5423 1178 5479 bono
1203 5424 1434 5481 hominis
1457 5429 1656 5484 merito
1685 5429 1782 5486 Dei

277 5614 303 5641 "
333 5605 468 5678 Erat
512 5609 565 5660 in
609 5607 789 5678 Vulg.,
841 5610 1061 5662 t-eritatis
1097 5612 1398 5675 ostenditur,
1436 5607 1564 5666 sine
1595 5616 1781 5668 vocula

206 5675 332 5754 luce.
362 5677 687 5754 Quesnellus
711 5675 974 5754 defectum
1006 5683 1302 5748 suSpicatus
1322 5727 1334 5749 ,
1372 5684 1573 5736 notavit
1606 5685 1656 5737 in
1686 5702 1779 5754 po-

203 5746 349 5800 stilla
378 5765 390 5798 :
428 5746 641 5821 Videtur
669 5747 751 5802 hic
774 5750 940 5804 deesse
966 5746 1135 5814 voca,
1163 5764 1248 5805 aut
1276 5746 1397 5821 quid
1419 5755 1603 5806 simile.
1632 5746 1777 5810 Unus

205 5820 465 5875 cnostris
505 5821 656 5876 codd.
709 5822 976 5891 supplevit
1021 5822 1166 5886 luce;
1215 5824 1348 5879 allus
1398 5824 1498 5878 alia
1549 5827 1778 5892 ratione,

1891 4695 2178 4750 Jcremiam
2202 4691 2332 4746 dicit
2359 4689 2612 4744 Dominus
2642 4704 2654 4739 :
2681 4683 2937 4740 Timorem
2965 4701 3132 4738 meum
3153 4684 3286 4738 dabo
3310 4685 3359 4736 in
3387 4701 3476 4738 cor

1893 4804 2100 4852 eorum,
2156 4795 2201 4839 et
2251 4782 2460 4838 visitabo
2491 4797 2575 4836 eos
2625 4789 2677 4832 ut
2726 4779 2880 4831 bonos
2923 4795 3006 4832 eos
3038 4778 3224 4847 faciam
3255 4773 3478 4847 (Jerem.

1894 4897 2059 4944 usu,
2094 4878 2183 4943 40,
2218 4875 2330 4945 41).
2364 4873 2471 4929 Nec
2513 4869 2780 4943 superﬂua
2822 4878 2938 4924 erat
2989 4869 3278 4938 praeceptio
3329 4867 3479 4922 Pauli

1893 4969 2122 5041 apostoli
2151 4966 2218 5021 ad
2264 4965 2535 5019 Romanos
2576 4962 2806 5017 dicentis
2841 4980 2853 5015 :
2891 4953 3016 5014 Noli
3062 4960 3193 5014 vinci
3238 4976 3269 5010 a
3316 4959 3475 5025 malo,

1893 5065 1980 5118 sed
2007 5063 2145 5117 vince
2173 5061 2228 5114 in
2255 5061 2384 5113 bono
2415 5057 2605 5110 malum
2631 5054 2809 5125 (Rom.
2837 5068 2930 5114 xu,
2962 5050 3053 5121 21)
3086 5067 3100 5116 ;
3132 5066 3252 5103 cum
3285 5046 3477 5102 Corin—

1895 5155 2023 5209 thiis
2055 5154 2240 5208 dicat:
2274 5151 2491 5204 Oramus
2538 5137 2710 5202 autem
2758 5148 2828 5199 ad
2876 5143 3041 5197 Deum
3088 5150 3142 5194 ut
3191 5139 3322 5192 nihil
3352 5140 3477 5194 mali

1894 5247 2097 5316 faciatis
2125 5241 2199 5315 (il
2229 5242 2347 5297 Cor.
2375 5256 2494 5307 xm,
2519 5235 2594 5311 7).
2623 5240 2678 5293 ln
2707 5235 2954 5294 omnibus
2972 5231 3111 5287 enim
3133 5230 3348 5284 monitis
3381 5231 3476 5285 Dei

1891 5349 2053 5409 atque
2082 5336 2348 5393 mandatis
2392 5350 2495 5390 una
2543 5333 2840 5398 eademque
2882 5326 3018 5380 ratio
3055 5334 3139 5380 est
3185 5333 3241 5379 et
3280 5322 3478 5379 divina

1893 5432 2080 5504 gratia:
2101 5438 2158 5485 et
2184 5430 2432 5483 humanae
2452 5421 2801 5486 obedientiai;
2831 5431 2932 5474 nec
2952 5416 3022 5470 ob
3051 5414 3194 5470 aliud
3225 5423 3482 5486 umquam

1894 5615 2070 5668 veritas
2108 5612 2345 5666 ostendit.

1966 5683 1993 5721 δ
2023 5685 2139 5738 Vox
2172 5698 2370 5752 quoque
2421 5678 2599 5733 addita
2632 5689 2697 5752 ex
2722 5673 3014 5752 yetustiorc
3043 5673 3165 5752 cod.
3201 5671 3317 5727 Vat.

1969 5765 1988 5791 ε
2021 5756 2075 5807 In
2100 5745 2295 5807 eodem
2317 5768 2418 5808 ms.
2451 5745 2736 5821 posteriori
2761 5761 2921 5801 manu
2945 5746 3063 5802 voci
3089 5755 3268 5801 sancta
3290 5749 3484 5816 supu-

1894 5825 2102 5882 additur
2131 5840 2243 5877 sua.
