4018 6314
595 342 703 404 175

1557 342 1787 403 OPERA
1825 344 1882 402 S.
1922 342 2129 402 LEONI
2165 341 2409 402 MAGNO
2448 341 2869 399 ATTRIBUTA.

3777 343 3863 403 176

591 464 751 521 datur
772 471 1114 535 praeceptum,
1141 464 1244 521 nisi
1269 471 1326 519 ut
1345 471 1618 535 quaeratur
1638 461 1999 532 praecipientis
2026 460 2178 515 auxi-
2201 461 2256 523 Α
2288 460 2614 516 humilitatis
2648 458 2900 514 occurrit.
2937 456 3105 525 Quam
3130 455 3253 512 ideo
3280 456 3514 511 dixirnus
3535 471 3739 541 veram,
3761 462 3862 529 quis

590 554 744 611 lium.
777 552 952 610 Voces
979 555 1121 610 enim
1169 554 1477 609 docentium
1523 560 1578 608 et
1624 553 1817 607 littera:
1864 552 2178 622 paginarum

591 662 713 720 quae
751 647 818 703 ad
847 646 1202 703 eruditionem
1234 646 1564 701 audientium
1622 645 1705 700 vel
1754 645 2041 715 legentium
2067 644 2182 701 Deo

589 741 859 808 serviunt,
896 756 1001 795 non
1033 748 1220 795 carent
1271 740 1388 809 ejus
1439 739 1639 794 virtute
1688 738 1773 794 cui
1823 738 2094 803 serviunt;
2127 744 2183 793 et

588 834 803 904 quando
830 832 882 889 id
910 833 1051 903 quod
1077 832 1298 901 jubetur
1325 840 1351 868 ι
1383 830 1698 887 obedienter
1728 828 2021 900 perﬁcitur,
2055 838 2181 884 tunc

588 922 812 979 effectus
843 920 1012 977 divini
1041 921 1219 990 operis
1245 919 1577 975 declaratur.

661 1015 791 1071 CAP.
824 1014 966 1070 XVI.
1001 1015 1329 1083 Quantopere
1357 1014 1581 1069 cavenda
1611 1014 1675 1067 sit
1697 1015 1750 1068 in
1770 1015 1913 1069 bonis
1947 1015 2181 1087 operibus

590 1108 761 1178 elatio,
798 1124 913 1179 quce
935 1108 1105 1162 omnia
1125 1109 1426 1180 corrumpit.
1446 1138 1515 1149 —
1538 1107 1773 1178 Vigilant
1800 1119 1977 1163 autem
2004 1117 2180 1164 tenta-

587 1200 721 1257 toris
752 1201 984 1269 insidize,
1009 1210 1067 1255 ut
1090 1200 1177 1256 ubi
1209 1201 1420 1271 prolicit
1452 1201 1687 1266 devotio,
1720 1210 1969 1271 surrepat
1998 1202 2178 1269 elatio,

585 1304 637 1349 et
676 1305 731 1349 ut
764 1295 924 1349 homo
960 1295 1029 1350 de
1057 1294 1200 1349 bono
1239 1308 1403 1362 opere
1433 1294 1487 1349 in
1518 1309 1575 1349 se
1605 1294 1782 1364 potius
1810 1311 1967 1364 quam
1992 1296 2043 1349 in
2079 1296 2183 1350 Do-

584 1386 732 1440 mino
760 1387 1040 1455 glorietur.
1089 1385 1196 1441 Sed
1239 1385 1549 1441 sollicitudo
1590 1399 1687 1441 nos
1720 1386 1966 1455 Apostoli
1992 1395 2182 1442 contra

583 1477 690 1533 hoc
720 1478 1019 1548 periculum
1049 1485 1231 1532 monet
1253 1468 1473 1532 dicens:
1509 1478 1639 1533 Cum
1684 1478 1862 1532 timore
1890 1491 1933 1532 et
1965 1488 2185 1535 tremore

580 1582 799 1625 vestram
829 1570 1043 1623 salutem
1063 1569 1367 1638 aperantini.
1398 1568 1532 1622 Deus
1562 1579 1636 1624 est
1665 1572 1798 1624 enim
1825 1572 1910 1640 qui
1943 1582 2183 1643 aperatur

582 1663 639 1716 in
663 1662 803 1716 vobis
832 1671 883 1715 et
905 1661 1053 1729 velle,
1079 1671 1125 1716 et
1151 1662 1353 1733 aperari
1381 1678 1474 1733 pro
1497 1662 1628 1715 bona
1650 1663 1928 1717 voluntate.
1954 1663 2177 1735 (Philip.

580 1768 656 1821 tl,
689 1752 780 1821 I2,
819 1752 930 1825 15.)
954 1753 1166 1822 Quanto
1188 1767 1317 1821 ergo
1342 1754 1692 1808 excellentius
1716 1755 1766 1808 in
1800 1754 2183 1811 mandatisDei

2284 555 2528 608 omnium
2570 554 2827 606 virtutum
2864 548 3294 620 inexpugnabilis
3326 547 3611 612 fortitudo,
3649 560 3707 605 et
3743 566 3864 619 qun:-

2285 645 2407 701 dam
2439 660 2658 701 suorum
2688 652 2773 699 est
2798 643 2903 697 vita
2930 640 3319 696 membrorum.
3350 639 3720 695 Discernimus
3744 643 3862 696 enim

2286 740 2437 794 illam
2466 738 2534 793 ab
2560 738 2626 793 iis
2650 736 2845 792 ofﬁciis
2872 750 2992 805 qua:
3029 743 3209 805 potest
3238 734 3397 788 etiam
3426 748 3547 787 cum
3588 732 3773 788 mundi
3797 747 3862 787 sa-

2286 830 2559 902 pientibus
2606 827 2805 882 habere
2846 825 3179 893 communia,
3214 832 3270 880 et
3305 824 3357 879 in
3400 837 3465 878 eo
3496 824 3860 892 proprietatem

2286 924 2451 992 ipsius
2489 921 2798 986 definimus,
2828 919 2971 990 quod
3004 933 3098 988 per
3124 917 3306 973 omnia
3341 917 3449 973 Deo
3475 916 3749 972 subditur.
3778 916 3860 971 Nec

2286 1024 2465 1086 potest
2498 1014 2789 1085 quidquam
2833 1013 2898 1069 de
2944 1012 3153 1069 meritis
3194 1011 3304 1067 suis
3343 1010 3604 1081 perdere,
3656 1026 3860 1079 quorum

2287 1122 2476 1162 causas
2506 1118 2664 1177 atque
2695 1107 2964 1174 profectus
2994 1121 3100 1159 non
3132 1104 3186 1159 in
3219 1119 3299 1170 se,
3328 1102 3422 1158 sed
3446 1103 3499 1157 in
3538 1117 3639 1157 suo
3666 1112 3861 1158 auctore

2286 1198 2583 1254 constituit.
2614 1197 2837 1267 Dignum
2862 1197 3060 1266 quippe
3082 1204 3164 1252 est
3181 1205 3241 1249 ut
3263 1197 3438 1265 imago
3455 1192 3551 1248 Dei
3583 1193 3696 1248 Deo
3719 1192 3862 1262 splen-

2286 1289 2432 1353 deat,
2469 1298 2523 1344 et
2554 1288 2677 1343 inde
2710 1287 2935 1356 pulchra
2959 1328 2973 1353 ,
3008 1286 3133 1341 inde
3176 1286 3247 1341 sit
3284 1292 3520 1355 compta,
3545 1283 3764 1339 dicens:
3794 1280 3861 1338 Si-

2285 1392 2497 1452 gnatum
2523 1391 2597 1435 est
2623 1396 2777 1448 super
2806 1396 2896 1433 nos
2926 1380 3097 1433 lumen
3130 1378 3300 1431 vultus
3331 1378 3427 1442 tui,
3459 1375 3685 1430 Domine
3712 1374 3858 1447 (Psal.

2294 1492 2372 1541 tv,
2403 1476 2489 1546 7);
2523 1474 2755 1545 alioquin
2785 1474 3025 1528 adultera
3053 1481 3165 1537 est,
3197 1481 3252 1528 et
3277 1488 3307 1526 a
3329 1471 3510 1525 divino
3550 1470 3729 1526 aliena
3758 1484 3862 1525 con-

2280 1567 2431 1638 jugio
2453 1609 2465 1632 ,
2496 1568 2541 1621 si
2572 1567 2793 1622 alterius
2821 1566 3136 1635 cujusquam
3178 1564 3428 1619 decorem
3460 1564 3513 1617 in
3545 1562 3770 1630 speculo
3795 1562 3859 1617 sui

2286 1661 2466 1719 cordis
2492 1670 2763 1729 ostentat,
2798 1669 2890 1716 aut
2932 1660 3055 1715 ullis
3086 1658 3205 1713 aliis
3254 1658 3544 1714 monilibus
3590 1656 3860 1727 acquiescit

2287 1754 2503 1821 ornari,
2548 1754 2651 1809 nisi
2678 1754 2787 1809 illis
2808 1768 2927 1824 quae
2959 1752 3029 1808 de
3072 1752 3337 1808 thesauris
3368 1750 3549 1821 sponsi
3587 1764 3687 1819 per
3716 1749 3859 1805 sancti

583 1847 781 1917 quique
808 1846 1117 1917 proficiunt,
1144 1855 1293 1901 tanto
1322 1847 1554 1913 majores
1572 1847 1772 1902 habent
1792 1864 1980 1904 causas
1994 1849 2179 1904 formi-
2208 1853 2257 1913 Β
2284 1846 2514 1917 Spiritus
2545 1848 2737 1916 pignus
2766 1846 2994 1915 accepit.

582 1938 727 1993 diuis
757 1948 811 1992 et
844 1938 1093 1993 tremoris
1124 1956 1135 1991 :
1174 1953 1243 1993 ne
1272 1939 1339 1993 de
1384 1939 1513 2009 ipsis
1560 1940 1842 2009 probitatis
1882 1942 2182 2013 augmentis

579 2045 740 2087 meus
769 2030 871 2085 sibi
895 2032 1110 2086 conscia
1134 2040 1190 2088 et
1206 2032 1379 2087 laudis
1401 2032 1556 2088 avida
1579 2032 1630 2087 in
1655 2034 1921 2103 superbia:
1943 2036 2182 2105 rapiatur

580 2140 862 2192 excessus,
893 2133 948 2181 et
974 2125 1067 2180 ﬁat
1093 2126 1368 2181 immunda
1390 2128 1645 2194 vanitate,
1678 2126 1805 2182 dum
1844 2128 1946 2182 sibi
1970 2128 2182 2183 videtur

579 2219 726 2273 clara
755 2218 975 2274 virtute.
1009 2217 1116 2274 Sed
1149 2228 1335 2273 contra
1372 2220 1473 2274 hoc
1504 2219 1802 2288 periculum
1830 2202 1961 2289 quid
1995 2220 2182 2275 beatus

576 2308 773 2367 Petrus
801 2311 853 2365 in
874 2310 1044 2380 prima
1068 2309 1306 2379 Epistola
1338 2310 1595 2379 praedicet
1618 2310 1928 2365 audiamus:
1953 2310 2015 2366 Si
2038 2313 2177 2382 quis,

578 2404 788 2475 inquit,
817 2402 1045 2473 loquitur
1082 2412 1338 2473 tamquam
1368 2420 1623 2459 sermones
1658 2404 1787 2472 Dei;
1817 2406 1861 2459 si
1886 2406 2000 2477 quis
2031 2406 2183 2459 mini-

574 2509 737 2564 strat,
768 2508 1027 2569 tamquam
1057 2515 1120 2553 ex
1142 2500 1327 2553 virtute
1362 2516 1518 2570 quam
1548 2500 1875 2553 administrat
1915 2498 2087 2555 Deus:
2125 2510 2181 2555 ut

577 2593 633 2644 in
655 2589 888 2649 omnibus
921 2592 1285 2662 honori/iretur
1307 2591 1447 2646 Deus
1468 2609 1558 2663 per
1584 2590 1762 2646 Jesum
1789 2592 2070 2659 Christum,
2098 2595 2181 2648 cui

580 2692 656 2735 est
686 2682 852 2752 gloria
873 2691 919 2735 et
950 2682 1219 2752 imperium
1240 2683 1294 2737 in
1324 2682 1563 2751 stecula(l
1584 2681 1727 2736 Petr.
1752 2698 1825 2747 IV,
1855 2682 1971 2753 11).
1990 2682 2181 2739 bIdem

575 2773 633 2828 in
661 2773 900 2843 Epistola
924 2773 1159 2829 secunda
1189 2793 1201 2829 :
1235 2774 1417 2829 Gratia
1438 2817 1452 2842 ,
1484 2776 1684 2845 inquit,
1717 2777 1856 2829 vobis
1890 2776 2181 2845 adimplen-

576 2875 664 2919 tur
686 2867 739 2919 in
760 2867 1106 2939 recoynitione
1133 2864 1339 2920 Domini
1363 2870 1524 2921 nostri
1544 2866 1581 2921 Ι
1584 2885 1672 2922 esu
1694 2866 1907 2934 Christi,
1928 2871 2015 2937 qvi
2043 2886 2180 2923 nunc

581 2960 755 3014 omnia
787 2960 932 3014 nobis
963 2961 1137 3015 divina
1162 2962 1348 3015 virtute
1376 2979 1468 3016 sua
1487 3004 1501 3025 ,
1532 2979 1646 3031 qua:
1674 2964 1743 3017 ad
1766 2964 1919 3017 vitam
1948 2973 1993 3018 ct
2018 2966 2181 3037 pieta-

575 3060 677 3106 tem
705 3053 981 3121 pertinent,
1023 3053 1233 3107 donavit
1255 3070 1344 3123 per
1374 3054 1684 3125 agnitionem
1710 3071 1880 3121 suam,
1913 3056 2001 3123 qui
2031 3071 2182 3109 vaca-

572 3147 645 3201 vit
673 3163 766 3202 nos
793 3149 1009 3218 prapria
1037 3148 1217 3218 gloria:
1243 3149 1461 3215 virtute;
1482 3166 1572 3221 per
1595 3166 1748 3218 quam
1780 3150 2007 3204 maxima
2036 3150 2181 3205 nobis

2359 1940 2489 1996 CAP.
2524 1939 2708 1994 XVIII.
2744 1938 3064 1993 Demetriadi
3093 1938 3255 2010 magis
3286 1937 3574 1991 humilitate
3597 1952 3729 2008 Opus
3754 1951 3856 2000 esst,

2288 2042 2496 2104 prepter
2521 2042 2567 2085 et
2596 2030 2905 2101 virginitatis
2927 2030 3201 2101 puritatem
3229 2039 3272 2083 et
3302 2029 3516 2097 familia:
3536 2028 3858 2096 splendorem.

2286 2156 2356 2167 -—-
2386 2125 2441 2180 Si
2471 2134 2653 2179 autem
2687 2124 2944 2194 quaelibet
2973 2122 3153 2178 anima
3195 2120 3500 2178 Christiana
3532 2120 3698 2191 hujus
3727 2120 3861 2177 debet

2287 2218 2637 2274 continentiae
2669 2216 2942 2272 soliditate
2988 2216 3216 2281 muniri,
3247 2216 3371 2286 quia
3402 2229 3597 2271 omnes
3650 2214 3861 2285 nuptiale

2288 2322 2685 2367 sacramentum
2727 2312 2778 2365 in
2818 2326 3159 2381 quocumque
3201 2311 3499 2366 vocationis
3536 2325 3653 2365 sum
3699 2308 3861 2365 ordine

2285 2417 2663 2475 susceperunt,
2688 2413 2888 2473 quanto
2911 2403 3081 2473 magis
3106 2418 3355 2473 persona:
3376 2412 3478 2459 tute
3502 2403 3736 2475 dignitas
3757 2416 3861 2473 prat-

2287 2497 2425 2552 sidio
2454 2500 2611 2566 hujus
2641 2497 2857 2551 virtutis
2879 2498 3133 2552 armanda
3158 2505 3269 2561 est,
3308 2497 3394 2551 cui
3434 2496 3504 2552 de
3535 2495 3859 2566 opulentissi-

2288 2591 2391 2645 mis
2419 2590 2607 2661 gratiac
2637 2591 2731 2646 Dei
2767 2591 2924 2647 donis
2955 2602 3061 2646 tam
3095 2590 3373 2661 multiplex
3407 2606 3467 2647 se
3495 2592 3694 2662 ingerit
3717 2600 3861 2646 mato-

2287 2684 2369 2738 ria
2408 2682 2693 2753 gloriandi.
2744 2684 2999 2751 Quamvis
3022 2683 3166 2738 enim
3210 2686 3515 2739 communis
3547 2684 3643 2739 tibi
3666 2685 3733 2739 sit
3759 2696 3861 2738 cum

2286 2776 2580 2830 multarum
2611 2777 2877 2847 virginum
2918 2776 3151 2845 puritate
3197 2776 3505 2848 virginitas,
3556 2792 3664 2832 non
3706 2785 3860 2831 tamen

2285 2867 2443 2923 facile
2475 2868 2745 2937 reperitur
2770 2883 2892 2939 quae
2914 2871 3083 2938 possit
3127 2866 3220 2922 tibi
3250 2867 3653 2938 magnificentia
3693 2867 3859 2923 domus

2286 2972 2343 3018 et
2390 2962 2681 3032 Splendore
2729 2962 3121 3031 antiquissimae
3174 2960 3405 3016 familia:
3452 2959 3860 3033 comparari.De

2286 3056 2480 3128 quibus
2513 3066 2567 3111 ut
2596 3070 2704 3110 non
2732 3054 3045 3124 superbias,
3078 3070 3180 3110 nec
3214 3055 3308 3110 tibi
3357 3056 3461 3111 hoc
3504 3056 3676 3126 ipsum
3697 3097 3713 3120 ,
3737 3050 3854 3123 quod

2286 3151 2366 3206 eis
2395 3149 2669 3206 Christum
2696 3150 3074 3220 przeposueris,
3102 3146 3261 3220 277
3289 3150 3566 3215 ascribas;
3600 3150 3625 3186 ἀ
3657 3150 3767 3219 ipse
3790 3155 3862 3202 est

571 3248 622 3294 et
652 3240 877 3309 pretiosa
897 3242 1149 3311 promissa
1179 3240 1426 3295 donavit:
1452 3250 1507 3295 ut
1532 3258 1621 3313 per
1642 3243 1748 3296 hac
1774 3243 2065 3312 emciamini
2094 3244 2180 3297 di-
2209 3239 2257 3303 C
2287 3259 2417 3299 vera
2446 3242 2753 3309 humilitas,
2794 3256 2931 3296 vera.
2972 3241 3241 3310 Charitas,
3276 3256 3403 3295 vera
3453 3241 3743 3310 virginitas.
3790 3238 3865 3293 Ab

572 3331 707 3383 vina:
734 3340 994 3385 consortes
1024 3341 1251 3396 naturae,
1293 3332 1545 3403 fugientes
1580 3335 1692 3404 ejus
1741 3350 1856 3401 qua:
1902 3334 1955 3387 in
1984 3334 2175 3387 mundo

574 3431 653 3476 est
694 3424 1121 3491 concupiscentia:
1150 3426 1529 3493 corruptionem
1559 3425 1628 3497 (II
1659 3425 1806 3480 Petr.
1836 3442 1887 3493 1,
1930 3426 1985 3494 2,
2009 3428 2087 3496 4).
2119 3426 2179 3482 Si

581 3532 717 3588 ergo
749 3518 931 3572 omnia
955 3532 1073 3586 qua:
1100 3518 1167 3572 ad
1200 3519 1358 3571 vitam
1382 3528 1435 3573 et
1464 3519 1714 3587 pietatem
1739 3520 2011 3589 pertinent
2036 3520 2178 3576 Deus

575 3608 738 3665 nobis
765 3609 945 3665 divina
979 3625 1075 3665 sua
1104 3610 1299 3665 virtute
1323 3611 1577 3677 donavit,
1607 3612 1741 3667 nihil
1769 3614 1938 3683 magis
1967 3614 2178 3684 fugien-

581 3702 711 3757 dum
738 3714 823 3758 est
848 3717 1009 3772 quam
1041 3702 1307 3772 appetitus
1352 3702 1511 3773 hujus
1534 3705 1991 3775 concupiscentia:
2010 3747 2024 3771 ,
2057 3720 2177 3776 quas

573 3796 834 3851 virtutem
866 3807 1031 3865 negat
1055 3795 1219 3850 divini
1249 3798 1450 3866 operis,
1481 3813 1667 3854 amore
1690 3800 1920 3869 propria:
1951 3800 2178 3871 dignita-

571 3889 677 3948 tis:
710 3888 873 3960 2'76
904 3896 959 3942 et
1004 3903 1127 3942 cum
1172 3887 1291 3941 aliae
1346 3890 1666 3958 cupiditates
1694 3908 1755 3946 ea
1794 3901 1998 3947 tantum
2038 3893 2177 3949 bona

572 3979 772 4051 quibus
802 3982 1179 4043 adversantur,
1220 3980 1574 4050 imminuant,
1607 3984 1720 4040 hrnc
1747 3985 1871 4040 dum
1902 3989 2080 4042 omnia
2108 3989 2177 4043 ad

577 4087 641 4127 se
670 4072 860 4142 trahit,
894 4072 1054 4127 simul
1086 4074 1337 4129 universa
1364 4077 1683 4145 corrumpit.
1716 4077 1847 4133 Cum
1882 4081 2059 4145 itaque
2092 4090 2175 4137 to-

583 4164 694 4221 tius
728 4166 999 4237 superbia:
1026 4166 1276 4238 generale
1303 4182 1499 4223 nomen
1532 4169 1777 4226 odiosum
1806 4172 1909 4235 sit,
1940 4174 2054 4228 sive
2082 4174 2177 4229 illa

579 4258 649 4314 de
677 4258 881 4314 honore
902 4273 1024 4325 suo,
1056 4272 1152 4314 seu
1180 4257 1247 4313 de
1274 4258 1578 4327 nobilitate,
1609 4262 1694 4316 vel
1727 4273 1748 4300 ο
1777 4262 1845 4319 de
1874 4265 2176 4321 immodicis

572 4352 766 4422 opibus
789 4353 1131 4419 intumescat,
1156 4352 1273 4408 haec
1303 4367 1427 4423 pars
1458 4354 1626 4424 ipsius
1648 4358 1898 4412 omnibus
1928 4361 2177 4414 tentatio-

574 4446 737 4501 nibus
765 4448 1047 4500 nocentior
1082 4446 1353 4501 invenitur
1372 4489 1386 4513 ,
1412 4463 1534 4519 qua:
1562 4449 1775 4505 videtur
1797 4450 1860 4506 iis
1891 4468 2024 4522 quas
2052 4468 2175 4523 per-

576 4536 715 4591 ditas
733 4540 899 4606 cupit,
932 4538 1104 4591 amica
1132 4552 1251 4592 esse
1278 4538 1583 4595 virtutibus.
1613 4541 1721 4597 Sed
1742 4544 1867 4612 quia
1891 4545 2177 4600 sublimio—

2282 3336 2430 3393 omni
2477 3335 2677 3406 quippe
2706 3335 3162 3390 contaminatione
3210 3348 3364 3388 mens
3411 3332 3576 3387 libera
3609 3340 3715 3396 est,
3751 3344 3869 3399 quas

2283 3430 2399 3485 sive
2422 3429 2473 3483 in
2496 3444 2576 3492 se,
2602 3430 2716 3483 sive
2738 3428 2791 3483 in
2816 3428 3063 3498 proximo
3090 3425 3223 3481 nihil
3249 3425 3434 3496 diligit,
3464 3424 3563 3478 nisi
3582 3421 3718 3491 quod
3749 3432 3772 3457 ο
3795 3436 3862 3476 ex

2286 3521 2397 3577 Deo
2420 3536 2539 3577 esse
2570 3537 2676 3576 non
2706 3521 2947 3591 ambigit.
2980 3519 3112 3575 Nam
3144 3534 3331 3574 amare
3357 3516 3549 3585 aliquid
3578 3514 3715 3585 quod
3746 3530 3864 3570 non

2285 3630 2351 3671 ex
2372 3629 2536 3684 opere
2564 3623 2620 3669 et
2646 3613 2837 3684 spiritu
2870 3614 2965 3669 Dei
2996 3614 3095 3679 sit,
3128 3628 3235 3669 non
3268 3623 3351 3668 est
3380 3621 3523 3667 casta
3547 3609 3798 3675 dilectio,
3820 3616 3874 3665 et

2284 3708 2484 3764 sufficit
2517 3708 2774 3764 tentatori
2806 3708 3065 3763 sublimes
3097 3718 3151 3763 et
3189 3708 3367 3762 claras
3393 3706 3601 3760 animas
3626 3705 3725 3759 hac
3754 3703 3873 3759 illu~

2283 3800 2439 3856 sione
2470 3802 2721 3868 violasse,
2756 3811 2814 3857 ut
2838 3818 2972 3873 quas
3000 3802 3065 3857 ad
3094 3803 3278 3857 illicita
3311 3817 3419 3858 non
3451 3800 3683 3872 impulit,
3719 3799 3741 3838 ί
3768 3801 3873 3871 pla-

2284 3894 2443 3950 cendi
2474 3894 2577 3948 sibi
2611 3894 2677 3948 ad
2707 3894 2999 3949 elationem
3026 3895 3304 3964 dejecerit.

2353 3986 2484 4042 CAP.
2514 3986 2657 4041 XIX.
2688 3987 2817 4041 Sine
2854 3988 3103 4041 charitate
3121 4028 3137 4055 ,
3165 4004 3280 4058 qua:
3307 4005 3411 4043 non
3436 3990 3623 4061 qucerit
3648 4004 3763 4060 qua:
3788 4002 3875 4043 suo

2283 4088 2425 4146 sunt,
2459 4078 2590 4133 nihil
2616 4079 2875 4151 prodesse.
2924 4110 2995 4120 —-
3038 4080 3115 4136 De
3141 4080 3242 4136 hac
3284 4081 3549 4137 charitate
3576 4084 3696 4138 sine
3723 4080 3878 4136 dubio

2284 4172 2576 4245 Apostolus
2602 4173 2942 4243 loquebatur,
2967 4184 3021 4229 et
3048 4174 3203 4229 istius
3229 4176 3619 4245 proprietatem
3645 4176 3876 4232 subtilis-

2282 4268 2436 4321 simis
2462 4266 2880 4323 discretionibus
2920 4268 3195 4339 eliquabat
3229 4269 3447 4325 dicens:
3484 4270 3549 4326 Si
3574 4271 3768 4342 linguis
3795 4270 3877 4323 ho-

2284 4361 2481 4414 minum
2512 4361 2692 4431 loquar
2714 4370 2764 4415 et
2790 4362 3091 4432 angelorum
3121 4360 3444 4427 ,charitatem
3468 4372 3646 4416 autem
3673 4380 3777 4417 non
3796 4369 3877 4414 na-

2284 4453 2427 4506 beam
2447 4492 2462 4517 ,
2495 4455 2659 4522 factus
2690 4469 2801 4506 sum
2839 4453 2972 4506 velut
3001 4469 3072 4508 ws
3105 4470 3293 4508 sonans
3328 4463 3419 4507 aut
3466 4455 3765 4526 cymbalum
3794 4456 3880 4508 tin-

2284 4545 2448 4598 niens.
2482 4541 2551 4595 Et
2575 4546 2616 4596 si
2648 4543 2870 4597 habuero
2894 4542 3247 4612 prophetiam,
3293 4552 3342 4598 et
3372 4546 3604 4598 noverim
3649 4545 3882 4617 mysteria

578 4642 638 4681 ra
666 4642 895 4697 quaeque
921 4628 1136 4698 gravius
1165 4640 1445 4697 corruunt,
1479 4632 1675 4701 gaudet
1702 4635 1951 4704 princeps
1982 4650 2170 4706 super-
2198 4631 2252 4692 D
2280 4635 2453 4689 omnia
2481 4642 2527 4687 et
2557 4650 2759 4689 omnem
2784 4635 3083 4704 scientiam,
3113 4646 3163 4692 et
3190 4636 3417 4690 habuero
3459 4653 3671 4691 onmem
3707 4640 3879 4706 ﬁdem.

574 4718 701 4784 him,
726 4734 819 4773 eos
841 4734 975 4790 quos
995 4721 1233 4788 potuerit
1257 4734 1351 4775 sua
1374 4722 1696 4793 impulsione
1720 4733 2085 4797 prosternere,
2104 4730 2172 4785 ad

577 4811 807 4867 celsiora
834 4813 1092 4869 crevisse.

648 4906 778 4961 CAP.
811 4904 972 4961 XVII.
1009 4906 1114 4964 Per
1142 4910 1483 4965 humilitatem
1502 4911 1652 4966 homo
1670 4928 1782 4967 vere
1806 4912 1912 4969 Deo
1934 4914 2176 4971 subditur

575 5007 623 5052 et
664 5000 861 5053 uultur.
892 5028 959 5041 -—
1004 5000 1137 5058 Huic
1178 5011 1357 5060 autem
1385 5003 1528 5060 malo
1573 5004 1941 5063 firmissimum
1970 5007 2171 5067 bonum

648 5208 674 5236 ι
700 5199 1037 5255 Praetulimus
1055 5202 1346 5257 obedienter
1368 5202 1690 5258 auctoritate
1707 5204 2015 5262 vetustioris
2037 5207 2161 5266 cod.

580 5269 698 5324 Vat.
725 5272 834 5335 AL,
863 5271 923 5325 ab
947 5272 1233 5327 obediente.

651 5340 678 5380 δ
709 5341 1030 5409 Quesnellus
1053 5382 1067 5406 ,
1115 5341 1248 5397 Item
1285 5343 1339 5396 in
1372 5341 1631 5411 Epistola.
1665 5343 1966 5402 Novissima
1993 5348 2161 5406 editio

574 5412 950 5484 Prosplltem
975 5412 1193 5484 idemrin
1223 5412 1482 5483 Epistola.
1513 5414 1648 5469 C‘od.
1684 5415 1802 5470 Vat.
1844 5417 1980 5484 262,
2011 5418 2159 5475 Idem

574 5486 686 5567 ipse
706 5486 757 5537 in
782 5482 1033 5556 Epistola.
1088 5483 1410 5540 Vetustioris
1437 5500 1568 5541 mss.
1611 5486 1896 5544 lectionem
1937 5482 2159 5563 adopta-

574 5570 771 5610 rtmus.
1810 5606 1818 5614 ,

653 5638 676 5665 ε
710 5626 1030 5681 Particulam
1068 5627 1131 5679 de
1169 5641 1234 5680 ex
1280 5642 1409 5682 mss.
1468 5636 1523 5684 et
1573 5642 1639 5684 ex
1690 5630 1819 5688 edit.
1865 5632 2158 5690 novissima

579 5695 769 5765 Prosp.
806 5700 1151 5752 inseruimus.

649 5764 677 5804 δ
702 5764 877 5841 Vulg,
909 5770 1040 5841 ipsa.
1068 5767 1402 5841 Praetulimus
1433 5770 1717 5826 lectionem
1745 5787 1872 5828 mss.
1894 5776 2156 5841 Vat.268,

576 5852 700 5913 quis
721 5839 1021 5919 aequissima
1050 5839 1263 5914 quidem
1291 5840 1514 5914 videtur,
1549 5852 1603 5900 et
1623 5847 1968 5918 sequentibus
1992 5839 2157 5911 etiam

2282 4728 2355 4781 ita
2371 4736 2424 4780 ut
2453 4736 2646 4781 montes
2671 4732 2997 4799 transferam,
3019 4729 3321 4784 choritatem
3337 4739 3507 4785 autem
3524 4747 3633 4785 non
3652 4732 3877 4795 habeam,

2282 4821 2411 4876 nihil
2438 4839 2573 4878 sum.
2605 4821 2673 4876 Et
2701 4824 2745 4878 si
2764 4825 3069 4879 distribuero
3112 4824 3165 4878 in
3202 4824 3341 4879 cibos
3378 4838 3676 4891 pauperum
3719 4840 3882 4879 omnes

2280 4919 2550 4989 facultates
2575 4935 2745 4985 meas,
2776 4928 2827 4975 et
2870 4920 2916 4972 si
2945 4918 3209 4969 tradidero
3252 4930 3437 4986 corpus
3473 4931 3652 4970 meum
3711 4928 3769 4972 ut
3808 4936 3883 4969 ar-

2280 5010 2461 5075 deam,
2488 5010 2789 5062 charitatent
2831 5016 2999 5062 autem
3043 5023 3145 5061 non
3169 5006 3415 5077 habuero,
3454 5008 3593 5063 nihil
3616 5012 3753 5066 mihi
3777 5025 3883 5082 pro-

2277 5218 2680 5281 congruentior.

2351 5291 2372 5318 ο
2399 5281 2475 5335 lta
2501 5296 2568 5336 ex
2594 5281 2785 5337 eodem
2815 5280 2939 5335 cod.
2969 5279 3129 5348 Editi,
3164 5295 3228 5333 ea:
3255 5277 3365 5334 Deo
3391 5296 3501 5335 esse
3530 5285 3711 5339 norit.
3744 5286 3884 5340 Alius

2273 5352 2395 5407 cod.
2430 5352 2555 5415 962,
2591 5367 2687 5419 pro
2716 5368 2818 5406 non
2857 5352 3069 5423 ambigit
3122 5352 3284 5407 habet
3309 5367 3495 5406 novum
3538 5353 3770 5423 didicit;
3802 5356 3885 5412 ubi

2273 5423 2415 5480 forte
2443 5433 2619 5477 natum
2652 5424 2997 5479 scribendum
3036 5423 3153 5477 fuit.

2350 5493 2370 5532 ί
2404 5494 2544 5549 Editi
2591 5506 2714 5549 ante
2759 5497 2996 5561 Quesn.,
3047 5494 3301 5565 placenda
3343 5495 3440 5548 sibi
3468 5495 3537 5546 ad
3579 5500 3883 5554 elationem.

2274 5565 2474 5643 Quesn.
2521 5565 2857 5643 e_x_arbitrio
2904 5566 3214 5643 emendavit
3237 5566 3315 5643 _de
3352 5566 3615 5643 elatione,
3660 5569 3887 5643 Utrique

2276 5637 2445 5691 nostri
2477 5636 2667 5699 eodd.,
2701 5637 2935 5702 placendi
2980 5638 3107 5703 sibi;
3155 5637 3250 5691 sed
3282 5650 3415 5689 unus
3454 5636 3524 5687 ad
3563 5636 3885 5706 elationem,

2266 5709 2400 5779 alius
2433 5707 2812 5773 adulationem,
2848 5710 2993 5779 quod
3026 5723 3123 5777 pro
3170 5708 3240 5760 ad
3282 5706 3554 5779 elationem
3585 5726 3790 5772 ειιι-οιιε
3829 5714 3891 5773 li.

2266 5778 2431 5834 brarii
2455 5780 2712 5857 scriptum
2735 5778 2963 5837 videtur.
2994 5780 3049 5840 ld
3075 5786 3258 5837 autem
3285 5778 3661 5860 pratulimus,
