4018 6314
205 312 301 373 177

1304 310 1647 371 EPlSTOLA
1690 308 1780 369 AD
1820 308 2342 368 DEMETRIADEM.

3372 297 3484 367 {16

202 428 308 483 dest
339 427 384 497 (l
414 428 535 484 Cor.
563 441 688 496 xm,
735 427 873 498 1-3).
917 427 973 482 in
1002 442 1226 494 quarum
1268 427 1645 483 definitionum
1678 428 1787 482 for-
1821 428 1871 487 Α
1900 441 2088 481 earum
2143 422 2505 488 construitur,
2556 422 2714 478 simul
2754 426 2980 493 utraque
3026 420 3281 492 potiatur,
3331 420 3484 480 Sicut

202 520 341 576 mula
370 522 541 576 multo
568 521 936 576 laboraremus
966 521 1217 585 obscuro,
1240 522 1339 574 nisi
1378 520 1657 591 sequentia
1689 520 1784 574 de-

202 622 561 667 monstrarent
589 628 707 682 quae
735 621 880 667 esset
908 613 1115 680 species
1164 612 1317 667 istius
1357 612 1634 666 charitatis
1654 651 1670 676 ,
1697 610 1783 667 cui

199 703 299 757 soli
344 712 419 757 tot
442 718 664 773 operum
694 704 934 770 labores,
986 713 1061 758 tot
1107 706 1357 758 virtutum
1389 704 1581 759 merita
1616 713 1642 741 ι
1675 719 1784 758 ιιοιι

197 794 451 865 perirent.
489 796 618 851 Esto
663 798 804 853 enim
838 808 895 853 ut
935 798 1212 867 multiplex
1258 800 1506 869 loquendi
1556 799 1782 870 peritia,

196 900 315 956 quae
358 902 465 943 non
494 889 667 944 solum
695 888 762 943 ad
792 904 1009 945 omnem
1038 889 1064 929 ιι
1096 892 1342 946 humanm
1387 892 1652 948 facundia:
1700 909 1787 950 ar-

195 988 325 1044 tem,
351 980 445 1035 sed
477 981 639 1035 etiam
680 981 748 1036 ad
780 982 1008 1052 angelici
1029 984 1227 1053 eloquii
1262 985 1570 1053 pervenerit
1620 986 1789 1042 facul-

194 1080 379 1140 tatem,
404 1074 448 1128 si
474 1074 741 1129 charitate
761 1084 961 1142 careat,
987 1075 1159 1130 inutili
1190 1078 1313 1131 aeris
1333 1089 1470 1130 sono
1492 1086 1547 1132 et
1574 1078 1790 1132 tinnitoi

188 1164 263 1218 sit
290 1166 670 1235 comparabilis
717 1168 1127 1238 cymbalorum:
1163 1177 1281 1222 esto
1320 1177 1380 1221 ut
1416 1166 1625 1223 habens
1669 1183 1795 1238 pro-

187 1256 428 1327 phetiam
457 1268 513 1315 et
539 1258 856 1326 scientiam,
888 1260 1094 1315 habens
1134 1260 1294 1315 fidem
1326 1260 1668 1316 daemonibus
1694 1260 1794 1315 im-

188 1358 506 1417 perantem,
537 1350 670 1404 nihil
701 1351 800 1417 sit,
820 1351 954 1428 .quia
998 1350 1257 1406 cbaritate
1281 1352 1350 1406 sit
1380 1367 1609 1418 vacuus;
1642 1363 1664 1391 ε
1689 1368 1789 1408 ve-

188 1458 311 1497 rum
336 1453 396 1498 ut
427 1445 593 1498 etiam
626 1444 717 1498 ille
746 1443 812 1498 ab
840 1443 941 1499 hac
982 1458 1104 1500 esse
1133 1446 1299 1515 possit
1339 1447 1547 1501 alienus
1568 1486 1581 1510 ,
1615 1447 1705 1516 qui
1732 1448 1785 1502 in

185 1535 508 1590 alimoniam
534 1550 825 1605 pauperum
848 1550 973 1591 suas
1002 1536 1337 1592 distribuerit
1359 1536 1663 1603 facultates,
1696 1537 1783 1592 vel

196 1625 298 1694 qui
320 1640 521 1695 corpus
551 1641 704 1681 suum
735 1628 857 1696 igne
887 1628 1193 1681 torrendum
1226 1642 1320 1696 pro
1341 1628 1541 1683 Christi
1571 1628 1785 1685 confes-

182 1717 350 1772 sione
368 1718 668 1786 tradiderit,
684 1719 993 1774 incredibile
1007 1719 1295 1784 videretur,
1312 1720 1412 1775 nisi
1436 1721 1626 1776 beattts
1640 1721 1782 1776 Pau-

1890 519 2036 575 enim
2068 534 2193 590 pars
2221 516 2502 572 charitatis
2523 527 2603 570 est
2634 516 2928 580 humilitas,
2958 517 3027 569 ita
3059 530 3184 585 pars
3211 515 3485 572 humilita-

1888 612 1956 668 tis
1980 618 2063 667 est
2088 612 2345 665 charitas.
2380 609 2448 663 Et
2493 609 2536 663 si
2576 608 2661 664 illa
2707 610 3010 665 recolatnus
3049 624 3171 679 quae
3196 609 3313 664 sine
3340 608 3485 666 bono

1888 704 2167 759 charitatis
2192 702 2523 757 infructuosa
2552 715 2671 755 esse
2699 701 2989 768 Apostolus
3020 700 3293 768 definivit,
3327 699 3482 758 inve-

1889 798 2103 853 niemus
2143 795 2331 851 eadem
2363 794 2595 850 similem
2648 793 2886 847 haberef
2923 793 3267 863 qualitatem,
3314 794 3359 849 si
3404 794 3483 849 eis

1890 890 2163 945 humilitas
2201 903 2323 943 vera
2361 887 2614 943 defuerit.
2651 886 2812 958 279
2857 886 3026 951 Quem
3063 888 3203 942 enim
3249 887 3481 943 fructum

1893 982 2137 1044 habebit,
2164 988 2257 1035 aut
2284 996 2405 1035 cum
2429 980 2708 1033 inflatione
2730 979 2974 1046 scientia,
3002 989 3091 1033 aut
3112 995 3232 1035 cum
3252 980 3483 1035 humana

1896 1074 2067 1142 gloria
2098 1072 2255 1139 fides,
2289 1081 2379 1126 aut
2406 1087 2527 1127 cum
2558 1069 2810 1139 jactantia
2841 1069 3085 1139 largitas,
3113 1081 3203 1125 aut
3231 1088 3349 1127 cum
3376 1074 3487 1129 eia-

1898 1166 2041 1219 tione
2074 1164 2391 1235 martyrium
2420 1160 2442 1217 ἲ
2487 1162 2639 1219 Unde
2660 1164 2781 1231 quia
2812 1162 2865 1216 in
2895 1171 2919 1209 Β
2952 1162 3367 1217 destructionem
3397 1180 3488 1218 su-

1894 1259 2131 1327 perbiae,
2174 1267 2226 1312 et
2266 1256 2537 1309 humilitas
2580 1254 2749 1308 tendit
2779 1264 2832 1308 et
2858 1255 3097 1309 charitas
3118 1298 3131 1321 ,
3165 1253 3233 1309 de
3262 1264 3489 1326 utraque

1896 1351 2159 1406 habeatur
2184 1351 2384 1404 dictum
2417 1348 2671 1419 quidquid
2703 1347 2769 1402 de
2801 1364 2901 1402 una
2934 1357 3017 1403 est
3044 1349 3394 1417 disputatum.

1961 1443 2088 1498 CAP.
2122 1443 2287 1499 XXII.
2323 1441 2474 1496 Nihil
2500 1443 2617 1495 boni
2646 1458 2751 1495 esse
2778 1459 2809 1494 a
2832 1443 2977 1496 nobis
3009 1442 3212 1511 quando
3244 1460 3335 1498 nec
3358 1444 3493 1515 {ipsa

1888 1548 2025 1594 recta
2075 1540 2256 1593 oratio.
2303 1568 2374 1580 ——
2416 1538 2679 1605 Superest
2724 1553 2905 1602 nunc,
2962 1536 3323 1591 sacratissima
3384 1537 3481 1594 Dei

1889 1633 2067 1700 virgo,
2112 1643 2169 1686 ut
2206 1632 2387 1685 sobrio
2437 1639 2692 1699 castoque
2726 1628 2929 1698 judicio
2971 1630 3140 1684 sancti
3180 1629 3361 1685 cordis
3412 1630 3489 1686 tui

1888 1720 1916 1760 δ
1952 1738 2145 1776 arcana
2179 1721 2464 1786 discutias,
2500 1730 2553 1776 et
2583 1721 2771 1775 aculeo
2802 1722 2965 1775 totius
2988 1721 3233 1775 elationis
3263 1720 3489 1783 oblrito.

175 1806 269 1862 ius
301 1806 406 1863 hoc
433 1808 659 1863 diceret.
709 1809 809 1877 Qui
843 1819 1020 1866 tamen
1077 1826 1197 1866 cum
1228 1812 1469 1881 ejusdem
1512 1813 1790 1869 charitatis
1821 1808 1870 1868 B
1896 1815 2185 1886 investiges
2218 1816 2269 1870 in
2309 1824 2361 1870 te
2404 1826 2565 1883 atque
2600 1814 2910 1869 dinumeres
2936 1829 3055 1885 quae
3085 1821 3141 1869 et
3176 1813 3351 1884 qualia
3392 1813 3489 1870 tibi

174 1901 433 1956 membra
477 1902 850 1971 describeret,
896 1903 1226 1974 doceretque
1253 1904 1429 1975 qualis
1478 1914 1624 1960 esset
1672 1905 1789 1961 haec

176 1993 383 2060 virtus,
404 1997 522 2050 sine
543 2012 644 2067 qua
668 1998 829 2053 nullze
852 1998 1339 2069 possint§prodesse
1355 1999 1609 2055 virtutes:
1626 2003 1791 2073 278

175 2085 459 2154 Charitas,
491 2087 684 2158 inquit,
709 2092 907 2160 patiens
936 2100 1030 2156 est,
1057 2091 1276 2163 benigna
1301 2101 1405 2157 est;
1438 2092 1661 2147 charitas
1687 2111 1790 2147 non

170 2180 496 2245 armalatur,
528 2196 633 2235 non
673 2182 777 2252 agit
821 2198 1116 2253 perperam,
1151 2200 1251 2238 non
1278 2184 1526 2254 inﬂatur,
1569 2202 1673 2239 non
1714 2195 1791 2241 est

173 2271 492 2336 ambitiosa,
527 2286 629 2325 non
656 2272 839 2341 quaerit
865 2289 983 2343 qum
1021 2290 1115 2328 sua
1156 2286 1273 2329 sunt
1317 2275 1361 2347 (l
1388 2274 1506 2330 Cor.
1540 2292 1669 2347 xm,
1721 2277 1785 2346 4,

178 2360 254 2432 5),
287 2371 349 2416 et
374 2363 601 2433 reliqua.

244 2449 389 2508 Car.
417 2451 537 2507 XX.
583 2453 780 2510 Vanam
817 2458 1017 2527 proprii
1050 2458 1219 2512 meriti
1249 2459 1470 2530 gloriam
1510 2462 1652 2515 omni
1684 2478 1789 2517 esse

181 2554 394 2612 peccato
433 2548 796 2603 nocentiorem.
836 2579 909 2591 ——
944 2550 1152 2607 inflatio
1181 2566 1314 2621 ergo
1352 2562 1407 2607 et
1436 2553 1696 2621 ambitio,
1729 2561 1787 2609 et

185 2638 529 2707 propriorum
561 2640 827 2696 bonorum
856 2643 1085 2712 superba
1118 2643 1362 2699 defensio
1408 2655 1632 2715 possunt
1680 2647 1776 2703 de-

190 2737 400 2785 struere
430 2729 823 2802 cleemosynas,
856 2743 1081 2803 possunt
1110 2750 1373 2791 evacuare
1400 2736 1683 2807 martyria;
1725 2737 1772 2792 si

196 2829 247 2875 et
274 2838 500 2893 magnas
529 2838 660 2892 opes
685 2839 871 2881 amore
900 2827 1019 2896 quis
1049 2826 1295 2882 humanae
1316 2828 1490 2883 laudis
1520 2828 1781 2895 effundat,

202 2921 251 2966 et
277 2928 417 2969 sazva
447 2915 729 2986 supplicia,
761 2933 867 2973 non
894 2933 959 2974 ea
987 2920 1300 2976 fortitudine
1330 2937 1489 2993 quam
1520 2922 1660 2977 Deus
1692 2928 1784 2976 tri-

209 3002 335 3067 buit.
360 3007 454 3063 sed
474 3023 537 3063 ea
565 3024 725 3080 quam
742 3010 811 3066 de
832 3025 891 3068 se
905 3012 1251 3083 praesumpsit
1278 3014 1530 3082 excipiat.
1564 3012 1677 3068 Hoc
1702 3021 1786 3069 est

220 3098 349 3151 enim
378 3102 583 3170 propria
608 3102 799 3157 fiducia
830 3102 1026 3171 inflari,
1057 3104 1159 3159 hoc
1189 3118 1384 3159 vanam
1411 3104 1632 3174 gloriam
1664 3104 1785 3174 qui-

216 3185 439 3245 buslibet
461 3194 658 3251 ambire
702 3195 1002 3267 dispendiis
1024 3237 1040 3263 ,
1084 3196 1188 3252 hoc
1216 3204 1493 3267 postremo
1532 3204 1616 3252 est
1640 3197 1786 3253 nolle
1809 3178 1858 3242 (ἶ

212 3276 408 3337 habere
434 3300 541 3351 qua:
569 3286 667 3342 Dei
694 3295 849 3353 sunt,
882 3296 938 3343 et
963 3286 1038 3342 ibi
1065 3303 1224 3343 suum
1268 3289 1600 3345 constituere
1623 3289 1787 3345 meri-

208 3380 348 3441 tum,
399 3376 483 3431 ubi
528 3378 770 3434 divinum
801 3380 1031 3435 cessarit
1068 3380 1346 3437 auxilium.
1379 3380 1506 3436 Hinc
1532 3380 1784 3451 superbia

199 3466 343 3520 omni
370 3480 589 3537 peccato
636 3472 950 3538 nocentior,
998 3472 1148 3527 omni
1195 3486 1393 3544 genere
1426 3481 1511 3529 est
1533 3471 1785 3529 elationis

198 3554 505 3617 ‘insanior.
542 3565 583 3622 Δ
622 3563 950 3635 quibuslibet
993 3565 1136 3621 enim
1177 3567 1416 3637 lapsibus
1464 3567 1782 3624 delictorum

193 3649 351 3710 facile
375 3658 639 3727 surgitur,
662 3658 880 3728 quando
900 3673 1058 3729 opem
1098 3673 1129 3715 a
1150 3670 1462 3730 reparatore
1489 3646 1589 3717 ho
1615 3662 1787 3728 poscit

191 3742 377 3800 elisus.
413 3746 551 3803 Huic
579 3756 758 3805 autem
810 3750 981 3805 ruinae
1033 3751 1165 3807 nihil
1209 3752 1495 3819 subvenit,
1528 3753 1649 3824 quia
1693 3762 1787 3809 aut

189 3834 415 3893 difﬁcile
439 3849 721 3908 peccatum
750 3855 905 3897 suum
929 3842 1192 3912 superbus
1218 3844 1479 3914 agnoscit,
1504 3854 1598 3901 aut
1623 3845 1784 3901 etiam

187 3927 231 3981 si
264 3929 636 4001 intellexerit,
677 3948 785 3989 non
833 3934 1005 3990 currit
1044 3934 1111 3990 ad
1157 3936 1454 4004 medicum,
1502 3938 1597 3994 sed
1628 3937 1696 3993 de
1726 3954 1786 3994 se

184 4020 289 4077 sibi
319 4024 628 4081 remedium
670 4027 983 4097 pollicetur;
1034 4044 1135 4085 nec
1160 4046 1411 4101 umquam
1456 4031 1528 4088 ibi
1579 4031 1787 4101 proficit

183 4128 339 4184 cura,
368 4118 464 4173 ubi
495 4119 717 4174 morbus
746 4129 828 4176 est
856 4120 971 4191 ipsa
995 4122 1283 4179 medicina.

252 4208 390 4265 6η).
422 4209 573 4265 XXI.
605 4210 872 4283 Superbia
901 4215 1040 4269 virus
1068 4216 1180 4269 sola
1218 4216 1506 4271 humilitate
1534 4224 1581 4270 et
1616 4218 1789 4271 chari-

180 4311 450 4376 tate,qutz
478 4321 532 4359 se
561 4306 773 4362 invicem
802 4308 1227 4378 complectuntur,
1258 4310 1568 4364 excludi.-—
1589 4319 1611 4347 ο
1638 4311 1789 4365 Hunc

177 4408 368 4454 autem
415 4401 884 4470 corruptissimum
915 4401 1239 4472 pestilentiae
1271 4403 1425 4458 istius
1446 4414 1642 4459 statum
1674 4405 1788 4475 spi-

176 4491 319 4548 ritus
347 4508 499 4549 verze
528 4493 844 4551 humilitatis
870 4505 923 4552 et
963 4512 1105 4552 vera:
1132 4495 1412 4553 charitatis
1437 4497 1702 4566 excludit;
1734 4502 1787 4555 in

1894 1922 2123 1978 sponsus
2153 1917 2274 1962 tuus
2303 1908 2440 1962 dona
2465 1906 2784 1973 contulerit;
2810 1923 2927 1976 quas
2950 1922 2980 1960 a
3009 1922 3094 1962 me
3123 1921 3229 1961 non
3252 1906 3490 1976 oportuit

1893 2005 2199 2070 recenseri,
2246 2020 2312 2059 ne
2339 2014 2428 2059 aut
2473 2003 2623 2073 plura
2660 2011 3004 2058 contexerem
3031 2044 3045 2067 ,
3100 2011 3191 2056 aut
3235 2002 3491 2072 pauciora

1894 2112 2289 2167 percurrerem.
2332 2098 2687 2152 Verecundite
2736 2097 2878 2151 enim
2926 2106 3031 2150 tua!
3080 2110 3309 2150 onerosa
3350 2094 3489 2151 foret

1896 2190 2059 2244 etiam
2103 2206 2229 2245 vera
2276 2190 2542 2256 laudatio,
2590 2197 2644 2243 et
2685 2188 2799 2255 ipse
2842 2198 3027 2242 contra
3069 2186 3490 2257 disputationem

1893 2294 2068 2334 meam
2098 2280 2354 2348 facerent,
2382 2280 2427 2333 si
2454 2280 2537 2334 cui
2555 2280 2622 2334 ab
2645 2278 2877 2333 humana
2905 2278 3072 2349 gloria
3099 2278 3489 2334 continentiam

1892 2374 2214 2441 suasissem,
2249 2374 2313 2427 ad
2345 2373 2591 2429 eamdem
2623 2382 2673 2427 te
2721 2374 2826 2427 tuis
2858 2370 3142 2440 prmconiis
3181 2370 3487 2427 incitarem.

1891 2468 2010 2537 ipsa
2042 2482 2169 2535 ergo
2201 2467 2379 2520 aulam
2410 2475 2511 2520 tuae
2544 2465 2741 2520 mentis
2770 2464 3049 2535 ingredere
3080 2482 3093 2516 :
3127 2472 3181 2519 et
3220 2462 3273 2517 in
3303 2478 3491 2519 secre-

1890 2560 2029 2615 tario
2058 2559 2361 2629 purissimae
2385 2557 2729 2613 conscientia:
2764 2566 2898 2625 luce,
2927 2557 3103 2627 qualia
3134 2556 3228 2613 tibi
3253 2556 3490 2625 reposita

1888 2656 1997 2709 sint
2027 2662 2345 2709 ornamenta
2389 2650 2745 2721 circumspice
2781 2669 2794 2707 :
2827 2660 2880 2707 et
2911 2651 3165 2721 quidquid
3197 2650 3268 2705 ibi
3300 2649 3487 2719 splen-

1888 2748 2107 2815 didum,
2147 2745 2404 2817 quidquid
2440 2746 2723 2815 pulchrum
2767 2744 3167 2813 pretiosumqne
3193 2740 3487 2812 repereris,

1888 2840 2053 2897 divini
2101 2840 2279 2909 operis
2328 2846 2382 2891 et
2423 2839 2663 2893 muneris
2706 2850 2827 2891 esse
2856 2852 2924 2891 ne
2953 2835 3199 2898 dubites,
3232 2834 3305 2888 ita
3345 2842 3404 2887 ut
3432 2833 3486 2887 in

1890 2929 2145 2984 omnibus
2172 2928 2328 2982 bonis
2356 2928 2647 2995 opulentiae
2688 2934 2791 2979 tute
2811 2966 2824 2990 ,
2856 2933 2911 2978 et
2936 2924 3158 2993 gratiam
3181 2922 3484 2987 donatoris,

1891 3029 1948 3075 et
1989 3023 2077 3089 jus
2126 3019 2469 3088 proprietatis
2515 3030 2795 3087 agnoscas.
2845 3012 3116 3084 Accepisti
3164 3012 3311 3068 enim
3365 3027 3487 3081 qua:

1896 3112 2084 3179 habes,
2115 3119 2170 3165 et
2196 3108 2455 3179 quidquid
2486 3108 2581 3162 tibi
2603 3106 2885 3177 diligentia
2908 3104 2985 3158 tui
3011 3103 3209 3158 laboris
3229 3103 3488 3167 accrevit,

1891 3220 1987 3277 per
2015 3205 2187 3275 ipsum
2222 3203 2317 3257 tibi
2344 3212 2426 3258 est
2452 3212 2699 3269 auctum,
2735 3216 2830 3271 per
2869 3214 3027 3271 quem
3058 3198 3236 3255 fuerat
3265 3199 3488 3255 incitos-

1891 3308 2024 3353 tttm.
2057 3297 2238 3366 itaque
2267 3293 2525 3350 utendum
2577 3293 2669 3349 tibi
2700 3303 2783 3349 εει
2814 3290 2831 3329 ί
2882 3290 2965 3346 bis
2996 3306 3114 3363 quae
3145 3290 3366 3360 largitus
3403 3299 3489 3346 est

1889 3391 2033 3448 Deus
2066 3408 2079 3444 :
2112 3398 2166 3445 et
2216 3388 2285 3445 ab
2314 3386 2501 3444 eodem
2540 3402 2755 3458 semper
2801 3395 2883 3442 est
2910 3386 3201 3454 petendum
3239 3394 3298 3442 ut
3328 3384 3487 3441 donis

1891 3485 2007 3555 ejus
2039 3483 2270 3539 fideliter
2296 3493 2349 3537 et
2371 3482 2604 3537 scienter
2634 3481 2822 3536 utaris.
2847 3479 2983 3547 Quid
3006 3479 3148 3535 enim
3173 3479 3328 3535 nobis
3356 3480 3488 3536 boni

1890 3587 2068 3649 potest
2111 3592 2233 3632 esse
2260 3578 2376 3631 sine
2404 3575 2550 3647 ipso;
2589 3574 3021 3647 quandoquidem
3052 3575 3212 3630 etiam
3245 3584 3304 3630 ut
3341 3583 3490 3631 recte

1889 3686 2137 3737 oremus,
2175 3686 2241 3724 ex
2269 3670 2385 3740 ipso
2430 3679 2533 3735 est,
2561 3668 2777 3725 dicente
2816 3666 3076 3739 Apostolo
3121 3685 3135 3723 :
3178 3666 3319 3721 Nam
3362 3666 3488 3738 quid

1888 3790 2087 3829 oremus
2108 3772 2239 3826 sicut
2256 3780 2450 3843 Oportet
2471 3772 2754 3835 nescimus;
2771 3768 2860 3824 sed
2875 3770 2985 3837 ipse
3003 3768 3236 3839 Spiritus
3251 3765 3487 3837 postulat

1890 3893 1984 3948 pro
2031 3875 2174 3929 nobis
2215 3872 2481 3945 gemitibus
2522 3871 2971 3927 inenarrabilibus.
3013 3870 3117 3939 Qui
3152 3880 3319 3925 autem
3348 3886 3490 3924 scru-

1890 3989 2026 4033 tatur
2047 3978 2202 4031 corda
2219 3978 2314 4030 scit
2334 3976 2460 4046 quid
2477 3975 2729 4030 desideret
2754 3974 3002 4044 Spiritus,
3035 3973 3280 4043 quoniam
3302 3986 3488 4025 secun-

1891 4079 2016 4130 dum
2046 4074 2214 4129 Deum
2259 4074 2484 4141 postulat
2514 4088 2608 4142 pro
2634 4072 2823 4127 sanctis
2849 4069 3026 4140 (Rom.
3056 4084 3150 4123 vttt
3177 4110 3193 4133 ,
3228 4068 3323 4134 26,
3366 4067 3484 4138 27).

1892 4178 1961 4233 Et
1992 4193 2060 4233 ne
2108 4175 2328 4232 dubium
2360 4182 2506 4230 esset
2533 4174 2601 4229 de
2626 4187 2732 4243 quo
2755 4171 2949 4241 spiritu
2984 4170 3297 4239 loqueretur
3318 4210 3333 4236 ,
3380 4168 3489 4238 jam

1894 4292 2056 4348 supra
2086 4277 2297 4331 dixerat
2328 4293 2340 4328 :
2368 4274 2491 4329 Non
2517 4274 2652 4328 enim
2678 4271 2945 4343 accepistis
2966 4270 3208 4340 spiritum
3232 4269 3493 4327 servitutis

1894 4384 2081 4437 iterum
2123 4383 2177 4435 in
2222 4380 2436 4445 timore,
2474 4378 2560 4433 sed
2615 4376 2878 4448 accepistis
2914 4375 3152 4448 spiritum
3195 4374 3493 4446 adoptionis

1898 4482 2148 4553 ﬁliorum,
2174 4482 2228 4535 in
2254 4497 2356 4553 quo
2383 4479 2667 4535 clamamus
2689 4496 2708 4533 :
2735 4477 2901 4545 Abba,
2933 4475 3113 4533 Pater.
3146 4476 3329 4548 Itaque
3381 4479 3494 4547 ipss

172 4584 333 4641 nullo
377 4586 531 4642 enim
574 4586 660 4642 hae
705 4588 931 4645 virtutes
977 4589 1048 4645 ab
1093 4589 1325 4646 invicem
1364 4589 1705 4658 dividuntur,
1737 4570 2129 4657 egD,Spiritus
2180 4583 2523 4638 testimonium
2566 4580 2738 4635 reddit
2781 4580 2989 4653 spiritui
3027 4588 3202 4634 nostro
3240 4580 3488 4651 quoniam

174 4680 480 4736 ambarum
508 4689 618 4736 tam
644 4682 933 4739 indiscreta
966 4684 1234 4740 connexio
1262 4692 1364 4751 est,
1394 4692 1452 4739 ut
1480 4684 1571 4755 qui
1602 4685 1655 4739 in
1684 4702 1789 4742 una

247 4830 279 4892 ξι
316 4819 682 4892 Edit.Duac.
705 4829 759 4875 et
784 4819 977 4876 Colon.
1008 4821 1282 4892 PmSperi,
1313 4837 1414 4875 non
1433 4821 1697 4892 prairent.

248 4891 281 4931 ιι
316 4891 401 4946 ita
434 4891 570 4946 edit.
600 4890 876 4960 Prosperi.
902 4893 1010 4962 AL,
1034 4890 1332 4949 humanam.

253 4974 280 5003 ε
327 4963 547 5031 Quesn.
591 4962 743 5033 addit
789 4977 974 5018 vocem
1019 4980 1225 5029 verum,
1270 4978 1387 5033 quae
1417 4971 1470 5019 et
1508 4963 1563 5018 in
1598 4964 1797 5019 nostris

170 5050 321 5091 mss.
351 5046 414 5089 et
442 5034 497 5087 in
530 5032 692 5089 editis
720 5035 896 5091 deest.
928 5034 1056 5088 Eam
1086 5034 1433 5091 nihilominus
1461 5035 1642 5090 sensui
1681 5035 1795 5090 fere

170 5106 571 5189 necessariam
613 5120 736 5161 cum
774 5106 1071 5161 novissimo
1116 5106 1367 5177 Prosperi
1418 5107 1627 5162 editore
1666 5108 1794 5162 reti-

165 5192 439 5234 nutmus.

244 5249 275 5287 δ
314 5250 520 5317 Forte,
550 5247 911 5303 insanabilior.
943 5246 1147 5315 Quesn.
1188 5279 1259 5290 —
1296 5248 1424 5304 Post
1451 5263 1617 5319 pauca
1656 5264 1796 5306 unus

163 5320 306 5375 Vat.
342 5336 459 5377 ms.
495 5319 644 5387 cod.,
678 5336 828 5391 opem
856 5321 1171 5390 reparatoris
1206 5321 1323 5387 sui;
1349 5320 1508 5387 alius,
1535 5336 1687 5391 apem
1709 5337 1795 5376 re-

160 5394 430 5459 paratori
461 5408 577 5446 suo.

246 5473 273 5501 ο
301 5463 553 5531 Quesn.,
583 5461 719 5517 Hinc
740 5472 943 5531 autem;
970 5472 1026 5520 et
1051 5464 1173 5520 dein
1214 5480 1334 5521 cum
1364 5465 1580 5521 caeteris
1610 5462 1792 5530 editis,

158 5537 351 5606 ipsius
377 5535 596 5604 ﬂatum.
627 5534 810 5589 Nostri
848 5536 1006 5592 codd.
1052 5538 1331 5592 meliorem
1384 5537 1669 5593 lectionem
1700 5536 1796 5591 de-

241 5624 270 5660 r
319 5649 336 5661 .

158 5610 233 5663 de
247 5623 462 5733 teCom
486 5677 539 5732 in
564 5676 727 5732 editis
761 5686 905 5733 esset
934 5678 1259 5741 charitatem,
1303 5678 1621 5743 Quesnellus
1650 5681 1793 5732 vani-

158 5761 343 5806 tatem
382 5750 698 5816 substituit;
730 5758 784 5804 et
808 5749 942 5805 hanc
973 5763 1149 5806 natam
1181 5749 1434 5818 subjecit:
1470 5769 1488 5801 ε
1525 5751 1583 5804 ln
1612 5750 1790 5805 omni-

154 5824 275 5889 bus
298 5820 606 5878 codicibus
633 5820 843 5879 excusis
870 5821 1084 5894 legitur,
1109 5822 1443 5887 charitatem;
1466 5820 1609 5892 quod
1632 5834 1791 5893 quam

1895 4702 2072 4742 sumus
2104 4685 2201 4755 ﬁlii
2232 4682 2347 4740 Dei.
2383 4684 2445 4741 Si
2469 4693 2637 4738 autem
2683 4682 2799 4752 ﬁlii,
2830 4682 3059 4754 M280
3086 4681 3334 4747 lueredes,
3381 4680 3492 4737 Ita:-

1904 4838 1933 4877 a
1958 4831 2140 4877 mente
2171 4819 2406 4873 auctoris
2428 4818 2658 4874 alienum
2684 4816 2753 4871 sit
2778 4830 2936 4871 nemo
2958 4829 3063 4870 non
3086 4814 3247 4870 videt.
3280 4814 3489 4882 Aliquis

1904 4893 1957 4966 in
1991 4888 2409 4966 marginebujus
2440 4889 2715 4966 loci‘tomn
2743 4887 2806 4942 iii
2828 4886 3224 4966 Opusculorum
3256 4885 3323 4966 de
3353 4884 3489 4966 Gra-

1906 4964 2008 5029 tia,
2051 4958 2271 5017 Lovanii
2316 4958 2406 5015 an.
2442 4960 2582 5016 1668
2608 4960 2907 5027 editorum,
2942 4958 3156 5025 scripsit
3193 4958 3489 5017 veritatem;

1903 5034 2045 5103 quod
2070 5034 2170 5089 etsi
2200 5048 2417 5088 sensum
2449 5033 2681 5101 aliquem
2721 5030 2937 5086 efficere
2964 5036 3151 5097 queat,
3176 5036 3491 5103 censeota-

1904 5095 2026 5161 men
2058 5095 2705 5177 commodiusaptiosque
2753 5095 3058 5177 vanitatem,
3104 5098 3188 5177 vel
3232 5095 3492 5177 inutilita-

1905 5187 2024 5250 tem,
2058 5187 2149 5232 aut
2174 5177 2332 5230 aliam
2373 5166 2863 5250 ejusdem'energia:
2888 5185 3073 5250 vocem
3106 5166 3489 5250 substitui'tle-

1902 5235 2056 5315 bere,
2089 5256 2149 5303 ut
2178 5263 2244 5302 ex
2266 5235 2553 5302 contextus
2574 5248 2714 5301 serie
2741 5235 3273 5315 qvuisqueintelliget.
3308 5256 3328 5289 ι
3360 5235 3489 5315 Haec

1901 5320 2013 5375 ille.
2043 5308 2270 5375 Omnem
2301 5326 2478 5373 autem
2496 5308 3293 5373 difficultatem'submoverunt
3315 5308 3486 5364 nostri

1901 5391 2083 5457 codd.,
2108 5392 2195 5460 qui
2214 5390 2512 5456 qualitatem
2537 5395 2897 5460 congruenter
2925 5382 3198 5460 exhibent.

1977 5473 2000 5510 ι
2034 5449 2171 5517 ἱεδίἰί
2196 5449 2465 5517 habebant
2496 5462 2550 5514 in
2580 5449 2920 5514 districtione.
2953 5454 3151 5521 Quesn.
3196 5449 3486 5521 emendan-

1900 5534 2027 5605 dum
2062 5534 2267 5605 putavit
2308 5534 2363 5586 in
2390 5532 2780 5587 districtionem.
2802 5520 2991 5581 Nostri
3024 5522 3184 5579 codd.
3218 5520 3339 5578 Vat.
3372 5536 3486 5578 me-

1898 5605 2199 5739 hulst'Editi,
2233 5691 2439 5741 arcam;
2474 5673 2630 5728 male.
2668 5668 3021 5727 Emendatum
3047 5683 3112 5726 ex
3137 5682 3264 5725 mss.
3297 5664 3415 5724 Vat.

1982 5748 1997 5785 λ
2027 5746 2117 5804 Sic
2138 5746 2299 5804 iidem
2330 5745 2487 5803 codd.
2518 5744 2629 5812 AL,
2653 5744 2739 5799 eis.
