4018 6314
492 315 599 378 179

1457 309 1682 368 OPERA
1725 308 1782 365 S.
1825 303 2032 364 LEONI
2073 304 2309 363 MAGNO
2339 297 2738 358 ATTRIBUTA.

3666 293 3770 356 180

490 435 636 490 redes
662 430 865 505 quidem
894 429 1013 497 Dei,
1052 429 1338 483 cohwredes
1377 437 1546 482 autem
1571 427 1760 482 Christi
1785 443 1802 480 :
1827 426 1872 480 si
1911 434 2080 480 tamen
2108 426 2160 485 Α
2189 424 2277 476 bus
2305 423 2350 492 (ι
2387 420 2505 476 Cor.
2541 435 2630 486 xv,
2661 417 2773 488 28);
2811 414 2972 489 281
3003 412 3142 486 quod
3187 412 3308 470 ideo
3342 409 3394 469 in
3425 410 3526 468 bac
3557 411 3668 468 vita
3703 413 3768 468 ad

493 525 851 595 compatimur,
875 530 931 576 ut
953 530 978 558 ⁸
1003 528 1050 575 et
1066 519 1512 592 conglori/icemur
1529 518 1706 590 (Rom.
1731 533 1844 584 un,
1865 516 2076 588 15-17).

563 619 691 674 CAP.
721 615 915 673 XXIII.
950 616 1168 672 Omnem
1196 624 1389 672 rectum
1419 614 1691 682 affectum,
1729 615 2008 686 cogitatum
2035 623 2083 668 et

490 727 776 775 sermonem
822 719 1054 770 nostrum
1082 725 1188 763 esse
1221 725 1253 764 a
1283 707 1408 762 Deo.
1437 736 1508 749 -—-
1540 706 1731 778 Implet
1773 707 1934 778 igitur
1961 706 2084 776 Spi-

491 807 626 860 ritus
660 809 880 860 sanctus
911 817 1167 873 organum
1190 815 1366 867 suum,
1401 810 1453 856 et
1485 808 1755 870 tamquam
1798 799 1886 852 ﬁla
1919 798 2079 853 ebor-

492 896 682 949 tlarum
712 897 879 965 tangit
917 893 1114 963 digitus
1143 891 1240 946 Dei
1268 890 1430 946 corda
1463 899 1793 946 sanctorum.
1829 888 1928 956 Qui
1961 889 2081 944 ideo

490 1005 612 1041 t'tttn
648 987 736 1042 die
761 984 1108 1041 Pentecostes
1131 984 1181 1038 in
1214 983 1493 1052 apostolos
1513 983 1833 1052 plebemque
1857 979 2083 1044 creden-

491 1081 645 1143 tium,
677 1078 814 1132 sicut
841 1091 869 1130 a
901 1074 1128 1138 Domino
1167 1076 1342 1130 fuerat
1372 1074 1687 1144 promissus,
1715 1071 1994 1137 inﬂueret,
2030 1072 2080 1126 in

494 1169 675 1238 specie
696 1167 998 1240 linguarum
1024 1164 1271 1236 apparuit
1292 1166 1591 1235 ignearum,
1625 1173 1679 1219 et
1709 1162 1940 1232 loquelis
1969 1177 2083 1216 om-

495 1260 640 1314 nium
680 1260 958 1314 nationum
993 1272 1088 1314 eos
1110 1273 1270 1328 super
1296 1273 1430 1328 quos
1457 1255 1725 1312 insederat
1752 1256 1878 1310 fecit
1901 1254 2081 1321 eﬁari;

491 1360 549 1404 ut
585 1351 803 1406 dubium
831 1365 939 1405 non
964 1358 1110 1405 esset
1130 1365 1225 1421 per
1248 1349 1416 1419 ipsius
1441 1348 1870 1419 inspirationem,
1899 1348 2082 1402 utilem

491 1431 780 1513 allectum,
829 1444 1204 1499 rationabilem
1255 1458 1558 1498 sermonem
1609 1441 1802 1496 animis
1843 1441 2079 1498 ﬁdelium

493 1537 821 1602 ministrari;
847 1537 986 1590 sicut
1012 1536 1126 1606 ipse
1146 1534 1399 1589 Dominus
1416 1533 1694 1604 discipulis
1720 1537 1832 1588 suis
1854 1532 2087 1587 insinua-

492 1630 571 1685 vit
597 1639 653 1686 et
691 1629 828 1685 dixit
860 1648 872 1682 :
906 1629 1031 1684 Cum
1059 1639 1234 1684 autem
1259 1629 1462 1683 tradent
1492 1645 1576 1682 ros
1602 1673 1618 1696 ,
1664 1627 1822 1682 nolite
1862 1627 2084 1696 cogitare

2189 517 2403 587 plenum
2433 529 2538 569 non
2589 520 2768 583 potest
2795 509 3061 580 obtineri,
3101 507 3228 578 quia
3267 505 3506 562 nondum
3548 506 3770 562 mortals

2185 619 2432 677 nostrum
2469 608 2646 664 induit
2668 603 3146 667 immortalitatem,
3169 615 3270 658 nee
3295 599 3578 670 corruptio
3596 609 3769 654 trans-

2184 705 2246 760 iit
2273 706 2328 758 in
2367 699 2864 769 incorruptionem;
2901 710 3036 754 caro.
3064 693 3242 751 athuc
3279 701 3475 749 contra
3498 690 3768 762 spiritum,

2184 809 2240 852 et
2267 806 2454 853 contra
2482 808 2704 852 carnem
2732 791 2953 862 spiritus
2977 786 3340 857 concupiscit;
3376 797 3476 840 nec
3502 784 3772 839 iri-venitur

2188 893 2248 945 in
2274 889 2383 946 ullo
2414 888 2690 944 hominum
2721 893 2867 940 tanta
2899 879 3208 945 concordia,
3235 885 3295 934 ut
3324 877 3438 946 legi.
3458 876 3662 932 montis
3691 874 3774 932 les

2187 998 2305 1049 qua:
2327 981 2586 1036 membris
2614 987 2696 1035 est
2727 976 2884 1032 insita
2914 987 3022 1030 non
3056 979 3338 1042 repugnet.
3375 969 3608 1040 Propter
3633 967 3774 1038 quod

2186 1092 2251 1131 ex
2267 1076 2508 1130 omnium
2530 1082 2838 1128 sanctorum
2857 1081 3084 1139 persona
3101 1065 3363 1136 accipitur
3377 1061 3522 1134 quod
3541 1062 3776 1119 Josmtes

2187 1168 2465 1238 apostolus
2503 1168 2577 1221 ait
2619 1184 2632 1219 :
2671 1165 2732 1220 Si
2766 1163 3052 1219 dixerimus
3090 1159 3338 1231 quoniam
3372 1167 3648 1225 peccatum
3676 1173 3778 1210 non

2187 1263 2454 1328 habemus,
2487 1275 2580 1314 nos
2606 1259 2746 1330 ipsos
2771 1257 3093 1322 seducimus,
3127 1262 3182 1308 et
3204 1253 3388 1308 veritas
3423 1251 3478 1305 in
3505 1251 3653 1305 nobis
3680 1266 3780 1306 non

2190 1365 2266 1410 est
2295 1354 2341 1425 (ι
2363 1353 2519 1407 Joan.
2563 1368 2600 1418 ι,
2630 1349 2706 1422 8).
2736 1350 2874 1407 Cum
2898 1358 3076 1404 tamen
3107 1347 3250 1402 idem
3292 1347 3407 1416 ipse
3438 1343 3588 1400 dicat
3621 1360 3636 1397 :
3684 1343 3781 1407 Qui

2189 1457 2348 1504 natus
2362 1457 2434 1500 est
2459 1463 2522 1500 ea:
2554 1444 2660 1500 Deo
2701 1452 2964 1513 peccatum
2988 1457 3093 1496 non
3121 1441 3245 1512 facit
3283 1455 3301 1494 :
3333 1439 3576 1510 quoniam
3612 1451 3780 1490 semen

2190 1539 2354 1608 ipsius
2381 1539 2434 1594 in
2461 1554 2520 1592 eo
2549 1546 2744 1602 manet,
2777 1546 2824 1590 et
2855 1551 2958 1592 non
2984 1541 3145 1603 potest
3176 1547 3403 1603 peccare,
3435 1530 3687 1602 quoniam
3722 1545 3784 1583 es

2195 1631 2300 1688 Deo
2323 1641 2478 1690 natus
2501 1640 2576 1688 est
2617 1629 2662 1697 (l
2683 1628 2843 1683 Joan.
2869 1643 2952 1694 ιιι,
2983 1625 3065 1698 9).
3111 1625 3411 1694 Utrumque
3439 1638 3571 1694 ergo
3596 1637 3781 1678 verum

495 1725 752 1792 quomodo
796 1729 886 1775 aut
918 1721 1042 1791 quid
1081 1720 1358 1791 loquamini
1404 1736 1421 1772 :
1455 1720 1665 1772 dabitur
1695 1718 1829 1771 enim
1866 1718 2002 1770 vobis
2032 1718 2093 1785 in
2192 1731 2298 1788 est,
2322 1722 2444 1793 quia
2476 1730 2532 1776 et
2559 1734 2718 1778 nemo
2745 1721 2862 1776 sine
2885 1725 3107 1788 peccato
3125 1725 3228 1783 εει,
3262 1716 3315 1771 in
3340 1729 3407 1770 eo
3446 1713 3591 1784 quod
3626 1727 3784 1768 nemo

495 1816 592 1871 illa
620 1817 748 1870 hora
767 1815 891 1886 quid
913 1813 1223 1883 loquamini;
1249 1830 1352 1868 non
1375 1816 1510 1868 enim
1538 1828 1625 1866 vos
1656 1813 1777 1866 estis
1804 1811 1890 1880 qui
1918 1811 2085 1880 loqui-
2113 1805 2165 1866 Β
2189 1825 2268 1870 εει
2297 1816 2414 1868 sine
2435 1815 2550 1881 lege
2579 1811 2816 1882 peccati;
2843 1820 2898 1868 et
2919 1810 3015 1881 qui
3042 1817 3199 1865 natans
3228 1805 3255 1848 δ
3287 1817 3455 1863 estex
3479 1807 3593 1861 Deo
3611 1849 3625 1870 ,
3657 1821 3784 1877 pee-

497 1906 643 1975 ntini,
663 1908 756 1962 sed
768 1903 995 1977 Spiritus
1014 1905 1191 1960 Patris
1204 1907 1290 1975 qui
1309 1905 1533 1975 loquitur
1549 1905 1602 1958 in
1622 1903 1778 1958 vobis.
1799 1902 2014 1974 (Matth.
2034 1920 2087 1968 ι,

497 1997 613 2068 19.)
641 1997 794 2066 Quod
816 1996 844 2036 δ
870 2011 938 2053 ne
968 1999 1018 2052 in
1045 1999 1160 2053 solo
1183 2013 1497 2068 magnarum
1524 1995 1925 2051 tribulationum
1955 2005 2089 2051 tem-

498 2103 630 2160 pore
671 2090 958 2146 credamus
1001 2089 1142 2157 ﬁeri,
1187 2106 1290 2144 non
1323 2100 1501 2145 autem
1547 2090 1602 2144 in
1652 2104 1781 2160 pace
1809 2090 2085 2160 praasmri,

497 2183 778 2239 audiamus
807 2183 1122 2253 Apostolum
1153 2183 1502 2240 delinientem
1533 2185 1675 2255 quod
1721 2185 1850 2254 ipsae
1878 2198 2090 2253 quoque

498 2276 851 2346 cogitationes
880 2286 1099 2342 nostrae,
1131 2276 1234 2333 nisi
1262 2292 1289 2330 a
1317 2277 1428 2333 Deo
1458 2278 1613 2332 nobis
1653 2278 1828 2332 insitae
1857 2276 2088 2343 fuerint,

503 2379 660 2424 recta:
691 2383 810 2424 esse
843 2383 950 2424 non
981 2370 1208 2439 possint.
1244 2369 1541 2434 Fiduciam,
1573 2371 1782 2442 inquit,
1814 2371 1966 2424 tatem
1995 2369 2090 2424 ha-

498 2462 674 2516 bemus
713 2477 802 2532 per
832 2460 1092 2516 Christum
1133 2461 1201 2516 ad
1229 2461 1423 2526 Deum;
1468 2480 1569 2517 non
1608 2463 1745 2533 quod
1788 2463 2091 2533 suﬁcientes

497 2568 658 2609 simus
688 2555 914 2625 cogitare
934 2555 1130 2626 aliquid
1152 2573 1216 2610 ea:
1241 2556 1387 2609 nobis
1407 2558 1558 2620 quasi
1583 2572 1645 2610 ea:
1669 2557 1834 2623 nobis,
1868 2555 1955 2610 sed
1979 2557 2092 2620 suf-

498 2647 725 2715 ficientia
757 2657 928 2700 nostra
959 2663 1022 2702 ea:
1050 2645 1159 2702 Deo
1185 2657 1257 2701 est
1286 2647 1354 2718 (ll
1377 2647 1494 2702 Cor.
1525 2663 1602 2713 ιιι,
1636 2647 1692 2712 4,
1724 2648 1802 2716 5).

569 2735 702 2794 CAP.
750 2736 944 2796 XXIV.
992 2737 1255 2809 Quidquid
1297 2740 1497 2794 virtutis
1529 2749 1572 2792 et
1619 2739 1887 2792 charitatis
1928 2740 2094 2792 sancti

501 2830 686 2884 habent
714 2831 766 2884 in
796 2830 893 2885 hac
921 2833 1046 2899 vita,
1077 2851 1108 2888 a
1141 2833 1248 2887 Deo
1278 2834 1462 2888 habent
1492 2850 1510 2888 :
1539 2834 1784 2903 quoniam
1813 2842 1859 2886 et
1889 2834 1942 2886 in
1967 2832 2092 2887 caelo

500 2921 753 2992 quidquid
776 2923 999 2978 habituri
1026 2934 1169 2993 sunt,
1202 2925 1377 2979 abillo
1408 2926 1533 2990 erit;
1561 2927 1624 2978 ab
1656 2942 1712 2980 eo
1745 2925 1912 2996 portio
1939 2941 1972 2979 a
1994 2941 2092 2994 quo

500 3016 593 3069 erit
615 3017 902 3086 plenitudo.
928 3047 998 3058 —
1021 3007 1174 3075 Unde
1197 3034 1317 3074 cum
1342 3028 1650 3074 sanctorum
1673 3019 1868 3074 animis
1891 3036 1959 3076 ex
1983 3019 2094 3076 Deo

501 3108 571 3162 sit
605 3117 626 3145 ο
654 3107 802 3164 utilis
835 3110 1114 3165 meditatio
1134 3153 1148 3176 ,
1176 3111 1316 3182 justa
1345 3112 1562 3182 petitio,
1607 3112 1797 3168 efficax
1826 3113 1998 3179 actio,
2027 3128 2093 3168 ex

502 3200 621 3256 Deo
642 3203 710 3256 sit
733 3203 786 3257 in
812 3202 918 3258 ﬁde
945 3203 1193 3270 ﬁrmitas,
1229 3206 1283 3259 in
1314 3206 1660 3262 tribulatione
1698 3207 1952 3274 patientia
1975 3247 1993 3275 ,
2035 3207 2087 3262 in
2120 3189 2166 3253 Ο

501 3296 878 3362 persecutione
919 3296 1178 3362 victoria,
1210 3313 1398 3368 magna
1430 3309 1510 3353 est
1542 3300 1592 3352 in
1626 3315 1749 3354 vera
1790 3299 2094 3355 humilitate
2136 3299 2144 3314 ‘

504 3386 733 3441 felicitas
759 3432 773 3456 ,
819 3390 903 3444 cui
947 3389 1088 3444 Deus
1131 3390 1387 3460 dilectio,
1435 3391 1577 3446 Deus
1619 3393 1920 3461 sapientia,
1949 3393 2093 3450 Deus

505 3478 811 3543 consilium,
847 3479 987 3534 Deus
1010 3479 1268 3536 fortitudo
1295 3490 1396 3536 est.
1421 3482 1532 3538 Nec
1560 3483 1721 3538 dubie
1754 3485 1849 3538 ista
1881 3485 2093 3552 subjec-

506 3571 583 3622 tio
609 3570 720 3639 jam
759 3586 823 3626 ex
856 3587 1047 3643 magna
1075 3582 1228 3643 parte
1260 3575 1311 3629 in
1337 3575 1480 3631 illius
1508 3576 1701 3632 futurm
1747 3577 2092 3635 beatitudinis

506 3671 588 3717 est
615 3665 906 3738 constituta
932 3667 1225 3734 consortio,
1248 3669 1336 3725 ubi
1367 3669 1503 3726 Deus
1525 3671 1617 3726 erit
1645 3672 1818 3736 omnia
1844 3673 1896 3726 in
1926 3675 2092 3730 omni-

579 3834 606 3864 “
633 3824 956 3895 Coniunctio
975 3836 1022 3884 et
1055 3843 1119 3884 ex
1153 3829 1350 3883 nostris
1380 3844 1509 3883 mss.
1543 3829 1744 3884 addita.

578 3895 607 3934 δ
641 3897 714 3952 Ita
737 3911 802 3952 ex
827 3896 949 3952 Vat.
981 3899 1108 3956 368.
1133 3900 1286 3956 Alius
1317 3900 1435 3954 Vat.
1457 3899 1594 3965 269.,
1629 3911 1684 3956 ut
1724 3919 1828 3958 non
1865 3903 1918 3956 in
1961 3903 2092 3957 solo.

507 3965 645 4023 Dein
675 3982 740 4042 ex
762 3969 957 4042 eodem
984 3969 1107 4025 Vat.
1139 3971 1244 4026 268
1281 3987 1385 4024 non
1421 3984 1588 4026 autem
1618 3973 1961 4040 scripsimus,
2000 3987 2095 4042 pro

508 4053 617 4106 quo
644 4040 772 4094 editi
797 4041 1065 4096 habebant
1084 4055 1208 4097 cum
1233 4044 1340 4097 alio
1370 4042 1512 4109 νειμ,
1557 4045 1645 4098 sed
1673 4046 1843 4098 etiam.
1880 4040 2012 4100 Sub‘
2035 4045 2097 4097 ll-

507 4124 640 4168 nem
657 4112 847 4188 capitis
874 4111 1215 4188 Quesnellus,
1243 4116 1318 4170 sic
1341 4117 1489 4188 quasi
1510 4132 1574 4172 ex
1598 4117 1763 4188 nobis.
1789 4115 2097 4170 Delevimus

508 4190 685 4237 autem
719 4183 793 4258 sic
822 4183 924 4258 ope
954 4193 1255 4258 nostrorum
1280 4183 1438 4242 Codd.
1465 4198 1516 4243 et
1544 4187 1672 4243 edit.
1697 4187 1969 4258 Prosperi.

506 4273 510 4294 ί
558 4263 612 4292 ὀ
661 4253 946 4328 ι-Ῑιιλιιιίἰβ
999 4256 1250 4312 omnibus
1295 4259 1449 4328 hujus
1483 4259 1724 4327 cpistola:
1773 4253 2099 4314 editionibus

506 4339 608 4392 pro
637 4326 780 4399 utilis
799 4325 1076 4394 legebatur
1105 4340 1155 4384 ut
1182 4329 1310 4393 illis;
1334 4325 1452 4399 quae
1481 4325 1618 4385 adeo
1642 4330 1774 4385 levis
1797 4331 2098 4384 immutatio

510 4410 632 4475 cum
665 4397 1317 4475 vitiosainterpunctione
1345 4397 1509 4475 totum
1539 4417 1760 4456 sensum
1808 4411 1912 4475 tam
1944 4417 2099 4472 egre—

511 4468 614 4545 giae
645 4468 925 4521 sententia:
953 4470 1325 4545 subvertcbnt.
1363 4471 1482 4545 Etsi
1504 4487 1665 4540 porro
1695 4489 1759 4527 ex
1804 4473 1916 4545 sola
1966 4468 2097 4545 con-

510 4539 719 4603 jcctura
773 4550 890 4590 eam
935 4539 1308 4605 restituimus,
1358 4539 1523 4594 nihilo
1578 4551 1754 4597 tamen
1805 4543 1984 4596 minus
2032 4543 2100 4598 de

515 4606 894 4680 emendatione
911 4611 1086 4680 securi
1113 4625 1319 4664 sumus.
1349 4610 1427 4665 Ne
1449 4612 1571 4680 quis
1590 4624 1766 4669 tamen
1796 4621 2101 4678 surreptam

2195 1915 2371 1962 catum
2401 1921 2506 1970 non
2537 1905 2658 1960 facit
2686 1922 2698 1956 :
2730 1903 2854 1974 quia
2891 1917 2987 1972 per.
3011 1902 3184 1972 legem
3217 1901 3412 1956 mentis
3436 1943 3451 1967 ,
3483 1899 3534 1954 id
3580 1909 3666 1954 est
3697 1914 3784 1966 per

2194 1998 2510 2055 charitatem
2540 2012 2662 2066 qua:
2689 1997 2790 2051 Dei
2816 2011 3002 2052 semen
3024 2005 3138 2062 est,
3180 2003 3457 2064 peccatum
3487 1994 3654 2065 282
3685 2007 3782 2046 non

2196 2089 2340 2146 facit.
2374 2089 2630 2152 Charitas,
2655 2089 2799 2144 enim
2831 2080 2996 2155 operit
3037 2087 3418 2142 multitudinem
3466 2096 3784 2154 peccatorum

2198 2184 2241 2252 (l
2275 2182 2421 2238 Petr.
2449 2199 2524 2250 tv,
2556 2183 2634 2252 8);
2667 2192 2722 2238 et
2751 2193 2774 2220 ε
2803 2183 2920 2238 sine
2943 2196 3006 2238 ea
3032 2181 3239 2237 nullum
3283 2180 3502 2250 prodest
3554 2179 3780 2244 bonum,

2194 2292 2290 2346 per
2319 2291 2476 2348 quam
2513 2275 2725 2332 deletur
2771 2290 2932 2332 omne
2966 2284 3270 2345 peccatum.
3302 2273 3439 2330 Dum
3483 2273 3653 2343 igitur
3680 2287 3784 2326 cor-

2195 2388 2289 2441 pus
2332 2371 2469 2441 quod
2511 2372 2858 2441 corrumpitur
2887 2380 3133 2442 aggravat
3169 2371 3394 2425 animam
3417 2413 3432 2436 ,
3463 2380 3510 2424 et
3548 2369 3784 2441 deprimit

2196 2475 2396 2520 terrena
2425 2456 2730 2518 inhabitatio
2760 2481 2964 2520 sensum
2991 2464 3154 2520 multa
3182 2463 3488 2534 cogitantem
3509 2462 3667 2533 (Sep.
3711 2477 3779 2528 ts,

2197 2557 2311 2628 15),
2337 2571 2442 2612 non
2475 2557 2690 2627 quidem
2723 2557 2999 2614 obtinetur
3023 2565 3083 2612 ut
3099 2556 3208 2627 iam
3251 2555 3272 2596 ε
3304 2557 3481 2610 omnia
3527 2556 3581 2609 in
3620 2555 3783 2610 omni-

2194 2650 2295 2706 bus
2325 2651 2470 2708 Deus
2507 2652 2596 2718 sit,
2625 2651 2747 2721 quia
2781 2651 2964 2706 nullus
2981 2660 3065 2707 est
3086 2651 3205 2706 sine
3230 2651 3544 2707 tentationis
3572 2650 3781 2705 stimulo

2195 2753 2252 2798 et
2281 2743 2400 2798 sine
2444 2743 2816 2802 mutabilitatis
2844 2745 3054 2800 incerto
3097 2764 3110 2799 :
3139 2745 3236 2801 sed
3281 2745 3403 2815 quia
3435 2761 3586 2799 omne
3618 2749 3783 2798 datum

2198 2838 2468 2905 optimum,
2503 2847 2553 2891 et
2581 2852 2730 2890 omne
2782 2837 2970 2891 donum
3013 2841 3298 2907 perfectum
3344 2837 3408 2890 de
3431 2853 3637 2892 sursum
3673 2845 3743 2890 est
3765 2877 3779 2900 ,

2202 2931 2514 2984 descendens
2537 2947 2568 2984 a
2602 2929 2757 2986 Patre
2781 2931 3032 2984 taurinum
3059 2930 3200 3003 (Jac.
3242 2946 3293 2996 ι,
3319 2929 3430 3000 17),
3473 2929 3596 2984 sine
3633 2929 3782 2983 dubio

2196 3026 2324 3088 inde
2357 3027 2583 3082 habetur
2610 3027 2872 3081 virtutum
2902 3026 3142 3081 omnium
3174 3025 3371 3095 portio,
3403 3022 3550 3080 unde
3577 3023 3777 3077 habebi-

2196 3127 2283 3174 tur
2314 3117 2620 3189 plenitudo;
2671 3126 2726 3172 et
2754 3126 2904 3172 tanto
2925 3117 3152 3188 quisque
3192 3125 3275 3173 est
3322 3116 3554 3181 beatior,
3580 3117 3784 3184 Deoqnc

2197 3212 2568 3281 coniunctior,
2598 3220 2801 3281 quanto
2830 3212 2949 3281 plus
2998 3213 3052 3266 in
3077 3226 3144 3267 eo
3184 3211 3345 3267 fuerit
3387 3210 3581 3266 divinae
3611 3209 3783 3280 gratia:

2198 3321 2357 3376 quam
2401 3305 2628 3362 actionis
2667 3305 2935 3361 humanm.
2985 3305 3204 3359 Benedic
3249 3306 3425 3376 itaque
3471 3305 3680 3358 Domino
3728 3307 3780 3356 in

2203 3400 2343 3456 omni
2369 3406 2624 3468 tempore,
2650 3408 2698 3451 et
2724 3397 2836 3452 laus
2863 3401 2975 3468 ejus
2995 3399 3047 3451 in
3073 3407 3159 3451 tuo
3185 3414 3274 3453 ore
3295 3399 3362 3451 sit
3388 3412 3572 3466 semper
3599 3392 3768 3462 (Psal.

2200 3504 2392 3555 xxxi",
2429 3488 2505 3558 1);
2535 3489 2714 3544 anima
2756 3499 2938 3545 autem
2991 3497 3089 3544 tua.
3111 3503 3219 3544 non
3251 3489 3540 3560 acquiescat
3572 3484 3671 3538 ιιι-ἱ
3713 3483 3771 3539 in

2200 3581 2429 3638 Domino
2459 3581 2684 3637 laudari.
2719 3582 2948 3651 Superbi
2978 3582 3194 3653 quidem
3225 3580 3624 3652 refragabuntur
3644 3619 3658 3641 ,
3689 3574 3785 3630 sed

2199 3674 2467 3732 mansueti
2499 3665 2632 3730 iam
2659 3685 2686 3723 ε
2716 3675 2956 3744 audient,
2982 3685 3038 3731 et
3067 3675 3392 3731 laetabuntur
3424 3671 3606 3744 (Ibid,
3638 3670 3713 3738 3).

2201 3841 2373 3885 tamus
2410 3849 2420 3884 :
2458 3831 2606 3889 Unde
2635 3847 2752 3886 cum
2777 3841 3074 3886 sanctorum
3098 3832 3286 3894 animis
3303 3846 3368 3885 ea:
3391 3829 3499 3884 Deo
3521 3831 3584 3882 sit
3615 3838 3669 3882 ut
3691 3827 3791 3882 illis

2200 3903 2464 3956 meditatio
2502 3907 2660 3974 iusta.
2689 3903 2863 3968 petitio
2890 3903 3087 3973 rﬂicax,
3113 3906 3245 3956 actio
3271 3918 3334 3957 ea:
3359 3900 3469 3956 Deo
3497 3902 3581 3968 sit,
3610 3899 3668 3954 in
3694 3901 3793 3968 ﬁde

2202 3974 2438 4044 ﬁrmitas,
2466 3983 2570 4029 etc.
2610 3991 2632 4026 ι
2657 3974 2858 4042 Quesn.

2277 4043 2304 4084 ά
2332 4045 2566 4100 Verbum
2589 4056 2666 4098 est
2688 4061 2717 4098 a
2740 4045 3034 4112 Quosnelln
3056 4045 3290 4100 deletum
3318 4059 3382 4098 ex
3413 4042 3615 4099 nostris
3637 4043 3791 4099 codd.

2206 4126 2260 4172 ct
2290 4116 2539 4185 Prosperi
2572 4117 2730 4170 editis
2763 4118 3156 4172 remeavimus.

2281 4199 2304 4226 ε
2329 4188 2492 4255 Editi,
2521 4189 2631 4241 sine
2654 4204 2772 4260 qua,
2804 4197 2856 4242 et
2878 4197 3088 4260 postea,
3122 4203 3209 4260 per
3258 4203 3450 4260 quam;
3484 4186 3629 4257 quod
3679 4201 3798 4244 cum

2206 4268 2420 4315 careret
2440 4274 2624 4319 sensu.
2658 4258 2999 4327 Quesnellus,
3028 4258 3250 4314 retentis
3268 4258 3501 4313 'vocibns
3527 4261 3644 4314 sine
3665 4276 3763 4327 qua
3785 4300 3799 4323 ,

2206 4331 2445 4386 correxit
2488 4348 2578 4400 per
2602 4331 2756 4385 hanc.
2796 4330 2904 4386 Sed
2949 4332 3125 4400 potius
3163 4331 3471 4385 retinendas
3512 4345 3680 4385 voces
3719 4346 3802 4398 per

2207 4419 2360 4472 quam
2383 4416 2436 4456 et
2453 4403 2845 4456 emendandum
2867 4404 2977 4458 sine
3003 4421 3066 4459 ea
3091 4418 3228 4458 unus
3251 4403 3597 4472 praestantior
3625 4411 3805 4458 noster

2207 4473 2374 4528 codex
2401 4473 2522 4528 Vat.
2555 4473 2754 4528 docuit.

2284 4543 2305 4581 ί
2342 4545 2597 4598 Mcndose
2624 4546 2898 4614 legebatur
2928 4545 2979 4604 in
3011 4544 3257 4614 vulgatis,
3294 4546 3490 4614 anima.

2284 4543 2305 4581 ί
2342 4545 2597 4598 Mcndose
2624 4546 2898 4614 legebatur
2928 4545 2979 4604 in
3011 4544 3257 4614 vulgatis,
3294 4546 3490 4604 anima.
3521 4543 3805 4612 Qucsnclli

2209 4615 2645 4670 emendationem
2675 4617 2847 4669 omnia
2873 4616 3100 4684 probant
3129 4616 3298 4669 nostri
3328 4613 3486 4669 codd.

516 4675 615 4730 sibi
641 4678 909 4746 antiquam
943 4679 1226 4735 lectionem
1251 4675 1526 4752 queratur,
1557 4700 1624 4740 en
1651 4699 1768 4740 eam
1795 4675 2100 4754 repraésen-
2128 4676 2182 4740 D
2281 4695 2306 4733 8
2333 4685 2482 4742 Unus
2505 4686 2626 4740 cod.
2659 4686 2806 4750 Vat.,
2837 4675 3056 4742 audiant
3071 4696 3118 4740 et
3149 4687 3406 4740 (tacentur.

521 4799 3813 4844 m

1397 4907 1855 4970 ADMONITIO
1889 4909 1970 4970 IN
2003 4907 2355 4985 SEQUENS
2381 4913 2905 4975 BREVIARIUM.

596 5027 645 5079 1.
688 5022 934 5110 sequens
951 5041 1267 5110 opuscutuni
1292 5031 1456 5110 ιτεοιιί
1487 5039 1670 5110 nostro
1685 5031 2022 5110 inscriptum
2055 5031 2137 5110 bis
2165 5031 2368 5110 uerbis,
2399 5033 2689 5105 Disputatio
2709 5038 3016 5110 sanctissimi
3039 5036 3222 5092 Leonis
3252 5054 3404 5108 papae
3431 5041 3487 5094 in
3511 5040 3807 5110 hareticos,

521 5111 644 5178 cum
677 5097 836 5178 nobis
859 5097 1266 5178 insta’ntibusin
1297 5101 1652 5155 Atnbrosiana
1680 5097 2289 5178 bibliothecaejusdem
2314 5097 2912 5178 Opera'quzrrereutur,
2947 5109 3220 5165 inventum
3253 5097 3359 5164 't'nit
3399 5111 3453 5166 in
3491 5128 3600 5168 ms.
3628 5097 3814 5169 codice

522 5169 746 5252 signato.
761 5167 862 5221 litt.
897 5167 948 5252 Ιι
973 5184 1119 5252 nam:
1152 5171 1276 5252 “.93
1307 5185 1537 5241 cumque
1568 5173 1890 5252 c_rede_rctur_
1912 5167 2211 5252 inedit'um,
2245 5167 2490 5245 ejusdem
2532 5167 2808 5247 exemplar
2839 5167 3132 5252 diligenter
3160 5167 3567 5252 transcriptum
3592 5167 3679 5240 ad
3717 5167 3812 5240 nos

523 5239 901 5322 transmissum
925 5239 1354 5322 fuit.__l'i_t>c_idem
1379 5239 1694 5322 opusculum
1720 5246 1770 5322 in
1797 5247 1986 5322 eadem
2007 5239 2333 5322 bibliotheca
2354 5259 2664 5322 contentum
2687 5239 2812 5322 cum,
2833 5239 3026 5306 eodétn
3048 5252 3200 5307 titulo
3223 5239 3482 5310 memorat
3501 5239 3815 5312 Ludovicus

525 5307 847 5394 Μυνθίῗῖῗξιδ
874 5317 1006 5394 Ῥω·
1032 5310 1075 5365 ﬂ
1103 5311 1376 5394 AMiq'm:
1397 5307 1560 5394 Md}!
1591 5316 1688 5369 τθνί
1711 5316 1936 5394 ,ἀίεδθηο
1961 5317 2051 5394 “3
2080 5334 2201 5394 9³8·
2229 5320 2357 5384 9⁹ὶ8ν
2382 5319 2472 5376 ubi
2503 5330 2691 5394 tamen
2706 5319 2952 5378 indicans
2976 5322 3222 5394 codicem
3251 5307 3661 5394 signatiunﬁtiit.
3682 5307 3813 5383 iiii

523 5393 676 5470 puni;
708 5380 1442 5470 {tigridiuersumettemplar
1471 5384 1682 5470 videtur
1710 5389 1952 5470 innuero,
1993 5380 2095 5444 nisi
2132 5380 2268 5470 forte
2311 5380 2396 5470 hic
2432 5391 2864 5470 no_ta:_d_ei_nceps
2905 5403 3123 5470 mutatae
3141 5380 3381 5470 fuerint.
3433 5397 3559 5470 ipse
3599 5380 3816 5470 quoque

528 5447 1049 5540 Panduimpressum
1101 5447 1435 5540 opusculum.
1466 5457 1720 5540 credidit;
1774 5447 1952 5514 utrum
2000 5473 2177 5540 autem
2233 5461 2429 5540 Leonis
2467 5465 2535 5519 sit
2574 5447 3813 5540 dubium:reliquit.'jtleiniopu-sctduin'cum

526 5517 730 5608 laetitiis
758 5517 961 5608 pariter
999 5517 1219 5608 nomine
1257 5527 1558 5608 invenimus
1606 5533 1656 5584 in
1698 5517 2055 5608 uetustoums.
2086 5532 2345 5608 Patavine
2394 5517 2633 5608 Patrium,
2661 5517 3098 5608 Eremitanoi-um
3124 5517 3814 5608 sei'iihiiipiiiEduini

529 5589 1400 5681 alligetS..Cypriaui.0peribus
1430 5600 1758 5681 subjectum,
1787 5613 1840 5656 et
1871 5602 2162 5681 adjuva_nte
2193 5605 2250 5681 Ρ.
2284 5606 2427 5681 illag.
2459 5607 2702 5681 Antonio
2728 5589 3281 5681 Manentiofconl'erre
3301 5589 3480 5678 etiam
3506 5589 3810 5679 μῖιιὶίῖιῖῐιὲξ

529 5659 805 5748 “iu—305?"?
831 5659 1245 5748 litiéjnsctjpt'io
1269 5671 1496 5748 legitur;
1528 5659 1849 5727 Breviarium
1875 5659 2022 5745 papa:
2051 5659 2236 5729 Leonis
2257 5659 2503 5748 adversus
2527 5676 2789 5732 haereticos
2819 5659 3412 5733 siit'eiscltismavticos.mf

533 5732 678 5824 ἔτί-⁸..
871 5738 1061 5795 eodem
1091 5731 1347 5824 Breuiarii'
1376 5745 1677 5824 titulo~,_sed
1708 5761 1826 5824 sme
1859 5731 2092 5824 ductoris
2125 5745 2526 5824 nomineuhuuc‘
2543 5749 2796 5824 eumdem
2826 5731 3638 5824 tractatumunacumLeonis
3665 5755 3810 5824 Ope-

531 5801 680 5860 ribus
708 5803 834 5861 olim
864 5824 1136 5880 repererat
1170 5813 1228 5868 P.
1257 5815 1489 5872 Jacobus
1519 5801 1836 5873 Sirmondus
1869 5818 1919 5871 in
1950 5817 2159 5875 duobus
2187 5815 2462 5873 codicibus
2488 5814 2799 5878 Corbeiensi
2829 5801 3809 5904 etiuiinéitii'iianl'itﬁiniiinii;
