3968 6308
420 330 525 394 191

888 332 1124 393 PASCH.
1167 330 1557 403 QUESNELLI
1594 329 2185 391 DISSERTATIONES
2220 332 2288 389 IN
2329 330 2387 389 S.
2431 331 2676 390 LEONIS
2714 331 2931 390 MAGNI
2969 331 3221 391 OPERA.

3596 336 3719 393 ιω

523 456 703 528 catum
737 454 938 501 tuatam
964 447 1218 528 detegere
1236 489 1250 512 ,
1276 446 1694 528 profligatasque
1740 445 1895 501 liberi
1925 461 2010 528 ξς·-
2036 449 2085 507 Α
2114 443 2365 512 praeﬁxit,
2381 445 2477 528 'ubi
2504 445 2737 528 Leone‘m
2762 445 3157 528 suscipiendam
3182 444 3697 528 charitaternspam,

523 461 697 502 catum
737 461 938 501 tuatam
965 461 1250 517 detegere,
1282 461 1694 517 proutgatasque
1741 461 1895 501 tioeri
1925 461 2007 499 ar-

419 461 561 573 Bietcrii
594 519 660 573 ad
692 518 889 572 bonum
926 518 1071 573 vires
1100 518 1423 583 ostendere,
1456 518 1649 585 quibus
1691 518 2007 583 reparandis

423 592 590 660 gratia
624 589 818 645 Christi
851 589 1022 657 pretio
1043 588 1319 659 sanguinis
1343 596 1649 658 comparata
1674 588 1785 641 sola
1814 588 2009 644 idonea

418 672 521 716 est.
550 662 637 716 Sic
668 661 849 715 docuit
875 661 1136 729 virginem
1170 660 1441 713 humiliter
1480 667 1535 713 et
1579 660 1825 713 modeste
1854 661 1921 714 de
1945 673 2007 715 se

417 734 653 799 sentire,
682 740 736 786 et
760 731 953 785 Christi
987 731 1178 787 merita
1206 732 1337 786 tanti
1371 740 1524 800 parta
1564 730 1805 801 tantique
1848 730 2005 787 nobis

417 804 537 857 data
571 819 675 857 non
708 802 860 857 flocci
893 803 1180 857 aestimare.

485 876 638 930 Circa
662 890 861 929 annum
889 874 993 929 450
1014 874 1095 927 vel
1111 874 1210 945 431
1244 871 1445 945 indicta
1466 872 1649 945 forsan
1665 872 1774 943 jam
1798 872 2004 945 synodo

421 945 728 1013 Ephesina;
775 961 894 1000 cum
936 944 1210 999 Nestorins
1256 944 1310 998 in
1359 943 1580 999 Oriente
1624 943 2001 1013 dogma‘suum

426 1027 775 1087 propagaret,
807 1016 966 1071 modo
995 1030 1090 1087 per
1118 1029 1398 1087 susurros,
1444 1015 1606 1071 modo
1634 1030 1731 1086 per
1759 1014 1967 1087 litteras
1986 1056 2002 1083 ,

418 1084 580 1141 modo
600 1084 704 1153 per
743 1088 984 1155 publicos
1014 1086 1077 1139 ad
1112 1086 1367 1155 populum
1408 1084 1723 1148 sermones,
1756 1084 2003 1141 Caelesti-

416 1174 517 1212 nus
566 1156 668 1212 Pl’.
704 1158 835 1212 nihil
863 1159 915 1211 in
944 1156 1235 1212 Occidente
1266 1156 1550 1212 omittebat
1577 1157 1721 1227 quod
1750 1158 1819 1211 ad
1848 1157 2000 1213 nefa-

417 1230 549 1283 riam
594 1229 841 1284 hreresim
884 1229 1041 1282 citius
1083 1228 1487 1295 opprimendam
1516 1226 1766 1283 conferre
1794 1238 1995 1296 posset.

415 1298 525 1354 Leo
552 1298 828 1355 leestini
859 1299 1280 1354 sollicitudinem
1309 1313 1468 1366 opera
1502 1314 1598 1353 sua
1630 1307 1684 1353 et
1713 1299 1996 1365 industria,

414 1380 669 1439 quantum
700 1380 940 1441 poterat,
971 1369 1288 1438 adjuvabat:
1321 1368 1729 1439 intelligensque
1757 1384 1861 1423 non
1910 1385 2000 1425 so-

414 1440 519 1495 lam
543 1444 914 1497 aucmritatem
945 1456 1040 1495 seu
1073 1442 1452 1509 imperatorum
1472 1480 1487 1504 ,
1518 1455 1611 1494 seu
1657 1442 1996 1510 pontificum,

415 1513 793 1567 hmreticorum
840 1511 1058 1566 malitiae
1104 1511 1520 1578 Opponeudam.
1570 1510 1664 1565 sed
1716 1520 1768 1566 et
1812 1527 1999 1568 eorum

413 1584 613 1655 scripta
632 1584 851 1655 scriptis
881 1582 1090 1637 idoneis
1108 1581 1429 1655 destruenda
1458 1598 1470 1634 :
1499 1581 1759 1655 Joannem
1786 1580 1998 1655 Cassia-

415 1653 544 1707 num
578 1653 895 1709 adhortatur
915 1655 990 1707 uti
1016 1666 1110 1721 pro
1139 1653 1508 1707 incarnatione
1532 1653 1794 1707 adversus
1816 1654 2001 1709 Nesto-

414 1726 553 1778 rium
602 1726 819 1780 scribat.
870 1724 1026 1779 Multa
1078 1722 1240 1794 409
1280 1721 1514 1778 Leonem
1564 1724 1892 1793 impulerunt
1943 1734 2004 1781 ut

2114 529 2214 569 nec
2244 530 2347 569 non
2381 516 2635 571 Romana:
2665 517 2920 572 Ecclesia:
2948 532 3010 572 ac
3034 516 3198 570 divini
3224 517 3511 571 ministerii
3533 518 3704 573 decus

2110 586 2371 654 appellat;
2422 602 2582 657 quam
2628 588 2911 657 epistolam
2954 588 3037 641 his
3081 587 3281 641 claudit
3307 588 3489 643 verbis
3533 606 3546 639 :
3591 588 3707 644 Tua

2110 672 2233 732 ergo
2258 658 2365 711 haec
2386 676 2487 724 res,
2518 669 2660 732 tuum
2681 660 2957 732 negotium,
2988 660 3062 712 tui
3088 660 3297 732 pudoris
3318 675 3447 732 opus
3471 669 3543 713 est
3567 676 3587 713 :
3612 676 3708 715 ora

2109 737 2155 782 et
2182 728 2390 783 obsecra
2410 774 2424 795 ,
2459 747 2523 784 ne
2549 728 2806 797 imperitia
2824 747 2932 783 mea
2958 730 3267 799 periclitetur
3294 731 3470 784 electio
3502 741 3593 784 tua
3609 773 3625 796 ,
3658 740 3709 787 6

2107 799 2339 874 opinioni
2353 810 2510 855 tanta:
2529 802 2682 874 nobis
2698 818 2799 856 non
2826 801 3263 873 respondentibus,
3279 803 3478 855 etiamsi
3500 817 3595 874 ego
3617 819 3711 870 per

2108 870 2411 926 obedientia:
2438 873 2640 925 veniam
2666 872 2787 927 bene
2805 870 2985 943 pareo,
3014 882 3068 925 tu
3096 882 3264 926 tamen
3289 889 3380 938 per
3412 870 3705 929 inconside-

2105 943 2326 1015 rantiam
2338 943 2533 1015 judicii
2557 944 2689 999 male
2722 942 2998 1015 imperasse
3018 944 3240 997 videaris
3264 942 3524 1014 (Cassian.
3542 945 3697 1014 epist.

2106 1014 2174 1066 ad
2218 1012 2425 1085 Lemn).
2468 1013 2597 1081 Quae
2633 1014 2795 1069 verba
2828 1015 2959 1085 satis
3003 1012 3409 1082 testanturan
3435 1015 3488 1069 in
3532 1012 3711 1085 pretio

2105 1092 2221 1156 erat
2248 1084 2433 1156 Roma:
2463 1085 2781 1156 Leo,gquem
2808 1084 3097 1141 Cassianus
3123 1088 3280 1139 annis
3300 1086 3583 1156 gloriaque
3606 1102 3703 1141 cu-

2106 1153 2339 1209 mulatus
2389 1154 2699 1210 honorificis
2748 1156 2883 1210 adeo
2932 1156 3277 1212 sermonibus
3309 1153 3706 1225 prosequitur,

2105 1224 2257 1295 cujus
2288 1240 2476 1296 preces
2506 1236 2562 1281 et
2590 1228 2998 1283 adhortationes
3031 1242 3128 1297 pro
3157 1228 3384 1297 imperio
3414 1224 3595 1283 erant.

2104 1375 2272 1415 anuus
2296 1376 2504 1416 canlsrt
2533 1360 2661 1429 4'55,
2690 1376 2827 1417 stxrt
2855 1377 2912 1416 tu
2940 1378 3089 1417 mea
3115 1361 3179 1425 2;
3199 1390 3270 1403 —
3290 1376 3577 1417 resonosn
3602 1362 3705 1427 26;

2173 1461 2244 1474 -
2264 1448 2635 1488 νΑωεΝτιΝιΑΜ
2680 1433 2744 1501 9,
2778 1446 2951 1499 ωειΡά
2981 1448 3277 1489 τηεουοειο
3306 1449 3393 1488 XIV
3423 1448 3491 1487 ΕΤ
3524 1448 3707 1489 ANICIO

2177 1518 2386 1559 IAXIIO
2415 1518 2559 1559 COSS.

2106 1596 2125 1635 ῖ
2176 1595 2501 1650 Ctelestinus
2534 1596 2634 1650 PP.
2656 1610 2797 1651 anno
2814 1596 2920 1653 432
2936 1612 2967 1651 e
2982 1598 3086 1651 vita
3105 1597 3373 1654 decedens
3394 1597 3701 1655 Romanam

2106 1666 2290 1737 sedem
2315 1666 2467 1721 Sixto
2493 1666 2560 1721 lll
2591 1668 2900 1737 reliquerat.
2925 1668 3052 1723 Post
3068 1685 3230 1723 unum
3260 1671 3343 1724 vel
3363 1671 3621 1733 alterum,
3650 1682 3707 1726 ut

2108 1736 2355 1810 videtur,
2375 1736 2967 1810 pontificatus’annum,
3000 1740 3220 1794 Anicius
3249 1740 3463 1810 quidam
3498 1741 3702 1797 Bassus

413 1794 659 1883 Cassiani
684 1796 957 1883 imprimis
990 1810 1203 1883 ιῃεὲιυιιξ
1248 1803 1303 1848 et
1347 1794 1995 1883 indus‘tniamndvooaret:

2108 1794 2392 1883 exconsu'l,‘
2410 1809 2675 1883 opibus‘et
2688 1812 2936 1883 potentia
2952 1794 3077 1863 odia
3095 1825 3190 1864 sua
3209 1794 3460 1883 metiens,
3484 1794 3702 1868 Sixtum

415 1864 544 1935 Erat
573 1864 784 1935 quidem
816 1868 907 1922 ille
945 1867 1027 1919 vel
1057 1865 1287 1935 Scytha,
1323 1874 1379 1919 ut
1407 1864 1560 1919 multi
1588 1865 1863 1933 scribunt,
1912 1869 1997 1923 vel

416 1934 618 2007 Callus,
652 1948 707 1991 ut
732 1936 1040 1994 llolstenius
1072 1936 1087 2004 (
1110 1934 1277 2007 Prtef.
1305 1936 1359 1988 in
1391 1936 1517 2007 Reg.
1551 1940 1849 1991 monachor.
1875 1955 1994 2006 cap.

414 2006 481 2074 5)
508 2016 561 2079 et
589 2008 832 2064 Norisius
863 2007 1041 2079 (Hist.
1096 2006 1273 2079 Pelag.
1322 2007 1411 2060 lib.
1460 2006 1673 2079 n.7cap.
1715 2008 1782 2079 1)
1814 2011 1997 2065 multis

413 2078 675 2146 probant;
701 2081 795 2135 sed
824 2078 879 2135 in
914 2078 1135 2133 Oriente
1162 2078 1448 2143 educatus,
1496 2078 1584 2131 ubi
1618 2078 1837 2134 haeresis
1883 2080 1997 2137 haec

416 2148 745 2215 invaluerat,
778 2149 1069 2219 discipulus
1100 2149 1463 2218 diaconusque
1496 2148 1555 2204 S.
1577 2147 1993 2220 Chrysostomi,

415 2234 573 2289 quem
605 2223 776 2291 pietas
804 2238 925 2277 cum
955 2220 1212 2290 singulari
1244 2220 1526 2288 conjuncta
1557 2219 1799 2275 doctrina
1819 2261 1833 2284 ,
1877 2238 1995 2278 me-

412 2292 693 2361 moriaque
737 2308 926 2349 recens
971 2300 1200 2358 peracta:
1237 2292 1291 2346 in
1328 2291 1519 2345 exsilio
1563 2291 1682 2344 vita:
1726 2292 1994 2349 celebrem

413 2377 521 2416 non
568 2365 728 2418 modo
757 2365 1024 2430 fecerant,
1053 2362 1148 2418 sed
1184 2371 1237 2417 et
1268 2377 1361 2416 eos
1390 2362 1480 2431 qui
1507 2362 1625 2430 ejus
1654 2361 1994 2431 disciplinam

413 2432 837 2506 documentaque
892 2436 1230 2506 hauserant.”
1262 2433 1427 2506 Erant
1476 2442 1737 2506 prteterea
1803 2434 1997 2490 Joanni

413 2504 672 2560 Cassiano
700 2504 814 2562 sua:
842 2506 1003 2561 animi
1039 2504 1343 2574 ingeniique
1370 2504 1526 2559 dotes
1554 2505 1788 2568 eximiae,
1816 2519 1998 2560 sacra-

417 2590 536 2629 rum
584 2576 882 2633 litterarum
915 2576 1100 2631 notitia
1132 2575 1271 2629 haud
1302 2575 1569 2644 vulgaris.
1622 2576 1833 2644 pietatis
1874 2592 1997 2630 san-

411 2647 722 2717 ctitatisque
751 2648 891 2703 fama
922 2662 1015 2716 per
1043 2646 1316 2717 Orientem
1352 2645 1506 2717 juxta
1546 2644 1997 2717 Occidentemque

414 2716 703 2773 celebrata.
740 2719 871 2774 Erat
894 2733 1104 2789 quoque
1129 2716 1652 2789 EgyptiSyriacquc
1678 2731 1865 2789 eremo
1895 2716 1996 2772 no-

416 2798 537 2852 tus;
587 2799 638 2842 et
684 2791 729 2843 si
781 2790 919 2845 forte
961 2787 1368 2845 Nestorianismi
1400 2787 1679 2841 virulentia
1707 2788 1997 2857 speluncas

410 2858 616 2927 aliquot
664 2861 1048 2916 monachorum
1103 2860 1393 2926 attigerat,
1436 2858 1708 2925 depellere
1748 2862 1994 2914 morbum

415 2939 645 2998 poterat.
674 2931 827 2986 Adde
864 2932 1004 3002 quod
1044 2941 1161 2986 acta
1203 2930 1452 2985 Massiliae
1498 2928 1639 2995 vita,
1672 2930 1995 3000 conditaque

413 3004 761 3071 monasteria,
794 3005 915 3058 vitae
940 3004 1185 3059 asceticre
1209 3002 1535 3062 institutum.
1566 3014 1860 3055 concursus
1881 3003 1996 3071 pio-

410 3082 529 3145 rum
556 3072 946 3145 doctorumque
974 3072 1280 3145 hominum,
1312 3073 1403 3142 qui
1432 3072 1552 3145 vita:
1577 3072 1823 3145 arctioris
1850 3074 1997 3145 desi-

410 3142 561 3198 derio
594 3144 758 3201 illecti
786 3142 1007 3201 ad'eum
1029 3143 1415 3215 confugerant,
1444 3144 1590 3198 illum
1616 3158 1711 3211 per
1736 3144 1997 3199 Occiden-

410 3196 520 3284 rem
538 3196 1174 3271 'c'i;;.'-.'.H{;eaaia‘enai;
1192 3196 1550 3281 "omissam
1598 3196 1806 3284 scapis
1822 3196 1996 3272 milia
2026 3196 2071 3260 C

411 3282 731 3341 Christianis
751 3330 765 3351 ,
798 3302 917 3356 quae
948 3288 1087 3340 haud
1119 3286 1446 3341 mediocrem
1483 3282 1742 3340 Cassiano
1782 3286 1995 3342 laudem

414 3368 757 3424 pepererant,
779 3367 833 3413 et
858 3371 1169 3426 magnorum
1194 3356 1470 3411 hominum
1490 3356 1843 3411 conciliarant
1865 3360 2002 3412 ami-

413 3426 587 3497 citias,
617 3427 920 3497 Leonisque
943 3426 1211 3496 przecipue
1234 3426 1620 3492 archidiaconi,
1643 3428 1733 3495 qui
1757 3442 1869 3483 rem
1898 3429 2002 3483 uti-

414 3494 521 3551 lem
566 3494 1123 3562 Ecclesiae'credidit,
1176 3498 1220 3552 si
1267 3497 1555 3553 Cassianus
1599 3494 1999 3566 Sc’ripturarum

415 3567 689 3630 doctrina.
731 3578 1147 3639 sanctorumque
1192 3567 1408 3624 Patrum
1461 3567 1750 3623 traditioue
1801 3570 2002 3625 invale-

415 3646 656 3710 scentem
678 3639 789 3710 jam
823 3640 1070 3695 haeresim
1103 3639 1318 3710 penitus
1343 3639 1645 3710 jugularet?

485 3709 721 3781 Denique
747 3710 1055 3775 Cassianus,
1089 3709 1149 3766 ut
1173 3709 1429 3774 diximus,
1462 3710 1716 3764 Ecclesia:
1743 3709 1846 3765 CP.
1881 3711 2000 3767 dia-

413 3793 581 3852 conus
611 3792 755 3847 erat,
788 3784 1064 3851 sanctique
1092 3782 1321 3837 Joannis
1359 3781 1730 3851 Chrysostomi
1760 3781 2001 3852 discipu-

413 3850 495 3903 lus
516 3890 531 3915 ,
566 3852 722 3926 cujus
748 3850 1031 3921 propterea
1059 3853 1303 3907 doctrina
1335 3850 1604 3926 tamquam
1634 3868 1661 3906 a
1694 3867 1792 3907 suo
1821 3850 1999 3926 Chry-

413 3933 654 3977 sosmmo
708 3922 933 3987 hausta,
984 3926 1354 3989 acceptissima
1406 3923 1580 3978 futura
1627 3934 1741 3978 erat
1794 3922 2001 3981 civibus

413 3992 668 4068 gleroque
722 3994 1232 4068 Constantinopolis.
1294 3994 1458 4068 410
1517 3994 1621 4050 Sed
1668 4004 2003 4068 et___noverat

412 4061 761 4137 Nestorianos
793 4061 1209 4134 plurimum'sibi
1250 4061 1517 4137 spodeere
1543 4065 1776 4137 praesidii
1807 4081 1872 4120 ex
1902 4068 2002 4123 Pe-

412 4134 535 4207 laggii
561 4136 821 4207 reliquiis,
846 4152 983 4206 quos
1012 4145 1069 4191 ut
1098 4152 1126 4191 a
1150 4152 1245 4205 spe
1269 4134 1361 4193 sua
1384 4134 1661 4205 dejiceret,
1687 4136 2003 4194 Cassianum

412 4203 519 4259 illis
541 4203 813 4277 opponere
834 4203 1004 4263 voluit
1026 4207 1100 4279 (a)
1123 4203 1674 4279 Sémipelagianorum
1699 4210 2002 4279 antesigna-

412 4292 576 4351 num,
625 4280 713 4351 qui
760 4280 920 4335 simul
964 4290 1018 4337 et
1066 4279 1411 4336 Nestorianos
1457 4279 2004 4351 Nestorianorumque

411 4347 650 4403 fautores
679 4350 993 4422 Pelagianos
1020 4358 1347 4422 exagitaret,
1385 4359 1440 4404 et
1478 4352 1770 4419 semetipse
1812 4353 1881 4405 ab
1911 4347 2001 4405 eo-

413 4434 531 4472 rum
557 4425 939 4477 communione
958 4438 1020 4477 ac
1041 4422 1283 4478 doctrina
1301 4422 1513 4492 longius
1530 4432 1853 4477 removeret.
1874 4422 2003 4490 Qua:

416 4503 537 4542 cum
584 4494 839 4546 attentius
868 4492 1172 4557 considero,
1219 4493 1373 4547 facile
1416 4493 1741 4559 persuadeor
1786 4494 2000 4548 Cassia-

2103 1879 2533 1951 accersit__stupri
2563 1880 2698 1934 illati
2728 1881 2921 1949 virgini
2953 1889 3305 1950 consecratas,
3334 1882 3583 1951 taedaque
3606 1898 3703 1939 ca-

2101 1948 2302 2003 lumn‘ia
2323 1949 2759 2005 Valentinianum
2785 1948 3187 2021 A’ugustamque
3213 1948 3425 2020 ab'ejus
3450 1948 3703 2007 commu-

2102 2020 2261 2073 nioue
2296 2030 2580 2090 segregat;
2616 2020 3163 2091 inagnam’praaterea
3208 2031 3484 2091 potentum
3506 2066 3521 2089 ,
3565 2026 3701 2079 cleri

2100 2091 2388 2162 populique
2419 2101 2622 2160 partem
2649 2095 2700 2146 in
2729 2094 3035 2161 pontificem
3059 2108 3155 2162 per
3176 2094 3256 2149 fas
3286 2095 3547 2161 nefasque
3568 2108 3705 2149 con-

2102 2161 2253 2235 citat.
2284 2162 2391 2235 Leo
2413 2163 2670 2235 diaconus
2698 2172 2801 2216 tam
2826 2175 3006 2218 certus
3028 2161 3308 2235 calumnia:
3334 2180 3497 2235 quam
3521 2164 3702 2221 ﬁdens

2100 2231 2403 2305 innocentia
2435 2232 2731 2304 pontificis,
2766 2235 2975 2289 Sixtum
3009 2250 3115 2289 non
3150 2234 3311 2289 modo
3340 2231 3447 2291 non
3472 2235 3695 2305 fugere,

2100 2302 2195 2375 s_ed
2226 2304 2300 2357 illi
2324 2302 2649 2375 patrocinari
2677 2315 2729 2359 et
2756 2306 2966 2373 publice
2992 2308 3267 2375 deprecari
3301 2302 3693 2362 innoceniiam.

2100 2370 2232 2426 Tum
2261 2370 2374 2427 ecce
2402 2373 2526 2441 Leo,
2562 2385 2616 2428 ut
2645 2370 2777 2430 Acta
2806 2370 3077 2437 referunt;
3099 2378 3143 2430 si
3170 2376 3356 2431 delicta
3380 2393 3492 2431 mea
3514 2388 3699 2431 contra

2100 2455 2351 2517 merant,
2379 2461 2547 2517 quare
2572 2447 2802 2515 probatio
2842 2464 2942 2499 non
2972 2448 3068 2514 ﬁt?
3096 2446 3204 2501 Res
3246 2462 3398 2517 aequa
3439 2448 3556 2501 visa
3586 2458 3690 2503 est.

2103 2514 2511 2570 Valentinianus
2538 2514 2680 2571 illico
2701 2526 2944 2572 senatum
2974 2528 3029 2571 et
3055 2514 3341 2586 ponulum',
3372 2517 3560 2573 Sixtus
3581 2522 3696 2574 cle-

2099 2600 2220 2639 rum
2243 2596 2554 2655 congregat.
2579 2587 2780 2643 Omnes
2806 2588 3027 2642 aderant
3050 2589 3101 2642 iu
3128 2589 3347 2643 basilica
3372 2588 3695 2644 Heleniana.

2101 2655 2233 2710 Tum
2267 2658 2507 2725 pontifex
2535 2660 2642 2711 [nec
2672 2675 2940 2712 conversus
2964 2660 3031 2712 ad
3076 2658 3499 2713 Valentinianum
3537 2675 3557 2712 :
3597 2659 3695 2713 1η-

2099 2735 2232 2781 trent
2256 2729 2342 2797 qui
2381 2738 2742 2797 separaverunt
2775 2728 2967 2783 Filium
2994 2746 3025 2781 a
3067 2729 3233 2784 Matre
3254 2774 3268 2795 ,
3296 2739 3343 2782 et
3366 2730 3695 2797 comprobent

2100 2798 2337 2851 universa
2359 2798 2611 2853 velamina
2638 2801 2809 2853 cordis
2839 2800 2939 2853 sui.
2968 2804 3225 2867 Augustus
3246 2810 3421 2853 autem
3455 2798 3697 2855 Valenti-

2101 2868 2284 2941 nianus
2308 2870 2523 2925 tacebat.
2554 2871 2834 2941 Respondit
2864 2870 2963 2923 Leo
2988 2872 3255 2941 diaconus,
3274 2880 3321 2924 et
3342 2872 3478 2924 dixit
3500 2888 3520 2925 :
3540 2871 3575 2924 Ι
3582 2883 3695 2926 usta

2101 2940 2298 3013 petitio,
2329 2957 2433 3013 non
2456 2940 2801 3013 abscpndatur
2814 2940 2968 3013 (Acta
2990 2943 3192 3013 concilii
3217 2940 3436 2995 Romani
3458 2958 3554 3010 pro
3576 2960 3697 3010 pur-

2100 3012 2306 3079 gatione
2336 3010 2476 3065 Sixti
2504 3011 2622 3065 PP.
2657 3029 2771 3081 cap.
2795 3010 2835 3065 4⁷
2859 3022 2904 3065 et
2933 3012 3010 3081 5).
3047 3012 3205 3067 Sixto
3232 3028 3320 3067 res
3350 3013 3491 3068 bene
3528 3013 3694 3069 felici-

2101 3090 2288 3155 terque
2311 3082 2673 3155 cessit,&.11
2690 3082 3014 3153 suffragante
3041 3082 3250 3141 Leone:
3281 3097 3406 3155 nam
3429 3098 3459 3138 a
3486 3084 3691 3155 calum-

2101 3152 2203 3207 niis
2233 3152 2679 3217 vindicatus—Est:
2711 3166 2766 3208 et
2794 3152 3137 3209 acettsatores
3181 3154 3259 3209 rei
3299 3153 3695 3210 calumniarum

2103 3223 2451 3297 convictique
2490 3241 2519 3279 a
2563 3229 2731 3279 sacris
2781 3224 3035 3297 prohibiti
3072 3233 3215 3279 sunt.
3261 3224 3387 3297 Haec
3434 3223 3599 3297 412
3627 3241 3692 3282 ex

2103 3294 2237 3367 actis
2257 3296 2456 3367 synodi
2493 3298 2748 3350 Romante
2775 3294 2849 3367 (b)
2879 3297 3033 3351 valde
3059 3295 3387 3367 depravatis,
3418 3294 3479 3351 ei
3498 3294 3692 3365 ilibus

2104 3364 2193 3419 vix
2220 3364 2452 3435 aliquam
2477 3367 2636 3422 fidem
2668 3364 2864 3421 habere
2886 3367 3038 3421 velis.

2105 3493 2272 3533 annos
2301 3494 2508 3534 cnatsrt
2532 3480 2663 3543 459;
2682 3509 2752 3520 -—
2769 3495 2909 3534 srxrt
2934 3496 3079 3535 eam
3101 3480 3164 3546 8;
3192 3510 3261 3522 -—
3286 3492 3547 3534 rasooosn
3573 3477 3675 3541 32,

2177 3565 2549 3606 VALENTINIAM
2576 3552 2665 3619 15,
2692 3566 2867 3616 ιιιιιρ.;
2894 3582 2963 3592 -
2983 3566 3276 3609 rasonosro
3300 3565 3404 3605 xvtt
3421 3564 3487 3604 sv
3509 3562 3684 3604 ns'ro

2178 3635 2323 3677 COSS.

2104 3714 2114 3757 l
2177 3714 2218 3769 Ι.
2251 3714 2387 3779 Quid
2436 3730 2532 3785 per
2575 3724 2747 3771 totum
2802 3716 3136 3785 septennium
3182 3716 3251 3770 ab
3298 3715 3514 3769 ineunte
3556 3712 3695 3769 Sixti

2106 3788 2416 3857 pontificatu
2447 3788 2620 3845 egerit
2655 3788 2762 3841 Leo
2791 3796 2995 3853 noster,
3036 3787 3292 3842 Ecclesiae
3336 3785 3556 3857 annales
3584 3799 3696 3857 non

2110 3856 2361 3925 produnt,
2388 3858 2431 3911 si
2458 3858 2603 3912 illam
2628 3873 2785 3926 quam
2816 3860 2977 3912 modo
3005 3858 3286 3913 retulimus
3310 3856 3574 3924 pontiﬁcis
3601 3856 3701 3911 de-

2108 3929 2406 3983 fensionem
2430 3930 2497 3982 ab
2518 3944 2584 3984 eo
2608 3938 2908 3996 susceptam
2933 3930 3193 3998 excipias.
3220 3928 3325 3984 Sed
3348 3929 3479 3996 quin
3501 3942 3698 3996 magna

2106 4000 2467 4068 Ecclesizeque
2511 4000 2801 4071 admodum
2836 4001 2989 4055 utilia
3023 4001 3195 4071 egerit
3226 3999 3305 4053 vir
3334 3998 3399 4052 ad
3443 3998 3701 4053 Ecclesia:

2106 4071 2411 4131 victoriam,
2442 4081 2499 4123 ut
2522 4070 2710 4125 Patres
2730 4070 3196 4126 Chalcedonenscs
3218 4071 3531 4137 loquuntur,
3555 4083 3701 4134 pra:-

2108 4151 2347 4209 paratus,
2377 4141 2629 4196 dubitare
2658 4157 2764 4196 non
2793 4142 2994 4207 sinunt,
3027 4157 3147 4211 qua:
3170 4141 3236 4195 ad
3258 4156 3459 4195 annum
3485 4139 3588 4196 459
3609 4154 3705 4195 re-

2107 4213 2354 4267 feruntur
2384 4213 2435 4265 in
2468 4211 2717 4281 Prosperi
2739 4212 3030 4268 Chronico.

2183 4284 2290 4338 Res
2322 4283 2484 4353 igitur
2514 4280 2617 4337 hoc
2640 4298 2784 4337 anno
2809 4285 3033 4353 contigit
3053 4324 3067 4346 ,
3098 4298 3217 4350 quac
3249 4290 3477 4337 testatur
3504 4280 3708 4350 quibus

2108 4354 2246 4408 odiis
2279 4354 2387 4408 Leo
2419 4363 2602 4408 noster
2634 4365 2743 4408 tum
2792 4355 2926 4408 alios
2956 4355 3275 4415 hmrcticos,
3320 4364 3430 4406 tum
3465 4354 3708 4407 maxime

2109 4425 2424 4494 Pelagianos
2464 4427 2882 4495 insequebatur.
2951 4425 3063 4478 Ilac
3128 4432 3463 4492 tempestate,
3528 4424 3711 4491 inquit

2110 4492 2341 4562 Prosper
2370 4496 2420 4548 in
2450 4492 2736 4560 Chronico,
2766 4494 3009 4549 Julianus
3042 4495 3339 4549 Eclanensis
3375 4495 3709 4561 jactantissi-

415 4574 543 4641 num
574 4562 687 4614 sive
718 4562 968 4643 Prosperi
1007 4563 1119 4617 sive
1148 4563 1345 4643 Leon-is
1377 4563 1550 4616 victus
1578 4564 1795 4643 scriptis
1822 4564 1889 4618 ad
1918 4579 2005 4618 sa-
2030 4584 2081 4643 ι)
2107 4582 2222 4643 mus
2254 4565 2524 4643 Pelagiani
2564 4568 2752 4620 erroris
2794 4578 3043 4643 assertor,
3089 4582 3237 4643 quem
3256 4564 3706 4643 Idalium-amissi

415 4633 621 4684 niorem
652 4645 886 4687 mentem
909 4634 1017 4699 jam
1060 4642 1184 4688 tunc
1213 4633 1468 4695 rediisse,
1500 4643 1589 4687 aut
1620 4634 1810 4688 saltem
1840 4649 1996 4689 sensa

414 4714 508 4753 sua
528 4701 845 4774 aliquandiu
874 4703 1087 4758 silentio
1130 4704 1410 4774 pressisse.
1455 4704 1558 4757 Fas
1594 4705 1735 4757 enim
1777 4720 1883 4759 non
1916 4716 2000 4760 est

414 4770 640 4842 credere
677 4788 797 4826 eum
846 4770 1184 4829 liwreticis'a
1222 4774 1403 4829 Leone
1442 4773 1801 4842 objiciendum
1842 4789 1993 4840 esse,

416 4841 519 4896 nisi
550 4842 811 4916 catholice
833 4845 884 4899 in
913 4846 1162 4901 erunibus
1189 4846 1432 4907 sentiret,
1459 4841 1781 4916 omnemque
1806 4845 1997 4901 adver-

414 4928 505 4967 sus
544 4914 894 4985 Augustinum
937 4916 1273 4985 deposuisset
1299 4914 1779 4985 saspicionemfet
1810 4933 1994 4973 revera

415 4999 537 5040 eum
570 4988 620 5058 in
662 4986 795 5041 libro
833 5002 930 5041 suo
969 4989 1035 5043 de
1079 4989 1453 5044 lncarnationc
1498 4987 1739 5058 impense
1782 4988 1994 5058 laudat,

418 5057 733 5125 magnisque
754 5069 1001 5114 accenset
1032 5059 1286 5115 Ecclesia:
1317 5057 1606 5127 magistris.

485 5127 712 5198 Scripsit
734 5130 892 5199 igitur
916 5139 1120 5197 septem
1150 5132 1316 5186 libros
1345 5130 1412 5185 de
1442 5131 1834 5197 lncarnatione,
1861 5146 1997 5200 quos

414 5197 580 5255 Leoni
607 5197 906 5269 dedicavit,
938 5212 994 5257 ut
1026 5211 1250 5259 testatur
1279 5203 1505 5273 epistola
1534 5218 1693 5272 quam
1724 5197 1996 5273 operi’suo

2106 4637 2426 4704 cpisc0patus
2455 4638 2797 4708 intemperans
2828 4639 3013 4707 cupido
3043 4636 3363 4707 exagitabat,
3393 4635 3709 4708 multimoda

2105 4715 2215 4760 arte
2246 4708 2459 4779 fallendi
2481 4707 2803 4779 correctionis
2829 4711 3045 4779 speciem
3068 4712 3363 4779 prtefenens,
3392 4707 3600 4779 molitus
3617 4715 3711 4779 est

2105 4778 2159 4850 in
2205 4778 2612 4831 communionem
2655 4775 2897 4850 Ecclesia:
2933 4775 3186 4850 irrepech
3225 4777 3333 4831 Sed
3373 4778 3452 4830 liis
3495 4775 3709 4830 insidiis

2105 4849 2287 4904 Sixtus
2327 4864 2462 4918 papa
2502 4850 2708 4903 diaconi
2745 4849 2931 4904 Leonis
2968 4850 3173 4903 hortatu
3208 4849 3481 4917 vigilanter
3511 4862 3703 4900 occur-

2103 4936 2245 4985 rens,
2277 4920 2483 4972 nullum
2513 4921 2710 4974 aditum
2740 4921 2996 4991 pestiferis
3022 4920 3281 4973 conatibus
3311 4929 3482 4991 patere
3509 4918 3709 4991 permi-

2102 4992 2203 5055 sit;
2232 5002 2279 5063 et
2310 4991 2382 5043 ita
2409 5006 2584 5045 omnes
2613 4989 2893 5046 catholicos
2917 4992 2980 5046 de
2999 4993 3277 5063 rejectione
3296 4989 3503 5063 fallacis
3526 4990 3711 5063 bestii:

2100 5062 2325 5133 gaudere
2354 5064 2502 5131 fecit,
2543 5063 2841 5133 quasitunc
2878 5058 3099 5132 primum
3131 5058 3548 5133 superbissimum
3589 5058 3713 5133 Ιιιζ-

2097 5128 2251 5206 ξεεὶηι
2299 5128 2611 5206 apostolicus
2666 5128 2888 5206 gladius
2923 5134 3294 5187 detruncasset.
3351 5132 3481 5197 Quae
3530 5128 3710 5186 fuerit

2100 5203 2297 5260 Leonis
2322 5205 2605 5275 prudentia
2651 5203 2812 5275 atque
2841 5206 3104 5275 sagacitas
3125 5243 3141 5269 ,
3182 5211 3406 5259 eventus
3433 5216 3704 5272 compro-

1468 5320 2033 5378 BALLERINIORUM
2071 5320 2625 5378 ANNOTATIONES.

484 5411 562 5487 (a)
590 5412 717 5487 Haec
742 5416 1062 5487 conjectatio
1090 5416 1311 5471 omnino
1337 5413 1562 5484 gratuita
1595 5423 1697 5487 est.
1738 5412 1995 5469 Romanis

413 5482 873 5557 Semipelagiano's
902 5489 1038 5542 haud
1068 5487 1311 5557 cognitos
1333 5482 1551 5549 scimus,
1586 5486 1685 5540 nisi
1716 5494 1995 5556 postquam

414 5555 473 5628 Sp.
508 5555 739 5628 Prosper
777 5557 832 5613 S.
878 5555 1162 5628 AuguStini
1207 5558 1501 5612 doctrinam
1548 5558 1806 5611 adversus
1855 5555 1998 5626 ipsos

415 5624 811 5692 vindicaturus,
852 5646 939 5684 an.
964 5624 1072 5683 ’431
1106 5629 1329 5683 Romam
1378 5630 1621 5684 accessit.
1668 5628 1781 5683 Hoc
1821 5624 1998 5683 autem

412 5710 558 5750 anno
582 5694 820 5753 Cassiani
849 5701 967 5753 libri
993 5700 1061 5753 de
1088 5700 1457 5755 lncarnatione
1480 5710 1665 5755 contra
1692 5699 1998 5754 Nestorium

419 5766 551 5845 editi
582 5768 811 5823 fuerunt.
846 5771 953 5845 Leo
985 5770 1154 5845 igitul:
1174 5788 1295 5845 cum
1322 5772 1390 5845 ab
1418 5788 1482 5827 eo
1519 5782 1661 5845 ante
1688 5772 1962 5845 aliquanto
1983 5812 1999 5837 ,

416 5839 669 5909 nimirum
703 5854 844 5897 anno
870 5839 1060 5900 saltem
1089 5842 1211 5913 450,
1245 5839 1346 5902 hoc
1376 5859 1508 5919 opus
1539 5843 1724 5917 petiit,
1756 5839 2002 5918 Semipe-

2104 5412 2480 5484 lagianismum
2524 5411 2694 5482 ipsius
2727 5411 3001 5484 detexisse
3042 5410 3191 5465 nullo
3223 5408 3545 5484 documento
3572 5425 3711 5480 pro-

2104 5482 2353 5550 habitur;
2388 5494 2596 5539 tantum
2623 5484 2779 5538 abest
2809 5492 2864 5537 ut
2895 5483 2997 5537 hoc
3027 5496 3161 5550 opus
3187 5496 3253 5535 eo
3277 5482 3521 5543 consilio.
3554 5484 3709 5551 quod

2106 5557 2423 5625 Quesnellus
2449 5555 2661 5624 ingerit,
2681 5554 2857 5609 eidem
2881 5553 3217 5625 commisisse
3241 5551 3712 5625 allirmariqueat.

2179 5627 2404 5699 (b)lll:ec
2425 5623 2543 5699 acta
2572 5641 2675 5699 non
2705 5626 2879 5679 solum
2904 5624 3063 5679 valde
3084 5624 3395 5699 depravata,
3426 5623 3521 5699 sed
3545 5639 3711 5699 pror:

2108 5692 2199 5753 sus
2221 5692 2560 5767 supposititia
2584 5696 3021 5752 demonstrantur
3044 5711 3073 5750 a
3096 5692 3493 5767 PJCoustaptio
3514 5692 3651 5753 tum.
3676 5697 3706 5761 ι

2110 5764 2467 5842 Ερίειίῐίοιη.
2499 5768 2690 5839 pontii.
2721 5769 2775 5825 in
2805 5767 3105 5841 appendice
3129 5780 3253 5840 pag.
3282 5764 3405 5823 ill.
