3968 6308
262 301 371 362 193

843 299 1148 359 DlSSERT.
1190 302 1231 356 l.
1270 300 1354 356 DE
1395 299 1550 355 VITA
1595 300 1681 355 ET
1720 298 1946 357 REBUS
2022 296 2263 354 GESTIS
2301 298 2357 353 S.
2400 298 2645 361 LEONIS
2682 300 2918 357 MAGNI.

2038 226 2065 239 ι.

3433 303 3532 359 illi

261 419 431 477 bavit.
461 416 645 473 Fallax
671 418 813 473 enim
842 415 1127 471 haereticus
1157 425 1349 471 iterum
1393 415 1695 488 Ecclesiant
1716 430 1837 488 per:
1867 421 1919 478 Α
1948 413 2115 481 mani,
2142 416 2378 488 omnium
2403 414 2664 470 bonorum
2688 427 2807 471 vota
2834 425 3203 486 cognosceret,
3229 426 3532 488 rogaretur.

263 490 485 545 turbare
530 503 809 560 aggressus
863 498 982 560 est,
1030 498 1085 543 et
1138 488 1280 558 stylo
1337 488 1596 560 impetere
1639 485 1843 560 Christi

262 556 830 630 Servatoris'g'ratiam,
861 569 918 615 ut
939 558 1144 614 clarum
1167 556 1328 613 fuerit
1348 558 1522 628 ipsum
1547 567 1671 612 tunc
1697 556 1840 611 aliud

264 641 483 702 pectore
511 629 672 697 alere,
706 631 847 685 aliud
875 646 970 685 ore
996 629 1255 702 proﬁteri.

338 703 405 758 ll.
442 704 650 759 interea
696 702 956 757 tumultus
1002 701 1260 755 militares
1302 699 1586 769 imperium
1632 713 1846 769 preme-

263 774 415 830 bant.
445 775 633 829 Aetius
671 774 1002 841 Albinusque
1029 772 1194 827 duces
1220 774 1488 827 exercitus
1535 771 1760 825 Romani
1789 771 1844 826 in

263 846 455 902 Galliis
496 844 861 908 dissidebant,
902 843 1131 913 odiaque
1159 854 1413 912 eruptura
1454 853 1609 896 erant
1636 842 1701 895 ad
1734 842 1848 897 bel-

262 917 379 972 lum
409 916 722 971 intestinum
741 955 756 981 ,
787 916 832 969 si
861 914 1193 979 loverentur,
1220 923 1274 969 et
1303 928 1471 983 prope
1504 914 1849 979 impendebat

262 988 420 1044 ruina
453 987 683 1056 imperii,
714 985 1152 1053 obstrepentibus
1180 984 1532 1054 uodequaque
1566 984 1848 1056 Barbaris,

262 1054 707 1129 intrantibusque
745 1056 1051 1129 provincias
1096 1056 1263 1125 signis
1306 1056 1538 1129 infestis.
1584 1054 1853 1129 Quaeritur

262 1129 572 1185 imminenti
607 1124 765 1183 malo'
792 1126 1087 1183 remedium
1118 1124 1396 1182 {occurrit
1434 1126 1545 1179 Leo
1588 1124 1856 1178 archidia-

264 1214 468 1264 conus,
516 1200 607 1266 qui
650 1198 1003 1254 reconciliare
1041 1198 1263 1252 animos
1290 1197 1485 1250 ducum
1529 1205 1731 1264 posset.
1764 1193 1858 1248 Vir

262 1280 390 1326 erat
427 1269 729 1340 prudentia:
758 1267 1045 1338 singularis
1084 1268 1435 1340 probataque
1477 1280 1857 1340 rerum‘expe-

264 1336 514 1404 tientia,
545 1340 778 1410 negotiis
818 1336 1162 1410 perficiendis
1205 1338 1461 1403 idoneus,
1509 1336 1684 1410 neutri
1724 1351 1855 1391 con-

266 1407 880 1479 tendentium'partium
920 1408 1151 1475 invisus,
1198 1416 1381 1479 gratus
1426 1407 1718 1473 ambobus,
1766 1416 1857 1479 aut

267 1497 591 1539 sermonum
625 1476 681 1535 vi
724 1496 829 1548 qua
868 1479 1101 1547 pollebat
1136 1476 1459 1549 persuadere
1500 1491 1686 1546 pacem
1714 1518 1729 1543 ,
1772 1476 1854 1531 vel

271 1553 604 1609 auctoritate
623 1550 858 1606 nominis
879 1552 1009 1605 iram
1037 1548 1333 1603 animorum
1356 1548 1598 1617 frangere
1624 1557 1850 1617 p0terat.

276 1624 639 1680 Retinebatur
669 1622 881 1691 quidem
909 1620 1092 1691 Romae
1131 1620 1293 1691 rebus
1320 1619 1572 1691 Ecclesiae
1591 1634 1619 1691 ;A
1639 1618 1764 1691 sed,
1799 1629 1856 1672 ut

279 1694 397 1764 ipse
424 1688 945 1764 loquitur,'absentem
974 1690 1094 1759 fecit
1121 1688 1290 1764 longa;
1303 1689 1735 1764 peregrinationis
1766 1706 1857 1764 ne-

278 1760 510 1820 cessitas.
532 1763 675 1818 Adiit
694 1763 1010 1826 exercitum,
1033 1774 1151 1814 cum
1174 1760 1397 1814 ducibus
1418 1760 1485 1815 de
1507 1760 1856 1816 obliterandis

275 1804 643 1904 iﬁiiiiié'egu,
682 1833 890 1904 monuit
916 1804 1155 1887 ne'bella
1182 1832 1387 1885 cierent
1410 1831 1699 1904 intestina,
1728 1832 1859 1904 dum
1892 1804 1937 1865 Β

272 1902 450 1961 hostis
475 1906 542 1959 ad
556 1902 710 1959 fores
742 1902 1009 1969 fremeret,
1044 1912 1357 1971 tantumque
1379 1902 1546 1956 valuit
1570 1912 1627 1955 ut
1654 1903 1862 1958 animos

273 1977 538 2045 sapientia
570 1975 812 2045 placare,
842 1984 897 2028 et
932 1973 1158 2045 gratiam
1196 1975 1334 2045 inter
1356 1974 1525 2045 duces
1552 1982 1734 2043 posset
1774 1989 1861 2045 re-

274 2043 587 2104 conciliare;
620 2046 730 2101 Hoc
756 2052 1081 2114 postremum
1113 2044 1323 2099 diaconi
1354 2043 1549 2099 Leonis
1578 2058 1715 2113 opus
1744 2044 1860 2099 fuit.

274 2175 443 2218 usus
468 2173 678 2214 cnntsrt
706 2155 815 2211 MO
830 2172 845 2221 ;
860 2170 1126 2211 —t.trorus
1145 2171 1294 2211 mea
1319 2157 1456 2221 l;—
1474 2157 1863 2223 “300051135,

348 2243 727 2287 VALENTINIANI
755 2230 843 2295 10,
875 2243 1016 2282 ηενρ.
1038 2242 1053 2293 ;
1076 2257 1148 2267 -
1167 2242 1557 2283 VALENTINIANO
1582 2244 1615 2282 v
1641 2244 1708 2282 nr
1737 2244 1868 2284 ANA-

348 2317 505 2358 τοιιο
534 2314 679 2357 COSS.

347 2395 391 2449 Ι.
424 2364 647 2450 ἰδίει-ξω
682 2392 869 2449 Sistus
903 2392 1041 2448 diem
1071 2391 1199 2447 obiit
1239 2392 1316 2516 ig)
1346 2391 1594 2447 kalendis
1636 2391 1864 2461 Aprilis,

366 2467 604 2516 Prosner
645 2464 1085 2516 chronographus
1130 2463 1237 2516 scri
1280 2464 1340 2516 it.
1372 2462 1509 2516 Tum
1558 2464 1864 2516 reipublicae

271 2476 338 2523 ut
365 2467 604 2536 Prosper
645 2464 1085 2533 chronographus
1130 2462 1509 2536 scribit._Tum
1558 2464 1869 2536 reipublicae

273 2534 599 2595 Christianas
630 2551 766 2606 opus
796 2544 911 2591 erat
942 2549 1152 2606 summo
1181 2534 1462 2603 pontifice,
1493 2535 1582 2604 qui
1610 2534 1871 2591 Christia-

276 2624 477 2665 norum
506 2604 882 2663 contentiones
920 2604 1237 2660 auctoritate
1271 2613 1327 2659 et
1353 2607 1615 2675 sapientia
1649 2620 1869 2671 compo-

275 2689 459 2753 neret,
491 2694 557 2753 eo
582 2677 885 2750 praesertim
918 2686 1159 2753 tempore
1180 2692 1287 2753 quo
1309 2692 1395 2731 res
1424 2678 1685 2753 lglcclesiztr1
1706 2676 1873 2753 413

278 2748 663 2808 turbatissitnas
679 2756 856 2811 erant,
878 2762 971 2803 seu
990 2748 1247 2803 saeviente
1270 2748 1643 2803 haereticorum
1663 2748 1867 2813 furore,

277 2839 377 2881 seu
402 2821 687 2877 discordiis
714 2820 995 2889 plusquam
1026 2819 1273 2873 civilibus
1302 2819 1662 2873 lacerantibus
1686 2820 1871 2873 Eccle-

280 2896 438 2957 siam,
470 2908 566 2949 seu
594 2893 898 2961 corruptela
923 2890 1157 2959 vitioque
1180 2891 1572 2959 grassantibus,
1604 2892 1720 2946 sive
1740 2890 1873 2946 Bar-

287 2966 433 3022 baris
462 2962 887 3020 distrahentibus
918 2962 1228 3031 imperium.

355 3036 417 3091 lu
438 3052 503 3092 ea
542 3036 722 3104 itaque
759 3047 949 3104 rerum
982 3030 1409 3104 perturbatione,
1437 3046 1559 3085 cum
1590 3039 1670 3104 tot
1710 3031 1872 3104 mala,

297 3106 458 3162 veluti
493 3101 899 3173 facto'agmine,
937 3102 1167 3171 imperio
1196 3102 1559 3173 Ecclesiaaque
1584 3101 1873 3173 fincugmbec

304 3187 445 3249 rent,
466 3178 527 3233 ad
548 3170 1234 3249 cumulumqueaccederet
1256 3188 1399 3249 mors
1422 3170 1560 3249 Stati
1580 3171 1683 3225 PP.
1702 3170 1875 3226 Roma
1900 3184 1946 3249 ρ

303 3248 510 3303 viduata
552 3245 829 3319 pontiﬁce
846 3247 902 3299 in
924 3244 1106 3319 _luctuA
1128 3244 1665 3319 versabatur._l)e_us_
1694 3252 1872 3319 tamen

366 3320 521 3375 ovidit
547 3312 615 3375 ne
641 3318 770 3388 quid
801 3314 1108 3388 detrimenti
1142 3322 1417 3388 pateretur
1460 3313 1732 3388 Ecclesia,
1757 3312 1871 3388 safe

366 3334 521 3375 OVlall
547 3336 615 3375 ne
641 3334 770 3388 (ιιιια
801 3334 1108 3369 σειτιῐιιωιιι
1142 3334 1417 3382 pateretur
1460 3334 1725 3376 ιυυιεδιξι,
1757 3334 1871 3367 8111·

291 3334 436 3446 ﬁcto
474 3392 525 3445 in
566 3391 746 3445 locum
773 3388 916 3443 Sixti
951 3385 1153 3452 Leone,
1183 3386 1269 3439 cui
1303 3399 1396 3453 par
1433 3400 1657 3439 summa:
1687 3387 1872 3453 pietati

287 3462 570 3529 doctrina,
612 3461 999 3529 explorataque
1044 3454 1240 3529 multos
1281 3470 1451 3529 annos
1494 3456 1874 3529 ecclesiastica:

286 3535 368 3590 rei
399 3525 829 3593 administratio;
878 3525 1010 3581 adeo
1050 3534 1110 3581 ut
1145 3525 1372 3581 Romani
1414 3542 1519 3581 non
1563 3526 1875 3584 viderentur

330 3606 580 3660 rassulem
639 3601 905 3656 amisisse.
961 3597 1185 3664 Quando
1247 3600 1453 3652 electus
1507 3606 1625 3662 est,
1680 3600 1876 3666 profuit

330 3620 580 3660 rzesutem
639 3620 905 3656 amrsrsse.
961 3620 1185 3664 uuanuu
1247 3620 1453 3652 emotus
1507 3620 1625 3662 ess,
1680 3620 1875 3666 promit

290 3620 484 3745 Eteoni,
526 3673 668 3743 quod
700 3686 824 3745 raro
851 3670 1067 3745 accidit,
1103 3679 1222 3745 tum
1249 3667 1483 3723 abfuisse
1514 3668 1716 3745 Ruina;
1751 3687 1875 3725 natn

289 3758 347 3802 et
376 3761 444 3802 eo
470 3740 866 3800 ardentioribus
888 3742 1029 3795 votis
1060 3741 1315 3808 qumsitns
1344 3748 1428 3795 est
1465 3740 1606 3809 quod
1639 3740 1874 3809 abesset,

291 3827 351 3874 et
388 3826 596 3873 certum
626 3815 722 3869 fuit
747 3814 955 3869 meritis
985 3826 1091 3881 non
1123 3810 1324 3865 ambitu
1370 3810 1565 3865 adiisse
1591 3813 1876 3881 pontifica-

292 3898 431 3943 tum.
477 3886 637 3943 Unde
681 3885 791 3940 Leo
837 3883 983 3953 ipse,
1018 3879 1084 3934 In
1129 3881 1414 3935 humilitate
1460 3879 1654 3953 nostra,
1708 3885 1881 3953 inquit

290 3959 503 4029 (Serm.
539 3961 562 4012 1
601 3958 654 4010 in
683 3952 873 4029 Natali
894 3955 973 4029 sui
991 3954 1040 4029 )7,
1072 3968 1267 4029 memor
1296 3953 1393 4029 fuit
1414 3954 1576 4029 nostri
1605 3952 1879 4021 Dominus,

290 4022 346 4086 et
370 4030 624 4086 benedixit
652 4026 797 4083 nobis
815 4067 830 4093 ,
863 4028 950 4096 qui
991 4025 1110 4094 fecit
1138 4022 1264 4079 mihi
1295 4024 1550 4078 mirabilia
1578 4042 1764 4097 magna
1792 4043 1879 4081 so-

293 4103 408 4157 lus.

370 4176 600 4230 Sanctus
647 4170 878 4239 Prosper
918 4167 1104 4223 scribit
1144 4167 1353 4223 Sixtum
1395 4166 1639 4222 kalendis
1686 4169 1883 4236 Aprilis

294 4244 621 4300 decessisse.
653 4241 787 4306 Quo,
812 4241 1009 4308 inquit,
1035 4242 1278 4309 defuncto
1297 4239 1642 4307 quadraginta
1662 4242 1886 4307 amplius

292 4316 478 4370 diebus
518 4314 760 4367 Romana
800 4311 1035 4364 Ecclesia
1077 4310 1187 4363 sine
1225 4309 1451 4361 antistite
1484 4310 1618 4433 luit,
1664 4311 1887 4363 mirabili

293 4402 427 4433 mea
464 4394 615 4433 atoue
655 4383 901 4433 nelianlia
937 4380 1209 4433 adventum
1245 4380 1451 4433 diaconi
1532 4380 1669 4433 eonis
1704 4396 1887 4433 exsae-

292 4402 427 4459 pace
464 4394 615 4456 atque
655 4383 901 4459 patientia
937 4380 1209 4459 adventum
1245 4380 1454 4459 diaconi
1477 4380 1669 4459 _Leonis
1704 4396 1887 4459 caspe-

294 4451 468 4521 hans,
520 4451 670 4525 quem
712 4464 829 4507 tunc
868 4452 1249 4525 intngetiunt
1285 4461 1332 4525 et
1370 4451 1613 4525 Albinum
1649 4452 1891 4506 amicitia:

294 4521 713 4597 redintegranda:
747 4521 1119 4597 causaAGallia:
1147 4521 1454 4597 detinebant.
1497 4522 1606 4597 Nec
1654 4525 1887 4597 ipsa_re-

796 4594 953 4649 laude
981 4594 1101 4659 fuit,
1131 4594 1299 4663 quasi,
1332 4602 1389 4646 ut
1408 4596 1483 4647 ait
1512 4594 1649 4648 idem
1675 4577 1734 4650 ἒ.
1765 4577 1891 4650 Pro-
1918 4577 1972 4638 ἶ)

298 4686 452 4741 sper,
484 4670 598 4741 ideo
622 4668 823 4741 longius
855 4675 982 4741 esset
1008 4662 1254 4741 abductus
1278 4662 1297 4736 [
1317 4664 1399 4741 Al.
1428 4663 1623 4741 longus!
1640 4676 1769 4741 esset
1795 4666 1892 4720 ad-

298 4737 524 4811 ventus]
548 4780 563 4806 ,
595 4749 651 4793 ut
674 4737 820 4793 electi
852 4737 1085 4791 meritum
1113 4746 1160 4790 et
1188 4737 1481 4806 eligentium
1510 4737 1761 4805 judicium
1779 4755 1895 4809 pro-

297 4814 752 4938 baﬁfueontinuo
792 4878 989 4949 legatio
1016 4876 1307 4934 honoriﬁca
1336 4878 1403 4932 ad
1433 4893 1553 4933 eum
1596 4880 1759 4935 missa
1789 4889 1893 4949 est,

298 4963 373 5011 ut
414 4954 577 5010 totius
612 4952 749 5009 cieri
790 4950 1044 5021 sulfragia
1085 4951 1519 5021 voluntatemque
1566 4953 1743 5021 populi
1791 4953 1897 5009 Ro-

1947 500 2049 555 que
2089 484 2327 539 omnium
2375 488 2590 541 nomine
2621 496 2677 541 ut
2719 484 2946 543 reditum
2983 484 3315 554 maturaret;
3347 488 3533 544 Eccle-

1946 559 2191 627 siamque
2221 571 2317 610 sua
2346 558 2628 625 prmsentia
2657 559 2935 614 solaretur.
2972 560 3081 615 Etsi
3119 559 3230 614 Leo
3262 560 3330 614 ab
3362 560 3535 614 honu-

1948 627 2097 700 ribus
2130 628 2289 697 longe
2330 637 2447 682 erat
2484 628 2710 700 alienus,
2758 631 2933 699 paruit
2964 641 3140 687 tamen
3176 647 3335 684 :nam
3378 646 3535 700 repu-

1947 697 2099 753 diare
2145 712 2341 771 munus
2381 699 2526 769 quod
2571 714 2674 771 non
2713 697 2989 767 ambierat,
3034 702 3261 771 obsequi
3290 701 3399 755 Deo
3428 697 3534 758 non

1948 776 2099 842 erat,
2131 778 2187 824 et
2227 768 2816 842 fugerejontilicatum
2859 787 2953 842 per
2998 768 3231 842 speciem
3286 773 3535 839 virtutis,

1950 840 2190 913 prodere
2250 840 2367 895 erat
2423 840 2757 913 Ecclesiam,
2821 840 2875 897 ei
2931 840 3078 913 quasi
3148 844 3329 899 sedent
3392 844 3538 900 dire-

1950 912 2122 985 ptioni
2162 911 2325 985 dare;
2356 912 2445 983 qui
2477 920 2637 985 erant
2664 920 2789 967 tunc
2828 911 3081 981 temporis
3121 916 3354 970 ambitus
3397 930 3538 985 quo-

1954 984 2201 1056 rumdam
2234 982 2535 1056 hominum,
2568 982 3046 1056 hereticorumque
3083 982 3534 1056 molitiooes,'qui

1955 1053 2229 1107 oculatum
2271 1054 2690 1123 vigilantemque
2736 1055 3046 1121 episcopum
3103 1053 3542 1113 reformidahant.

1957 1123 2118 1178 Venit
2146 1124 2325 1193 itaque
2354 1125 2607 1191 Romam,
2641 1133 2696 1179 et
2734 1125 3118 1179 acclamatione
3156 1127 3333 1194 populi
3364 1128 3543 1182 totius.

1960 1210 2063 1264 que
2093 1195 2225 1267 cieri
2252 1196 2433 1249 lmtitia
2457 1203 2731 1267 e§ceptus,
2771 1196 2984 1267 tandem
3013 1196 3289 1267 ordinatus
3319 1209 3399 1251 est
3428 1199 3543 1267 epi—

1960 1279 2163 1337 s_c0pus
2202 1265 2453 1319 Romana:
2486 1265 2775 1337 Ecclesite.
2804 1264 3005 1337 Igitur,
3060 1265 3233 1337 pergit
3279 1264 3543 1334 Prosper,

1959 1334 2357 1407 Leordiaconus
2400 1336 2650 1405 legatione
2690 1334 2896 1407 publica
2937 1334 3132 1391 accitus
3147 1334 3179 1401 ,⁷
3214 1347 3261 1391 et
3306 1338 3549 1407 gaudenti

1958 1396 2518 1479 Eatrictgprtzsentatus,
2560 1396 2983 1477 quadragesimus
3020 1396 3264 1479 septimus
3304 1396 3547 1464 Romani:

1959 1475 2207 1547 Ecclesitz
2236 1478 2503 1547 epismpus
2550 1475 2836 1533 ordinatur.

2031 1545 2116 1600 lli.
2159 1545 2271 1621 Sed
2296 1563 2450 1617 quam
2488 1548 2601 1621 pias
2628 1550 2980 1621 cogitationes
3008 1558 3338 1621 sanctosque
3365 1560 3544 1605 motus

1959 1618 2302 1685 conceperit,
2357 1618 2571 1687 quando
2617 1620 2682 1672 ad
2706 1618 2988 1675 summum
3036 1618 3292 1676 Ecclesia:
3331 1622 3548 1676 culmen

1959 1701 2179 1760 evectus
2208 1698 2323 1753 est,
2352 1704 2555 1760 opera:
2596 1690 2820 1758 pretium
2864 1693 3045 1760 paucis
3084 1692 3384 1747 addiscere.
3416 1691 3547 1746 Afﬂ-

1962 1759 2205 1833 ciebatttr
2235 1759 2453 1828 quidem
2480 1762 2694 1833 gaudio,
2726 1759 2934 1825 non,'ut
2956 1764 3269 1831 plerumque
3299 1764 3379 1827 lit,
3407 1762 3551 1833 quod

1967 1831 2323 1899 potentiorem
2352 1832 2661 1885 cathedram
2695 1842 2882 1886 nactus
2902 1834 3017 1889 orbi
3042 1834 3345 1889 Christiano
3372 1831 3549 1888 inimi-

1967 1910 2142 1974 neret,
2177 1902 2433 1974 sedquod
2464 1904 2710 1974 pluribus
2744 1904 3090 1959 famularetur
3120 1908 3549 1974 inserviretque;

1968 1971 2120 2041 quasi
2144 1972 2233 2045 alii
2266 1972 2525 2027 honorem
2558 1974 2655 2027 sibi
2685 1973 3023 2045 detulissent,
3054 1975 3167 2045 ipse
3199 1971 3438 2032 laborem
3464 1971 3555 2029 ca-

1969 2052 2138 2116 peret.
2181 2043 2237 2116 Id
2279 2044 2393 2111 ipse
2423 2052 2683 2116 testatur:
2722 2044 2844 2098 Non
2896 2056 2997 2099 tam
3043 2043 3343 2116 praesidere,
3386 2047 3556 2115 inquit

1974 2112 2177 2187 (Serm.
2205 2112 2261 2181 4,
2293 2130 2425 2167 nunc
2453 2115 2507 2182 5,
2542 2116 2593 2168 in
2631 2116 2989 2185 Assumptione
3034 2112 3147 2183 sua,
3184 2134 3231 2170 c.
3272 2112 3369 2187 5),
3402 2112 3556 2187 quam

1971 2185 2157 2258 servire
2198 2187 2499 2258 gaudemus.
2549 2186 2705 2258 Aliud
2757 2188 2953 2243 lzetitia:
2999 2185 3372 2258 argumentum
3414 2185 3550 2244 erat

1971 2254 2113 2329 quod
2155 2254 2317 2329 multa
2363 2256 2809 2329 sibicondmtata
2860 2254 3213 2329 intelligéret,
3256 2275 3420 2329 seque
3472 2260 3558 2315 vel

1972 2325 2297 2403 immeritum
2342 2326 2582 2403 pluribus
2620 2329 2775 2383 bonis
2820 2325 3148 2403 cumulaium
3194 2325 3347 2403 esse,
3386 2329 3556 2403 414

1972 2411 2080 2519 Ἡιο
2106 2398 2476 2452 vehementius
2499 2400 2663 2453 Deum
2688 2410 2925 2454 amaret:
2956 2400 3091 2457 Vera
3112 2402 3235 2454 mihi
3263 2404 3313 2455 in
3340 2398 3559 2470 glori—aiis

2025 2468 2073 2519 ei
2102 2480 2346 2519 causaest
2379 2468 2609 2519 (claudi-
2646 2472 2731 2519 aui
2762 2471 2907 2519 mihi-
2942 2484 3048 2519 uta
3074 2488 3151 2519 me
3180 2474 3399 2519 multum
3435 2473 3559 2519 dili-

2025 2468 2073 2521 ei
2102 2484 2255 2522 causa
2274 2480 2346 2523 est
2379 2468 2611 2538 latandi,
2646 2472 2731 2539 qui
2762 2471 2908 2538 mihi,
2942 2484 3048 2524 uta
3074 2488 3151 2526 me
3180 2468 3399 2526 multum
3435 2473 3559 2526 dili-

1972 2551 2191 2609 geretur,
2220 2542 2380 2593 multa
2401 2541 2626 2607 dimisit;
2656 2552 2700 2595 et
2723 2552 2779 2595 ut
2809 2542 3088 2598 mirabilem
3119 2546 3305 2610 faceret
3336 2547 3555 2612 gratiam

1973 2625 2138 2676 suam,
2174 2613 2226 2662 in
2256 2626 2368 2664 eum
2398 2628 2606 2665 munera
2633 2629 2728 2666 sua
2755 2615 2987 2675 contulit,
3025 2616 3077 2667 in
3118 2631 3219 2678 quo
3260 2616 3558 2667 meriturum

1973 2680 2225 2754 suffragia
2246 2698 2358 2754 Anon
2398 2683 2820 2754 invenit(Serm.
2854 2683 2905 2749 1,
2935 2701 3067 2738 nunc
3092 2685 3149 2751 2,
3194 2686 3247 2737 in
3290 2686 3554 2754 Assumpt.

1973 2752 2127 2824 sua).
2157 2752 2260 2806 Sed
2290 2752 2629 2808 retinebatur
2657 2756 2908 2824 gaudium
2942 2756 3073 2809 illud
3112 2765 3255 2809 metu
3299 2752 3558 2824 peccandi

1974 2822 2029 2876 in
2062 2832 2205 2876 tanta
2248 2825 2583 2893 negotiorum
2614 2822 2769 2879 turba
2794 2836 2847 2880 et
2886 2828 3253 2894 magnitudine
3294 2822 3555 2894 muneris,

1975 2894 2117 3014 quod
2174 2895 2469 2949 innumeris
2524 2895 2730 2950 sciebat
2781 2906 2902 2951 esse
2943 2897 3235 2951 obnoxium
3281 2896 3557 2962 periculis.

2013 2980 2128 3014 osa.
2160 2965 2347 3014 inquit.
2380 2981 2545 3014 oneris
2568 2966 2866 3014 maaniluda
2892 2966 3196 3014 creberrima
3216 2976 3288 3014 est
3314 2964 3557 3014 olTensio-

2012 2980 2128 3033 psa,
2160 2965 2347 3032 inquit,
2380 2966 2866 3034 apertsmagnitudo
2892 2966 3196 3019 creberrima
3216 2976 3288 3019 est
3314 2964 3557 3030 oﬂ'ensio-

1978 3036 2295 3106 nis'occasio
2321 3034 2517 3106 (Serm.
2536 3033 2593 3097 ι,
2620 3051 2756 3106 nunc
2778 3034 2910 3106 5,ρη
2942 3035 3560 3106 Assumpt.sua,cap.2).

1980 3103 2166 3171 Neque
2192 3103 2349 3157 timor
2372 3104 2461 3157 ille
2491 3105 2679 3157 inertis
2703 3104 2981 3172 pusillique
2996 3105 3160 3159 animi
3185 3116 3319 3167 erat,
3345 3103 3479 3160 adeo
3506 3115 3565 3162 ut

1981 3172 2221 3249 laborem
2241 3173 2646 3249 _relor_midaret,
2676 3176 2769 3249 sed
2803 3175 3083 3249 prudentis
3116 3176 3422 3249 provisique
3460 3192 3565 3249 gu-

1977 3243 2305 3317 bernatoris,
2332 3246 2421 3315 qui
2447 3255 2593 3317 vasta
2620 3245 2788 3300 maria
2806 3243 3069 3317 cogitans,
3098 3243 3440 3317 periculaque
3465 3243 3562 3304 re-

1976 3323 2173 3386 putans
2208 3316 2409 3384 animo,
2456 3316 2591 3387 fugit
2628 3317 2842 3387 quidem
2882 3316 3162 3389 regimen,
3208 3316 3458 3389 quoniam
3500 3334 3563 3377 se

1978 3388 2237 3455 imparem
2282 3389 2498 3443 casibus
2538 3398 2707 3457 putat,
2749 3397 2804 3443 et
2851 3388 3027 3446 tamen
3072 3406 3102 3444 a
3139 3388 3295 3445 clavo
3344 3406 3563 3445 manum

1978 3473 2085 3532 non
2127 3468 2357 3532 amovet,
2390 3470 2445 3515 et
2473 3476 2578 3515 non
2611 3470 2715 3515 tam
2744 3474 2841 3515 sua
2874 3462 3045 3516 lidens
3085 3462 3373 3529 industria,
3406 3478 3563 3532 quam

1979 3529 2124 3603 bono
2157 3530 2393 3585 siderum
2440 3532 2663 3597 inlluxu,
2701 3548 2796 3601 per
2824 3542 3000 3603 syrtes
3039 3544 3091 3587 et
3124 3550 3219 3603 per
3260 3529 3441 3587 brevia
3471 3549 3570 3588 na-

1980 3601 2086 3655 vim
2116 3615 2334 3657 securus
2363 3603 2733 3659 circumducit.
2770 3601 3006 3667 Domine,
3033 3601 3225 3671 inquit,
3256 3605 3431 3658 audivi
3474 3621 3570 3658 au-

1980 3672 2145 3745 ditum
2169 3684 2330 3737 tuum,
2366 3685 2411 3727 et
2441 3677 2619 3740 timui;
2652 3674 2969 3729 considerari
2999 3691 3153 3745 opera
3176 3686 3263 3728 tua
3292 3686 3339 3729 et
3362 3677 3572 3742 expat'i;

1980 3743 2105 3812 quid
2133 3745 2265 3816 enim
2301 3754 2408 3798 tam
2439 3747 2723 3809 insolitum,
2753 3756 2857 3798 tant
2898 3743 3207 3815 pavendum,
3242 3764 3397 3816 quam
3424 3746 3568 3816 labor

1984 3815 2184 3885 fragili,
2213 3818 2501 3870 sublimitas
2539 3816 2742 3881 humili,
2790 3814 3013 3886 dignitas
3055 3834 3157 3870 non
3201 3814 3455 3871 merenti?
3502 3814 3571 3868 Et

1985 3894 2150 3938 tamen
2180 3903 2281 3939 non
2318 3887 2646 3954 despcramus
2689 3904 2845 3956 neque
2876 3889 3164 3955 deﬁcimus,
3206 3889 3330 3955 quia
3372 3904 3475 3941 non
3512 3887 3577 3939 de

1985 3957 2156 4019 nobis,
2183 3959 2270 4010 sed
2298 3958 2361 4011 de
2388 3960 2476 4010 illo
2510 3960 2898 4025 praeumimus,
2940 3959 3027 4027 qui
3068 3958 3396 4027 operaturrin
3434 3957 3577 4027 nobis

1988 4026 2200 4098 (Serm.
2231 4028 2287 4092 2,
2322 4043 2454 4080 nunc
2493 4031 2545 4093 ὅ,
2575 4031 2627 4081 in
2658 4029 2919 4097 Assumpt.
2952 4025 3071 4092 sua,
3112 4044 3159 4080 c.
3202 4025 3282 4098 i)_.
3319 4026 3579 4098 Trepida-

1987 4096 2078 4152 bat
2108 4098 2287 4167 itaque
2319 4100 2556 4165 periculo
2585 4099 2891 4167 proximus,
2926 4098 3018 4150 sed
3051 4098 3221 4167 fidens
3254 4096 3345 4149 Dei
3378 4096 3577 4167 auxilio

1989 4183 2177 4237 regere
2199 4164 2291 4219 Dei
2323 4164 2889 4235 populnrn’aggressus
2914 4176 2995 4219 est
3020 4183 3031 4219 :
3058 4164 3172 4237 Etsi
3196 4167 3347 4237 enim,
3382 4165 3575 4233 inquit,

1992 4236 2333 4291 necessarium
2361 4248 2433 4289 est
2462 4238 2721 4305 trepidare
2750 4237 2813 4289 de
2842 4237 3045 4299 merito,
3078 4236 3374 4307 religiosum
3414 4246 3582 4307 tamen

1992 4309 2215 4380 gaudere
2247 4308 2308 4360 de
2336 4308 2468 4360 dono
2492 4323 2509 4361 :
2531 4308 2790 4380 quoniam?
2817 4308 2903 4375 qui
2942 4306 3065 4375 mihi
3096 4306 3277 4380 auaris
3304 4306 3425 4379 [AL
3447 4350 3459 4371 ,
3487 4306 3584 4362 Ito-

1994 4374 2163 4449 noris]
2187 4388 2259 4432 est
2286 4387 2483 4450 auctor,
2518 4374 2626 4450 ipse
2666 4377 2793 4432 mihi
2820 4374 2904 4446 ﬁet
2935 4374 3392 4433 administrationis
3428 4380 3580 4449 adju-

1995 4460 2075 4503 tor
2097 4467 2115 4515 ;
2145 4459 2192 4503 et
2218 4466 2279 4503 ne
2305 4449 2396 4503 sub
2423 4449 2773 4520 magnitudine
2793 4454 2974 4520 gratia:
3001 4451 3289 4503 succumbat
3319 4451 3582 4519 inﬁrmus,

1994 4521 2135 4575 dabit
2159 4521 2395 4664 virtutqm
2418 4524 2507 4593 qui
2530 4520 2743 4576 contulit
2772 4520 3073 4593 dignitatem
3106 4521 3310 4593 (Serm.
3340 4524 3365 4576 1
3404 4524 3457 4576 in
3486 4523 3587 4577 As-

1999 4603 2189 4661 sumpt.
2214 4610 2307 4646 sua
2354 4631 2367 4646 .

1999 4603 2189 4661 sumpt.
2214 4603 2367 4661 sua).

2072 4664 2157 4719 ιν.
2200 4665 2341 4720 Nihil
2368 4665 2529 4736 igitur
2565 4664 2956 4736 sibitrihuens,
2988 4664 3083 4719 sed
3113 4665 3293 4719 omnia
3328 4666 3462 4721 bona
3494 4682 3587 4719 au-

2001 4738 2134 4791 ctori
2182 4736 2292 4791 Deo
2336 4735 2555 4805 acoepta
2601 4735 2873 4800 referens,
2925 4746 2979 4791 et
3020 4739 3217 4791 virtute
3261 4744 3317 4791 et
3366 4737 3588 4791 nomine

2001 4808 2222 4873 Christi,
2254 4822 2411 4875 quem
2452 4822 2557 4861 non
2599 4807 2759 4862 modo
2788 4808 2975 4863 ovium
3004 4807 3304 4874 custodem,
3334 4809 3429 4862 sed
3466 4807 3593 4859 Pas~

2005 4888 2175 4933 torem
2208 4887 2479 4946 pastorum
2510 4894 2630 4933 esse
2652 4878 2877 4944 sciebat,
2912 4893 3027 4933 rem
3058 4875 3415 4934 Christianam
3447 4891 3593 4930 sunt~

2006 4966 2094 5005 mo
2117 4950 2296 5006 studio
2320 4950 2690 5020 promovebat,
2724 4949 2862 5005 hunc
2898 4949 3001 5007 sibi
3029 4964 3139 5007 non
3162 4948 3471 5005 defuturum
3506 4964 3593 5002 ra-

1369 5066 1930 5127 BALLERINIORUM
1969 5065 2518 5126 ANNOTATIONES.

393 5164 467 5235 (a)
497 5163 707 5221 Sixtum
732 5162 946 5235 tertium
970 5160 1212 5235 Kalendis
1233 5162 1433 5235 Aprilis
1455 5164 1653 5219 obiisse
1675 5165 1907 5234 Prosper

307 5232 427 5308 non
445 5232 630 5308 tradit,
652 5243 709 5289 ut
728 5232 1204 5308 idemAQuesnellus
1222 5234 1455 5308 pegvidit
1471 5246 1525 5290 et
1542 5237 1748 5308 monuit
1768 5236 1796 5308 ς
1813 5232 1903 5301 l2,

309 5305 390 5361 ad
420 5321 505 5360 an.
533 5304 662 5368 461,
700 5321 755 5359 n.
788 5307 837 5360 1.
867 5305 1049 5374 Neque
1075 5312 1260 5359 auctor
1286 5302 1614 5362 Pontilicalis
1652 5308 1702 5360 in
1728 5302 1907 5362 silice-

309 5377 555 5434 rioribus
602 5376 877 5432 codicibus
915 5374 1158 5430 eamdem
1207 5374 1347 5430 diem
1391 5377 1583 5446 signat.
1630 5377 1737 5433 Nos
1776 5392 1908 5433 vero

311 5448 530 5505 Sixtum
558 5447 627 5503 Ill
659 5447 965 5502 excessisse
1006 5446 1095 5501 die
1125 5446 1183 5502 11
1225 5450 1446 5516 Augusti
1488 5464 1554 5503 ex
1594 5460 1779 5503 nostro
1820 5464 1910 5505 ve-

320 5521 628 5591 tustissimo
668 5517 1169 5591 ‘Sacraitnenlario‘
1211 5520 1538 5591 probabilius
1597 5521 1909 5591 collegimus

314 5600 511 5647 annot.
535 5589 612 5645 25
656 5587 791 5658 (Col.
826 5590 1030 5662 i55,_n.
1057 5589 1110 5659 g)
1158 5588 1209 5642 itt
1244 5588 1271 5660 ς
1304 5590 1390 5644 55.
1431 5592 1561 5647 Cum
1594 5587 1760 5661 porro
1789 5602 1911 5662 post

318 5663 463 5719 Sitti
494 5662 560 5717 Ill
595 5662 799 5717 obitum
831 5660 1172 5731 quadraginta
1202 5662 1426 5729 amplius
1464 5660 1638 5716 diebus
1668 5660 1911 5718 Romana

320 5733 568 5791 Ecclesia
594 5733 791 5788 Leonis
825 5733 1114 5803 adventum
1142 5732 1564 5803 exspectaverit,
1591 5745 1649 5787 ut
1680 5736 1913 5803 Prosper

322 5813 587 5875 testatur,
637 5804 795 5879 hujus
849 5802 1237 5881 ordinationem
1289 5802 1396 5863 diei
1438 5803 1507 5863 29
1551 5804 1883 5883 Septembris

2014 5178 2134 5234 qua:
2166 5176 2307 5234 anno
2346 5160 2451 5215 440
2490 5168 2607 5216 erat
2647 5160 2942 5234 Dominica,
3000 5158 3377 5234 assignandum
3419 5156 3597 5234 _crcdi~

2016 5228 2155 5289 titus.
2210 5233 2319 5288 Hac
2367 5234 2509 5287 enim
2561 5234 2647 5288 die
2696 5232 2925 5303 singulis
2973 5228 3132 5287 annis
3169 5230 3268 5284 sub
3294 5229 3369 5303 Δ8.
3419 5228 3599 5303 Leone

2014 5308 2387 5375 episcpporum
2432 5313 2727 5359 conventus
2774 5300 3069 5375 habebatur
3117 5316 3183 5375 ei;
3222 5300 3380 5375 epist.
3429 5300 3515 5364 16,
3548 5315 3599 5354 c.

2015 5370 2113 5431 ult.
2144 5370 2319 5430 ln'die
2346 5384 2525 5430 autem
2556 5375 2921 5429 anniversaria
2953 5372 3309 5428 ordinationis
3337 5370 3602 5425 Romano.

2018 5464 2135 5503 rum
2188 5446 2497 5516 pontilicum
2550 5444 2908 5513 episc0palem
2960 5452 3281 5516 conventum
3341 5442 3602 5516 celebrari

2017 5513 2359 5574 consuevisse
2388 5517 2647 5572 discimus
2673 5530 2738 5569 ex
2772 5530 2933 5571 serm.
2963 5514 3017 5580 2,
3047 5530 3165 5584 cap.
3197 5514 3264 5580 2,
3307 5521 3361 5568 et
3389 5528 3452 5569 ex
3485 5513 3603 5569 aliis

2020 5589 2341 5645 tesrimoniis
2367 5604 2487 5658 qua:
2511 5591 2562 5642 iit
2589 5586 2955 5658 admonitione
2979 5586 3253 5654 praemissa
3280 5600 3445 5641 serm.
3477 5584 3501 5637 1
3528 5585 3606 5658 in-

2022 5662 2196 5716 dicata
2243 5654 2507 5714 invenies.
2553 5654 2752 5712 Confer
2789 5655 3055 5711 laudatam
3105 5658 3506 5712 annotationem
3556 5657 3606 5710 in

2020 5729 2538 5795 Sacramentarium,
2569 5742 2634 5781 ex
2665 5740 2766 5793 qua
2799 5728 2913 5781 haec
2943 5728 3058 5787 dies
3086 5728 3440 5786 ordinationis
3472 5723 3608 5789 Leoc

1982 5877 1997 5881 _
2029 5804 2113 5863 nis
2139 5816 2247 5859 non
2279 5800 2546 5859 modicum
2576 5796 2926 5857 conﬁrmatur
