3968 6308
572 384 676 443 199

1046 383 1284 443 PASCH.
1325 381 1709 453 QUESNELLI
1746 379 2333 440 DlSSERTA'ﬂONES
2373 382 2441 440 ΙΝ
2478 384 2537 440 S.
2573 382 2824 441 LEONIS
2859 383 3075 443 MAGNI
3112 386 3365 445 OPERA.
3715 385 3798 445 2.0

572 508 656 557 est
694 501 989 573 enimnon
1023 514 1142 556 esse
1180 499 1443 573 integrum
1491 496 1793 573 huiusmodi
1823 511 2140 573 sermonem
2167 500 2223 560 Α
2248 497 2475 573 [erimus
2505 500 2828 573 sententiam
2877 503 3167 571 Opinione,
3222 505 3276 559 ni
3324 504 3501 570 fallor,
3550 507 3795 573 majorem.

573 572 713 642 apud
743 571 1106 638 Ambrosium,
1130 572 1219 642 qui
1248 568 1315 627 ea
1326 572 1499 626 solum
1516 569 1729 638 scriptis
1755 568 1868 624 suis
1887 568 2139 642 inseruit,

573 640 693 714 qua:
720 644 977 712 subiectae
1012 640 1411 714 tunc'materia:
1449 642 1834 711 congruebant,
1869 649 1925 694 et
1965 640 2141 695 sorori

573 713 686 771 suae
714 713 1114 770 accommodata
1151 721 1324 768 erant.

643 785 697 842 6.
728 787 803 841 De
840 785 1126 854 Zepliirino
1154 798 1286 854 papa
1328 780 1688 854 antiquiorem
1726 782 1900 835 adhuc
1948 786 2140 854 testem

574 856 783 912 adduco
812 850 1312 915 Ter'tullianuin,’ex
1341 850 1540 923 quo'id
1577 853 1768 907 saltem
1797 858 2003 923 certum
2048 850 2145 904 ha-

575 927 787 993 bemus,
838 927 891 982 in
946 920 1379 981 reconciliatione
1432 923 1807 993 ptenitentium
1871 920 2146 993 Romanos

573 991 1191 1069 pontificesconcionem
1217 995 1284 1050 ad
1317 995 1569 1069 populum
1604 992 1889 1069 habuisse;
1922 993 1984 1069 in_
2005 991 2146 1069 libro

573 1062 716 1123 enim
754 1069 822 1125 de
866 1068 1123 1127 Pudicitia
1158 1062 1333 1134 quem
1351 1062 1463 1135 iam
1500 1066 1568 1120 ab
1610 1064 1859 1135 Ecclesia,
1881 1062 2144 1135 catholica

572 1140 780 1195 alienus
810 1137 1143 1208 conscripsit,
1175 1133 1522 1208 Zephirtnum
1554 1150 1743 1208 papam
1774 1134 1978 1208 inducit
1994 1133 2141 1208 iide-

572 1210 651 1265 les
690 1213 741 1264 in
768 1209 993 1279 gratiam
1022 1202 1407 1276 'poenitentium
1444 1206 1509 1279 a_d
1540 1202 1958 1279 misericordiam
1979 1202 2145 1279 420

571 1275 1135 1345 commo'ventemtita
1184 1292 1302 1346 cap.
1330 1279 1432 1333 13:
1458 1275 1524 1330 Et
1565 1286 1620 1331 tu
1659 1275 2142 1346 quidemipaenite’n-

570 1352 696 1403 tiam
723 1350 901 1406 moechi
925 1350 995 1403 ad
1024 1349 1337 1405 exorandam
1364 1348 1729 1419 fraternitatem
1749 1348 1820 1419 Ain
1860 1346 2142 1419 Ecclesiam

568 1421 885 1476 inducens...
914 1421 969 1474 in
998 1436 1111 1474 eum
1132 1420 1350 1473 hominis
1365 1417 1561 1473 exitum
1584 1417 1785 1485 quantis
1817 1426 1957 1488 potes
1990 1417 2141 1471 mise-

570 1492 805 1546 ricordiae
830 1491 1077 1546 illecebris
1106 1490 1263 1561 bonus
1278 1499 1453 1561 pastor
1479 1498 1527 1543 et
1553 1487 1842 1541 benedictus
1865 1503 1999 1561 papa
2020 1503 2141 1541 con-

570 1562 815 1629 cionaris,
848 1572 895 1616 et
922 1562 975 1615 in
1002 1560 1247 1630 parabola
1279 1558 1386 1630 ovis
1425 1575 1604 1629 capras
1650 1568 1762 1612 tuas
1795 1558 2003 1629 quieris,
2032 1565 2137 1612 etc.

571 1632 789 1688 Falsum
832 1641 916 1687 est
965 1631 1125 1699 igitur
1171 1629 1313 1701 quod
1355 1630 1523 1693 aiunt,
1572 1629 1779 1701 nullum
1831 1642 2137 1683 sermonem

572 1702 767 1758 Leonis
795 1698 1148 1771 antiquibrent
1170 1698 1415 1771 reperiri,
1447 1701 1586 1771 quia
1615 1698 1858 1753 Romano
1884 1701 2138 1769 episcopo

572 1771 786 1828 habitus
813 1774 903 1830 sit.
930 1772 1084 1841 Quod
1123 1771 1223 1827 etsi
1260 1780 1442 1827 verum
1471 1780 1634 1836 esset,
1659 1786 1767 1825 non
1796 1771 1919 1825 inde
1958 1781 2136 1841 tamen

572 1844 782 1899 roboris
808 1845 1091 1913 plurimum
1119 1851 1337 1911 caperet
1375 1842 1654 1897 Sozomeni
1691 1842 1977 1913 sententia.
2004 1840 2135 1896 Cum

570 1915 714 1969 enim
763 1912 967 1969 nullum
1019 1913 1430 1969 Mediolanensis
1472 1912 1695 1980 alicujus
1748 1912 2004 1981 episcopi,
2046 1921 2138 1966 aut

569 1983 920 2047 Arelatensis,
954 1995 1047 2040 aut
1082 1984 1469 2047 Ravennensis,
1498 1994 1591 2037 aut
1628 1982 1984 2051 Hipponensis
2022 1997 2141 2038 ser-

571 2071 784 2111 monem
812 2056 1103 2111 habeamus
1124 2054 1322 2109 dictum
1345 2071 1372 2107 a
1400 2053 1881 2123 praedecessoribus
1914 2053 2140 2107 Ambro-

569 2127 659 2193 sii,
712 2126 924 2192 Hilarii,
964 2125 1103 2180 Petri
1157 2124 1470 2196 Chrysologi
1516 2123 1964 2196 autiAugustini,
2014 2123 2133 2196 quis

572 2205 855 2266 propterea
900 2196 1100 2251 dixerit
1134 2194 1308 2249 nullos
1347 2194 1566 2251 istarum
1618 2195 1979 2250 Ecclesiarum
2017 2194 2136 2263 epi-

571 2281 762 2335 scopos
792 2266 874 2323 his
894 2282 1027 2336 quos
1052 2268 1291 2321 recensui
1314 2275 1471 2322 aitate
1498 2267 1804 2335 superiores
1832 2279 2136 2336 sermonem

569 2337 637 2391 ad
668 2334 923 2405 populum
947 2352 1100 2403 suum
1127 2336 1426 2407 ihabuisse?
1460 2334 1638 2393 Satius
1671 2345 1755 2392 est
1785 2335 1944 2406 igitur
1982 2334 2135 2407 fateri

571 2408 952 2464 hallucinatum
989 2423 1111 2463 esse
1139 2410 1495 2464 Sozonnenum
1526 2407 1781 2477 falsisque
1814 2406 2138 2461 rumusculis

570 2477 883 2549 deceptum;
915 2479 1002 2534 vel
1039 2493 1162 2533 cum
1205 2488 1393 2535 sancto
1439 2478 1699 2547 Gregorio
1742 2478 1930 2548 Magno
1955 2477 2139 2532 dicen-

571 2548 743 2604 dum’:
778 2549 1047 2605 Sozomeni
1087 2549 1355 2603 historiam
1393 2550 1535 2603 sedes
1564 2549 1846 2618 apostolica
1886 2549 2137 2618 suscipere

569 2630 790 2692 recusat,
804 2621 1046 2692 quoniam
1069 2621 1231 2674 multa
1251 2622 1486 2692 mentitur
1505 2618 1684 2692 (Greg.
1703 2618 1831 2692 Reg.
1865 2621 2015 2689 epist.
2045 2618 2133 2673 lib.

570 2706 644 2758 v1,
666 2691 776 2746 ind.
811 2690 898 2757 i5,
918 2692 1069 2760 epist.
1101 2692 1163 2746 51
1195 2692 1263 2744 ad
1288 2690 1561 2761 Eulogium
1582 2690 1780 2757 Alcm).

645 2762 759 2815 Non
801 2762 903 2816 alia
948 2759 1076 2817 tunc
1111 2759 1435 2816 occurrebat
1459 2760 1639 2813 animo
1672 2776 1739 2815 ex
1771 2762 1871 2814 ista
1908 2759 2140 2815 difﬁcul-

570 2838 679 2887 tate
700 2832 959 2887 evadendi
979 2832 1083 2895 via,
1114 2846 1239 2886 cum
1271 2832 1457 2901 prima:
1485 2830 1705 2901 editioni
1741 2830 2134 2901 incumbebam.

568 2902 746 2956 Aliam
770 2912 961 2974 quarto
988 2910 1111 2974 post
1136 2900 1285 2974 anno
1312 2902 1431 2974 sibi
1456 2901 1585 2957 fecit
1625 2900 1680 2956 in
1731 2900 2043 2974 praefatione
2070 2902 2138 2957 ad

569 2988 759 3044 novam
789 2971 1315 3044 'magniCassiodori
1351 2973 1640 3044 editionem
1678 2974 1759 3044 vir
1795 2973 2139 3044 doctissimus

567 3043 803 3101 Joannes
816 3043 1062 3101 Garetius
1079 3043 1877 3114 congregetionisiBenedictinze
1896 3043 1952 3099 S.
1969 3043 2135 3099 Mauri

566 3115 836 3171 alumnus.
877 3113 1467 3185 Auguratur’videlicet
1505 3113 1560 3169 in
1605 3115 1779 3169 locum
1829 3113 2137 3170 Cassiodori

566 3188 649 3241 sui
671 3202 736 3242 ex
758 3188 1058 3244 Sezomeno
1082 3186 1399 3254 decerptum
1425 3185 1675 3241 mendum
1707 3186 2008 3253 irrepsisse,
2037 3202 2136 3241 au-

2250 569 2469 641 Certum
2497 570 2640 625 enim
2669 572 2800 626 milii
2831 569 3010 629 estde
3040 574 3247 641 publica
3278 569 3539 631 concione
3567 569 3795 634 So'zome-

2252 656 2377 718 num
2421 640 2523 718 hoc
2563 641 2984 718 loco__scribere,
3016 640 3131 718 sed;
3148 645 3407 715 paschali,
3445 648 3798 718 scriptorisque

2249 711 2413 787 verba
2454 712 2534 767 sic
2572 713 2913 787 explicanda,
2941 716 3081 784 apud
3096 711 3698 787 ilt'omanos'quotannis
3727 711 3798 775 se

2248 782 2355 853 mel
2384 782 2591 837 cantari
2636 782 2859 839 Alleluia
2894 782 3065 853 primo
3094 786 3369 843 Paschatis
3399 782 3518 852 die;
3560 798 3616 844 et
3643 790 3707 843 ita
3729 803 3798 845 so-

2248 851 2478 926 lemnem
2505 854 2639 926 illis
2656 870 2776 911 esse
2815 851 2955 911 sacri
2998 856 3156 926 hujus
3200 859 3393 913 cantici
3432 851 3617 926 ritum,
3661 870 3713 913 ut
3745 861 3796 916 ad

2247 922 2375 996 illud
2415 923 2737 980 audiendum
2775 933 2830 980 et
2873 922 3203 996 psallendum
3232 944 3421 985 omnes
3444 930 3509 983 ad
3540 922 3795 985 ecclesiam

2246 993 2607 1070 confluerent,
2658 1006 2711 1051 et
2733 993 2889 1070 multi
2910 998 3071 1053 etiam
3114 1014 3213 1070 pro
3242 1000 3549 1068 iuramento
3592 1015 3655 1055 ac
3697 1011 3799 1057 voto

2249 1064 2545 1140 liabereut_,
2595 1075 2655 1121 ut
2684 1070 2826 1140 hunc
2854 1064 3323 1140 hymnum'audire
3352 1080 3406 1125 et
3434 1085 3631 1125 canere
3656 1088 3798 1127 mere-

2243 1144 2454 1206 rentur.
2502 1136 2709 1206 Quippe
2757 1138 2846 1193 illa
2890 1136 3044 1195 'sacra
3090 1140 3369 1195 Pascliatis
3413 1141 3501 1197 die
3544 1141 3695 1196 solus
3729 1142 3798 1199 hic

2244 1204 2595 1280 brevissimus
2608 1204 2850 1278 hymnus
2876 1224 2973 1279 pro
2995 1214 3138 1265 omni
3164 1212 3427 1267 concione
3451 1222 3589 1280 erat,
3621 1228 3729 1267 cum
3754 1214 3795 1268 in

2242 1290 2306 1331 ea
2337 1276 2480 1353 urbe
2506 1276 2679 1353 neque
2715 1276 3003 1353 episcopus
3045 1296 3219 1352 neque
3261 1284 3399 1337 alius
3420 1276 3711 1353 quisquam
3743 1283 3795 1338 ad

2242 1348 2499 1473 £23323
2531 1349 2586 1404 in
2616 1351 2840 1407 ecclesia
2871 1348 3250 1423 congregatum
3280 1354 3366 1407 illa
3397 1348 3488 1409 die
3507 1348 3797 1409 concionem

2283 1428 2489 1475 aberet.

2314 1489 2461 1545 Hanc
2478 1504 2601 1563 esse
2632 1501 2863 1548 mentem
2877 1492 3184 1559 Sozomeni,
3210 1494 3448 1549 materias
3478 1493 3649 1563 ipsius
3664 1509 3792 1563 quam

2242 1566 2435 1635 tractat
2471 1562 2732 1635 inspectio
2761 1565 2970 1633 probat.
3016 1562 3154 1619 Toto
3183 1565 3327 1620 enim
3358 1564 3629 1632 superiori
3653 1562 3796 1635 capite

2240 1629 2380 1705 quod
2427 1640 2510 1705 est
2551 1632 2617 1687 1-8
2656 1634 2723 1689 de
2763 1629 2875 1690 sola
2918 1636 3158 1705 paschali
3200 1629 3488 1691 festivitate
3512 1629 3793 1691 sermonem

2240 1698 2429 1781 habet;
2464 1703 2805 1781 in_prtesenti
2845 1698 2973 1781 vero
3003 1706 3198 1781 seu_i9
3224 1716 3281 1781 et
3307 1706 3374 1781 de
3404 1706 3667 1781 Easchate
3694 1707 3791 1781 plu-

2240 1772 2400 1837 rima,
2423 1780 2477 1827 et
2498 1772 2629 1828 nihil
2652 1775 2752 1829 nisi
2777 1777 3061 1832 occasione
3086 1776 3362 1832 Paschatis
3389 1778 3631 1839 disserit,
3652 1772 3796 1831 varias

2247 1840 2607 1898 Ecclesiarum
2652 1847 3068 1902 consuetudines
3092 1846 3235 1902 hunc
3260 1848 3432 1902 solum
3461 1848 3513 1901 in
3542 1846 3701 1901 ﬁnem
3725 1862 3794 1902 re-

2165 1882 2215 1943 Β
2237 1910 2447 1986 ferens,
2498 1923 2551 1968 ut
2580 1882 2950 1986 discrepantes
2977 1918 3107 1973 olim
3138 1920 3189 1971 in
3206 1882 3521 1973 festivitatis
3546 1916 3698 1973 istius
3721 1882 3792 1971 die

2240 1982 2510 2053 Ecclesias
2549 1982 2802 2053 excuset,
2850 1989 2983 2043 alias
3028 1988 3128 2045 88.
3172 1988 3317 2043 Petri
3356 2000 3411 2043 et
3451 1988 3638 2049 Pauli.
3680 1988 3791 2042 alias

2240 2051 2298 2107 8.
2342 2053 2564 2111 Joannis
2603 2051 2919 2114 traditiones
2957 2059 3135 2113 varias
3172 2060 3546 2114 observantes.
3596 2058 3795 2114 Stultum

2239 2125 2394 2190 enim,
2418 2125 2587 2198 inquit
2614 2128 2726 2197 ille,
2744 2145 2833 2183 nec
2859 2130 3132 2193 immerito,
3151 2130 3509 2184 existimabant
3534 2129 3791 2198 (episcopi)

2237 2197 2665 2271 consuetudinum
2703 2216 2860 2253 causa
2896 2201 2958 2254 ab
2999 2216 3054 2255 se
3091 2202 3301 2255 invicem
3336 2197 3570 2271 separari
3602 2197 3794 2271 ’eosiqttt

2237 2266 2293 2318 in
2348 2268 2616 2342 pracipuis
2670 2271 2933 2342 religionis
2980 2272 3231 2340 capitibus
3278 2266 3642 2326 consentirent.
3691 2266 3793 2323 Post

2237 2349 2361 2410 quas
2402 2337 2617 2405 subiicit
2655 2337 2832 2395 varios
2873 2337 3237 2396 EccleSiarum
3280 2357 3442 2405 usus,
3494 2342 3641 2397 inter
3680 2354 3791 2410 quos

2238 2405 2539 2462 Romanum
2561 2410 2727 2465 semel
2752 2413 2998 2466 cantandi
3030 2412 3082 2466 in
3106 2412 3367 2467 Paschate
3392 2412 3644 2477 Alleluia,
3663 2405 3791 2465 alios-

2238 2491 2343 2545 que
2372 2479 2645 2549 subiungit
2668 2482 2736 2535 ad
2764 2481 2894 2537 illud
2922 2482 3117 2537 festum
3146 2499 3254 2538 non
3284 2484 3643 2553 pertinentes;
3670 2484 3789 2553 cujus

2240 2557 2406 2622 tamen
2438 2564 2623 2617 causa,
2664 2553 2832 2622 inquit
2860 2562 3021 2621 caput
3044 2551 3332 2621 claudens,
3368 2554 3423 2608 in
3449 2554 3592 2607 hunc
3617 2554 3674 2605 de
3703 2551 3790 2606 istis

2238 2620 2386 2695 reb_u_s
2410 2635 2690 2695 sermonem
2725 2620 2839 2695 sum
2860 2620 3119 2695 delapsus.

2310 2689 2399 2743 Sic
2430 2690 2731 2748 intellectus
2755 2689 3083 2751 Sozomenus
3112 2710 3217 2751 non
3244 2696 3352 2763 iam
3375 2694 3611 2764 amplius
3637 2692 3790 2746 dicen-

2239 2758 2340 2814 dus
2377 2771 2458 2815 est
2496 2777 2608 2817 rem
2653 2764 2841 2819 falsam
2879 2765 2946 2821 de
2970 2765 3208 2821 Romana
3238 2758 3482 2821 Ecclesia
3508 2764 3785 2833 scripsisse,

2240 2840 2298 2885 ut
2347 2841 2502 2906 antea
2549 2848 2854 2906 senseram;
2896 2852 3070 2906 neque
3120 2838 3281 2893 etiam
3314 2837 3693 2906 quaerentium,
3721 2842 3787 2906 ⁸ιιι

2240 2903 2698 2978 quaerit_eruditus
2725 2903 3001 2972 Garetius,
3031 2910 3116 2975 qui
3146 2909 3255 2977 ﬁeri
3284 2903 3504 2978 potuerit
3529 2917 3584 2960 ut
3603 2903 3786 2978 Cassio-

2240 2975 2402 3026 dorus
2434 2972 2791 3049 Sozomenum
2830 2972 3156 3047 excerpens,
3199 2994 3259 3033 ea
3284 2972 3423 3049 'quat
3451 2977 3727 3043 prwcedunt
3750 2980 3787 3025 et

2242 3058 2355 3117 qua;
2389 3044 2766 3117 subsequuntur
2813 3044 3226 3117 praetermiserit,
3268 3044 3319 3101 et
3363 3048 3458 3101 illa
3498 3057 3780 3117 tantumta-

2239 3114 2499 3183 scripserit
2525 3131 2638 3185 quae
2666 3114 2943 3187 falsa'esse
2983 3119 3385 3174 constantissime
3424 3125 3646 3171 noverat.
3675 3114 3779 3169 Nam

2241 3194 2293 3239 et
2324 3199 2455 3260 vera
2477 3196 2599 3240 sunt
2626 3201 2688 3242 ea
2715 3204 2832 3258 quae
2856 3191 3143 3260 excerpsit,
3173 3201 3226 3244 et
3250 3204 3434 3244 verum
3469 3204 3572 3242 non
3599 3196 3678 3260 est
3698 3198 3783 3237 cte-

565 3258 881 3329 guriumque
916 3273 1071 3312 suum
1105 3248 1307 3329 codicis
1347 3248 1842 3329 Santlteodoriciau'i
1876 3248 2135 3329 suffragio
2161 3248 2208 3313 C
2240 3261 2355 3311 tera
2407 3255 2475 3308 ab
2515 3271 2580 3329 eo
2621 3248 2747 3311 non'
2776 3260 2939 3314 fuisse
2984 3248 3241 3329 eieci-pta
3264 3303 3277 3325 ,
3329 3261 3397 3314 de
3431 3256 3785 3329 illaninnirum

566 3327 812 3393 roborat;
834 3329 923 3383 ubi
961 3342 1059 3397 pro
1089 3327 1256 3382 verbo
1282 3329 1423 3382 docet
1456 3327 1651 3397 legitur
1687 3328 1832 3381 dicit.
1862 3327 1991 3392 Quae
2019 3328 2134 3396 qui-

566 3397 688 3451 dem
739 3398 917 3463 lectio,
962 3398 1152 3465 inquit,
1201 3398 1364 3451 alium
1422 3399 1641 3451 omnino
1684 3412 1748 3451 ac
1798 3398 2134 3452 verissimum

567 3480 782 3522 sensum
810 3469 994 3523 eflicit.
1027 3467 1103 3521 lbi
1127 3468 1270 3522 enim
1300 3469 1366 3521 de
1391 3469 1599 3522 cantico
1622 3467 1847 3522 Alleluia
1881 3468 1985 3535 agit
2008 3466 2137 3523 Cas-

566 3537 813 3593 siodorus
859 3539 913 3593 in
963 3540 1105 3592 hunc
1149 3538 1405 3591 modum:
1436 3538 1590 3604 Apud
1629 3536 1887 3592 Romanos
1929 3538 1983 3590 in
2030 3554 2136 3591 uno

566 3623 929 3691 quaque-anno
947 3607 1587 3691 semelpsalluntAllleluia
1611 3610 1773 3691 primo
1794 3606 1875 3661 die
1895 3605 2133 3691 ‘Pascltte,

565 3678 641 3733 ita
669 3690 724 3733 ut
755 3679 1080 3750 Romanipro
1092 3681 1383 3750 juramenio
1412 3678 1627 3750 habeant
1653 3687 1708 3750 ut
1732 3678 1867 3750 hunc
1893 3680 2137 3749 hymnum

567 3752 749 3806 audire
768 3746 1075 3804 mereantur.
1092 3746 1172 3801 ’1η
1193 3764 1293 3818 qua
1317 3746 1546 3802 Ecclesia
1569 3748 1863 3819 (subiungit
1879 3746 2135 3805 continuo

566 3820 879 3889 Tripartita)
906 3836 1063 3889 neque
1087 3820 1376 3891 episcopus,
1404 3836 1564 3891 neque
1592 3832 1734 3873 actor
1756 3820 2022 3890 quisquam
2047 3837 2136 3875 co-

564 3908 683 4017 riaml
710 3891 903 3965 popqu
931 3892 1074 3958 dicit,
1100 3890 1287 3960 supple
1326 3890 1455 3945 illud
1496 3891 1723 3960 primum
1755 3891 1980 3947 Alleluia
2008 3907 2135 3962 pas-

566 3977 594 4016 c
637 3979 662 4015 a
689 3979 739 4017 e.

566 3977 739 4017 cnale.

634 4034 970 4104 Coniectura:
1000 4032 1188 4089 lubens
1212 4032 1629 4104 stthscriberem,
1664 4032 1770 4104 nisi
1802 4032 2001 4088 veritas
2024 4028 2139 4088 'oh-

564 4102 964 4176 staretQEcquis
985 4105 1260 4160 enimvero
1282 4104 1537 4175 hymnum
1560 4102 1703 4176 illum
1724 4103 1873 4176 dicit,
1897 4104 1940 4158 si
1962 4119 2136 4175 neque

562 4173 1373 4247 episcopus'uequerquisquain
1402 4176 1539 4230 alter
1578 4175 1723 4228 illum
1771 4173 1913 4247 dicit
1950 4173 2134 4247 coram

563 4244 793 4315 popula?
834 4248 910 4301 Ad
956 4244 1084 4316 quid
1110 4244 1439 4301 audiendum
1470 4256 1851 4300 concurrerent
1881 4244 2131 4316 Romani,

562 4318 607 4370 si
639 4318 904 4372 neminem
932 4315 1200 4373 dicentem
1228 4316 1524 4373 haberent?
1548 4325 1601 4369 at
1629 4330 1758 4371 vero
1798 4315 1959 4370 unico
1986 4315 2137 4369 fulci-

562 4395 650 4456 tur
676 4388 861 4443 codice
891 4398 1380 4443 ms.sexcentorum
1412 4388 1523 4443 fere
1547 4401 1807 4441 annorum
1832 4386 2137 4456 Tripartitas

564 4455 820 4513 historiae.
853 4457 956 4515 Sed
1004 4459 1128 4527 quid
1174 4458 1261 4512 hic
1305 4460 1443 4513 inter
1493 4466 1671 4511 tantos
1721 4466 1799 4510 tot
1840 4455 2134 4512 editionum

561 4528 931 4597 editorumque
956 4530 1171 4583 codices
1200 4542 1302 4597 qua
1333 4542 1585 4592 excusos,
1605 4542 1707 4597 qua
1734 4542 1866 4581 mss.
1888 4537 1994 4580 tam
2017 4527 2137 4581 Tri-

2244 3327 2631 3404 eonsuetudine
2670 3331 2952 3404 occasione
2994 3332 3104 3385 Arii
3146 3327 3282 3404 orta,
3329 3340 3387 3384 ut
3415 3328 3788 3404 apud_Alexan-

2238 3394 2424 3468 drinos
2482 3399 2630 3452 solus
2677 3401 2963 3468 episc0pus
3009 3394 3606 3468 concionareturCQuid
3650 3396 3782 3468 enim

2238 3466 2339 3543 sibi
2378 3468 2564 3543 volunt
2594 3460 3025 3543 htecjsuperioris
3054 3474 3247 3543 capitis
3284 3487 3374 3527 seu
3401 3470 3465 3523 38
3489 3460 3639 3543 verba
3673 3478 3688 3516 :
3715 3460 3778 3514 In

2239 3536 2553 3613 Alexandria
2590 3536 2842 3611 presbyter
2878 3559 2981 3596 non
3016 3536 3138 3613 facit
3173 3556 3475 3613 semonem,
3498 3546 3542 3592 et
3578 3536 3779 3613 haeres

2237 3604 2404 3683 4227
2426 3604 2629 3683 iftilium
2650 3604 2849 3683 acc'epit
2887 3629 2950 3666 ea:
2982 3604 3083 3683 quo
3110 3613 3261 3667 Arius
3290 3611 3560 3683 Ecclesium
3585 3610 3787 3660 contur-

2240 3679 2407 3732 bavit?
2448 3679 2569 3734 llaec
2595 3681 2753 3750 igitur
2775 3679 2897 3736 'non
2931 3679 3293 3751 praetermisit,
3328 3682 3423 3737 scd
3452 3682 3502 3735 in
3529 3686 3683 3748 caput
3706 3690 3791 3730 su-

2238 3751 2419 3819 perius
2445 3752 2714 3807 transtulit
2739 3752 2988 3808 Senator.

2312 3820 2477 3893 Porro
2508 3822 2653 3893 quod
2697 3833 2800 3877 tam
2842 3838 3026 3879 verum
3056 3825 3127 3879 sit
3155 3823 3432 3893 pontiﬁces
3458 3820 3721 3893 Romanos
3747 3817 3794 3870 in

2238 3889 2326 3965 die
2371 3891 2646 3947 Pascbatis
2693 3908 2995 3949 sermonem
3046 3894 3114 3949 ad
3155 3889 3415 3965 populum
3464 3892 3659 3946 habere
3699 3902 3797 3965 non

2239 3961 2405 4016 fuisse
2432 3978 2526 4034 per
2554 3978 2616 4016 ea
2650 3973 2885 4032 tempora
2919 3967 3126 4030 solitos,
3163 3958 3332 4034 'qu'am
3364 3965 3554 4018 falsum
3583 3970 3666 4017 est
3689 3958 3798 4015 aliis

2238 4032 2570 4101 temporibus
2610 4048 2714 4087 non
2755 4034 2967 4103 publice
3008 4032 3284 4101 docuisse,
3330 4050 3450 4089 cum
3482 4034 3801 4090 Sozotnenus

2238 4102 2315 4156 sic
2342 4102 2645 4174 intellectus
2672 4102 2896 4171 asserat,
2929 4121 3027 4161 nec
3061 4108 3195 4160 alius
3225 4106 3457 4174 scriptor
3486 4103 3801 4174 contrarium

2239 4188 2490 4247 umquam
2534 4172 2807 4247 docuerit,
2850 4192 2954 4230 non
3001 4186 3178 4247 potest
3208 4178 3261 4230 in
3308 4171 3528 4231 dubium
3560 4171 3803 4247 probabili

2240 4243 2414 4317 aliqua
2447 4243 2937 4317 rationedrevocari
2968 4243 3312 4317 {praesertim
3342 4262 3464 4301 cum
3500 4260 3601 4301 nec
3630 4243 3807 4317 Leonis

2240 4313 2410 4386 nostri
2431 4354 2461 4386 ,7
2494 4330 2593 4369 nec
2618 4314 2843 4386 alicujus
2872 4326 2996 4372 ante
3018 4313 3233 4372 sextum
3263 4318 3523 4373 saeculum
3555 4313 3807 4385 pontiﬁcis

2239 4383 2464 4458 Romani
2511 4383 2926 4458 sermonesulli
2992 4390 3269 4458 paschales
3314 4383 3639 4456 appareant.
3688 4386 3805 4440 Nam

2238 4455 2381 4527 quod
2410 4455 2516 4509 duo
2539 4455 2761 4511 Leoniui
2802 4456 2924 4512 huic
2952 4455 3279 4515 solemnitati
3318 4455 3541 4527 asaripti
3572 4458 3803 4527 legantur

2240 4525 2292 4579 in
2321 4527 2689 4595 superioribus
2732 4528 3058 4584 editionibus
3083 4572 3097 4595 ,
3125 4542 3359 4585 erratum
3390 4525 3516 4583 esse
3558 4525 3808 4583 editorum

562 4596 1049 4688 partitzeIHistei-ite
1074 4596 1231 4688 quam
1254 4596 1559 4688 Sozomeni,
1582 4596 1984 4688 quetniandem
2012 4598 2135 4688 fon;
2162 4627 2217 4688 D
2241 4610 2349 4688 suo.
2391 4598 2894 4688 loco'proba‘vimus
2940 4615 3005 4688 es
3055 4602 3319 4688 sermonis
3368 4598 3660 4688 utriusque
3698 4611 3811 4688 con:

561 4676 671 4722 tem
700 4668 850 4724 adire
872 4669 1033 4723 tutius
1062 4678 1165 4733 est,
1196 4683 1353 4738 quam
1384 4668 1540 4722 rivuli
1567 4667 1829 4738 umbram
1851 4668 2135 4738 persequi?

561 4738 692 4806 Quis
718 4742 861 4794 enim
893 4754 1135 4794 asserere
1169 4737 1364 4793 audeat
1405 4746 1713 4806 corruptum
1763 4737 1927 4791 fuisse
1964 4737 2137 4793 Grmci

559 4810 794 4865 auctoris
826 4818 1049 4877 textum,
1082 4818 1163 4863 tot
1199 4810 1399 4863 criticis
1428 4809 1755 4862 eruditorum
1786 4808 2020 4862 virorum
2050 4808 2136 4863 lu-

558 4880 957 4936 cubrationibus
979 4889 1249 4944 vexatum,
1272 4879 1410 4948 apud
1440 4892 1666 4949 quorum
1699 4878 1963 4933 neminem
1988 4880 2134 4933 nulla

558 4966 810 5022 umquam
860 4951 940 5005 vel
970 4952 1216 5022 _minima
1272 4950 1404 5004 labis
1462 4948 1767 5022 suspicione
1822 4950 2081 5022 laboravit
2111 4952 2136 5004 ἲ

558 5020 845 5078 Enimvero
874 5032 930 5077 ut
960 5020 1115 5076 facile
1150 5036 1178 5074 a
1216 5022 1447 5091 genuina
1475 5036 1607 5075 voce
1651 5021 1796 5075 docet
1836 5021 2009 5075 Latini
2050 5021 2132 5076 in-

558 5098 828 5163 terpretis,
858 5093 925 5147 ad
960 5092 1171 5145 afﬁnem
1216 5092 1339 5145 dicit
1370 5091 1655 5163 deﬂectere
1686 5094 1924 5163 oscitans
1955 5093 2132 5147 scriba

558 5162 768 5234 potuit;
801 5166 873 5219 ita
903 5179 931 5217 a
962 5164 1270 5219 Graecarum
1309 5178 1500 5217 vocum
1550 5162 1653 5234 illis
1682 5162 2131 5234 respondentium

554 5232 713 5309 ᾔει
743 5235 939 5309 ῃιιειᾼεά
968 5236 1193 5309 alteram
1224 5234 1401 5309 lapsus
1432 5234 1587 5309 longe
1613 5232 1979 5309 difficillimus.

625 5304 761 5375 (idid
804 5305 998 5376 igitur?
1036 5304 1168 5360 Huic
1196 5306 1297 5358 viri
1337 5304 1479 5359 docti
1518 5305 1842 5372 coniectura:
1886 5312 2129 5376 nostram

557 5374 700 5434 illam
745 5374 1079 5432 de'errante
1121 5376 1420 5432 Sozomeno
1476 5376 1833 5445 suspicionem
1879 5374 2134 5430 anteferi—

558 5450 711 5505 mus?
739 5448 978 5504 minime.
1008 5447 1115 5502 Sed
1144 5462 1357 5513 novam,
1389 5455 1614 5517 utraque
1644 5446 1971 5516 posthabita,
2001 5460 2129 5514 pro-

2243 4674 2425 4731 textu,
2466 4667 2642 4721 allatis
2681 4670 2841 4723 etiam
2884 4671 3203 4736 rationibus,
3244 4670 3465 4735 insuper
3508 4668 3817 4725 auctoritate

2244 4737 2515 4810 liincmari
2561 4740 2798 4810 episcOpi
2829 4740 3112 4795 Remensis
3154 4750 3210 4796 et
3248 4739 3395 4794 Flori
3422 4736 3813 4809 Lugdunensis,

2241 4806 2470 4879 illosque
2502 4806 2608 4863 non
2641 4810 2695 4862 in
2724 4806 2956 4879 paschali
2987 4810 3295 4873 festivitate,
3322 4810 3417 4863 sed
3446 4806 3684 4864 sabbato
3707 4822 3816 4864 san-

2240 4888 2327 4933 cto
2371 4879 2543 4933 dictos
2605 4879 2773 4935 fuisse
2816 4880 3326 4935 demonstravimus.
3379 4879 3517 4935 Vide
3567 4880 3819 4935 monitum

2242 4949 2452 5019 utrique
2482 4950 2778 5019 prtelixum,
2803 4960 2857 5006 et
2885 4952 3110 5005 observa
3138 4952 3280 5005 illam
3297 4951 3558 5006 Romana:
3579 4947 3821 5006 Ecclesia:

2239 5020 2684 5075 consuetudinem
2722 5022 2856 5075 ultra
2886 5022 3026 5077 sexti
3062 5023 3244 5077 steculi
3276 5021 3429 5075 initia
3459 5037 3553 5077 me
3581 5019 3820 5077 consulto

2240 5106 2345 5145 non
2388 5091 2710 5153 extendere,
2756 5092 2881 5161 quia
2925 5093 3158 5147 homilize
3189 5109 3216 5145 a
3246 5091 3511 5160 Gregorio
3556 5093 3751 5162 Magno
3775 5091 3822 5141 in

2237 5162 2427 5217 eadem
2456 5161 2796 5216 solemnitate
2820 5163 2975 5219 dictas
2997 5164 3061 5217 ad
3085 5164 3336 5232 populum
3363 5177 3478 5216 rem
3504 5161 3672 5219 aliter
3695 5168 3825 5231 post-

2239 5232 2455 5308 modum
2482 5247 2543 5308 se
2563 5233 2822 5308 habuisse
2849 5233 3188 5308 maniiestum
3216 5232 3438 5308 faciunt.
3565 5304 3577 5308 _
3792 5297 3803 5308 .

2310 5302 2445 5357 Xlll.
2477 5304 2613 5368 Quid
2646 5305 2821 5373 primo
2866 5303 3210 5373 pontilicatus
3249 5303 3331 5358 sui
3375 5302 3621 5359 triennio
3666 5302 3821 5372 egerit

2238 5372 2349 5428 Leo
2397 5382 2577 5429 noster
2623 5390 2716 5443 pro
2760 5372 3016 5429 Ecclesia:
3067 5376 3250 5435 rebus,
3302 5375 3611 5443 scriptores
3655 5374 3824 5433 silent.

2243 5458 2342 5498 nec
2371 5457 2441 5497 ex
2471 5443 2594 5500 ullis
2618 5445 2737 5515 eius
2770 5445 3009 5516 epistolis
3036 5457 3186 5501 certo
3222 5445 3505 5501 discimus.
3555 5445 3662 5517 (a)
3700 5445 3831 5499 Duas

1616 5558 2174 5617 BALLERINIORUM
2211 5557 2763 5617 ANNOTATIONES.

627 5659 707 5727 (a)
722 5659 861 5713 Duas
885 5657 1019 5712 alias
1038 5657 1291 5727 epistolas
1304 5669 1401 5710 nos
1422 5653 1573 5727 initio
1595 5656 1886 5727 posuimus,
1912 5652 2139 5727 alteram

554 5730 619 5784 ad
638 5724 954 5797 episcopum
987 5724 1381 5797 Aquileiensem
1403 5766 1437 5797 ,ν
1464 5725 1688 5797 alteram
1730 5724 1794 5797 ad
1827 5724 2123 5797 Septimum

556 5794 847 5856 Altinatetn
864 5841 879 5863 ,
928 5794 1065 5868 quas
1086 5800 1225 5854 circa
1262 5812 1349 5851 an.
1382 5796 1486 5851 442
1515 5794 1741 5868 scriptas
1779 5796 1833 5868 in
1882 5794 2126 5868 admoni-

554 5873 701 5935 tione
740 5866 1087 5933 ostendimus.
1120 5871 1347 5933 Econtra
1375 5883 1443 5931 ex
1466 5867 1674 5923 duabus
1705 5866 1966 5941 epistolis,
1995 5881 2126 5947 quas

2247 5652 2347 5707 sub
2398 5651 2611 5708 initium
2667 5654 3003 5724 pontiﬁcatus
3045 5656 3242 5712 Leonis
3289 5656 3440 5711 datas
3498 5655 3831 5713 existimavit

2227 5724 2585 5799 Qttesnellus,
2634 5728 2814 5799 prima
2861 5729 2927 5783 ad
2975 5727 3261 5799 episcopos
3293 5727 3583 5784 Africanos
3637 5730 3690 5782 in
3735 5726 3829 5781 hac

2226 5795 2463 5850 editione
2489 5797 2592 5849 erit
2614 5798 2959 5870 duodecima,
2984 5795 3049 5854 eo
3072 5795 3215 5870 quod
3237 5808 3513 5855 exaratam
3543 5799 3832 5870 credamus

2231 5876 2352 5943 post
2394 5881 2595 5924 annum
2643 5867 2772 5938 445,
2822 5870 3055 5928 secunda
3089 5866 3237 5928 'vero
3280 5870 3348 5928 ad
3396 5870 3692 5931 Rusticum
3731 5866 3829 5931 erit
