3968 6308
271 249 368 310 90!

863 246 1176 308 DISSERT.
1215 246 1257 307 l.
1297 245 1387 305 DE
1425 245 1588 306 VITA
1630 244 1721 305 ΕΤ
1761 246 1987 309 REBUS
2024 247 2269 308 GESTIS
2306 248 2367 310 S.
2411 247 2662 309 LEONIS
2700 248 2943 310 MAGNL

3439 246 3553 310 9.09.

268 367 395 441 huic
420 378 592 441 vacuo
617 363 901 441 intervallo
920 366 1333 441 assignavimus,
1357 379 1490 441 quas
1517 380 1615 437 per
1638 365 1850 441 idAtem-
1880 375 1929 434 Α
1958 368 2287 441 admonitum
2320 379 2376 425 ut
2414 370 2467 425 in
2505 370 2689 441 primis
2726 369 3034 441 attenderet
3072 365 3137 421 ad
3167 380 3263 422 eos
3306 379 3443 436 quos
3477 366 3544 423 ad

266 439 411 506 poris
441 439 666 507 scriptas
695 453 817 493 esse
858 439 1007 506 plura
1048 438 1175 492 mihi
1206 436 1567 508 persuadent,
1596 449 1653 492 ut
1682 436 1852 494 fusius

264 510 317 564 in
346 511 487 563 notis
535 511 907 578 expendimus.
967 509 1222 579 Populata
1275 509 1645 579 superioribus
1693 512 1851 564 anuis

262 579 442 635 Africa
464 622 479 643 ,
530 580 753 651 ipsaque
798 580 1121 649 Carthagine
1155 596 1184 634 a
1220 580 1475 636 Vandalis
1523 589 1676 651 capta
1707 596 1850 636 anno

260 652 389 716 s59,
421 652 643 721 plurima
674 653 951 707 hominum
978 651 1262 707 multitudo
1290 653 1356 706 ad
1386 653 1745 707 transmarina
1788 667 1849 709 se

263 724 518 789 contulit,
549 725 631 778 vel
675 723 859 779 fractis
896 726 1121 778 navibus
1152 725 1421 789 imposita,
1457 733 1515 778 ut
1542 734 1729 779 narrat
1758 723 1849 778 Vi-

263 739 518 789 conium,
549 739 631 778 vet
675 739 859 779 tractis
896 739 1121 778 navibus
1152 740 1220 777 tm
1265 739 1421 787 osita,
1457 739 1515 778 ιιι
1542 739 1729 779 narrat
1765 739 1849 778 Vl-

263 800 381 867 ctor
411 794 638 867 Vitensis
663 795 764 867 (De
791 793 991 865 Perfec.
1010 739 1304 867 _Vanda£),
1334 796 1417 850 vel
1443 804 1633 863 sponte
1661 796 1849 867 imma-

260 865 413 919 nitati
452 864 811 921 Vandaldrum
845 864 906 922 se
944 864 1268 921 subduceris.
1309 867 1623 922 Mauritania
1664 865 1844 922 Cassa-

257 934 654 1009 riensisadltuc
684 947 794 992 tum
823 937 1079 1009 Romanis
1110 938 1359 1007 parebat,
1394 953 1460 993 ex
1486 953 1590 1009 qua
1618 938 1844 993 Romam

260 1006 477 1074 plurimi
522 1020 887 1065 commeantes
936 1006 1173 1065 Leonem
1218 1006 1541 1064 monuerunt
1587 1011 1657 1065 de
1700 1009 1846 1064 ordi-

259 1079 569 1133 nationibus
599 1080 786 1135 illicite
818 1090 873 1136 et
905 1092 1093 1135 contra
1134 1087 1334 1134 statuta
1383 1095 1652 1135 canonum
1698 1081 1749 1134 in
1786 1096 1846 1135 ea

257 1150 531 1215 provincia
574 1151 865 1219 usurpatis.
903 1153 1088 1205 Romae
1123 1162 1251 1205 tunc
1296 1151 1559 1219 temporis
1593 1152 1848 1205 versaba-

258 1228 347 1293 tur
376 1219 651 1276 Potentius
684 1224 1002 1293 episcOpus,
1031 1231 1093 1275 ut
1121 1232 1271 1291 puto,
1306 1221 1620 1285 Africanus,
1653 1222 1741 1275 cui
1781 1222 1851 1276 ab

255 1291 390 1347 urbe
414 1294 758 1363 proﬁciscenti
790 1291 893 1347 Leo
925 1308 1063 1347 cura:
1090 1309 1198 1347 suae
1225 1293 1387 1346 uicem
1410 1294 1686 1356 commisit,
1711 1301 1764 1347 ut
1788 1294 1850 1346 de

252 1362 506 1433 episcbpis
530 1381 751 1433 quorum
772 1364 1043 1434 culpabilis
1071 1362 1328 1433 ferebatur
1352 1363 1550 1431 electio,
1573 1364 1697 1433 quid
1719 1367 1847 1418 veri-

252 1438 333 1487 tas
363 1435 567 1489 haberet
599 1433 878 1505 inquireret
907 1433 1099 1505 (Epist.
1134 1435 1186 1505 _i,
1218 1449 1357 1505 nunc
1374 1434 1463 1498 i2,
1486 1434 1554 1487 ad
1572 1435 1845 1503 Africanos

252 1506 439 1576 episc..
472 1522 591 1574 cap.
634 1503 711 1575 t).
744 1505 845 1572 Qui
870 1503 926 1560 et
958 1503 1239 1576 epistolam
1270 1519 1299 1559 a
1333 1503 1747 1576 Leoneaccepit
1775 1508 1840 1558 ad

256 1575 548 1630 Africanos
591 1575 1143 1645 perferendam,quat
1182 1583 1479 1643 temporum
1520 1575 1709 1643 injuria
1741 1591 1839 1631 ex-

257 1646 413 1701 cidit.
443 1647 719 1703 Potentius
749 1649 801 1702 iu
838 1646 1165 1716 provinciam
1194 1659 1445 1699 reversus
1477 1657 1749 1716 accurata,
1782 1655 1839 1701 ut

256 1728 480 1786 rogatus
507 1719 698 1784 fuerat,
726 1714 983 1788 relatione
1010 1731 1109 1788 per
1125 1717 1329 1788 litteras
1354 1714 1693 1788 signiﬁcavit,
1716 1733 1835 1788 quas

1957 454 2170 495 sacrum
2222 440 2478 496 Ecclesia:
2508 439 2891 497 'ministerium
2952 439 3264 505 adlegeret,
3314 454 3543 506 quorum

1956 510 2098 584 Deus
2138 512 2205 567 ab
2241 526 2308 584 eo
2347 515 2608 584 rationem
2644 520 2981 584 exposceret.
3024 508 3153 565 Cum
3191 510 3539 584 descenderet,

1954 582 2157 665 inquit,
2195 583 2349 665 abbas
2382 584 2533 638 Amos
2556 581 2963 656 Jerosolymam,
2998 591 3048 665 et
3078 581 3374 665 patriarcha
3399 582 3545 665 ord‘i-

1952 664 2103 708 natus
2143 664 2298 717 esset,
2335 666 2579 709 venerunt
2610 653 2779 710 omnes
2814 653 3239 709 monasteriorum
3268 654 3421 707 eremi
3447 653 3541 706 ab-

1951 725 2111 799 bates,
2145 734 2203 779 ut
2230 727 2504 799 adorarent
2548 743 2692 792 eum;
2729 730 2860 781 inter
2888 742 3017 799 quos
3046 726 3196 793 adfui
3220 735 3268 799 et
3301 740 3541 799 egoAcum

1949 796 2132 851 abbate
2161 813 2291 852 meo.
2313 795 2576 868 Coepitque
2597 799 2883 865 patriarcha
2900 794 3074 851 dicere
3093 795 3359 865 patribus:
3386 794 3543 868 Orate

1947 884 2043 941 pro
2070 884 2192 941 me,
2244 878 2451 941 patres;
2486 867 2729 941 magnum
2775 876 2907 922 enim
2962 885 3089 941 onus
3130 878 3175 920 et
3218 867 3545 941 intolerabile

1948 938 2077 991 mihi
2121 938 2285 1011 425
2317 938 2618 1011 injunctum
2653 951 2763 1011 est,
2802 940 3169 1010 sacerdotiique
3211 938 3432 1009 dignitas
3463 955 3542 993 me

1949 1019 2101 1064 terret
2134 1009 2422 1065 amissum.
2450 1009 2594 1065 Petri
2625 1020 2671 1065 et
2705 1009 2858 1063 Pauli
2885 1009 3124 1063 similium
3154 1018 3227 1063 est
3257 1026 3430 1079 regere
3457 1027 3541 1062 ra-

1950 1082 2171 1152 tionales
2213 1083 2445 1146 animas;
2485 1098 2578 1152 ego
2617 1092 2786 1137 autem
2829 1082 3011 1151 infelix
3040 1090 3085 1134 et
3128 1092 3362 1149 peccator
3403 1098 3536 1136 sum.

1952 1148 2085 1205 Plus
2118 1154 2253 1207 enim
2280 1169 2434 1221 quant
2473 1148 2656 1206 ct'etera
2689 1154 2836 1205 timeo
2872 1148 3209 1205 ordinationis
3248 1153 3538 1215 sarcinam;

1951 1238 2073 1294 nam
2100 1224 2265 1278 inveni
2282 1225 2527 1294 scriptum
2558 1225 2674 1293 quia
2694 1224 3018 1294 beatissimus
3040 1232 3085 1276 et
3109 1223 3318 1291 a'qualis
3342 1224 3538 1293 angelis

1952 1293 2055 1347 Leo
2083 1313 2238 1366 papa,
2266 1297 2352 1364 qui
2386 1292 2741 1349 Romanorum
2768 1292 3015 1347 Ecclesiae
3044 1294 3272 1363 prtcfuit,
3313 1292 3539 1366 quadra-

1948 1364 2094 1436 ginta
2136 1370 2243 1420 dies
2287 1366 2621 1431 perseveravit
2663 1366 2731 1417 ad
2770 1366 3060 1433 sepulcrum
3107 1365 3326 1436 apostoli
3381 1364 3535 1428 Petri,

1946 1435 2139 1505 uigiliis
2168 1447 2215 1490 et
2246 1437 2563 1489 orationibus
2595 1438 2833 1490 insistens
2855 1480 2868 1502 ,
2910 1445 3187 1505 petensque
3213 1435 3277 1487 ab
3307 1438 3540 1503 aposrolo

1945 1514 2003 1558 ut
2040 1524 2135 1576 pro
2176 1524 2229 1560 se
2266 1510 2406 1574 apud
2449 1506 2613 1560 Deum
2659 1506 3021 1570 intercederet,
3064 1518 3118 1559 ut
3160 1506 3543 1559 dimitterentur

1942 1576 2038 1630 sibi
2069 1589 2277 1648 peccata
2309 1595 2421 1648 sua.
2456 1577 2689 1648 Impletis
2719 1578 2897 1648 diebus
2924 1578 3270 1647 quadraginta
3295 1579 3539 1647 apparuit

1940 1651 1988 1703 ei
2014 1647 2277 1720 apostolus
2308 1647 2491 1703 Petrus
2513 1691 2526 1713 ,
2544 1647 2732 1703 dicens
2759 1652 2839 1703 ei:
2864 1647 3020 1702 Orari
3043 1664 3136 1714 pro
3162 1657 3229 1706 te.
3254 1658 3299 1700 et
3328 1650 3540 1702 dimissa

1941 1730 2059 1773 sunt
2098 1722 2187 1774 tibi
2226 1722 2397 1791 omnia
2428 1730 2635 1791 peccata
2676 1733 2793 1785 tua,
2826 1731 3161 1791 pra'terquant
3193 1720 3538 1789 irnpositionis

250 1768 394 1861 {itala
428 1768 761 1844 Mauritaniae
795 1768 1140 1861 Ctesariénsis
1171 1768 1467 1861 Ecclesia'in
1507 1768 1832 1861 afﬂige'rent.
1868 1768 1914 1827 Β
1943 1808 2207 1845 manuum.
2228 1768 2359 1845 ⁷Ηοσ
2389 1768 2556 1845 sartum
2582 1792 2671 1846 abs
2694 1802 2739 1846 te
2762 1768 3044 1861 nequirem}
3068 1790 3086 1860 (
3112 1768 3327 1842 Pratu'nt
3364 1792 3533 1859 spirit.

249 1854 407 1929 unde
442 1869 628 1914 sancto
665 1860 903 1929 pontiﬁci
944 1868 1066 1913 nata
1098 1859 1311 1912 occasio
1342 1856 1535 1913 iterum
1565 1854 1836 1916 scribendi

242 1928 317 1981 ad
345 1927 507 1999 423
538 1927 821 1985 Africanos
851 1929 1011 1999 hujus
1059 1930 1347 1998 provincia:
1386 1930 1691 2000 episc0pos.
1732 1933 1837 1987 Ex-

236 2008 352 2053 stat
389 2002 465 2070 (u)
499 2001 753 2070 praeclara
794 2002 879 2057 illa
911 2000 1162 2070 epistola,
1208 2000 1296 2055 ubi
1330 2001 1616 2071 episcopos
1644 2002 1836 2058 vitiose

233 2081 459 2126 creatos
502 2071 863 2139 condemnat,
915 2086 1012 2127 cos
1055 2072 1111 2127 in
1159 2071 1349 2142 primis
1395 2073 1484 2142 qui
1527 2074 1751 2128 scientia
1782 2086 1837 2131 ct

234 2141 489 2215 moribus
530 2143 793 2214 egebant;
834 2152 1016 2215 monet
1045 2141 1290 2199 non’cito
1320 2141 1510 2198 manus
1553 2144 1835 2215 imponen-

227 2211 340 2267 das
379 2211 670 2285 episcopis,
704 2229 807 2270 nec
847 2215 912 2269 ad
956 2214 1058 2269 hoc
1104 2216 1316 2270 culmen
1362 2211 1698 2283 evellendos,
1730 2218 1834 2271 nisi

227 2296 341 2352 per
368 2285 567 2353 gradus
595 2297 651 2341 et
679 2295 797 2353 post
827 2286 1037 2357 longam
1068 2288 1381 2342 meritorum
1413 2286 1832 2356 experientiam;

226 2356 509 2428 arcendos
536 2373 564 2410 a
594 2358 899 2413 sacerdotio
928 2356 1016 2428 qui
1048 2359 1313 2412 secundas
1343 2372 1571 2423 uxores,
1618 2368 1710 2413 aut
1740 2359 1834 2413 vi—

226 2424 411 2492 duas,
461 2436 557 2483 aut
604 2428 785 2497 priore
832 2424 1052 2483 dimissa
1099 2430 1320 2485 alteram
1369 2428 1663 2497 duxerant,
1712 2446 1831 2485 cum

225 2498 440 2579 quibus
472 2501 961 2579 ut_dispensaretur
991 2514 1089 2555 nec
1118 2500 1398 2579 captanda:
1428 2499 1682 2555 Afrorum
1713 2518 1836 2572 gra-

226 2571 327 2623 tia:
358 2571 620 2641 occasio,
673 2586 773 2627 nec
802 2579 1104 2641 temporum
1136 2572 1456 2635 necessitas,
1495 2586 1594 2627 nec
1624 2571 1833 2628 summa

222 2639 611 2697 ministrorum
648 2639 1139 2699 ecclesiasticorum
1172 2644 1348 2713 inopia
1379 2642 1613 2698 Leonem
1645 2653 1833 2713 potue-

221 2714 685 2783 runtiitnpellere.
974 2750 975 2753 η

306 2782 661 2857 XlV.Mitius
692 2800 855 2857 porro
879 2787 1140 2857 agendum
1168 2786 1381 2845 censuit
1405 2800 1526 2842 cum
1554 2785 1622 2841 iis
1648 2788 1736 2857 qui
1766 2804 1832 2844 ex

229 2854 399 2930 laicis
445 2857 625 2911 statim
675 2854 741 2912 ad
789 2854 1155 2929 episcopatum
1212 2859 1452 2930 provecti
1501 2854 1685 2925 erant;
1738 2860 1832 2916 sed

230 2925 633 2997 indulgentiam
661 2942 780 3002 esse
802 2925 1227 3002 ,'non'legem,'
1269 2945 1444 3000 neque
1490 2932 1834 3002 consuetudi-

232 3012 402 3064 nem;
446 3014 542 3054 nec
572 2999 929 3069 praeiudicare
956 3017 1017 3057 se
1038 2999 1323 3058 contrariis
1352 2999 1665 3070 apostolicae
1688 3003 1833 3057 sedis

232 3075 458 3142 statutis
483 3071 664 3126 suisve
693 3071 945 3128 decretis.
972 3073 1144 3128 Verba
1169 3078 1285 3142 ejus
1311 3082 1498 3127 contra
1526 3071 1830 3141 episcopos,

1937 1863 2097 1918 Joan.
2133 1863 2362 1928 Moschi,
2396 1880 2511 1933 cap.
2554 1862 2674 1929 Ml),
2720 1866 2857 1933 quod
2888 1873 3044 1933 caput
3070 1861 3237 1915 Grece.
3270 1862 3420 1914 etiam
3450 1878 3527 1916 ex-

1938 1935 2081 2003 stat).
2118 1935 2243 1990 Haec
2277 1936 2327 1988 in
2361 1935 2452 1988 illo
2487 1935 2640 2000 libro,
2670 1951 2828 2002 quem
2856 1933 3099 2000 septima:
3126 1934 3314 2004 synodi
3348 1933 3536 1988 Patres

1937 2008 2326 2075 approbarunt,
2358 2020 2478 2059 cum
2511 2021 2573 2060 ex
2608 2023 2672 2059 eo
2704 2006 3007 2060 retulerunt
3032 2006 3208 2073 aliqua
3238 2004 3438 2057 action.
3475 2006 3531 2058 4.

2049 2022 2326 2070 ronarunt,
2358 2022 2478 2059 cum
2511 2022 2573 2060 ex
2608 2023 2672 2059 ιιι)
2704 2022 3007 2060 retulerunt
3032 2022 3208 2073 aliqua
3238 2022 3438 2057 acuou.
3475 2022 3531 2058 ι.

2012 2022 2129 2132 ἓν.
2165 2078 2363 2131 Eadem
2396 2076 2645 2132 Africana
2677 2077 2879 2141 clades,
2913 2092 3033 2147 qum
3064 2076 3307 2143 epistola:
3338 2074 3535 2131 Leonis

1937 2148 2004 2201 ad
2039 2149 2368 2203 Mauritania:
2399 2149 2681 2218 episcopos
2705 2152 3043 2203 occasionem
3067 2147 3237 2213 dedit,
3268 2147 3534 2215 plurimOs

1938 2234 2003 2273 ex
2032 2219 2298 2275 Africanis
2326 2217 2638 2288 regionibus
2663 2222 2728 2273 ad
2755 2221 3030 2275 Gallicana
3064 2219 3242 2273 littora
3273 2217 3537 2286 compulit

1940 2299 2275 2346 transmeare
2313 2309 2325 2343 :
2359 2306 2585 2362 quorum
2614 2292 2798 2361 aliqui.
2830 2306 2949 2345 com
2980 2296 3288 2361 ignorarent
3317 2306 3342 2341 a
3378 2290 3535 2362 cujus

1939 2371 2104 2417 secta:
2141 2360 2449 2417 hominibus
2489 2360 2824 2432 baptismatis
2853 2372 3248 2417 sacramentum
3292 2360 3536 2427 accepis-

1939 2444 2092 2497 sent,
2123 2433 2202 2504 (b)
2242 2433 2366 2489 hinc
2394 2444 2510 2488 orta
2542 2434 2807 2489 dubitatio
2834 2435 2974 2503 apud
3006 2433 3300 2488 Galliarum
3344 2434 3531 2504 liccle-

1938 2506 2049 2559 sias
2080 2503 2333 2575 quidnam
2366 2504 2509 2559 facto
2537 2520 2692 2575 upus.
2726 2505 2980 2560 Rusticus
3009 2504 3296 2573 episcopus
3334 2503 3539 2575 Narbo-

1937 2574 2121 2632 ltensis
2169 2576 2469 2632 Romanum
2514 2574 2827 2647 episcopum
2882 2576 3271 2631 consulendum
3320 2574 3533 2647 censuit

1936 2654 2048 2702 tum
2095 2663 2157 2703 ea
2205 2649 2272 2704 de
2304 2666 2382 2715 re,
2433 2658 2542 2703 tum
2575 2650 2643 2703 de
2704 2646 2811 2704 .liis
2855 2648 3097 2715 plurimis
3145 2646 3530 2701 ecclesiastica:

1936 2717 2237 2789 disciplina:
2283 2721 2569 2790 capitibus.
2601 2720 2900 2789 R...pondit
2939 2720 3047 2774 Leo
3078 2718 3369 2788 prolixiore
3415 2716 3533 2785 cpi-

1936 2792 2072 2845 stola
2119 2790 2332 2862 (Epist.
2364 2792 2419 2857 2,
2451 2808 2585 2845 nunc
2616 2791 2716 2846 147
2838 2806 2995 2861 quam
3025 2790 3262 2844 secundo
3288 2790 3407 2842 loco
3436 2801 3530 2854 po-

1936 2862 2165 2915 suimus-
2213 2865 2297 2915 his
2334 2862 2400 2915 ad
2446 2862 2498 2915 id
2534 2864 2727 2915 rationi
2774 2877 2835 2915 us
2867 2863 3105 2915 adducti.
3140 2876 3273 2915 uuas
3305 2862 3355 2911 iu
3388 2859 3529 2911 uotis

1936 2859 2165 2933 suimus,
2213 2859 2297 2917 his
2334 2862 2400 2917 ad
2446 2862 2498 2916 id
2534 2859 2835 2917 rationibus
2857 2859 3105 2925 adducti,
3139 2862 3355 2933 guasiu
3388 2859 3529 2933 notis

1936 2934 2123 2988 videre
2154 2930 2271 2988 est.
2308 2934 2439 2988 Mire
2462 2936 2635 2988 elucet
2668 2934 2766 2987 hac
2796 2935 2847 2986 in
2879 2934 3103 3000 epistola
3138 2930 3333 3000 Leonis
3364 2930 3530 2982 nostri

1939 3005 2257 3073 prudentia,
2291 3005 2513 3059 scientia
2543 3019 2813 3058 canonum
2850 2999 3228 3070 etapostolica
3270 2999 3530 3073 Charitas,

1939 3071 2043 3143 qua
2094 3075 2323 3139 primum
2376 3074 2654 3128 Rusticum
2698 3076 2881 3127 animo
2926 3084 3151 3142 propter
3193 3071 3534 3143 occurrentia

236 3142 339 3209 qui
386 3140 724 3218 festinantius
770 3140 1234 3218 inconsultiusque
1285 3157 1477 3218 manus
1509 3143 1830 3218 _imponuttt,
1863 3157 1909 3218 ρ
1943 3140 2193 3218 scandala
2228 3144 2654 3218 deSpondentem
2681 3187 2695 3210 ,
2746 3155 2800 3199 et
2852 3140 3174 3218 de‘secessu
3207 3142 3533 3218 cogitantem

242 3225 357 3266 non
386 3222 501 3266 sunt
532 3214 828 3269 omittenda
864 3230 876 3267 :
922 3213 1113 3269 Manus
1150 3212 1253 3269 cito
1285 3214 1475 3266 nemini
1503 3212 1833 3281 imposueris,

247 3296 411 3357 neque
442 3286 880 3340 communicaveris
910 3287 1128 3357 peccatis
1156 3286 1339 3340 alienis
1366 3287 1381 3353 (
1406 3286 1421 3337 Ι
1456 3282 1592 3337 Tim.
1627 3298 1679 3346 v,
1709 3283 1835 3354 22).

248 3354 394 3417 Quid
417 3365 486 3409 est
520 3359 622 3411 cito
656 3373 842 3412 manus
879 3354 1173 3425 imponere,
1216 3358 1315 3411 nisi
1343 3364 1463 3409 ante
1493 3357 1837 3411 maturitatem

237 3426 440 3490 celatis,
480 3437 599 3483 ante
634 3434 836 3495 tempus
876 3430 1125 3483 examinis
1147 3470 1162 3495 ,
1197 3436 1316 3482 ante
1347 3428 1586 3480 meritum
1615 3426 1835 3494 laboris,

238 3507 364 3551 ante
402 3500 771 3566 experientiam
809 3500 1131 3569 discipline,
1173 3499 1544 3553 sacerdotalem
1588 3498 1835 3553 honorem

233 3569 463 3642 tribuere
508 3587 611 3625 non
640 3572 905 3642 probatis?
945 3572 1011 3625 Et
1038 3572 1162 3640 quid
1193 3580 1265 3626 est
1294 3570 1673 3623 communicare
1712 3586 1834 3641 pec-

232 3640 369 3713 catis
404 3640 617 3709 alienis,
642 3640 761 3697 nisi
799 3646 953 3697 tatem
986 3643 1114 3713 επεεί
1138 3642 1507 3713 γονάὲηαιιιεηι,
1549 3640 1721 3708 qualis
1754 3653 1827 3713 est

231 3710 443 3787 illequi
467 3729 571 3787 nou
600 3715 783 3787 meruit
812 3710 1045 3787 ordinari
1074 3712 1272 3787 (Epist.
1305 3714 1357 3779 1,
1383 3713 1639 3787 nuncubi,
1666 3729 1711 3787 c.
1745 3712 1824 3781 2).

311 3782 442 3856 llmc
474 3786 575 3839 etsi
608 3786 693 3856 vel
734 3801 801 3841 ex
830 3785 943 3840 sola
984 3782 1385 3856 Scripturarum
1418 3784 1827 3856 traditionisque

232 3854 464 3909 scientia
518 3855 757 3912 scribere
805 3858 1039 3926 potuerit
1086 3854 1302 3911 sanctus
1345 3856 1476 3924 Leo,
1507 3855 1722 3911 aliunde
1750 3865 1829 3909 ta-

232 3940 365 3997 tnen
395 3927 645 3981 edoctum
676 3927 897 3991 scimus,
927 3937 1158 3997 quantus
1186 3942 1309 3984 esse
1351 3927 1547 3983 debeat
1576 3927 1827 3981 ordinan-

233 3996 436 4070 dorum
480 3997 741 4054 delectus.
774 3996 968 4054 Narrat
1004 4000 1149 4056 enim
1191 4006 1382 4054 auctor
1410 3997 1655 4070 opusculi
1684 3998 1825 4070 quod

233 4065 463 4123 Pratum
510 4069 742 4140 spiritale
781 4080 1012 4139 vocant,
1057 4080 1303 4127 sanctum
1332 4065 1567 4127 Leonem
1614 4065 1826 4125 caelitus

1944 3214 2141 3285 erigit,
2195 3210 2525 3280 consolatur,
2580 3214 2936 3284 hortaturque
2966 3229 3033 3268 ne
3066 3210 3358 3335 episcopali
3387 3210 3540 3265 oneri

1944 3287 2328 3335 tranauillioris
2354 3288 2477 3335 vitae
2506 3300 2693 3335 amore
2734 3286 2945 3335 illectus
2974 3300 3034 3335 se
3064 3285 3245 3335 subtra
3270 3291 3377 3335 tat:
3422 3292 3531 3335 tum

1944 3287 2328 3356 tranquillioris
2354 3288 2477 3343 vita:
2506 3300 2693 3341 amore
2734 3286 2945 3341 illectus
2974 3300 3034 3340 se
3064 3285 3377 3347 subtrahat;
3422 3292 3531 3335 tum

1942 3357 2285 3413 doetissimas
2332 3373 2457 3413 suas
2502 3358 2882 3428 responsiones
2933 3356 3145 3425 subjicit
3186 3360 3537 3428 circaASai-ra-

1944 3430 2124 3485 menta
2158 3430 2438 3499 baptismi.
2472 3426 2710 3499 ordinis,
2745 3429 3075 3499 pmnitentize
3104 3439 3156 3483 et
3187 3426 3537 3489 matrimonii,

1941 3501 2262 3557 clericorum
2294 3501 2700 3569 continentiam,
2736 3502 3003 3572 virginum
3046 3499 3538 3572 consecrationem,

1940 3581 1997 3628 et
2038 3574 2140 3628 alia
2193 3574 2497 3643 huiusmodi
2543 3573 2611 3628 ad
2664 3570 2841 3628 mores
2890 3582 2943 3628 et
2992 3575 3229 3641 regimen
3281 3570 3536 3625 Ecclesia:

1941 3646 2288 3714 pertinentia.

1929 3735 2092 3810 425
2150 3752 2317 3793 annos
2371 3752 2576 3793 CHRISTI
2616 3736 2750 3803 H5;
2802 3768 2871 3779 -—
2926 3753 3109 3792 Leoms
3158 3751 3305 3790 mea
3346 3734 3418 3799 -l;
3467 3762 3534 3773 -—-

2000 3825 2280 3865 rueonosu
2313 3810 2382 3864 56
2407 3851 2421 3875 ,
2460 3824 2829 3865 vsosnruvuni
2866 3811 2954 3875 19,
2995 3824 3178 3873 ιιιιιι).;
3225 3821 3427 3861 nutu)
3471 3819 3538 3857 ετ

2003 3896 2233 3937 PATBRIO
2255 3895 2398 3936 COSS.

2004 3997 2045 4050 Ι.
2106 3997 2284 4052 Prima
2335 3996 2529 4052 Leonis
2580 3994 2689 4067 (c)
2735 4009 3045 4067 congressui
3083 3994 3340 4067 adversus
3382 3989 3542 4044 Mani-

1930 4067 2114 4125 chatos
2146 4069 2264 4124 fuit.
2306 4068 2534 4123 Romam
2582 4064 2887 4137 complures
2937 4064 3153 4120 nefaria:
3206 4064 3345 4118 illius
3375 4072 3537 4115 secta:

1312 4248 1872 4312 BALLERINIORUM
1910 4240 2459 4309 ANNOTATIONES.

242 4373 411 4440 epist.
471 4368 634 4442 167,,
651 4370 852 4442 quippe
898 4384 1060 4442 quam
1108 4368 1355 4442 traditam
1407 4378 1659 4442 putamus
1720 4376 1842 4442 post

240 4446 389 4499 diem
419 4444 452 4498 9
480 4442 587 4497 kal.
620 4440 867 4496 Nevian.
900 4440 1028 4498 4'58.
1062 4441 1471 4497 Admonitiones
1501 4441 1586 4496 bis
1616 4440 1841 4511 singulis

242 4514 551 4587 praemissa:
577 4512 919 4587 conferendae
934 4523 1092 4587 sunt.

317 4586 399 4657 (α)
427 4586 577 4640 Hanc
599 4586 879 4656 epistolam
916 4584 1113 4651 duplici
1138 4585 1309 4640 forma
1339 4584 1537 4657 editam
1562 4582 1840 4657 dedimus;

241 4655 468 4713 et'eam
519 4655 727 4725 partem
776 4672 935 4726 quant
964 4657 1288 4723 Quesnellus
1327 4656 1625 4727 repudiavit
1671 4655 1836 4710 veluti

242 4727 672 4797 supposititiam,
691 4728 990 4782 luculenter
1011 4729 1420 4783 vindicavimus.
1440 4728 1573 4783 Vide
1596 4727 1839 4782 admoni-

1946 4367 2119 4494 {iores
2169 4366 2493 4433 inciderunt,
2530 4375 2587 4422 ut
2615 4380 2681 4422 ex
2712 4362 3075 4422 admonitione
3102 4366 3329 4438 quisque
3379 4366 3539 4425 int'el-

1968 4448 2093 4494 ΙΩΕΙ.

1968 4448 1979 4493 i
2021 4448 2093 4493 et.

1986 4456 2093 4582 8(c)
2145 4510 2284 4567 lluic
2333 4509 2699 4579 congressioni
2748 4508 3010 4565 adversus
3053 4510 3373 4569 Manielmos
3428 4513 3537 4571 duo

1947 4596 2362 4653 praecesserunt.
2394 4583 2573 4655 Primo
2610 4582 2729 4637 dote
2770 4582 3035 4655 epistolae,
3072 4599 3192 4655 qua:
3222 4585 3537 4642 desideran-

1948 4664 2057 4730 tur,
2089 4657 2229 4730 circa
2260 4654 3029 4730 dubiumPascltatisau._tld,
3060 4657 3312 4730 alteraad
3337 4657 3395 4714 S.
3429 4659 3535 4730 Cy-

1950 4728 2128 4782 rillum
2162 4726 2606 4789 Alexandrinum,
2640 4726 2706 4779 ad
2748 4723 3131 4781 Past-basinum
3164 4723 3534 4789 Lilybetanum

248 4787 456 4854 tionem
483 4838 498 4864 ,
548 4800 597 4853 in
645 4787 747 4869 qua
784 4800 945 4854 etiam
976 4798 1204 4866 duplicis
1245 4800 1496 4870 editionis
1524 4813 1616 4853 seu
1651 4798 1841 4854 lormte
1866 4787 1920 4850 D
1944 4798 2131 4854 altera.
2153 4796 2550 4870 Exstahatsola
2576 4787 2886 4870 Paschasiui
2912 4800 3212 4870 responsio.
3242 4787 3533 4870 Fragmen-

242 4884 466 4925 causaut
498 4870 891 4939 assignavimus
922 4886 975 4925 n.
1006 4871 1093 4925 Μ.
1125 4870 1254 4924 lnde
1283 4869 1486 4940 patebit
1513 4884 1618 4923 non
1660 4870 1835 4925 solum

245 4941 558 4998 Potentium
586 4982 601 5007 ,
636 4942 730 4995 sed
778 4950 900 5011 post
944 4948 1083 4996 hunc
1110 4942 1268 4996 etiam
1303 4941 1468 4995 David
1519 4940 1834 4995 Africanum

243 5015 566 5084 episcopum
594 5010 836 5083 aliosque
862 5012 1017 5067 Alrus
1054 5013 1274 5068 Romam
1316 5014 1749 5082 transmigrasse,
1783 5019 1839 5067 et

247 5085 425 5149 novis,
459 5099 581 5156 qua:
611 5093 1058 5156 supervenerunt,
1086 5086 1310 5156 notitiis,
1342 5084 1528 5154 prima:
1557 5084 1837 5153 scriptioni

246 5156 351 5235 alia
382 5154 620 5235 Leonem
654 5154 946 5235 addidisse,
970 5154 1374 5235 qumointegram
1398 5156 1694 5235 epistolam
1701 5170 1838 5235 con-

248 5227 504 5282 stituunt.
533 5226 802 5292 Quantum
834 5225 1258 5281 Romanze'sedis
1288 5228 1596 5281 auctoritati
1631 5226 1837 5281 tribue-

248 5308 374 5353 rent
420 5297 694 5363 Africani,
729 5305 786 5352 et
824 5305 1026 5366 quanto
1052 5298 1168 5351 zelo
1215 5298 1272 5353 S.
1309 5298 1544 5366 pontifex
1577 5303 1837 5353 emenda-

250 5370 383 5424 tioni
413 5368 843 5439 corruptelarum
872 5382 990 5438 qua:
1020 5369 1377 5439 irrepserunt,
1410 5385 1472 5423 ac
1512 5368 1837 5424 restitutioni

257 5439 559 5511 disciplima
585 5438 942 5509 prospiceret,
975 5438 1173 5511 exltoc
1203 5440 1526 5495 documento
1556 5440 1833 5495 discimus.

256 5510 332 5583 De
358 5510 722 5583 appellatione
742 5524 954 5580 quoque
980 5510 1350 5581 episcoporum
1375 5511 1568 5566 Africae
1590 5527 1654 5567 ex
1679 5525 1837 5567 causa

256 5580 500 5653 Lupicini
529 5583 782 5653 episcopi,
797 5595 1123 5653 cognoscere
1144 5583 1347 5653 licebit.

326 5652 402 5729 (b)
432 5655 572 5710 Cum
597 5652 878 5729 epistolam
897 5652 1067 5729 nobis
1099 5652 1197 5707 167
1227 5654 1293 5709 ad
1318 5653 1593 5729 Rusticum
1624 5652 1832 5729 Narbo-

251 5722 478 5783 nensem
509 5722 767 5793 scriptam
796 5722 1137 5795 probavimus
1165 5736 1284 5795 post
1308 5727 1446 5781 diem
1480 5741 1534 5780 Ix
1560 5724 1667 5780 kal.
1696 5725 1833 5781 Nov.

254 5810 342 5859 in.
369 5797 502 5867 458,
534 5796 657 5853 alia:
687 5793 866 5851 cauSa‘.
893 5793 1178 5850 dubitandi
1202 5798 1444 5855 Africana
1474 5798 1625 5855 clade
1655 5806 1837 5869 poste-

621 5888 895 5951 Ps'raoa.
940 5884 1072 5949 LV.

1946 4878 2059 4924 tum
2089 4869 2460 4939 responsionis
2491 4868 2549 4924 S.
2601 4866 2784 4939 Cyrilli
2820 4867 2869 4919 in
2901 4866 3266 4925 liac'editione
3306 4866 3531 4928 accedit.

1948 4940 2185 5011 Utraque
2212 4943 2385 5011 serius
2416 4940 2612 5009 scripta
2642 4940 2740 4992 luit
2776 4954 2866 4990 an.
2890 4940 3016 4993 445.
3054 4940 3362 4996 Paschalem
3391 4942 3533 4999 diem

1944 5010 2109 5066 anno
2156 5010 2479 5078 praecedenti
2532 5011 2691 5064 indici
2746 5012 3091 5081 consttevisse
3143 5012 3413 5081 colligitur
3468 5030 3535 5069 ex

1945 5085 2104 5152 epist.
2140 5082 2237 5139 151
2272 5092 2327 5139 et
2350 5081 2683 5153 138‘scriptis
2716 5096 2804 5134 an.
2832 5079 3052 5153 ιδιίιη
3088 5079 3328 5153 liiseniin
3359 5085 3536 5153 agitur

2046 5153 2303 5234 Paschatc
2333 5151 2587 5234 anzibii;
2612 5151 2881 5234 etcumin
2908 5152 3065 5234 epist.
3080 5152 3216 5234 151.,
3250 5168 3307 5234 c_._
3327 5151 3531 5234 2,_da_ta

1946 5225 2033 5281 die
2055 5224 2088 5280 9
2106 5225 2271 5280 Martii
2286 5241 2373 5280 an.
2396 5224 2521 5289 454,
2536 5225 2799 5278 imminere
2818 5222 3043 5278 traditur
3063 5223 3179 5278 dies
3198 5223 3531 5293 indictionis,

1945 5298 2035 5368 qui
2066 5296 2731 5368 formatisinscribebatur;
2753 5303 3085 5368 tum_v_ero_ex
3110 5295 3267 5368 epist.
3281 5294 3407 5368 15,8,
3427 5311 3532 5367 qua

1947 5362 2089 5425 idem
2117 5368 2321 5423 Pascha
2352 5366 2521 5423 Gallis
2564 5366 2821 5422 indictum
2852 5362 2968 5429 fuit,
3016 5362 3157 5420 bane
3183 5362 3531 5423 indictionem

1944 5440 2139 5495 laetam
2188 5438 2355 5509 liquet
2392 5454 2425 5492 v
2463 5435 2573 5491 kal.
2626 5440 2901 5509 Augustas
2939 5435 3349 5509 ejttsdetuganni
3400 5440 3526 5493 454.

1945 5511 2087 5567 Ante
2117 5504 2463 5565 indictionem
2492 5523 2642 5567 vero.
2666 5507 2755 5559 ubi
2776 5504 3041 5559 dubitatio
3072 5504 3353 5575 incideret,
3397 5524 3528 5564 con-

1943 5581 2190 5637 ciliaudze
2218 5589 2371 5635 erant
2400 5576 2754 5647 Orientalium
2793 5578 3099 5647 sententiae.
3140 5577 3273 5633 ιιὶηο
3304 5579 3386 5633 hic
3415 5582 3522 5647 epi-

1945 5653 2101 5709 stolas
2126 5652 2191 5707 ad
2215 5650 2471 5721 Cyrillum
2484 5644 2949 5721 _e_t_Paschasinuu_t
2999 5650 3208 5719 scripta!
3239 5666 3336 5721 pro
3366 5644 3531 5709 dubie

1947 5668 2101 5709 SlOlze
2126 5668 2191 5707 au
2215 5668 2255 5705 lt
2296 5668 2471 5706 riuum
2497 5668 2551 5702 et
2569 5668 2949 5700 t'ascttaetuuut
2999 5668 3208 5719 scrtptm
3239 5668 3336 5721 pro
3366 5668 3529 5709 uuute

1947 5724 2035 5779 die
2059 5668 2294 5794 paschali
2325 5720 2450 5776 anni
2471 5717 2597 5797 ut,
2628 5723 2683 5768 ut
2700 5716 3083 5797 responsiones
3115 5734 3414 5797 opportune
3435 5739 3529 5797 ap-

1946 5788 2282 5869 cipe'rentur,
2305 5807 2411 5849 non
2432 5788 2703 5847 modicum
2715 5794 2839 5844 ante
2862 5788 3213 5850 indictione'tn
3237 5792 3534 5866 dirigenda

3106 5889 3147 5953 Ἰ
