3968 6308
443 304 465 354 ς
478 306 547 365 U3

922 304 1161 363 PASCH.
1203 300 1590 373 QUESNELLI
1624 293 2203 355 DISSERTATIONES
2242 291 2307 348 IN
2346 292 2403 348 S.
2449 284 2695 346 LEONIS
2734 284 2945 344 MAGNI
2984 283 3238 343 OPERA.

3615 282 3717 344 2οι

444 418 697 481 homines
727 430 1006 487 veneram,
1036 422 1197 475 rebus
1224 418 1275 472 in
1322 415 1496 473 Africa
1519 411 1835 487 proﬂigatis,
1864 410 2027 487 deva-
2060 412 2114 473 Α
2140 404 2530 487 surrectiouem
2557 409 2685 487 Ριξιθ
2706 413 3173 487 Ρυνδίὲιξβνδίξῖηωβ
3199 398 3585 487 9P,?PP€'°‘¥‘§“
3602 414 3721 487 9⁸³⁸

446 504 695 565 Stataque
716 508 746 548 a
777 481 1019 565 Vandan
1045 489 1336 565 provincia.
1374 481 1759 565 lltereticorum
1781 481 1906 564 haec.
1924 481 2036 562 col-

448 557 622 626 luvies
643 566 736 622 diu
764 564 916 619 latuit
941 557 1213 617 sub'larva
1245 561 1450 630 piorum
1481 557 1780 630 hominum,
1822 557 1910 623 qui
1938 557 2039 606 im-

449 636 898 713 pietatemuvultu,
914 635 1166 713 incesqu
1196 626 1423 713 simplici
1481 626 1911 713 haliit_u.vi_taque
1926 638 2035 713 Ise-

449 694 663 769 veriore
683 694 1114 764 dissimulabant.
1133 694 1315 759 Palam
1327 703 1551 757 sincera:
1568 699 1713 765 fidei,
1733 694 2034 769 clanculum

449 766 732 853 ﬂagitiosae
761 778 1161 849 proﬂigatasque
1204 772 1485 853 doctrinae,
1528 769 1778 853 prompti
1806 766 1924 853 aliis
1942 767 2040 853 Iinf

452 838 662 910 stillare
685 838 833 907 virus
859 838 1044 913 suum;
1075 838 1330 912 lautaque
1362 838 1619 899 industria
1649 838 1919 913 celabatur
1941 838 2043 892 hoc

455 927 680 989 malum,
706 931 767 977 ut
796 921 994 991 percipi
1019 910 1201 991 posset
1231 910 1338 991 non
1364 923 1614 991 auctores
1644 911 1825 991 ﬂagitii
1853 910 2041 991 depref

456 984 830 1051 hendifToto
876 984 1040 1061 prope
1088 989 1334 1061 biennio,
1384 1002 1479 1061 seu
1526 984 1640 1061 suis
1675 998 1778 1061 se.
1805 989 2044 1051 tegerent

457 1067 687 1131 artibus,
719 1080 814 1120 seu
864 1053 1196 1119 illis-Leonis
1223 1058 1493 1128 vigilantia
1530 1053 2039 1131 formidolosaerat,

457 1122 613 1194 latuit
641 1122 945 1207 pontiﬁcem
992 1135 1107 1207 hmc
1156 1122 1445 1207 hominum
1483 1126 1778 1207 nequitia;
1805 1122 1900 1178 sed
1924 1138 2044 1193 qua:

460 1196 674 1265 tandem
721 1206 927 1277 prodita
960 1212 1043 1259 est
1084 1205 1300 1277 ineunte
1317 1199 1484 1277 tertio
1512 1196 1852 1277 pontificatus
1877 1209 2038 1277 anno.

459 1281 612 1349 Quod
656 1266 743 1333 ubi
783 1285 1118 1349 compertum
1166 1272 1356 1349 habuit
1406 1266 1534 1349 Leo,
1589 1270 1801 1349 monuit.
1829 1266 2044 1347 publice

460 1338 794 1407 Christianos
819 1365 886 1404 ne
905 1338 966 1401 se
999 1347 1106 1401 falli
1135 1346 1379 1400 sinerent
1409 1342 1529 1395 (icta
1553 1339 1766 1393 virtutis
1790 1338 2044 1407 imagine,

460 1433 524 1479 et
556 1422 731 1476 fallaci
773 1419 987 1489 pietatis
1034 1416 1258 1489 umbra;
1289 1412 1614 1489 quandoque
1625 1410 1839 1489 _vitam'
1861 1422 2047 1489 curru:

460 1504 628 1564 ptam,
664 1478 1071 1564 pravosmores
1084 1478 1321 1564 vitisque
1332 1483 1423 1564 his
1447 1480 1722 1564 fraudibps
1739 1478 2050 1564 tegi.‘N.ihil

460 1551 1020 1635 ergo,'iuquit_(Set'nt.
1046 1559 1079 1612 4
1104 1559 1159 1611 in
1185 1551 1444 1635 Epiphan.
1476 1551 1698 1635 σανίδι),
1726 1568 1846 1635 cum
1867 1552 2049 1635 hujus.-

459 1621 601 1689 modi
623 1621 912 1686 hominibus
933 1644 1198 1683 commune
1217 1621 1541 1695 sit'cuiquam
1567 1622 1879 1684 Christiano,
1908 1621 2053 1695 nulla

460 1723 581 1761 eum
614 1704 800 1758 talibus
855 1702 1101 1755 habeatur
1128 1700 1343 1752 societas
1382 1694 1681 1763 nullumque
1714 1694 2046 1747 consortium.

462 1776 642 1831 Prosit
678 1774 925 1827 universa:
953 1770 1197 1825 Ecclesiae
1228 1769 1364 1838 quod
1402 1767 1548 1821 multi
1578 1766 1807 1838 ipsorum
1836 1764 2052 1817 Domino

464 1848 736 1901 miserante
766 1844 946 1897 detecti
980 1852 1115 1909 sunt,
1150 1850 1197 1895 et
1221 1836 1277 1893 in
1304 1840 1483 1909 quibus
1520 1836 1801 1909 sacrilegiis
1832 1838 2049 1889 viverent

464 1917 757 1972 earumdem
780 1915 1096 1982 confessione
1119 1908 1428 1982 patefactum
1446 1919 1537 1963 est.
1556 1908 1765 1982 Modum
1790 1916 2049 1982 praeterea

464 1990 836 2057 rationemque
875 1978 1089 2057 edocuit
1120 1978 1466 2057 agnoscendi
1507 1978 1732 2057 eos__q_ui
1769 1980 2053 2057 sceleratae

462 2060 589 2115 huic
629 2049 790 2115 sectis
826 2072 1021 2112 nomen
1060 2049 1339 2118 dederant,
1373 2066 1582 2108 sacrum
1619 2051 1725 2105 illis
1768 2049 1819 2104 in
1853 2050 2053 2104 honore

432 2132 433 2135 “
460 2132 603 2187 lunae
625 2131 859 2199 solisque
882 2128 1111 2195 primum
1133 2125 1529 2199 secundumque
1552 2123 1863 2199 septimanae
1886 2120 2051 2199 diem,

462 2191 815 2270 etutrutnque
828 2191 1133 2268 jejunantes
1150 2191 1466 2270 transigere.
1483 2194 1539 2248 ln
1560 2210 1665 2247 uno
1686 2191 1910 2270 crimine
1925 2191 2054 2270 mulo

463 2273 634 2343 tiplex
661 2263 1025 2343 sacrilegium,
1050 2278 1102 2323 et
1126 2268 1265 2343 quod
1286 2263 1431 2343 astra
1458 2277 1728 2343 tamquam
1752 2263 1882 2343 deos
1912 2263 2055 2343 cole-

463 2334 607 2410 réut,
624 2352 677 2398 et
689 2342 831 2412 quod
843 2334 982 2395 diem
997 2334 1328 2412 Dominicum
1343 2337 1785 2412 disciplinamque
1799 2334 2056 2412 Ecclesiae

464 2406 749 2470 violarent.
768 2411 935 2467 Nulla
953 2427 1059 2477 vos,
1077 2410 1356 2480 ait(8erm.
1375 2409 1407 2463 4
1427 2408 1692 2475 Quadrag.
1711 2422 1829 2480 cap.
1851 2406 1926 2480 5),
1943 2421 2057 2458 con«

466 2486 688 2556 tugionis
701 2483 857 2550 huius
869 2476 1103 2556 aspergat
1115 2476 1464 2548 impietas,qui
1476 2495 1569 2556 sua
1582 2478 1799 2556 maxime
1812 2476 2059 2556 abstinenf

468 2548 545 2611 ιὶἇ
553 2548 856 2628 polluuntur
867 2548 1134 2628 servientes
1152 2553 1729 2628 creaturmpo_tiusquaiit
1746 2548 1994 2628 Creatori,
2013 2554 2059 2600 et

467 2619 807 2683 luminaribus
818 2624 983 2696 426
997 2624 1109 2678 εωιὶ
1121 2625 1331 2696 stultam
1350 2619 1709 2696 abstinentiam
1734 2619 2057 2696 devoventes;

467 2716 594 2767 quos
608 2714 751 2751 nemo
779 2688 1131 2767 esse—autbigat
1157 2693 1496 2767 Manichwos,
1522 2691 1608 2767 qui
1644 2691 1917 2767 inhonore
1938 2688 2060 2767 solis

469 2760 518 2824 et
549 2771 681 2822 luna:
694 2769 775 2821 die
795 2760 1064 2821 Dominicd
1087 2765 1369 2819 etsecunda
1385 2764 1514 2834 feria
1538 2760 1843 2834 deprehensi
1875 2760 2061 2834 fuerint

469 2843 727 2910 iejunare.
762 2836 875 2893 Uno
918 2838 1053 2910 enim
1090 2830 1433 2910 perversitatis
1466 2830 1617 2910 opere
1647 2833 1736 2910 bis
1785 2832 1949 2910 impii,
1985 2830 2062 2883 bis

468 2900 676 2982 profani
706 2916 845 2971 sunt,
875 2910 962 2979 qui
982 2900 1244 2982 jejunium
1270 2922 1420 2982 suum
1441 2915 1487 2958 et
1502 2900 1576 2957 ‘ad
1613 2903 1835 2957 siderum
1869 2900 2063 2955 cultum

470 2976 519 3036 et
548 2976 614 3035 ad
637 2976 1023 3035 resurrectionis
1035 2976 1239 3033 'Christi
1265 2978 1521 3032 instituere
1552 2984 1912 3045 contemptum.

543 3053 783 3109 Certiora
810 3050 1007 3106 deinde
1028 3049 1301 3119 subjungit
1332 3046 1544 3103 indicia.
1570 3044 1783 3101 Fideles
1803 3044 2061 3119 Ch_ristia-_

472 3125 549 3192 ni,
581 3140 701 3194 quae
732 3133 847 3177 erat
876 3115 1210 3194 consuetudo
1228 3115 1470 3175 'illorum
1500 3127 1800 3194 temporum
1819 3157 1834 3182 ,
1863 3115 2061 3194 Christi

2141 478 2208 532 lis
2241 475 2475 530 ludibria
2504 470 2765 536 credunt;
2815 470 3151 544 ut_baptismi
3190 472 3411 544 elevant
3453 472 3720 544 virtutem,

2144 562 2328 603 mores
2379 545 2824 614 disciplinamque
2875 541 3130 596 Ecclesiae
3170 542 3514 611 depravant;
3571 541 3725 603 totam

2141 620 2374 689 denique
2403 616 2763 673 Christianam
2806 614 3501 689 convelluntreligionem.
3561 615 3721 682 Nihil,

2143 693 2218 746 ait
2250 685 2309 745 D'.
2338 690 2469 753 Leo,
2498 688 2637 757 apud
2665 704 2751 741 eos
2792 694 3054 754 sanctum,
3092 685 3223 739 nihil
3278 687 3557 756 integrum,
3606 691 3725 743 nihil

2141 779 2336 819 verum.
2372 760 2591 816 Cavendt'
2617 767 2758 823 sunt,
2790 774 2851 811 ne
2876 758 3114 831 cuiquam
3150 766 3409 823 noceant;
3458 758 3723 831 prodendi,

2143 851 2206 889 ne
2232 837 2285 888 in
2313 834 2489 903 aliqua
2518 832 2733 885 civitatis
2759 840 2904 903 parte
2935 830 3236 883 consistant.

2218 906 2305 962 lll.
2347 900 2589 969 Amplius
2632 900 2985 969 conqueritur
3009 901 3365 970 quorumdam
3418 902 3728 971 simplicita-

2152 985 2261 1033 tem
2288 978 2376 1045 qui
2408 989 2603 1045 pravos
2635 974 2848 1045 illorum
2873 986 3058 1045 mores
3085 972 3428 1045 aemulantur.
3458 974 3725 1033 Manichei

2156 1044 2315 1103 mixti
2338 1044 2660 1103 Christianis
2677 1044 2743 1098 ad
2772 1044 3046 1098 basilicam
3074 1044 3133 1100 S.
3159 1044 3303 1099 Petri
3340 1046 3419 1101 ire
3442 1061 3729 1103 consueve-

2148 1129 2291 1186 rant,
2318 1119 2407 1173 ubi
2437 1118 2503 1172 ad
2535 1116 2854 1172 vestibulum
2887 1128 3105 1171 ventum
3155 1126 3292 1182 erat,
3344 1117 3490 1172 illico
3535 1130 3730 1176 vertere

2148 1207 2208 1246 se
2238 1191 2302 1244 ad
2348 1190 2479 1244 solis
2510 1202 2711 1250 ortum.
2762 1200 2817 1241 et
2848 1186 3198 1242 inclinatione
3235 1190 3485 1255 corporis
3534 1200 3589 1245 et
3618 1202 3731 1247 nutu

2149 1264 2429 1318 oculorum
2471 1260 2643 1315 solem
2688 1258 2922 1332 salutare
2973 1260 3255 1332 orientem.
3305 1260 3489 1314 Prisca
3536 1264 3730 1332 quidem

2151 1333 2339 1402 religio
2383 1342 2438 1385 et
2478 1332 2693 1397 antiqua
2722 1328 3154 1384 Christianorum
3200 1331 3520 1397 disciplina.
3553 1328 3724 1388 verum

2153 1421 2252 1460 usu
2281 1403 2512 1459 nefando
2564 1404 2845 1466 incestam,
2907 1403 3117 1467 partim,
3165 1410 3222 1455 ut
3263 1402 3503 1472 loquitur
3539 1418 3733 1460 sanctus

2153 1476 2281 1540 Leo,
2314 1473 2779 1546 ignorantiazpitio,
2801 1474 2991 1537 partim
3017 1474 3326 1543 paganitatis
3356 1477 3572 1541 spiritu.
3604 1476 3733 1531 Pari-

2155 1558 2237 1602 ter
2256 1543 2512 1601 damnosa
2541 1557 2595 1600 et
2621 1543 2888 1609 ﬁdelibus,
2914 1552 2967 1599 et
2995 1558 3185 1599 recens
3210 1546 3463 1601 initiatis:
3500 1551 3731 1615 quoniam

2153 1618 2233 1674 illi
2274 1617 2692 1672 Manichaeorum
2751 1616 3033 1684 sacrilegia
3084 1618 3352 1671 aestimare
3402 1618 3730 1684 videbantur,

2156 1691 2281 1745 dum
2310 1690 2452 1743 idem
2481 1696 2641 1757 atque
2672 1686 2744 1739 illi
2776 1688 3006 1755 agebant
3034 1705 3048 1741 :
3083 1686 3166 1741 bis
3196 1689 3452 1755 peccandi
3504 1693 3729 1758 occasio;

2162 1776 2285 1815 nam
2308 1761 2436 1815 dum
2466 1759 2631 1831 solem
2664 1758 2899 1831 salutare
2923 1774 3029 1812 non
3057 1760 3395 1831 vetabantur,
3423 1762 3608 1816 colere
3631 1778 3734 1831 per-

2082 1810 2130 1870 Β
2162 1810 2517 1887 sevisse";
2530 1810 3411 1901 ‘ibamcanusinatus"res
3432 1810 3736 1901 statim

2155 1904 2357 1959 erroris
2378 1901 2757 1957 offendiculum
2776 1901 3009 1955 tolleret.
3023 1900 3077 1955 Id
3097 1917 3224 1957 vero
3241 1917 3304 1975 ex
3320 1916 3418 1957 usu
3448 1920 3546 1973 pro
3563 1915 3735 1975 tempo-

2156 1990 2276 2031 rum
2300 1975 2647 2041 locorumque
2666 1976 3062 2040 opportunitate
3084 1978 3219 2028 rltus
3241 1974 3499 2030 Ecclesia:
3528 1990 3577 2030 et
3594 1977 3735 2031 disci-

2159 2047 2317 2116 plinae
2364 2044 2509 2114 leges
2556 2043 2748 2116 ligendi
2806 2044 3169 2113 religendique
3226 2060 3390 2115 penes
3446 2049 3735 2103 sacerdotes

2157 2114 2308 2188 aequa
2335 2131 2549 2184 semper
2570 2114 2667 2169 fuit
2689 2124 2956 2181 potestas;
2983 2117 3081 2170 etsi
3106 2114 3235 2171 fidei
3254 2132 3349 2171 sua
3379 2135 3596 2188 semper
3621 2121 3734 2173 ratio

2158 2199 2213 2245 et
2241 2205 2341 2242 una
2366 2188 2662 2256 eademque
2685 2188 2961 2256 integritas
2991 2198 3194 2253 manet,
3220 2204 3318 2244 nec
3354 2190 3441 2242 illa
3480 2194 3730 2243 hominum

2161 2260 2402 2323 arbitrio,
2439 2273 2540 2313 nec
2570 2270 2870 2327 temporum
2920 2260 3302 2314 mutationibus
3331 2260 3565 2315 obnoxia
3590 2272 3679 2317 est.

2232 2331 2321 2387 1V.
2379 2330 2669 2399 Postquam
2728 2329 2839 2384 Leo
2895 2330 3101 2384 crebris
3154 2333 3511 2387 concionibus
3561 2334 3623 2386 ab
3661 2334 3730 2386 illa

2160 2411 2305 2458 secta
2338 2402 2571 2455 fidelium
2605 2401 2810 2454 animos
2852 2401 3123 2464 avocavit,
3157 2403 3377 2471 inquirit
3402 2405 3454 2456 in
3494 2403 3629 2460 Urbe
3653 2419 3728 2459 eos

2161 2475 2249 2543 qui
2282 2474 2379 2527 hac
2405 2473 2527 2527 labe
2560 2473 2745 2525 imbuti
2779 2481 2931 2535 sunt;
2955 2474 3262 2539 complures
3283 2474 3542 2529 inventos
3570 2492 3728 2529 emcn-

2162 2546 2271 2609 dat,
2306 2552 2359 2597 ct.
2381 2544 2446 2597 ad
2472 2544 2756 2598 sanitatem
2786 2554 3025 2610 revocat,
3070 2554 3125 2597 et
3150 2546 3217 2597 ah
3249 2547 3497 2613 ipsismet
3543 2546 3730 2602 claude-

2164 2617 2303 2671 stiua
2349 2626 2665 2683 secretaque
2694 2614 2975 2681 sacrilegia
3022 2616 3297 2683 edocetur,
3343 2617 3517 2671 libros
3562 2633 3727 2671 eorum

2165 2687 2479 2741 innumeros
2510 2686 2807 2745 comburit;
2856 2696 3017 2755 utque
3041 2685 3108 2741 de
3145 2698 3286 2741 secta
3318 2699 3558 2747 constet.
3593 2700 3729 2742 testa.

2170 2767 2330 2825 taque
2371 2758 2444 2831 sit
2469 2756 2719 2811 omnibus
2750 2757 3168 2831 Manichmorum
3210 2758 3469 2831 nequitia,
3509 2760 3581 2831 (a)
3620 2774 3729 2829 con-

2164 2838 2380 2884 ventum
2409 2827 2739 2896 frequentem
2764 2829 3010 2883 advocat.
3043 2828 3152 2883 Leo
3174 2842 3227 2883 et
3252 2826 3527 2897 judicium
3547 2826 3597 2886 et
3620 2826 3729 2885 con-

2165 2914 2372 2956 sessum
2402 2897 2595 2973 (Epist.
2616 2900 2772 2973 i5__ad
2798 2897 3086 2973 Turibium,
3112 2909 3157 2955 et
3178 2901 3361 2955 homil.
3381 2904 3435 2968 5,
3459 2903 3526 2956 de
3544 2902 3729 2973 Jejttm'o

2166 2988 2325 3026 meus.
2374 2970 2624 3040 decimi),
2674 2969 3082 3040 Valentinianus
3126 2977 3396 3039 Augustus
3438 2969 3722 3028 consessum

2165 3053 2320 3098 vocat
2348 3040 2562 3113 (Novel.
2594 3044 2647 3094 in
2694 3039 2977 3112 Manich.),
3016 3042 3277 3097 Baronius
3308 3044 3589 3101 concilium
3616 3044 3721 3101 dicit

2169 3114 2293 3184 (An.
2321 3112 2472 3186 445).
2499 3112 2611 3167 Sed
2643 3128 2749 3167 non
2778 3128 2913 3182 opus
2943 3116 3172 3170 concilio
3201 3114 3367 3186 (quod
3413 3132 3593 3173 revera
3620 3131 3726 3171 san-

470 3185 683 3265 corpori
706 3206 757 3247 et
787 3194 1055 3265 sanguini,
1082 3201 1138 3265 ut
1161 3193 1470 3265 loquuntur,
1500 3190 1599 3265 sub
1617 3185 1847 3265 utraque
1878 3188 2059 3265 specie
2088 3202 2133 3264 ρ
2166 3198 2284 3241 ctus
2329 3185 2565 3265 P_r03per
2605 3198 2709 3239 non
2754 3186 3184 3265 commemorat),
3213 3185 3489 3265 quoniam
3529 3187 3726 3265 n_ou_de

472 3260 963 3321 communicabant.
998 3262 1301 3328 Manichtei,
1348 3278 1414 3316 ne
1447 3263 1618 3327 palam
1652 3262 1801 3315 fieret
1826 3275 1920 3313 sua
1954 3260 2059 3315 im-

472 3337 668 3407 pietas,
697 3350 727 3389 a
762 3336 929 3389 sacris
958 3334 1228 3407 mysteriis
1258 3349 1365 3407 non
1412 3331 1789 3407 abstinentesﬁn
1817 3331 1926 3407 sub
1957 3346 2059 3407 una

474 3400 656 3473 specie
685 3420 879 3474 corpus
910 3400 1212 3468 sumebant,
1247 3405 1338 3458 sed
1372 3407 1688 3474 sanguinem
1732 3400 1929 3474 Christi
1961 3401 2061 3474 sub

475 3472 645 3532 altera
677 3472 889 3530 haurire
924 3474 1031 3529 illis
1065 3474 1251 3544 religio
1282 3484 1399 3527 erat
1425 3488 1439 3537 ;
1464 3473 1713 3541 quoniam
1745 3472 1922 3544 vinum
1953 3472 2063 3525 daa-

477 3549 655 3604 monis
682 3562 817 3615 opus
842 3546 1077 3614 malique
1106 3543 1347 3613 principii
1397 3544 1672 3615 inventum
1718 3543 2058 3615 reputabant.

477 3612 773 3675 Admonuit
800 3612 1132 3671 Christianos
1154 3615 1263 3669 Leo
1281 3615 1439 3681 hujus
1463 3612 1749 3683 perniciosi
1775 3614 2059 3682 dogmatis.

477 3688 626 3753 Cum,
659 3689 852 3756 inquit,
886 3686 1047 3753 (Ibid.
1079 3702 1194 3754 cap.
1224 3686 1301 3756 5),
1329 3686 1395 3739 ad
1427 3686 1689 3757 tegendam
1710 3684 2065 3753 inﬁdelitatem

475 3776 625 3815 suam
654 3759 838 3813 nostris
866 3759 1088 3811 audeant
1116 3759 1357 3812 interesse
1399 3756 1670 3827 mysteriis,
1705 3757 1776 3809 ita
1806 3757 1859 3809 in
1888 3772 2062 3809 sacra-

476 3839 764 3884 mentorum
793 3830 1145 3883 communione
1188 3844 1237 3882 se
1265 3836 1564 3891 temperant,
1596 3838 1650 3880 ut
1679 3828 1935 3881 interdum
1979 3837 2061 3881 tu-

478 3902 579 3954 tius
606 3901 833 3966 lateant;
864 3915 949 3953 ore
980 3900 1188 3970 indigno
1210 3916 1394 3971 corpus
1423 3898 1612 3952 Christi
1638 3900 1912 3970 accipiunt,
1944 3916 2063 3952 san-

478 3972 685 4043 guinem
722 3980 889 4025 autem
936 3970 1305 4043 redemptionis
1359 3979 1545 4024 nostra:
1600 3970 1808 4043 haurire
1855 3972 2061 4023 omnino

480 4040 779 4109 declinant;
807 4042 942 4107 quod
984 4040 1098 4095 ideo
1119 4040 1337 4095 vestram
1362 4042 1615 4095 voluimus
1639 4042 1771 4095 scire
1815 4043 2062 4094 sanctita-

476 4121 597 4179 tem,
632 4124 686 4167 ut
717 4116 852 4168 vobis
888 4112 1437 4186 hujusmodihomines
1469 4123 1514 4186 et
1534 4129 1596 4166 ex
1625 4112 1702 4186 Itis
1734 4114 2066 4186 manifeste):-

478 4194 563 4240 tur
588 4186 813 4252 indiciis,
845 4192 890 4239 et
919 4183 1136 4256 quorum
1166 4184 1360 4237 detecta
1384 4183 1539 4251 fuerit
1564 4185 1814 4256 sacrilega
1856 4185 2065 4256 simulat-

478 4257 568 4319 tio,
595 4259 755 4310 notati
786 4268 831 4310 et
864 4255 1055 4324 prediti
1082 4272 1115 4308 a
1138 4266 1430 4309 sanctorum
1475 4255 1714 4309 societate
1762 4255 2066 4309 sacerdotali
2114 4276 2117 4283 ·

479 4330 783 4380 auctoritate
824 4326 1102 4396 pellantur.
1151 4327 1371 4383 Demum
1396 4327 1703 4382 vehementi
1733 4342 1919 4382 omnes
1948 4342 2069 4382 ora-

478 4399 623 4451 tione
651 4398 967 4450 adhortatur
1015 4399 1087 4452 uti
1137 4398 1189 4451 in
1239 4396 1608 4466 perquirendis
1656 4398 1764 4452 illis
1801 4396 2068 4453 haereticis

480 4482 699 4548 operarii
728 4483 858 4548 non
883 4467 1169 4548 .deuegent
1211 4484 1382 4548 suam:
1436 4468 1630 4539 Magna
1672 4470 1840 4548 enim,
1876 4472 2064 4548 inquit,

482 4537 643 4609 pietas
665 4547 735 4590 est
765 4537 981 4609 prodere
1010 4537 1226 4609 latebras
1256 4537 1549 4609 impiorum,
1596 4548 1644 4592 et
1690 4540 1861 4607 ipsum
1898 4537 1962 4593 in'
1996 4542 2068 4593 eis

483 4607 566 4659 cui
592 4607 814 4661 serviunt
861 4607 1120 4662 diabolum
1167 4607 1437 4662 debellare.
1495 4608 1630 4661 Tum
1682 4618 1738 4663 ut
1767 4611 1953 4664 odiosa
1998 4611 2068 4665 sit

481 4676 731 4732 omnibus
756 4678 871 4733 hch
901 4677 1147 4743 haeresis,
1178 4678 1441 4748 praecipua
1459 4677 1574 4746 ejus
1597 4679 1767 4747 capita
1796 4689 2061 4746 recenset,

481 4756 537 4803 et
563 4752 712 4818 quasi
746 4750 797 4803 in
854 4750 1003 4806 brevi
1049 4750 1247 4804 tabella
1302 4748 1552 4804 delineat.
1602 4748 2062 4816 Quemadmodum

480 4818 757 4893 Manichrei
788 4820 981 4893 legem,
1013 4820 1243 4891 psalmos
1286 4830 1341 4893 et
1382 4819 1677 4893 prophetas
1720 4836 1777 4876 re
1815 4822 2067 4893 dictoque

482 4891 787 4959 repudiant,
819 4906 925 4960 qua
952 4891 1225 4962 impietate
1264 4891 1537 4946 Christum
1566 4894 1819 4962 Opinione
1862 4891 2066 4949 tantum

479 4956 663 5017 natum
685 4956 957 5033 asserunt,
981 4956 1289 5035 ﬁgjejus
1315 4956 1642 5034 passionem,
1678 4976 1928 5034 mortem,
1983 4984 2069 5022 rc-

2095 4584 2150 4643 D

2175 3255 2558 3327 proscribenda
2604 3269 2738 3309 nova
2797 3258 3009 3321 haeresi,
3066 3255 3157 3313 aut
3208 3255 3275 3312 de
3319 3261 3594 3315 asserenda
3633 3259 3724 3313 title

2165 3326 2442 3397 agebatur,
2475 3326 2567 3381 sed
2599 3328 2666 3381 de
2694 3342 2848 3395 poena
2873 3329 3025 3397 juxta
3050 3344 3313 3384 canonem
3343 3330 3585 3385 Ecclesia:
3610 3345 3718 3383 san-

2166 3400 2391 3463 cienda;
2432 3413 2606 3467 neque
2652 3399 2937 3454 concilium
2986 3410 3066 3455 est
3090 3402 3177 3455 ubi
3208 3415 3333 3455 cum
3380 3401 3711 3455 sacerdotibus

2164 3486 2291 3595 pars
2332 3479 2548 3552 senatus
2590 3478 2644 3524 et
2671 3485 2793 3538 pars
2824 3472 2995 3538 plebis
3017 3480 3116 3553 est.
3152 3472 3408 3542 Quidquid
3437 3476 3520 3553 sit,
3562 3468 3710 3541 428

2190 3549 2432 3595 reauentt
2461 3549 2605 3595 etetu
2633 3542 2853 3595 adfuere
2898 3543 3321 3595 Manichaeorum
3356 3544 3501 3595 electi
3522 3543 3710 3595 electiu-

2190 3540 2432 3612 requenti
2461 3549 2605 3595 etetu
2633 3542 2853 3596 adfuere
2898 3540 3322 3598 Manichaeorum
3356 3544 3501 3598 electi
3522 3540 3718 3597 electra-

2165 3630 2293 3682 que,
2327 3613 2473 3667 velut
2522 3612 2739 3667 nefaria:
2793 3615 3187 3683 superstitionis
3225 3616 3505 3671 antistites.
3548 3612 3724 3683 Rogati

2166 3685 2234 3741 de
2274 3694 2418 3739 secta
2458 3691 2771 3739 reserarunt
2806 3684 3121 3740 detestanda
3152 3686 3423 3755 dogmata,
3470 3688 3624 3741 multa
3667 3683 3728 3738 de

2167 3772 2353 3811 eorum
2394 3757 2735 3810 caaremoniis
2783 3757 3172 3824 horrendisque
3227 3759 3524 3823 institutis,
3573 3755 3726 3824 turpia

2168 3827 2367 3897 ﬂagitia
2400 3829 2740 3896 obscenaque
2783 3842 2935 3883 sacra
2972 3829 3315 3885 confessione
3345 3832 3550 3899 publica
3577 3829 3732 3899 palam

2168 3898 2307 3954 facta
2342 3909 2488 3971 sunt.
2538 3899 2707 3954 Pudet
2752 3898 2978 3955 referre.
3032 3901 3233 3955 Aderat
3280 3898 3458 3971 puella
3502 3898 3737 3957 decennis

2167 3970 2352 4043 vitiata
2378 3986 2393 4035 ;
2423 3970 2688 4043 aderatet
2707 3982 2996 4040 corruptor
3023 3972 3243 4043 virginis
3256 3970 3377 4027 cum
3407 3973 3612 4029 duabus
3636 3986 3737 4026 mu-

2168 4042 2407 4098 lierculis
2435 4041 2687 4104 consciis,
2719 4053 2772 4097 et
2818 4044 2933 4110 ipso
2978 4041 3235 4113 episcopo
3266 4044 3487 4100 infando
3518 4043 3740 4099 criminis

2169 4113 2497 4187 ordinatore.
2519 4114 2621 4187 Per
2644 4113 3091 4187 ordinemomnia
3121 4117 3363 4184 exposita
3393 4134 3405 4168 :
3438 4118 3533 4187 qui
3559 4115 3742 4170 fuerint

2169 4185 2329 4265 ritus,
2354 4184 2442 4265 qui
2464 4185 2698 4265 episcopi
2723 4185 3136 4265 sacerdotesque
3158 4187 3437 4258 sacrilega:
3456 4184 3741 4265 religionis,

2169 4256 2366 4326 quibus
2407 4256 2623 4329 inlocis
2660 4257 2851 4310 vetitos
2882 4266 3053 4329 cattus
3100 4256 3512 4329 agerentjquas
3551 4256 3602 4315 in
3633 4272 3741 4327 pro.

2170 4330 2373 4383 vincias
2416 4326 2565 4381 labes
2595 4328 2707 4381 haec
2739 4328 3059 4396 penetravit.
3099 4326 3321 4385 Hortatu
3350 4326 3528 4386 sancti
3561 4326 3738 4387 Leonis

2172 4399 2327 4473 multi
2355 4398 2648 4473 adibonam
2684 4400 2887 4473 frugem
2917 4400 3212 4473 redierunt,
3248 4411 3303 4455 et
3330 4417 3516 4456 coram
3560 4404 3746 4473 ejurata

2175 4470 2368 4543 haeresi
2399 4470 2898 4543 dicto,gscriptoque
2924 4471 3305 4539 condemnata,
3341 4470 3667 4543 paenitenda:
3690 4474 3749 4527 lc-

2174 4542 2329 4614 gibus
2349 4541 2578 4614 subjecti
2605 4550 2731 4595 sunt
2751 4557 2777 4614 7;,
2801 4541 2912 4607 alii,
2942 4544 3136 4611 quibus
3164 4541 3351 4613 potior
3373 4548 3650 4614 turpitudo
3676 4559 3747 4599 re-

2176 4611 2412 4681 ligionis,
2436 4615 2536 4667 acti
2567 4612 2619 4666 iu
2649 4613 2919 4677 exsilium,
2951 4615 3002 4667 in
3030 4611 3201 4683 eaque
3233 4615 3352 4671 loca
3382 4611 3648 4673 deturbati
3672 4614 3747 4669 ubi

2174 4685 2492 4759 contagione
2540 4699 2668 4751 grex
2713 4683 2909 4759 Christi
2969 4686 3321 4759 contaminari
3381 4704 3489 4743 non
3539 4695 3747 4759 poterat.

2174 4753 2381 4809 Edictis
2411 4763 2665 4822 praeterea
2694 4754 2994 4826 principum
3016 4759 3252 4812 coercita
3285 4758 3493 4813 insania
3531 4753 3632 4817 est.
3665 4759 3749 4809 Va-

2175 4826 2503 4881 lentinianus
2533 4842 2639 4879 uno
2670 4828 2953 4897 autaltero
2998 4843 3141 4883 anno
3194 4843 3337 4897 post,
3375 4832 3751 4888 constitutione

2176 4897 2254 4975 ad_
2284 4898 2537 4975 Albinum
2566 4895 2878 4975 prtefectum
2920 4902 3173 4975 praetorio
3196 4895 3396 4975 directa
3424 4918 3523 4961 eos
3555 4902 3751 4975 publico

2177 4967 2405 5024 crimine
2433 4968 2602 5023 teneri
2634 4968 2894 5038 declarat,
2921 4967 3175 5029 'militare
3216 4973 3467 5045 prohibet
3535 4967 3682 5032 arcet
3726 4986 3753 5027 a

1548 5079 2109 5137 BALLERINIORUM
2146 5080 2676 5137 ANNOTATIONES

476 5179 660 5240 erant;
702 5185 765 5226 ac
788 5169 1009 5240 proinde
1033 5169 1240 5225 traditae
1265 5170 1546 5227 credenda:
1573 5184 1695 5227 sunt
1726 5173 1946 5230 ineunte
1970 5190 2061 5229 an.

479 5239 605 5313 μδ,
642 5242 720 5297 vel
754 5239 925 5313 etiam
947 5242 1219 5313 annlii‘z,
1259 5251 1314 5297 et
1336 5242 1475 5297 forte
1517 5244 1601 5296 illa
1652 5249 1952 5313 praesertim
2003 5246 2069 5299 ad

478 5308 744 5383 Cyrillum
773 5328 860 5367 an.
900 5310 1024 5367 441.
1053 5312 1197 5368 Sane
1231 5329 1327 5381 pro
1356 5314 1610 5368 solvendo
1632 5308 1796 5369 dubio
1822 5316 2070 5369 Pachatis

476 5394 569 5437 an.
600 5383 705 5439 455
753 5384 863 5439 Leo
892 5384 1129 5439 scribere
1177 5386 1341 5455 coepit
1371 5401 1460 5441 an.
1506 5384 1633 5450 451,
1682 5394 1739 5439 ut
1794 5385 1960 5455 liquet
2005 5402 2071 5441 ex

478 5457 637 5510 epist.
670 5456 764 5510 88.
788 5471 837 5510 c.
866 5457 921 5510 4.

478 5464 637 5524 epist.
670 5464 764 5520 88,
788 5471 837 5511 c.
866 5464 921 5510 4.

555 5526 832 5598 Alterum,
890 5524 1031 5597 quod
1081 5527 1522 5598 congressionem
1573 5542 1694 5581 cum
1746 5525 2057 5583 Manichaeis

477 5597 776 5668 praecessit,
810 5608 894 5668 est
936 5598 1159 5668 epistola
1196 5597 1231 5653 Ἀ
1274 5600 1339 5652 ad
1382 5601 1686 5666 Campanos
1723 5600 1841 5652 data
1870 5600 1958 5652 die
1994 5598 2056 5654 10

477 5664 723 5721 Oetobris
753 5684 839 5722 an.
872 5664 994 5723 445⁷.
1041 5669 1364 5726 Maniclucos
1411 5664 1556 5724 enim
1601 5669 1841 5724 delectos
1894 5671 2061 5725 fuisse

480 5736 665 5809 solum,
684 5738 781 5791 sub
808 5739 962 5809 hujus
993 5743 1115 5795 anni
1149 5743 1330 5807 finem,
1366 5744 1495 5798 satis
1527 5740 1858 5798 osmndimus
1890 5741 1944 5797 in
1972 5741 2062 5798 ad-

479 5807 778 5864 monitione
796 5811 861 5867 ad
880 5807 1038 5883 epist.
1074 5816 1125 5880 l,
1146 5830 1198 5868 u.
1222 5815 1311 5869 αδ.

2246 5173 2322 5247 (a)
2354 5173 2432 5229 De
2464 5174 2563 5247 hoc
2588 5184 2854 5247 conventu
2871 5185 2924 5229 et
2944 5174 3012 5231 de
3041 5174 3207 5246 gestis
3232 5175 3283 5229 in
3313 5190 3378 5231 eo
3402 5173 3624 5240 habitis,
3646 5173 3755 5247 qui—

2174 5245 2273 5301 bus
2305 5245 2580 5301 Manichaei
2622 5245 2819 5301 detecti
2865 5245 3105 5313 fuerunt,
3136 5247 3258 5301 vide
3300 5263 3418 5316 qua:
3448 5246 3681 5301 diximus
3710 5246 3756 5299 in

2177 5315 2393 5387 dissert.
2435 5317 2503 5373 de
2546 5318 2800 5387 Epistolis
2831 5319 3122 5386 deperditis
3148 5335 3200 5372 u.
3228 5316 3282 5370 4.
3319 5315 3422 5372 llic
3470 5324 3754 5371 conventus

2177 5385 2386 5442 habitus
2410 5385 2627 5456 quidem
2658 5388 2868 5444 fuitsub
2905 5385 3066 5445 linem
3096 5391 3219 5445 anni
3238 5388 3361 5453 445,
3384 5397 3442 5443 at
3464 5400 3737 5443 sermones

2176 5459 2263 5512 ubi
2293 5458 2360 5513 de
2390 5460 2576 5515 iisdem
2600 5460 2709 5529 jam
2738 5462 2963 5516 detentis
2984 5476 3164 5516 sermo
3193 5472 3300 5527 est,
3333 5460 3457 5515 huic
3474 5466 3755 5517 conventut

2178 5533 2519 5598 praecessisse
2564 5532 2886 5598 Quesnellus
2932 5548 3209 5601 perperam
3264 5543 3467 5590 narrat.
3524 5534 3589 5587 Et
3642 5530 3757 5586 licet

2166 5615 2443 5683 sermones
2470 5604 2512 5683 5.
2542 5604 2608 5683 de
2634 5603 2841 5683 jejunio
2880 5603 3328 5683 decit_ni_meu§is,
3349 5614 3416 5683 _et
3443 5602 3477 5657 4
3506 5604 3574 5659 de
3620 5603 3757 5657 Nati-

2166 5674 2329 5727 vitate
2359 5674 2572 5728 Domini
2611 5676 2802 5733 eodem
2836 5690 2978 5730 anno
3017 5675 3180 5730 habiti
3226 5675 3449 5739 fuerint,
3479 5685 3755 5729 sermones

2166 5750 2344 5798 tamen
2381 5746 2414 5798 4
2444 5746 2509 5800 de
2546 5746 2955 5819 Epipliauia,__et_
2977 5744 3011 5798 4
3042 5746 3109 5819 de
3141 5747 3570 5819 Quadragcsima
3595 5747 3651 5801 in
3671 5756 3761 5801 se-

2165 5823 2416 5885 quentem
2447 5815 2775 5874 animari“
2801 5815 3091 5886 rejiciendi
3112 5828 3259 5875 sunt.
