3968 6308
510 377 623 445 907

986 368 1227 436 PASCII.
1270 362 1658 445 QUESNELLI
1696 362 2277 433 DISSER'I‘ATIONES
2317 372 2382 430 IN
2418 372 2477 431 S.
2522 366 2770 430 LEONIS
2812 362 3031 429 MAGNI
3068 366 3318 426 OPERA.
3700 370 3791 430 208

515 494 752 559 favebat,
782 488 902 545 hac
941 488 1105 545 habet
1132 491 1184 545 in
1225 490 1531 545 Chronico:
1563 489 1678 544 Hoc
1707 507 1863 555 anno,
1909 489 2100 560 inquit,
2134 495 2182 553 Α
2211 491 2541 546 admonitum
2569 488 2767 544 virtute
2802 486 2997 543 Leonis
3022 487 3293 560 simillima
3312 484 3497 541 hostes
3529 484 3791 545 afﬂixisse.

520 565 728 622 Pascha
757 561 965 617 Domini
996 575 1048 616 Ix
1075 562 1277 618 calend.
1309 561 1438 615 Maii
1459 563 1763 615 celebratum
1790 574 1882 624 est,
1915 579 2005 615 nec
2023 574 2105 615 er-

516 648 690 693 ratum
714 643 806 697 est,
835 633 959 704 quia
987 634 1108 687 inde
1130 649 1183 687 si
1204 634 1536 704 colendarum
1553 632 1820 704 Maiarum
1840 634 1948 687 dies
1982 633 2115 688 Pas-

516 711 679 765 sionis
704 707 823 775 fuit,
850 703 914 759 ob
943 706 1091 777 cujus
1128 706 1461 761 reverentiam
1512 703 1721 759 Natalis
1754 704 1891 759 urbis
1935 705 2113 760 Roma:

515 783 629 836 sine
653 778 962 833 circensibus
994 778 1216 831 transiit.

590 851 656 907 II.
699 850 813 921 sub
837 846 913 921 (a)
937 845 1097 902 ﬁnem
1125 846 1367 921 ejusdem
1390 846 1516 902 anni
1547 847 1861 921 Anastasius
1882 846 2113 904 Thessa-

516 920 813 979 lonicensis
841 918 1125 989 episcopus
1154 918 1431 990 Nicolaum
1461 920 1837 990 presbyterum
1869 934 1990 974 cum
2024 921 2113 974 lit-

517 995 651 1050 teris
680 993 745 1047 ad
778 988 1013 1047 Leonem
1052 990 1219 1045 mittit
1257 988 1541 1061 (Epistﬁb,
1576 988 1712 1045 nunc
1740 990 1817 1061 6),
1853 999 2113 1061 rogatque

520 1074 581 1122 ut
603 1078 753 1120 more
780 1062 1127 1134 decessorum
1168 1075 1389 1134 suorum
1421 1062 1539 1131 ejus
1571 1063 1715 1117 vices
1750 1062 1802 1116 in
1840 1062 2110 1134 Illyricum

518 1146 695 1208 gerat.
716 1132 962 1208 Benigne
983 1133 1278 1208 respondet
1300 1132 1430 1208 Leo,
1460 1148 1811 1208 annuensque
1833 1132 1951 1208 ejus
1978 1135 2113 1208 peti-

522 1204 656 1264 tioni
684 1206 968 1276 signiticat,
1003 1204 1455 1276 quemadmodum
1488 1204 1619 1258 olim
1657 1204 1881 1276 Siricius
1926 1205 2114 1260 Auisio

519 1278 638 1348 ejus
660 1275 1223 1349 prgdecessorirbeue
1246 1275 1313 1329 de
1342 1276 1630 1349 apostolica
1662 1275 1790 1349 sede
1812 1276 2007 1331 merito
2035 1278 2112 1349 vi-

520 1346 613 1407 ces
640 1346 693 1404 iii
723 1348 995 1403 Ecclesias
1028 1346 1227 1418 Illyrici
1263 1347 1628 1418 commiserat,
1665 1348 1745 1402 sic
1782 1362 1842 1403 se
1870 1362 1996 1402 suas
2039 1347 2113 1403 illi

517 1420 879 1477 committere.
913 1416 1107 1472 Monet
1122 1416 1319 1472 deinde
1345 1427 1404 1471 ut
1433 1433 1618 1472 eorum
1651 1428 1907 1488 sequatur
1933 1434 2115 1473 exem-

515 1492 628 1562 pla,
654 1506 894 1562 quorum
918 1489 1214 1559 privilegiis
1245 1489 1439 1562 utitur;
1482 1498 1669 1562 caveat
1706 1500 1761 1542 ut
1803 1491 2116 1544 sacerdotes

517 1559 710 1641 vitaet
740 1560 1003 1641 moribus,
1031 1575 1138 1641 no‘n
1163 1559 1617 1641 gratia,‘ambitu,
1649 1562 2118 1641 autemptis‘sul-

516 1634 705 1704 iragiis
733 1632 895 1704 5.32
925 1630 1289 1704 sacerdotium
1321 1630 1720 1704 adipiscantur;
1752 1630 1941 1704 itidem
1963 1630 2112 1702 diga-

520 1701 644 1761 mos
684 1701 899 1758 arcet—tt
940 1701 1262 1767 sacerdotio,
1297 1711 1351 1757 et
1388 1702 1657 1773 digamum
1692 1716 1815 1757 esse
1858 1703 1992 1770 vult,
2024 1701 2115 1773 qui

522 1775 679 1831 duxit
709 1788 935 1829 uxorem
980 1784 1104 1829 ante
1138 1773 1485 1841 baptismum,
1518 1782 1574 1829 et
1604 1788 1709 1844 qua
1754 1774 1962 1828 sublata
2006 1774 2114 1843 jam

520 1846 765 1903 initiatus
798 1844 1063 1914 baptismo
1089 1844 1314 1900 alteram
1341 1844 1511 1900 duxit.
1552 1844 1630 1916 (b)
1668 1844 1907 1915 Denique
1936 1860 2116 1901 sacer-

523 1918 703 1985 dotes,
737 1918 874 1973 sicut
899 1917 1206 1987 episcopos,
1239 1932 1345 1971 non
1386 1916 1486 1970 alia
1512 1931 1674 1987 quam
1719 1918 1805 1971 die
1840 1916 2113 1973 Dominica

525 1988 929 2047 consecrandos
959 1986 1288 2057 pronuntiat.
1308 1986 1443 2043 Aliis
1474 1986 1904 2057 insuperlitteris
1927 1998 2120 2043 metro.

523 2061 1011 2133 politanoshmonet
1044 2072 1256 2114 se‘suas
1288 2059 1433 2133 vices
1466 2060 1729 2133 episcopo
1770 2059 2120 2133 Thessaloni-

526 2128 681 2189 ἰθηεί
710 2131 946 2199 dedisse,
978 2144 1078 2185 nec
1105 2140 1283 2185 tamen
1316 2128 1439 2185 ideo
1466 2128 1830 2186 Ecclesiarum
1876 2130 2119 2186 imminui

518 2203 665 2273 jura,
713 2203 880 2256 immo
918 2200 1229 2273 conservari
1282 2202 1383 2273 hac
1421 2203 1634 2273 ratione
1682 2201 2021 2273 disciplinam
2067 2213 2119 2259 et

524 2268 676 2344 leges
698 2273 956 2345 Ecclesiie
980 2272 1177 2345 (Epist.
1198 2268 1255 2345 ξ’),
1276 2272 1527 2345 episcopis
1552 2272 1801 2343 Illyrici).
1822 2268 2018 2345 :Altera
2042 2285 2123 2327 est

525 2341 754 2414 epistola
785 2341 1074 2400 Leonis‘ad
1097 2341 1316 2399 eosdem
1340 2341 1784 2414 metropoliianos
1811 2341 2005 2414 (Epist.
2032 2346 2119 2409 12,

524 2432 665 2470 nunc
696 2415 782 2484 1'5,
812 2416 881 2469 ad
910 2416 1066 2487 episc.
1100 2426 1190 2483 per
1226 2414 1496 2487 Achaiam)
1528 2415 1651 2470 data
1682 2430 1824 2469 anno
1858 2416 1991 2479 446,
2020 2432 2122 2486 qua

523 2496 808 2559 susceptas
836 2486 991 2559 inquo
1019 2488 1200 2559 animo
1229 2486 1435 2541 litteras
1465 2486 1660 2541 Leonis
1689 2494 1920 2559 constat.

597 2557 705 2613 IIII
728 2558 808 2614 Ad
849 2557 923 2629 (c)
964 2558 1154 2613 eadem
1186 2572 1373 2629 prope
1413 2567 1669 2629 tempora
1697 2557 1873 2613 refero
1912 2574 1971 2612 ea
2005 2572 2125 2626 qua:

523 2630 778 2686 dicuntur
801 2628 1045 2701 in'onere
1075 2630 1137 2682 de
1170 2628 1606 2701 Promissionibus
1639 2628 1755 2695 Dei,
1775 2630 1916 2698 quod
1941 2631 2123 2701 vulgo,

530 2702 628 2757 sed
674 2702 831 2767 falso,
881 2700 1149 2768 Prospero
1181 2701 1453 2755 tribuitur.
1503 2700 1615 2755 Illic
1654 2704 1854 2755 mentio
1902 2700 2122 2766 Leonis,

529 2773 671 2841 quod
705 2774 965 2828 adversus
995 2770 1314 2841 Pelagianos
1345 2771 1725 2841 Julianumque
1757 2787 1942 2826 eorum
1977 2775 2123 2841 prin-

529 2848 704 2911 cipem
731 2859 879 2899 arma
903 2846 1152 2914 moverit.
1184 2841 1250 2896 In
1280 2842 1439 2897 Italia
1475 2860 1693 2914 quoque,
1736 2843 1863 2898 dicit
1904 2844 1991 2899 ille
2031 2860 2126 2897 au-

525 2923 665 2981 ctor,
696 2916 837 2970 nobis
872 2916 1013 2986 apud
1042 2913 1382 2986 Campaniam
1418 2913 1725 2980 constitutis,
1761 2915 1885 2986 dum
1916 2932 2126 2970 venera-

526 2987 644 3041 bilis
668 2997 716 3041 et
745 2984 1027 3058 apostolico
1057 2985 1250 3039 honore
1272 2986 1612 3058 nominandus
1642 3002 1781 3057 papa
1812 2984 1915 3040 Leo
1949 2986 2127 3040 Mani-

524 3058 694 3111 cltwos
719 3056 1048 3120 subverteret,
1085 3068 1133 3112 et
1164 3066 1439 3110 contereret
1476 3056 1791 3127 Pelagianos
1822 3066 1867 3110 et
1908 3061 2127 3112 maxime

524 3127 817 3194 lulianum,
841 3139 949 3202 etc.
975 3128 1077 3199 (De
1110 3128 1336 3202 Promis.
1372 3139 1416 3181 et
1446 3127 1624 3202 Prwd.
1656 3129 1752 3183 Dei
1783 3130 1945 3202 divid.
1972 3141 2123 3202 temp.

524 3202 680 3271 c.76).
728 3202 804 3255 Es
835 3201 1032 3269 quibus
1060 3200 1241 3255 verbis
1266 3210 1485 3271 constat
1514 3200 1776 3256 adversus
1806 3200 2127 3271 Pelagianbs

2147 1886 2194 1948 B

2221 565 2298 619 En
2331 563 2492 619 verba
2520 561 2715 630 Pltotii,
2741 574 2861 631 quae
2882 575 2946 615 ex
2978 559 3224 626 genuinis
3254 567 3497 613 actorum
3537 560 3793 631 exempla-

2215 636 2365 690 ribus
2400 635 2608 689 videtur
2630 630 2904 701 accepisse
2925 631 3259 685 ε-Εκειιριλιι
3290 646 3541 685 Αςτιιιιυιι
3570 646 3635 685 se
3659 630 3796 686 0cm-

2216 721 2408 762 DENTIS
2450 707 2720 760 Episcorts
2758 718 3028 758 sovensus
3058 703 3404 758 NES'I‘ORIANA
3427 716 3698 764 noenu.
3724 705 3795 757 ubi

2215 777 2324 857 Itan:
2356 778 2644 857 habentur:
2686 775 2815 857 Cum
2856 775 3097 857 temporis
3138 775 3324 857 deinde
3350 790 3635 857 progressu
3665 785 3796 857 secta!

2215 850 2373 930 hujus
2405 850 2633 930 homines
2658 864 2747 930 per
2780 845 2988 930 hwresis
3015 862 3123 901 sua:
3147 846 3530 930 pbjurationem
3555 845 3796 928 'Ecclesits

2216 916 2439 976 reitituti
2459 916 2852 984 essent,'iterum
2880 920 3075 972 malum
3106 918 3169 971 ab
3197 916 3325 984 ipsis
3346 916 3658 1040 princifium
3681 933 3796 971 sum-

2220 993 2338 1040 usit-
2374 1001 2429 1040 ut
2461 991 2711 1040 Septimio
2733 991 2967 1040 eniscono
2997 1005 3269 1040 renascens
3295 990 3474 1040 eadem
3526 1004 3635 1040 ues.
3668 1001 3793 1040 ante-

2220 993 2339 1060 psit,
2374 1001 2429 1045 ut
2461 991 2711 1063 Septimio
2733 991 2967 1063 episcopo
2997 1005 3269 1063 renascens
3295 990 3477 1063 eadem
3503 990 3635 1063 lues,
3658 1001 3793 1063 mante-

2216 1059 2371 1133 quam
2395 1059 2596 1133 longius
2617 1059 2860 1132 serperet,
2886 1061 3041 1129 fuerit
3064 1060 3409 1126 reprimenda,
3444 1060 3579 1113 (latis
3597 1060 3667 1133 ad
3690 1059 3797 1113 Leo-

2218 1132 2335 1189 nem
2368 1132 2548 1188 Roma:
2587 1144 2705 1187 tunc
2729 1133 2898 1186 sedem
2941 1133 3281 1197 apostolicam
3317 1139 3569 1185 tenentem
3600 1132 3795 1195 litteris;

2216 1207 2307 1276 qui
2334 1205 2436 1259 Leo
2474 1206 2686 1276 ferpenti
2718 1205 2825 1258 zelo
2856 1214 3034 1257 contra
3056 1204 3257 1276 impios
3295 1203 3604 1276 depugnavit
3649 1202 3798 1276 (Pho-

2219 1272 2317 1331 tius
2346 1278 2436 1331 lib.
2475 1272 2498 1331 ’1
2536 1274 2784 1329 Biblioth.
2828 1276 2942 1328 cod.
3004 1274 3117 1344 54).
3154 1272 3277 1345 (Hic
3323 1272 3797 1345 Nestoriana’ditit

2220 1349 2471 1417 dogmata
2493 1362 2587 1416 pro
2600 1346 2923 1417 Pelagianis,
2940 1357 3163 1417 propter
3175 1345 3261 1399 alii
3272 1346 3489 1417 nitatem
3506 1344 3797 1411 doctrinm.)

2219 1416 2516 1488 Rescripsit
2543 1418 2651 1472 Leo
2679 1416 2965 1487 Septimio,
3002 1416 3098 1472 sed
3134 1426 3187 1470 et
3217 1416 3474 1487 episeopo
3519 1417 3798 1488 provincia

2221 1487 2661 1559 metropolitano,
2706 1503 2864 1557 quem
2897 1488 3137 1544 Nicetam
3184 1488 3424 1542 mendosi
3457 1487 3681 1542 codices
3722 1501 3799 1553 ap-

2222 1562 2446 1628 pellant.
2481 1562 2755 1631 Leguntur
2794 1559 2958 1614 hodie
2997 1559 3061 1613 ad
3093 1572 3188 1614 eos
3229 1560 3512 1631 episcopos
3552 1559 3797 1627 epistolae.

2221 1631 2523 1701 Utrumque
2561 1630 2811 1686 accendit
2839 1631 2889 1684 in
2938 1631 3274 1699 Pelagianos,
3310 1630 3403 1684 sed
3448 1631 3797 1698 metropolita-

2222 1719 2349 1759 num
2383 1704 2615 1758 maxime
2645 1703 2938 1769 redarguit,
2965 1702 3107 1771 quod
3129 1702 3537 1756 reviviscentem
3569 1701 3795 1755 hreresint

2221 1791 2327 1830 non
2350 1776 2641 1844 opprimat,
2672 1774 2814 1844 quod
2855 1774 2920 1827 ad
2958 1773 3392 1829 communionem
3425 1772 3653 1826 admissi
3692 1772 3794 1825 Ca:-

2220 1846 2455 1909 lestiani,
2501 1861 2607 1901 non
2639 1847 2788 1916 prius
2829 1845 2898 1899 de
2938 1845 3212 1900 erroribus
3242 1854 3430 1899 exacta
3481 1844 3795 1899 condemna-

2224 1920 2389 1973 tione.
2414 1918 2592 1973 Monet
2622 1928 2678 1970 ut
2710 1918 2976 1987 synodum
3020 1916 3167 1970 illico
3211 1916 3603 1987 provincialem
3647 1923 3796 1983 cogat,

2226 2005 2292 2043 ne
2323 1990 2532 2059 longius
2571 1986 2754 2059 serpat
2790 1988 3010 2049 malum,
3056 1996 3109 2041 et
3146 2002 3214 2041 ne
3259 1987 3525 2059 quisiicta
3566 1986 3801 2059 emenda-

2228 2062 2373 2116 tione
2395 2056 2518 2114 d'olo
2542 2059 2682 2113 malo
2716 2058 2890 2113 labem
2919 2058 3241 2123 dissimulet,
3278 2072 3308 2111 a
3361 2056 3669 2126 Pelagianis
3696 2056 3798 2111 Co:-

2226 2131 2573 2201 Iestianisque
2603 2144 2761 2201 nemo
2776 2130 2841 2183 ad
2870 2130 3165 2184 Ecclesiam
3190 2128 3525 2195 admittatur,
3554 2130 3659 2184 nisi
3680 2129 3799 2199 prius

2229 2204 2437 2273 publica
2487 2200 2843 2257 detestatione
2882 2203 3153 2255 haereseos
3193 2201 3507 2273 approbatis
3562 2215 3720 2273 manu
3761 2209 3802 2254 et

2227 2270 2641 2343 subscriptione,
2691 2287 3040 2342 quaecumque
3080 2272 3146 2325 ad
3191 2270 3547 2326 excidendam
3597 2272 3795 2340 hydram

2230 2345 2389 2411 hanc,
2433 2355 2544 2399 tum
2578 2344 2829 2415 Ecclesia
2864 2343 3202 2407 universalis,
3248 2352 3357 2397 tum
3404 2343 3489 2415 (ά)
3531 2344 3799 2415 apostolica

2230 2417 2389 2471 sedes
2419 2414 2767 2486 synodalibus
2787 2417 3022 2470 decretis
3052 2415 3295 2469 sancivit.
3365 2485 3368 2486 ν
3418 2414 3421 2415 ⁷
3576 2414 3579 2415 ⁷
3750 2478 3756 2483 _

2304 2487 2389 2542 IV.
2453 2485 2566 2542 Hoc
2608 2486 2724 2540 loco
2770 2486 3011 2541 Annales
3062 2485 3473 2541 Ecclesiasticos
3525 2487 3796 2542 emendare

2229 2568 2467 2628 oportet,
2523 2574 2616 2612 seu
2663 2558 2855 2612 horum
2898 2557 3241 2612 doctissimus
3286 2558 3538 2612 conditor
3598 2559 3799 2612 aliorum

2232 2630 2460 2696 mendis,
2508 2644 2601 2683 seu
2630 2644 2722 2682 sua
2756 2628 3129 2699 sitideceptus
3167 2631 3501 2699 conjectura.
3535 2629 3799 2683 Auctorem

2231 2702 2437 2756 scilicet
2486 2703 2669 2768 operis
2721 2700 2784 2752 de
2834 2698 3277 2753 Promissionibus
3322 2700 3437 2763 Dei,
3494 2699 3796 2769 Prosperum

2231 2788 2353 2827 esse
2384 2772 2591 2838 scribit,
2626 2781 2783 2841 atque
2810 2771 2881 2825 ita
2908 2772 3057 2825 illum
3090 2772 3261 2839 longis
3291 2770 3580 2825 itineribus
3601 2788 3692 2841 per
3719 2773 3801 2823 lia-

2231 2845 2355 2898 lium
2390 2843 2732 2911 Africamque
2778 2843 3165 2907 circumducit;
3220 2852 3331 2896 tum
3380 2842 3457 2896 illi
3507 2859 3641 2897 nova
3684 2842 3799 2897 bella

2231 2926 2417 2969 contra
2453 2915 2767 2983 Pelagianos
2804 2914 3050 2967 attribuit
3078 2930 3093 2968 :
3124 2929 3243 2982 quae
3273 2915 3452 2967 omnia
3501 2929 3570 2969 ex
3608 2916 3702 2968 boc
3727 2928 3801 2967 eo-

2232 2987 2354 3041 dem
2382 2997 2622 3040 manant.
2658 2984 2770 3037 Non
2802 2985 2944 3039 enim
2978 2983 3229 3053 Prosperi
3264 2994 3346 3039 est
3371 2984 3506 3039 illud
3540 3001 3691 3053 opus,
3722 2986 3798 3037 sed

2234 3060 2396 3126 ignoti
2428 3059 2789 3127 anonymique
2820 3057 3098 3124 cujusdam
3147 3056 3406 3127 Africani,
3459 3060 3611 3125 cujus
3656 3056 3798 3127 Siylus

2233 3124 2553 3197 dicendique
2575 3124 2863 3182 character
2907 3142 3064 3197 quam
3098 3128 3255 3195 longe
3284 3143 3313 3181 a
3345 3124 3791 3197 Prosperiano‘di-

2235 3209 2362 3263 stet,
2414 3201 2588 3269 quivis
2625 3214 2810 3267 (equus
2858 3214 3037 3254 rerum
3070 3201 3365 3253 aestimator
3405 3198 3561 3254 facile
3596 3199 3801 3267 judicet.

523 3286 555 3325 a
576 3270 758 3327 Leone
782 3282 993 3341 gestum
1030 3271 1230 3326 bellum
1263 3270 1315 3325 in
1347 3270 1671 3341 Campania;
1702 3287 1823 3326 nam
1855 3282 1908 3327 et
1939 3269 2126 3327 auctor
2155 3276 2200 3340 ο
2234 3272 2401 3342 Hujus
2428 3274 2627 3341 quippe
2646 3272 2826 3342 oratio
2853 3269 3091 3333 humilis,
3112 3270 3294 3340 jejuna
3320 3280 3373 3342 et
3398 3272 3657 3340 simplex;
3688 3272 3806 3324 Pro-

522 3342 617 3396 ille
637 3342 759 3396 ideo
786 3342 999 3397 videtur
1022 3342 1335 3396 meminisse
1356 3342 1689 3409 Campania),
1718 3343 1863 3398 nobis
1893 3346 1945 3398 in
1970 3343 2124 3397 Cam-

526 3413 687 3485 pania
718 3414 1027 3485 constitutis,
1058 3421 1111 3485 et
1139 3412 1387 3485 Iulianus
1425 3412 1611 3485 chlani
1653 3415 1941 3485 episcopus
1981 3426 2119 3480 erat,

569 3482 672 3554 uod
715 3483 970 3554 oppidum
1007 3482 1106 3537 fuit
1132 3481 1458 3551 Campaniae.
1494 3481 1869 3554 Neque-vero,
1905 3487 2119 3554 opinor,

556 3552 981 3627 ’elagianismum
1009 3554 1478 3627 per_Campania_m
1503 3552 1842 3611 solummodo
1873 3552 2122 3627 grassan-

525 3632 637 3680 tem
670 3622 966 3695 proﬂigare
1004 3622 1293 3695 nitebatur,
1334 3625 1429 3679 sed
1463 3635 1516 3681 et
1547 3642 1645 3695 per
1678 3622 1906 3683 caeteras
1956 3628 2121 3683 Italia:

571 3692 863 3770 revincias,
902 3705 958 3751 et
996 3692 1236 3770 Amasimé
1275 3710 1374 3770 per
1404 3692 1839 3767 Aquileiensem;
1881 3699 2023 3770 quod
2054 3715 2121 3755 ex

526 3710 858 3820 Brovtnmas,
902 3710 958 3751 et
1004 3710 1236 3751 maxime
1275 3710 1374 3765 per
1404 3710 1839 3767 Aqttttetensem;
1881 3710 2023 3770 quod
2054 3715 2121 3755 ex

574 3768 675 3821 iois
698 3766 1166 3841 Leonisepistolis
1188 3766 1418 3841 accipio,
1444 3783 1672 3839 quarum
1706 3771 1875 3825 altera
1902 3772 1969 3825 ad
2005 3772 2122 3841 epi-

526 3851 755 3911 scopum
786 3837 1188 3911 Aquileiensem
1222 3837 1536 3911 est,_altera
1568 3840 1634 3896 ad
1667 3841 1989 3911 Septimium
2030 3837 2121 3898 Al-

526 3910 628 3963 tini
657 3911 1001 3976 episcopum;
1038 3909 1193 3977 cujus
1222 3910 1300 3964 rei
1332 3909 1556 3965 Photius
1596 3909 1927 3968 mentionem
1972 3913 2119 3976 facit,

526 3994 663 4057 cum
674 3980 996 4057 Pelagianos
1013 3980 1142 4036 dicit
1166 3986 1441 4036 renovatis
1454 3984 1729 4057 erroribus
1747 3985 1939 4041 iterum
1962 3984 2123 4057 533

526 4052 753 4122 gratiam
779 4052 981 4109 Christi
1012 4066 1378 4123 oppugnasse;
1407 4054 1501 4110 sed
1528 4056 1762 4111 Leonem
1795 4072 1822 4109 a
1857 4052 2123 4127 Septimio

2230 3341 2374 3412 speri
2421 3341 2675 3411 loquendi
2715 3357 2887 3411 genus
2950 3341 3252 3407 abundans,
3306 3341 3479 3407 dives,
3522 3343 3716 3396 viribus
3758 3350 3807 3394 et

2234 3414 2415 3469 nervis
2449 3415 2654 3479 valens,
2682 3414 2922 3482 locuples
2948 3415 3251 3469 sententiis.
3280 3412 3491 3467 Frustra
3515 3414 3625 3480 quis
3651 3413 3801 3465 dixe-

2228 3486 2295 3539 rit
2328 3496 2606 3539 exaratum
2637 3484 2739 3540 hoc
2779 3499 2915 3553 opus
2956 3501 2982 3536 a
3033 3484 3301 3553 Prospero
3339 3485 3535 3549 iuvene.
3571 3497 3690 3535 cum
3731 3482 3799 3533 sit

2229 3555 2464 3611 hominis
2492 3566 2649 3611 actate
2674 3558 2932 3625 provecti,
2970 3565 3026 3609 ut
3050 3566 3103 3611 et
3129 3558 3246 3626 ipse
3272 3564 3446 3610 auctor
3472 3553 3534 3607 de
3554 3566 3612 3607 se
3642 3561 3805 3626 testa-

2230 3635 2336 3691 tur,
2368 3636 2421 3681 et
2464 3644 2529 3683 ex
2560 3623 2741 3681 multis
2770 3628 2901 3680 locis
2934 3623 3166 3682 constat:
3210 3627 3511 3683 Gennadius
3536 3633 3682 3678 certe
3713 3623 3810 3675 ho-

2226 3715 2346 3753 rum
2377 3710 2677 3769 temporum
2718 3714 2937 3768 suppar,
2975 3697 3139 3769 434
3179 3709 3372 3753 texens
3415 3696 3709 3769 catalogum
3754 3694 3814 3748 li-

2232 3770 2453 3825 brorum
2489 3767 2794 3838 _PrOSperi,
2822 3770 2945 3824 libri
2988 3767 3067 3823 de—
3096 3767 3532 3823 Promissionibus
3574 3767 3667 3821 Dei
3714 3782 3813 3819 non

2232 3842 2501 3898 meminit.
2550 3841 2733 3912 Neque
2774 3856 2893 3910 quae
2924 3856 3225 3913 auonymus
3258 3840 3345 3895 ille
3374 3840 3441 3894 de
3488 3855 3564 3913 se
3587 3852 3819 3894 comme-

2238 3924 2413 3968 morat
2446 3914 2583 3969 bene
2608 3911 2875 3983 Prospero
2899 3911 3226 3967 conveniunt
3259 3930 3271 3964 :
3304 3927 3425 3965 nam
3450 3911 3819 3983 adolescentia:

2232 3999 2405 4041 annos
2432 3987 2669 4051 scriptor
2698 3980 2787 4039 ille
2817 3985 2869 4038 in
2905 3984 3078 4039 Africa
3110 3984 3391 4053 transegit,
3431 3994 3489 4037 ut
3514 3984 3633 4051 ipse
3677 3980 3820 4036 testis

2233 4066 2338 4122 est,
2371 4072 2491 4111 cum
2526 4056 2595 4111 de
2624 4055 2877 4111 Ctelestis
2905 4057 3106 4127 templo
3128 4055 3545 4123 Carthaginensi
3574 4058 3629 4110 in
3654 4054 3821 4110 Africa

1599 4166 2165 4225 BALLERINIORUM
2204 4166 2753 4224 ANNOTA'I‘IONES.

597 4260 679 4333 (a)
708 4256 824 4315 Non
846 4256 953 4333 sub
980 4257 1288 4333 linemtsed
1315 4259 1415 4316 sub
1437 4258 1646 4333 initium
1676 4260 1834 4333 hujus
1864 4260 2010 4326 anni,
2042 4262 2123 4315 ni-

527 4328 728 4390 mirum
777 4328 951 4400 pridie
997 4330 1117 4385 idus
1155 4330 1417 4400 Januarii,
1455 4332 1522 4386 ad
1564 4328 1911 4387 Anastasium
1958 4340 2012 4386 et
2054 4334 2120 4387 ad

528 4400 903 4473 metropolitas
926 4415 1020 4473 per
1042 4402 1308 4472 Illyricum
1324 4404 1431 4458 Leo
1447 4403 1753 4473 respondit;
1787 4418 1849 4458 ac
1878 4412 2121 4473 propter-

529 4489 596 4529 ea
624 4470 897 4547 Auastasii
928 4470 997 4547 ad
1030 4470 1265 4547 Leonem
1299 4470 1629 4547 epistola'ac
1658 4474 1857 4547 Nicol‘ai
1881 4470 2124 4547 presby-

532 4545 637 4599 teri
669 4543 1008 4613 transmissio
1050 4543 1344 4613 pertinent
1369 4546 1434 4597 ad
1474 4561 1562 4599 an.
1597 4547 1722 4600 445.
1763 4543 1913 4601 Iluic‘
1944 4543 2121 4601 autem

529 4616 673 4670 facto
695 4611 1068 4683 praemittenda
1098 4625 1215 4669 erat
1248 4616 1346 4668 alia
1386 4614 1582 4670 Leonis
1615 4618 1837 4685 epistola
1872 4619 1935 4671 ad
1967 4634 2120 4672 eum-

2232 4260 2351 4316 illos
2382 4260 2677 4330 provinciae
2708 4258 3095 4330 Aquileiensis,
3127 4260 3218 4330 qui
3250 4243 3368 4314 siiie
3405 4258 3611 4316 debitis
3639 4261 3827 4316 cautio-

2232 4333 2393 4387 nibus
2421 4334 2621 4403 recepti
2654 4332 2885 4397 fuerant,
2912 4344 2968 4385 ut
2991 4331 3261 4399 Septimus
3291 4332 3503 4385 Altinas
3528 4342 3824 4391 monuerat,-

2231 4405 2459 4459 alterum
2489 4405 2749 4458 adversus
2778 4418 2875 4458 eos
2914 4403 3229 4472 Pelagianos
3259 4403 3351 4472 qui
3398 4403 3639 4458 Romam
3674 4406 3825 4472 ipsam

2233 4476 2452 4531 turbare
2484 4485 2779 4545 ceperant,
2813 4474 3010 4545 quique
3039 4474 3299 4529 oil‘erente
3328 4475 3611 4544 Prospero
3653 4479 3827 4530 adver-

2232 4560 2323 4602 sus
2344 4561 2437 4601 eos
2464 4546 2824 4602 accusationis
2858 4546 3068 4601 libellos
3116 4561 3405 4610 evanuere,
3442 4557 3499 4601 ut
3532 4563 3609 4602 ex
3652 4548 3825 4602 horum

2229 4628 2503 4688 gestorum
2533 4618 2721 4674 ordine
2742 4633 2899 4688 quem
2928 4617 3134 4687 profert
3156 4618 3375 4672 Photius
3398 4618 3706 4673 dicendum
3736 4629 3825 4672 est.

531 4685 656 4761 dem
678 4685 1042 4750 Auastasium,
1074 4701 1179 4761 qua
1208 4701 1330 4761 eum
1361 4689 1828 4761 monueratutrde
1854 4697 1991 4743 statu
2025 4689 2124 4743 Ec-
2154 4689 2201 4749 D
2228 4685 2307 4744 Ad
2342 4688 2442 4745 hos
2476 4685 2780 4760 postremos
2822 4685 3160 4759 Pelagianos,
3211 4704 3317 4744 non
3353 4703 3484 4743 vero
3528 4692 3601 4745 ad
3646 4692 3832 4761 primos

531 4756 806 4830 etesiarum
831 4762 1135 4830 vestrarum,
1162 4758 1513 4830 inquitepist.
1539 4759 1572 4813 5
1601 4758 1667 4813 ad
1698 4758 1894 4830 Illyrici
1926 4770 2125 4816 metro—

532 4828 838 4901 politas_,_c_.
870 4826 925 4894 5,
957 4828 1197 4883 certiores
1237 4826 1456 4901 subinde
1495 4846 1589 4883 sua
1624 4826 1869 4885 relatione
1912 4849 2005 4886 nos
2046 4833 2125 4901 fa-

531 4908 686 4972 ceret.
729 4898 865 4972 IIu_i_c
917 4907 1104 4972 autem
1141 4900 1429 4972 _monitioni
1476 4901 1778 4972 obsequens
1814 4898 2128 4960 Anastasius

536 4971 781 5047 laudatas
809 4968 1018 5047 litteras
1044 4970 1109 5047 ad
1138 4970 1372 5047 Leonem
1401 4987 1498 5047 per
1529 4968 1803 5047 Nicolaum
1830 4976 2120 5047 presbyte-

680 5041 895 5168 (ὲῖτὲξὶι.
919 5039 1116 5098 Confer
1146 5042 1361 5099 dissert.
1402 5039 1471 5100 de
1520 5046 1771 5115 Epistolis
1811 5039 2122 5117 deperditis,

530 5127 588 5168 η.
624 5115 657 5167 5
686 5122 741 5169 et
770 5115 823 5168 6.

607 5184 684 5256 (b)
712 5183 981 5257 Nonnulla
1027 5183 1137 5257 hic
1164 5200 1195 5239 a
1242 5186 1531 5254 Quesnello
1578 5188 1774 5243 omissa
1827 5188 2123 5257 supplenda

533 5265 683 5329 sunt.
742 5256 1040 5329 Episcost
1086 5256 1281 5329 Illyrici
1335 5272 1365 5312 a
1410 5260 1765 5329 metrOpolitis
1819 5256 2124 5315 inconsultu

533 5325 1006 5399 'l’hessalonicensi
1036 5325 1275 5383 ordinari
1314 5338 1456 5384 vetat
1495 5330 1553 5388 S.
1590 5325 1725 5388 Leo.
1767 5330 1917 5399 Ipsos
1947 5340 2123 5386 autem

2232 4760 2581 4817 referendum
2622 4761 2835 4816 videtur
2878 4762 3246 4814 testimonium
3291 4762 3537 4817 auctoris
3600 4760 3722 4817 libri
3776 4760 3834 4813 de

2233 4832 2724 4898 Promissionibus;
2767 4847 2998 4902 cumque
3036 4832 3138 4885 hoc.
3182 4830 3381 4903 factum
3416 4831 3834 4903 Pelagianorum

2234 4904 2301 4958 ab
2339 4918 2405 4959 eo
2451 4904 2736 4975 copuletur
2783 4918 2905 4958 cum
2957 4904 3143 4975 gestis
3170 4902 3447 4975 adversus,
3480 4902 3831 4964 Manichaeos.

2232 4974 2888 5043 utrumquereferendum
2914 4984 2993 5029 est
3028 4975 3094 5028 ad
3128 4974 3286 5028 linem
3326 4974 3451 5027 anni
3494 4976 3639 5040 445,
3662 4987 3718 5033 et
3746 4976 3839 5046 pri-

2236 5061 2383 5102 mum
2427 5048 2621 5103 factum
2671 5047 2931 5101 adversus
2966 5046 3285 5117 Pelagianos
3322 5047 3640 5114 provincia:
3691 5048 3842 5117 Aqui-

2234 5117 2453 5173 leiensis
2477 5118 2544 5173 ad
2567 5119 2889 5173 anteriorem
2920 5118 3046 5173 442.
3079 5116 3213 5171 Vide
3242 5116 3310 5171 de
3336 5117 3419 5170 bis
3456 5120 3631 5186 plura
3677 5123 3729 5176 in
3756 5119 3841 5171 ad-

2236 5191 2430 5262 monit.
2454 5190 2519 5243 ad
2550 5191 2724 5262 episu
2751 5206 2787 5257 ι,
2828 5205 2882 5244 n.
2919 5188 2989 5244 25
3014 5198 3268 5262 _etscqq.
3308 5186 3651 5247 Addendum
3699 5204 3845 5262 porro

2232 5260 2338 5316 hoc
2359 5262 2477 5315 loco
2501 5270 2587 5316 est
2607 5261 2971 5316 testimonium
3000 5260 3200 5315 Gelasii
3235 5274 3384 5331 papae
3420 5262 3473 5314 in
3502 5269 3679 5331 epist.
3703 5259 3752 5316 ’5
3784 5259 3841 5314 ad

2230 5331 2528 5405 Hottorium
2551 5334 2863 5405 episcopum
2890 5331 3188 5405 Dalmatiae,
3214 5330 3306 5385 ubi
3330 5332 3445 5386 hcce
3468 5330 3687 5390 Leonis
3710 5343 3846 5405 gesta

535 5398 921 5471 metropolitas
940 5399 1008 5453 ab
1047 5399 1303 5471 episcopo
1339 5398 1806 5458 Thessalonicensi
1843 5402 1998 5471 jubet
2036 5417 2126 5458 or-

535 5469 732 5544 dinari;
772 5469 984 5526 Mandat
1020 5480 1077 5525 ut
1128 5472 1195 5526 ad
1236 5469 1497 5544 synodum
1547 5474 1788 5543 quisquis
1838 5469 2125 5542 episcopus

535 5540 700 5614 fuerit
729 5550 1004 5614 evocatus,
1026 5540 1293 5599 aceurrat.
1318 5544 1519 5599 Causas
1543 5540 1777 5613 majores
1799 5554 1854 5598 et
1876 5540 2125 5614 appella-

538 5612 713 5695 tiones
735 5613 1056 5695 apostolicae
1084 5615 1232 5671 sedis
1267 5614 1470 5684 judicio
1512 5629 1577 5671 ex
1612 5612 1898 5670 traditione
1928 5612 2123 5675 veteris

538 5685 766 5739 instituti
797 5696 1053 5741 reservat.

528 5792 534 5835 έ
610 5754 694 5837 (c)
714 5754 824 5810 Hoc
846 5756 973 5837 _l'oco
995 5756 1143 5837 facta.
1153 5763 1207 5837 et
1227 5755 1629 5837 cltronologiam
1651 5756 2125 5837 Quesnellusper-

528 5826 713 5900 (vertit
730 5837 782 5900 et
810 5826 1074 5900 aliorsum
1093 5827 1380 5900 distrahit.
1397 5826 1511 5884 Duo
1535 5829 1731 5885 Leonis
1760 5842 1907 5900 gesta
1933 5826 2127 5887 adver-

530 5900 636 5959 δας
680 5896 991 5970 Pelagianos
1044 5895 1419 5971 distinguenda
1458 5912 1624 5957 sunt:
1671 5895 1897 5973 primum
1936 5914 2124 5959 contra

2229 5404 2546 5473 respiciens,
2584 5420 2707 5459 eum
2742 5404 2883 5459 inter
2932 5402 3365 5471 prindecessorcs
3402 5418 3544 5459 suos
3595 5402 3850 5461 adversus

2229 5474 2573 5541 Pelagianam
2615 5476 2866 5529 hazresim
2908 5475 3121 5529 fortiter
3160 5475 3516 5529 dimicantem
3565 5487 3848 5533 recenset:

2228 5546 2310 5599 An
2337 5549 2553 5617 fortasse
2574 5549 2779 5601 nescitis
2805 5546 2939 5599 hunc
2967 5545 3209 5617 Incresim
3236 5548 3302 5617 ab
3331 5548 3639 5616 apostolica
3665 5549 3852 5603 dudum

2234 5614 2351 5672 sede
2380 5636 2468 5691 per
2498 5619 2657 5672 beata:
2680 5619 2940 5691 memoria:
2970 5614 3690 5691 Innocentium,ac_deinde
3717 5620 3855 5674 Zosi-

2236 5687 2396 5757 mum,
2429 5690 2779 5759 Bonifacium,
2803 5687 3150 5753 Caelestinum,
3194 5688 3424 5755 Sixtum,
3456 5689 3704 5746 Leonem
3740 5708 3850 5745 con-

2239 5762 2394 5814 tinuis
2420 5774 2466 5815 et
2492 5760 2839 5829 inc/['abilibus
2862 5760 3124 5814 sententiis
3154 5761 3312 5831 fuisse
3341 5771 3678 5831 prostratam
3699 5767 3724 5819 7

2312 5832 2391 5902 (d7
2425 5833 2559 5887 Vide
2599 5849 2718 5901 qua:
2765 5831 3247 5887 animadvertimus
3296 5832 3350 5888 in
3406 5845 3608 5892 notam
3656 5836 3695 5893 2
3742 5833 3858 5897 εξιὸ

2240 5900 2511 5973 QueSuelli
2540 5900 2919 5976 adepistolam
2949 5907 3002 5975 6,
3029 5923 3169 5967 nunc
3205 5910 3256 5967 I.
