3968 6308
205 284 311 345 209

817 280 1120 341 DISSER'I‘.
1163 283 1203 339 Ι.
1251 280 1339 339 DE
1382 281 1544 339 VITA
1588 281 1673 336 ΕΤ
1714 281 1941 341 REBUS
1981 283 2222 342 GESTIS
2260 285 2317 343 S.
2358 284 2604 345 LEONIS
2643 286 2877 346 MAGNI.

3380 288 3497 358 ιιια

205 399 463 469 loquitur.
507 394 648 473 Nam
676 413 789 451 cum
827 406 1003 473 sancta
1034 395 1271 473 Pascha,
1304 397 1500 473 inquit,
1545 396 1789 473 solemnis
1824 397 1874 458 Α
1904 408 2241 473 veru‘m,aut
2266 400 2550 473 conﬁctum
2588 417 2617 457 a
2645 418 2706 459 se
2733 402 3087 473 depellerent.
3115 403 3226 461 Leo
3256 405 3490 467 restituit

206 478 442 554 ageretur
484 470 751 554 festivitas,
792 469 1002 550 collecta
1032 469 1147 554 illic
1181 479 1225 554 et
1272 469 1497 554 undique
1529 469 1675 554 omni
1700 485 1786 554 cu:

204 539 451 603 riositate,
487 542 638 595 etiam
682 541 951 595 adveniens
981 539 1256 594 multitudo
1304 539 1627 595 sacerdotum
1654 540 1786 594 mul-

205 623 393 677 torum,
438 611 592 665 Pater
618 622 662 665 et
689 612 860 681 dignae
906 612 1161 666 memoria:
1190 610 1533 665 nominandus
1578 613 1788 667 antistes

206 685 439 738 Aurelius
469 682 680 737 celestis
696 686 811 753 jam
831 684 1014 753 patrita
1040 684 1182 747 civis,
1206 684 1507 738 cathedram
1532 682 1643 737 illic
1674 684 1788 738 loco

202 754 429 810 Ctzlestis
458 764 503 808 et
530 753 705 808 habuit
730 763 777 808 et
805 754 966 822 sedit;
995 757 1102 822 ipse
1124 765 1244 808 tunc
1266 757 1475 810 aderam
1497 770 1614 808 cum
1636 756 1788 809 sociis

202 773 429 810 Lmtesm
458 773 503 808 et
530 773 705 808 navutt
730 773 777 808 et
805 773 932 808 seatt
948 774 966 822 ;
995 773 1102 881 ipse
1124 773 1244 808 tunc
1266 773 1475 810 atteram
1497 773 1614 808 cum
1636 773 1788 809 socm

202 837 252 881 et
282 826 492 891 amicis;
524 836 675 895 atque
722 835 776 879 ut
824 842 877 881 se
905 827 1004 880 ado
1028 829 1298 881 escentium
1345 835 1470 881 artas
1513 826 1789 896 impatiens

204 899 609 972 circumquaque
639 897 876 972 vertebat,
917 897 1041 951 dum
1089 898 1276 953 curiosi
1320 897 1528 972 singula
1577 913 1791 969 quaque

202 985 298 1039 pro
322 968 675 1039 magnitudine
696 969 1015 1039 inspicimus,
1047 978 1152 1024 etc.

272 1038 331 1094 ld
369 1038 533 1111 igitur
561 1040 754 1094 accidit
780 1038 887 1095 'sub
918 1043 1228 1110 episcopatu
1260 1040 1463 1096 Aurelii
1503 1039 1787 1111 Carthagi-

204 1110 569 1166 ncnsis’circa
612 1126 809 1166 annum
852 1111 986 1176 θος
1019 1111 1267 1168 eumdem
1311 1127 1474 1178 porro
1511 1112 1568 1165 in
1612 1110 1795 1165 Africa

204 1194 477 1237 versatum
522 1186 731 1251 Aspare
760 1183 1007 1251 consule,
1052 1199 1194 1238 anno
1235 1183 1447 1238 scilicet
1473 1182 1605 1245 454,
1654 1180 1795 1250 apud

202 1254 452 1309 eumdem
480 1264 755 1309 auctorem
805 1255 1057 1321 legimus,
1090 1265 1145 1307 ut
1188 1270 1294 1308 non
1345 1252 1565 1307 dubium
1609 1252 1681 1305 sit
1722 1252 1796 1306 illi

203 1328 431 1393 patriam
482 1323 653 1380 fuisse
684 1326 940 1389 Africam,
992 1325 1083 1380 ubi
1125 1334 1337 1379 aetatem
1378 1325 1509 1393 egit,
1556 1330 1609 1378 et
1654 1322 1797 1378 unde

201 1397 493 1467 aliquando
559 1396 850 1467 occasione
910 1396 1300 1467 persecutionis
1355 1393 1665 1449 Vandalicas
1728 1394 1795 1450 ad

201 1466 555 1537 Campaniam
584 1466 755 1522 Italiae
784 1466 1150 1521 transmeavit.
1186 1466 1418 1537 Prosper
1447 1480 1575 1519 vero
1606 1473 1661 1520 et
1685 1480 1795 1520 na-

202 1545 293 1594 tus
316 1536 370 1592 in
402 1536 578 1594 Gallia
608 1546 691 1591 est
720 1547 770 1592 et
802 1536 1077 1600 educatus,
1119 1544 1173 1591 et
1212 1538 1263 1592 in
1294 1536 1472 1591 Africa
1503 1551 1792 1604 numquam

205 1624 268 1663 se
308 1611 489 1680 egisse
518 1609 759 1677 suggerit
801 1609 912 1677 ipse
954 1608 1265 1680 inrcpistola
1294 1607 1360 1661 ad
1406 1614 1651 1680 sanctum
1682 1609 1793 1661 Au-

205 1676 502 1751 gustinum,
539 1676 905 1751 cuiiignotum;
922 1693 981 1733 se
1009 1678 1143 1751 facie
1167 1676 1538 1751 testaturillis
1562 1677 1631 1731 ita
1655 1693 1789 1732 con-

205 1747 431 1815 stitutis,
465 1747 789 1805 discedimus
819 1765 847 1803 a
876 1749 1123 1814 Baronio,
1172 1750 1258 1819 qui
1291 1764 1356 1804 ex
1385 1747 1578 1803 Photio
1608 1758 1790 1804 narrat

201 1820 529 1889 Prosperum
575 1819 627 1874 in
675 1822 960 1889 Campania
991 1820 1303 1875 decertasse
1346 1820 1605 1874 adversus
1638 1820 1791 1875 Pela-

198 1893 412 1960 gianos.
443 1890 667 1945 Photius
712 1892 908 1961 quippe
953 1892 1120 1959 magis
1164 1906 1284 1945 eum
1317 1892 1652 1960 depugnasse
1682 1892 1793 1948 Ro-

200 1978 307 2017 ma:
335 1978 494 2032 quam
523 1963 572 2016 in
604 1962 897 2032 Campania
924 1971 1112 2017 auctor
1136 1971 1252 2027 est;
1286 1964 1403 2031 ejus
1424 1963 1589 2017 verba
1620 1973 1745 2018 sunt
1772 1981 1787 2018 :

199 2032 331 2087 Post
356 2052 458 2088 non
480 2034 567 2087 diu
587 2049 797 2089 rursum
828 2034 981 2089 veluti
1004 2035 1219 2089 existere
1235 2044 1389 2104 atque
1409 2034 1580 2088 enasci
1606 2050 1632 2088 e
1654 2034 1793 2089 mala

199 2104 378 2176 radice
416 2105 742 2173 impudenter
784 2122 897 2158 cum
943 2106 1169 2176 cwpisset
1210 2106 1415 2159 Intresis
1462 2104 1790 2171 Ctelcstiana,

202 2175 388 2248 {Romae
408 2178 563 2231 etiam
583 2176 792 2242 quidam
816 2176 967 2230 libere
995 2175 1087 2248 pro
1112 2178 1289 2230 hwresi
1315 2177 1469 2231 locuti
1501 2186 1642 2243 sunt,
1667 2194 1794 2247 quos

201 2246 435 2319 Prosper
484 2248 638 2303 homo
687 2264 808 2301 sane
857 2246 1061 2302 divinus
1110 2249 1293 2303 libellis
1335 2247 1576 2319 adversus
1619 2265 1703 2303 eos
1742 2250 1796 2303 in

204 2318 391 2387 vulgus
414 2320 561 2373 editis
582 2320 737 2390 facile
760 2320 1025 2390 dissipavit
1048 2321 1405 2388 exstinxitque,
1433 2318 1601 2373 Leone
1622 2320 1798 2373 etiam-

199 2406 353 2462 num,
384 2407 530 2459 quem
558 2393 808 2457 diximus,
840 2390 1131 2462 Romanam
1160 2392 1328 2445 sedem
1350 2390 1664 2462 gubernante
1683 2390 1797 2462 (Bi-

203 2461 473 2533 bliothecw
496 2462 585 2515 lib.
611 2462 653 2527 l,
682 2462 799 2515 cod.
835 2462 948 2533 54).
980 2460 1166 2517 Romae
1191 2462 1243 2516 id
1276 2460 1452 2533 act'um
1479 2463 1610 2517 satis
1637 2460 1798 2518 intel-

201 2532 398 2602 ligitur
426 2543 483 2588 et
503 2533 617 2589 fere
644 2534 744 2588 sub
777 2532 936 2588 ﬁnem
972 2534 1317 2600 pontiﬁcatus
1342 2532 1558 2588 Leonis.

284 2605 344 2657 ν.
378 2602 560 2673 Neque
608 2605 867 2660 Baronins
908 2603 1089 2660 verius
1132 2604 1345 2675 scripsit
1371 2620 1397 2657 a
1441 2604 1621 2661 Leone
1651 2605 1796 2661 edita

195 2676 454 2748 quaedam
469 2678 725 2731 adversus
740 2676 1051 2746 Pelagianos
1064 2678 1461 2747 scripta,quoru
1470 2692 1517 2729 ιιι
1537 2678 1797 2732 memoria

199 2747 347 2820 apud
374 2747 646 2820 Photium,
680 2764 920 2820 quaeque
950 2748 1017 2801 ad
1058 2764 1157 2803 nos
1189 2763 1356 2818 usque
1391 2762 1505 2820 _non
1537 2764 1799 2818 pervene—

198 2817 336 2875 rint.
373 2818 615 2889 Scripsit,
660 2821 732 2872 ait
770 2817 1012 2882 Photius,
1046 2828 1094 2873 et
1133 2817 1340 2873 sanctus
1382 2817 1503 2883 Leo,
1538 2817 1799 2875 Romanus

203 2895 479 2961 episcopus
508 2892 571 2945 de
596 2891 889 2961 Pelagianis
918 2891 1171 2946 conversis
1198 2891 1452 2961 quomodo
1476 2890 1684 2946 debeant
1717 2908 1799 2946 re-

211 2964 330 3031 cipi,
379 2964 585 3030 quando
630 2972 1013 3027 convertuntur,
1070 2964 1273 3033 scriptis
1321 2964 1801 3033 suamcpinionem

207 3035 535 3088 damnantes.
566 3036 659 3089 llic
685 3044 833 3089 certe
873 3049 1054 3088 sermo
1076 3042 1159 3088 est
1180 3031 1262 3087 'de
1285 3031 1527 3101 epistolis
1544 3031 1613 3087 ad
1635 3032 1803 3102 Aqui-

206 3107 331 3160 leia:
360 3106 641 3177 Altiniqne
668 3108 973 3172 episc0pos,
1008 3118 1144 3177 quas
1186 3102 1621 3177 modo_diximus
1662 3103 1800 3158 scri—

1820 1793 1869 1855 B

1901 468 2236 547 Qelidonium
2269 470 2322 525 in
2363 472 2563 547 sedem.
2589 468 2853 547 ‘Hilariu‘s,
2885 476 2975 546 qui
3018 485 3072 531 et
3102 477 3329 533 Romam
3359 492 3488 547 pro-

1895 540 2070 620 lectus
2097 542 2293 607 fuerat,
2319 544 2545 620 moleste
2581 543 2763 603 ferens
2789 540 2968 603 actum
3001 548 3054 603 in
3085 548 3315 620 concilio
3336 540 3488 620 judi-

1894 612 2095 690 dieium
2140 613 2539 690 _revpcari,__(a)
2566 631 2670 690 non
2716 620 3009 690 approbata
3041 619 3312 690 pontiﬁcis
3336 612 3487 677 'sen-

1895 685 2061 761 tentia
2104 683 2355 761 ab_Urbe
2402 685 2648 761 discedit,
2696 683 2964 761 rediitque
3008 683 3062 746 iri
3110 689 3329 747 Gallias.
3370 692 3485 750 Leo

1893 754 2113 829 inopino
2145 756 2793 829 discessuexacerbatus
2822 754 3006 829 plénas
3046 762 3244 817 irarum
3276 764 3488 823 litteras

1894 826 2091 903 (Epist.
2125 828 2212 903 10,
2243 830 2315 880 at.
2357 827 2549 903 89)__ad
2591 826 2907 903 Viennensis
2944 832 3235 903 provinciae
3272 838 3488 902 episco-

1895 898 1993 975 pos
2019 899 2201 975 mittit,
2236 906 2292 975 et
2332 913 2426 975 per
2456 898 3220 975 Valentinianumjugnstum
3260 898 3390 975 egit,
3424 915 3488 966 ut

1895 969 2425 1044 demandata_Aetio
2475 970 2552 1040 (b)
2591 970 2857 1026 Prtel‘eeto
2900 969 3155 1029 Praziorio
3211 969 3486 1044 prtivincia

1896 1040 2368 1115 Romanojudicio
2397 1055 2493 1115 sua
2521 1049 2668 1115 esset
2688 1040 3250 1115 auctoritasisnzequ'e
3281 1046 3486 1101 Hilario

1894 1111 2016 1185 jura
2042 1121 2096 1167 et
2124 1111 2399 1185 privilegia
2430 1112 2688 1185 Ecclesiae
2726 1113 2950 1185 ademit.
2984 1111 3323 1185 Neque'vitio
3346 1116 3488 1175 verti

1900 1182 2573 1271 debetsanc'toLeoniLsi
2612 1182 3182 1271 (c)gfraudemipassp.s_
3203 1195 3285 1271 est
3317 1206 3329 1239 :
3356 1190 3488 1271 quis

1900 1254 2179 1325 enimtam
2212 1254 2431 1325 lynceus
2461 1262 2565 1319 est,
2608 1269 2767 1322 quem
2809 1270 2915 1311 non
2963 1256 3245 1325 obnubilet
3271 1254 3489 1315 testium

1902 1324 2149 1399 perﬁdia,
2181 1324 2262 1378 vel
2297 1325 2853 1399 hominumversatile
2884 1326 3194 1399 ingenium?
3223 1324 3304 1385 De
3338 1344 3401 1386 ea
3428 1344 3491 1389 re

1899 1394 2354 1478 hic_t‘e§tinan_ter,
2388 1396 2820 1478 aliasncoPiosius
2847 1394 2951 1469 (d).

1969 1466 2033 1521 ιι.
2065 1468 2201 1521 Dum
2249 1467 2365 1522 base
2410 1466 2463 1539 in
2502 1466 2793 1539 occidente
2837 1466 3118 1539 geruntur,
3168 1472 3396 1527 moritur
3434 1473 3491 1530 in

1896 1537 2118 1610 Oriente
2154 1551 2379 1610 magnus
2409 1537 2502 1592 ille
2539 1537 2775 1610 Cyrillus
2816 1537 3199 1597 Alexandrinas
3231 1542 3491 1601 Ecclesia

1895 1608 2203 1679 episcopus.
2240 1608 2525 1664 Dioscorus
2556 1608 2631 1665 illi
2662 1610 2916 1666 suffectus
2946 1622 3046 1676 est,
3084 1613 3165 1668 vir
3193 1613 3488 1669 adumbra-

1900 1690 1966 1735 tae
1997 1681 2230 1741 virtutis,
2264 1680 2353 1745 qui
2392 1680 2573 1749 specie
2615 1680 2825 1737 honesti
2856 1692 2910 1738 et
2954 1684 3319 1741 ostentatione
3361 1701 3488 1741 san-

1898 1752 2101 1825 etitatis
2125 1752 2189 1805 ad
2218 1749 2384 1823 436
2411 1751 2645 1808 honores
2674 1768 2914 1825 summos
2946 1754 3202 1811 Ecclesiae
3232 1758 3485 1825 arrepsit.

1895 1822 2087 1878 Statim
2118 1822 2280 1889 atque
2303 1822 2509 1878 eiectus
2538 1832 2642 1889 est,
2682 1824 2751 1880 de
2778 1825 3123 1882 ordinatione
3150 1832 3216 1881 ad
3246 1822 3485 1883 Leonem

1896 1909 1990 1967 per
2020 1894 2401 1967 Possidonium
2442 1896 2816 1967 presbyterum
2858 1896 3095 1953 indidem
3140 1897 3349 1953 litteras
3384 1900 3488 1955 mi-

1896 1966 2005 2042 sit;
2039 1965 2183 2042 hunc
2209 1964 2995 2042 eumdemque_esse_esistimo
3020 1983 3178 2039 quem
3222 1968 3351 2042 olim
3377 1969 3488 2042 Cy-

1899 2037 2055 2092 rillus
2079 2036 2336 2093 adversus
2376 2036 2681 2109 Nestorium
2712 2037 2938 2109 Romam
2971 2036 3212 2095 miserat.
3250 2040 3296 2095 ls
3326 2036 3487 2109 porro

1898 2119 2264 2163 commoratus
2304 2108 2633 2179 aliquamdiu
2673 2109 2882 2174 Romae,
2916 2108 3175 2166 Ecclesia:
3207 2108 3487 2169 ﬂorentem

1900 2190 2095 2234 statum
2142 2180 2277 2234 vidit
2315 2189 2370 2234 et
2398 2178 2693 2235 admiratus
2733 2191 2837 2236 est.
2873 2181 3107 2237 Abeunti
3140 2180 3250 2239 Leo
3280 2183 3488 2239 litteras

1901 2251 2046 2323 dedit
2077 2249 2271 2323 (Epist.
2309 2250 2396 2316 11,
2442 2267 2577 2305 nunc
2606 2250 2683 2323 9),
2730 2253 2923 2323 quibus
2968 2252 3229 2309 Dioscoro
3267 2270 3488 2322 persua-

1902 2322 2032 2377 dere
2062 2333 2287 2377 coiiatur
2319 2330 2377 2376 ut
2405 2322 2659 2377 nonnulla
2691 2322 2967 2393 inquibus
2999 2324 3357 2380 Alexandrina
3382 2325 3490 2381 Ec-

1901 2394 2147 2465 clesiaia
2193 2393 2451 2448 Romana:
2508 2395 2768 2449 institutis
2810 2395 3129 2451 discessisse
3178 2396 3486 2465 videbatur,

1903 2464 2236 2538 emendaret,
2273 2479 2480 2538 memor
2516 2467 2686 2521 sancti
2712 2467 2941 2538 apostoli
2964 2466 3131 2538 Petri,
3161 2469 3251 2537 qui
3283 2464 3489 2538 primus

1904 2535 2321 2609 Alexandrinam
2367 2536 2691 2609 gubernarat
2733 2537 3049 2594 Ecclesiam.
3082 2535 3490 2609 Monet'impri-

1904 2608 2016 2691 lilia
2037 2623 2104 2663 ne
2137 2608 2482 2691 presbyteros
2508 2608 2879 2691 diaconosque
2895 2608 2998 2663 alia
3020 2624 3179 2680 quam
3210 2609 3491 2691 Dominiea

1901 2678 2198 2744 ordinaret,
2232 2678 2386 2748 cujus
2416 2678 2525 2735 diei
2558 2678 2887 2736 initium'sit
2917 2695 2948 2734 a
2976 2678 3199 2749 vespera
3240 2680 3486 2746 sabbati;

1904 2765 2001 2805 nec
2030 2754 2198 2805 semel
2224 2758 2427 2807 tantum
2460 2752 2511 2805 in
2542 2752 2778 2808 basilicis
2816 2750 3009 2807 diebus
3042 2751 3190 2806 festis
3230 2752 3490 2809 offeratur

1906 2820 2227 2877 sacriﬁcium
2260 2839 2274 2877 :
2308 2836 2375 2876 ne
2414 2822 2483 2877 ob
2514 2822 2911 2879 multitudinem
2960 2821 3198 2877 ﬁdelium
3234 2839 3359 2892 pars
3392 2838 3489 2887 poo

1904 2894 2012 2964 puli
2053 2892 2307 2947 sacriﬁcii
2333 2892 2608 2948 oblatione
2633 2894 2871 2960 privetur
2904 2909 2918 2946 :
2956 2892 3063 2948 Sed
3091 2895 3283 2963 quoties
3313 2892 3493 2947 basili-

1905 2981 2039 3027 cam,
2068 2965 2120 3017 in
2148 2981 2249 3032 qua
2276 2964 2469 3032 agitur,
2516 2965 2788 3027 prtzsentia
2815 2977 2958 3016 nova:
3001 2964 3158 3031 plebis
3183 2964 3490 3031 impleverit,

1907 3036 2052 3088 toties
2088 3035 2398 3101 sacriﬁcium
2441 3033 2746 3104 subsequens
2776 3033 3042 3098 offeratur.
3078 3033 3133 3104 ιιι
3162 3034 3348 3087 cadent
3376 3032 3493 3104 epi-

1910 3105 2044 3158 stola
2076 3113 2130 3158 et
2160 3103 2494 3157 auctoritatis
2525 3114 2577 3157 et
2601 3102 2891 3157 modestia:
2919 3103 3222 3171 exemplum
3254 3111 3357 3159 est.
3386 3102 3495 3157 Ad-

214 3186 343 3244 ptas
388 3172 566 3232 contra
606 3175 995 3239 leestianos;
1028 3172 1132 3229 sed
1180 3189 1313 3245 quas
1358 3174 1640 3243 Baronius,
1674 3190 1806 3244 pru-
1834 3179 1879 3243 ρ
1915 3185 2165 3229 monetur
2203 3173 2344 3245 enim
2368 3172 2788 3245 Alexandrinus
2818 3174 3101 3243 episcopus
3148 3174 3228 3245 sui
3269 3172 3433 3227 ofﬁcii
3462 3187 3495 3229 ι

220 3248 385 3311 dens,
420 3264 481 3300 an
512 3248 842 3315 imprudens,
883 3248 1050 3300 tacuit
1080 3247 1132 3299 in
1162 3245 1480 3300 Annalibus.

215 3317 383 3391 535
412 3336 567 3375 annos
598 3334 807 3373 cunis'ri
838 3318 943 3391 M5
967 3335 1065 3383 ;-—-
1085 3332 1272 3373 mosus
1295 3332 1444 3371 Pacis:
1466 3315 1529 3381 6;
1554 3346 1622 3356 —
1642 3331 1808 3373 raeo-

291 3389 427 3445 n6sn
469 3391 556 3454 58,
590 3406 874 3446 VALENTIN.
902 3389 996 3456 21,
1041 3406 1184 3447 tum».
1206 3406 1219 3457 ;
1244 3416 1313 3431 —-
1342 3403 1733 3444 VALENTlNuNO
1757 3402 1808 3443 vs

284 3477 353 3516 ΕΤ
378 3478 520 3517 HOMO
542 3478 686 3520 COSS.

280 3532 323 3587 l.
377 3534 489 3589 lloc
518 3549 660 3589 anno
700 3535 841 3589 inter
891 3542 1107 3589 sanctos
1154 3533 1389 3588 Leonem
1441 3532 1809 3601 llilariumque

210 3605 584 3661 Arelatensem
630 3614 747 3660 orta
794 3606 1093 3671 contentio,
1134 3620 1228 3661 seu
1273 3604 1632 3659 sanctissimis
1675 3604 1805 3660 viris

211 3675 436 3732 humani
468 3677 670 3746 aliquid
715 3676 1023 3746 contigerit,
1063 3691 1159 3731 seu
1199 3690 1325 3729 casu
1372 3691 1581 3743 rerum,
1619 3689 1809 3729 eausa-

212 3763 447 3815 rumque
481 3763 646 3813 noxa,
674 3762 807 3818 qnas
850 3764 993 3803 anno
1024 3747 1290 3813 superiori
1319 3759 1470 3802 natas
1502 3761 1623 3803 esse
1648 3760 1808 3815 Opor—

208 3826 311 3874 tet.
345 3820 471 3875 llazc
508 3820 615 3874 litis
644 3820 859 3874 occasio
898 3819 1015 3873 fuit.
1054 3818 1361 3874 Célidonius
1404 3819 1714 3888 provinciae,
1751 3826 1809 3873 ut

212 3892 429 3959 Opinor,
465 3890 783 3946 Viennensis
805 3892 1110 3960 episcopus,
1142 3891 1194 3945 in
1227 3889 1433 3961 synodo
1460 3891 1545 3945 cui
1576 3898 1808 3961 prmerat

208 3962 477 4027 llilarius,
509 3973 564 4017 et
592 3963 679 4016 ubi
700 3961 960 4017 intererat
981 3972 1199 4016 sanctus
1224 3960 1524 4029 Germanus
1548 3960 1809 4017 Autissio-

203 4033 491 4098 dorcnsis,
536 4044 815 4088 accusatus
860 4042 943 4087 est
979 4035 1120 4102 quod
1151 4042 1277 4089 ante
1322 4032 1692 4101 episcopatum
1722 4032 1803 4102 vi-

202 4105 330 4159 dua:
377 4105 608 4159 maritus
652 4114 787 4171 erat,
819 4101 1070 4175 quodque
1112 4104 1240 4159 olim
1271 4104 1396 4158 dum
1437 4105 1682 4159 saeculari
1715 4101 1811 4157 ad-

202 4178 613 4231 ministratione
636 4178 968 4246 iungeretur,
998 4176 1196 4231 sedens
1226 4190 1322 4245 pro
1365 4175 1805 4246 tribunali_reum

200 4249 372 4303 morti
425 4244 749 4313 addixerat,
785 4258 835 4301 et
886 4244 1237 4301 nihilominus
1292 4246 1570 4300 ordinatus
1622 4244 1811 4299 fuisset

198 4321 525 4389 cpiscopus.
567 4318 754 4372 Visum
787 4318 839 4372 id
884 4327 1073 4372 contra
1118 4320 1264 4387 leges
1313 4317 1592 4389 Ecclesize,
1639 4330 1811 4389 eoque

201 4387 441 4445 nomine
482 4392 600 4445 loco
630 4401 807 4444 motus
836 4398 940 4451 est,
976 4390 1319 4458 privatusque
1349 4387 1680 4457 episcopatu.
1706 4388 1809 4441 Ce-

195 4462 450 4518 lidonius
472 4461 734 4531 judicium
769 4476 874 4515 non
922 4460 1123 4525 ferens,
1157 4460 1388 4531 Romam
1412 4461 1603 4531 _venit,
1638 4472 1808 4531 espo-

192 4528 547 4601 stulavitq'ue
594 4532 839 4602 injuriain
887 4547 1007 4586 cum
1039 4530 1318 4602 pontiﬁce,
1362 4529 1620 4585 adversus
1656 4528 1806 4582 llila-

191 4607 351 4661 rium
384 4605 554 4658 multa
584 4613 935 4673 conquestus.
994 4617 1053 4658 se
1091 4603 1263 4673 premi
1302 4611 1679 4657 accusatorum
1718 4614 1809 4655 ca-

189 4678 444 4733 lumnia.
478 4676 669 4732 Testes
696 4685 750 4731 et
770 4690 953 4731 secum
986 4676 1307 4744 adduxerat,
1350 4675 1440 4744 qui
1472 4673 1676 4729 crimen
1716 4681 1810 4729 aut

1914 3245 2158 3300 Romano
2198 3243 2471 3315 pontiﬁce,
2514 3244 2610 3300 sed
2655 3260 2722 3300 ex
2769 3254 2995 3315 paterno
3025 3244 3193 3315 magis
3229 3244 3497 3301 fraterno.

1913 3332 2018 3388 que
2048 3316 2241 3372 affectu
2271 3324 2324 3371 et
2353 3315 2636 3382 charitate,
2677 3332 2838 3386 quam
2870 3316 3213 3388 exiniperio.
3245 3316 3493 3388 Paterna,

1914 3382 2091 3461 igitur,
2126 3389 2316 3461 inquit,
2344 3396 2391 3441 et
2420 3382 3062 3461 fraternacollatiodebet
3096 3382 3208 3443 ‘esse
3228 3387 3499 3461 sanctitati

1912 3459 2013 3515 tute
2038 3460 2365 3530 gratissima,
2382 3468 2430 3513 et
2459 3476 2489 3513 a
2511 3468 2556 3513 te
2581 3459 2752 3513 taliter
2779 3459 2990 3528 suscipi,
3017 3460 3444 3529 quemadmodum
3462 3475 3498 3513 ιι

1911 3529 2054 3587 nobis
2084 3548 2196 3586 eam
2226 3529 2467 3601 intelligis
2496 3531 2773 3600 proﬁcisci.
2807 3530 2944 3585 Tum
2973 3531 3179 3585 subdit:
3201 3531 3354 3599 Quod
3375 3548 3495 3601 ergo

1911 3621 1943 3657 α
1966 3602 2194 3673 partibus
2222 3603 2409 3657 nostris
2438 3604 2767 3673 propensiore
2795 3618 2917 3656 cura
2940 3603 3169 3656 novimus
3195 3619 3303 3657 esse
3324 3618 3499 3655 scrva-

1912 3681 2041 3739 tum,
2087 3693 2118 3729 a
2149 3676 2285 3729 vobis
2326 3673 2560 3729 volumus
2589 3674 2868 3738 custodiri;
2900 3684 2945 3728 et
2976 3673 3091 3728 ideo
3127 3674 3211 3741 pie
3239 3684 3284 3727 et
3310 3673 3498 3726 lauda-

1912 3746 2081 3801 biliter
2117 3746 2413 3813 apostolicis
2459 3760 2651 3799 morem
2689 3746 2904 3815 gesseris
2954 3745 3226 3811 institutis,
3279 3746 3324 3798 si
3364 3745 3500 3798 hanc

1912 3819 2317 3871 ordinandarum
2339 3818 2669 3871 sacerdotum
2694 3820 2937 3885 formam,
2956 3826 3061 3871 etc.
3086 3816 3325 3883 Denique
3343 3832 3356 3869 :
3373 3816 3502 3871 Stu-

1911 3890 2053 3943 diose
2075 3905 2191 3959 ergo
2209 3888 2536 3942 dilectionem
2556 3894 2693 3959 tuam
2717 3896 2764 3941 et
2786 3886 3118 3959 familiariter
3138 3887 3497 3959 admonemus,

1912 3968 1965 4012 ut
1995 3957 2144 4025 quod
2158 3970 2348 4013 nostra:
2383 3958 2744 4013 consuetudini
2773 3973 2837 4011 ea:
2864 3957 3035 4026 forma
3061 3966 3289 4027 paterni:
3330 3957 3503 4012 tradi-

1912 4032 2062 4085 tionis
2090 4031 2296 4095 insedit,
2326 4040 2417 4083 tua
2444 4045 2640 4097 quoque
2660 4044 2783 4081 cura
2807 4045 2908 4099 non
2931 4026 3174 4099 negligat.

1985 4102 2069 4156 llI.
2100 4102 2194 4156 Est
2220 4110 2274 4155 et
2301 4096 2771 4167 ejusdem’Leonis
2797 4098 2863 4151 ad
2893 4096 3235 4167 Anastasium
3265 4096 3503 4153 Thessa-

1913 4173 2241 4228 lonicensem
2274 4166 2499 4240 epistola
2531 4168 2728 4240 (Epist.
2763 4167 2849 4232 12,
2896 4182 3025 4240 nunc
3062 4166 3185 4240 11),
3232 4182 3506 4240 qua:_qno

1915 4253 2158 4322 tempore
2201 4236 2404 4309 scripta
2439 4236 2646 4322 sitgno'n
2686 4237 2984 4322 comperio,
3015 4236 3110 4290 sed
3136 4252 3309 4322 quam
3341 4237 3504 4322 437

1914 4315 1985 4385 (c)
2016 4306 2080 4385 ad
2107 4313 2255 4385 hunc
2285 4306 2485 4385 annum
2512 4308 2669 4363 facile
2696 4306 3036 4385 referendam
3064 4308 3338 4385 existimo,
3363 4306 3507 4385 Min

1916 4378 2057 4439 notis
2102 4382 2269 4437 iusius
2322 4381 2551 4434 habetur
2590 4378 2935 4445 explicatum.
2984 4378 3152 4449 Hujus
3200 4378 3508 4439 scribenda

1915 4456 2131 4512 occasio
2170 4454 2290 4522 fuit,
2322 4451 2465 4523 quod
2494 4450 2809 4523 Anastasius
2845 4452 3165 4506 auctoritate
3194 4455 3509 4523 metropoli-

1918 4529 2023 4584 tica
2041 4527 2125 4583 vel
2150 4524 2431 4581 exarcliica
2459 4522 2798 4586 abutebatur,
2825 4528 2880 4577 et
2914 4522 3082 4593 magis
3110 4523 3313 4591 impetu
3335 4522 3506 4582 animi

1841 4571 1894 4633 ι)
1918 4571 2430 4669 ἔίῦἓιὶι”μῖἷιῖιέἲίἶίῖ
2457 4571 2852 4669 ἓῖοέζῐᾶιιίιὲ
2866 4571 3098 4665 agatis}.
3112 4571 3508 4669 "'oi3}i§siiiii£

1920 4664 2096 4742 itaque
2127 4664 2316 4726 litteris
2341 4683 2463 4725 eum
2495 4669 2740 4736 castigat,
2764 4664 3121 4736 hortaturque
3150 4675 3209 4721 ut
3231 4667 3509 4726 moderate

1274 4790 1834 4848 BALLERINIORUM
1872 4786 2418 4847 ANNOTATIONES.

274 4889 366 4960 (α)
396 4890 494 4944 llic
520 4889 627 4944 duo
659 4896 1074 4957 praesumuntur,
1104 4902 1232 4960 qua;
1266 4886 1395 4941 falsa
1425 4894 1551 4960 sunt
1582 4903 1594 4937 :
1622 4887 1684 4942 1⁰
1714 4884 1805 4939 lli—

182 4956 408 5023 lariu'm
440 4961 607 5016 Roma
652 4960 969 5015 discessisse
1004 4956 1134 5029 post
1154 4957 1352 5031 editam
1399 4971 1430 5031 a
1472 4958 1652 5031 Leone
1682 4972 1805 5011 sen-

182 5035 463 5097 tentiam,
495 5031 637 5102 quod
666 5033 716 5088 ei
760 5031 1115 5102 supposititia:
1163 5028 1505 5102 epistolzead
1537 5028 1805 5102 Viennen-

178 5125 287 5164 ses
366 5101 647 5169 innititur,
712 5101 872 5172 quam
950 5105 1002 5156 in
1059 5101 1411 5172 appendicem
1469 5101 1803 5169 rejecimus;

175 5181 253 5237 2°
307 5175 582 5232 Hilarium
627 5176 870 5230 eamdem
910 5176 1283 5229 auctoritatem
1328 5172 1800 5240 metrOpoliticam,

172 5263 376 5324 quam
421 5248 525 5324 sibi
567 5246 1037 5324 Leo_ab_stuleiat_,
1079 5243 1391 5324 exercuisse
1436 5242 1623 5324 quoad.
1645 5244 1801 5324 vixit.

176 5314 349 5380 Vide
387 5320 605 5374 observ.
648 5321 715 5372 ad
755 5318 970 5373 dissert.
1006 5316 1038 5370 5
1082 5314 1322 5387 ejusdem
1352 5314 1803 5387 Quesnelli‘part.

168 5412 270 5462 ιιι,
310 5407 371 5448 c.
406 5391 467 5459 2,
501 5390 591 5445 ubi
619 5399 919 5462 (utramque
966 5385 1124 5462 hanc:
1149 5386 1422 5462 Quesnelli
1466 5385 1810 5462 hypotltesim

169 5456 409 5525 faisam
441 5456 789 5517 ostendemus
809 5456 1019 5529 {atque
1044 5458 1239 5514 exinde
1268 5458 1430 5512 etiam
1473 5456 1675 5527 patebit
1710 5456 1808 5529 lli-

170 5540 413 5597 larium
456 5532 628 5587 Roma
671 5528 991 5589 discessisse
1032 5541 1318 5602 antequam
1347 5529 1457 5587 Leo
1485 5528 1809 5585 sententiam

168 5612 384 5669 ferret
409 5605 641 5675 epistola
676 5605 759 5658 10.

262 5680 369 5752 (b)
400 5670 593 5733 Aetius
625 5690 731 5731 non
762 5676 861 5752 fuit
884 5675 1182 5752 (praefectus
1207 5675 1487 5752 Praetorio,
1519 5672 1613 5752 sed
1647 5670 1811 5752 patri-

166 5742 325 5817 citis
345 5742 407 5806 et
440 5751 719 5818 utriusque
742 5742 944 5804 militias
971 5748 1245 5817 magister,
1278 5754 1335 5800 ut
1360 5746 1443 5802 vel
1466 5761 1530 5800 ex
1557 5745 1673 5813 ipsa
1706 5742 1810 5797 Va-

167 5823 501 5889 lentiniani
544 5819 775 5891 novella,
818 5820 971 5878 nobis
1018 5820 1179 5889 epist.
1229 5818 1289 5873 ll
1323 5818 1663 5888 exploratum
1704 5823 1807 5872 est.

1983 4883 2057 4967 (ε)
2088 4882 2223 4938 Nm“
2249 4880 2365 4967 ιθο.
2384 4878 2865 4967 {9949919995.
2874 4874 3097 4967 9553.9."
3112 4875 3219 4967 3.".
3232 4886 3390 4967 9939.
3408 4875 3508 4967 d9:

1909 4946 2051 5011 ﬁniri
2092 4968 2253 5025 posse
2282 4949 2483 5025 patebit
2503 4964 2567 5004 ex
2591 4948 2805 5025 iis__qu:e
2834 4946 3095 5025 dicemus
3112 4947 3165 5001 in
3194 4947 3409 5003 observ.
3435 4947 3506 5002 ad

1910 5020 2618 5151 eatgde'mgdissertationem
2656 5021 2709 5088 5,
2746 5026 2882 5090 part.
2913 5033 2953 5086 ι,
2983 5034 3034 5075 c.
3065 5020 3119 5084 5,
3158 5025 3212 5072 et
3250 5025 3390 5087 part.
3424 5032 3506 5087 nt,

1910 5113 1961 5151 c.
2036 5140 2049 5151 .
2080 5114 2135 5151 ιι.
2202 5137 2215 5151 .

1910 5113 1961 5155 c.
1991 5101 2049 5160 5,
2080 5114 2135 5152 ιι.
2160 5101 2215 5151 2.

1984 5158 2065 5241 (d)
2094 5165 2541 5241 Dissertationem
2585 5164 2618 5221 5
2646 5162 3035 5241 apologeticam
3067 5174 3163 5241 pro
3204 5158 3261 5215 S.
3298 5159 3505 5241 Hilario

1912 5236 2217 5297 Arelatensi
2244 5238 2441 5314 allegat
2461 5238 2513 5314 in
2542 5236 2814 5306 margine;
2851 5249 2881 5289 a
2910 5248 3015 5314 qua
3040 5239 3247 5314 nostrae
3276 5240 3508 5314 adnota-‘-

1918 5314 2091 5369 tiones
2135 5319 2189 5367 et
2227 5301 2639 5366 observationes
2664 5301 2793 5361 'non
2833 5301 2994 5360 erunt
3021 5301 3420 5371 disjungendan,
3452 5310 3512 5359 nt

1922 5398 2137 5455 aequum
2157 5383 2224 5439 de
2252 5391 2361 5455 tota
2387 5396 2447 5435 re
2463 5378 2726 5449 judicium
2760 5376 2985 5455 feratur:

1993 5443 2064 5526 (e)
2098 5454 2212 5509 Non
2249 5453 2315 5507 ad
2346 5443 2487 5526 hunc
2519 5464 2739 5526 annum,
2785 5446 2880 5502 sed
2911 5444 2978 5500 ad
3012 5453 3341 5526 sequentem
3372 5443 3513 5526 hanc

1921 5515 2207 5595 episiolam
2240 5522 2521 5595 pertinere
2547 5520 2747 5595 patebit
2772 5533 2840 5595 ex
2868 5516 3215 5595 annotatione
3234 5515 3508 5595 sequenti.

1922 5585 2216 5671 liuicvero
2241 5585 2387 5649 anno
2416 5592 2524 5671 115
2548 5585 2836 5671 afﬁgendus
2862 5593 2990 5671 sunt
3015 5585 3137 5669 duce
3164 5585 3408 5671 epistolae
3437 5587 3510 5642 ιι.

1928 5669 2311 5741 Iyricianorum
2342 5674 2395 5741 et
2428 5658 2700 5741 Anastasii
2726 5658 3244 5741 .Thessalonicensis
3273 5660 3340 5741 ad
3373 5659 3514 5741 Leo-

1926 5729 2069 5804 tiem,
2101 5753 2220 5809 qua:
2251 5736 2544 5805 perierunt.
2583 5732 2657 5790 De
2688 5730 2771 5789 his
2801 5732 2854 5789 in
2884 5730 3131 5805 sequenti
3161 5729 3515 5795 adnotatione

1926 5812 2120 5871 redibit
2149 5823 2350 5867 sermo.
