3968 6308
507 278 614 346 911

983 277 1232 340 PASCH.
1273 277 1660 350 QUESNELU
1697 275 2284 336 DISSERTATIONES
2322 274 2389 332 ΙΝ
2427 274 2486 332 S.
2530 274 2773 336 LEOle
2809 274 3026 336 MAGNI
3063 272 3296 332 OPERA

508 406 565 454 et
593 404 952 466 temperanter
997 410 1056 451 se
1095 405 1269 464 gerat,
1315 403 1370 449 et
1398 395 1441 466 si
1474 409 1591 466 que
1631 391 2093 466 in_sacerd0tibus
2122 395 2175 456 Α
2202 405 2314 446 sem
2335 390 2650 466 episcopum
2675 387 2867 466 (Epist.
2896 387 2984 455 11,
3004 405 3140 466 nunc
3162 387 3249 458 l8)
3273 385 3774 466 contra__hzeretices,

503 464 849 540 corrigenda,
868 467 920 522 id
952 483 1017 522 ex
1044 466 1272 540 consilio
1301 474 1358 522 et
1394 465 1661 540 citat-itam
1690 464 1870 529 faciat,
1918 465 2094 540 poti_ns

509 534 680 610 quani
713 555 776 595 ex
810 540 970 593 animi
1017 538 1379 593 commotione
1409 535 1573 662 Ψ
1604 547 1660 591 et
1690 534 1975 606 potestate.
2013 534 2094 591 En

509 612 771 662 moderati
811 610 976 662 animi
1010 611 1170 662 verba
1205 623 1367 662 aurea
1398 627 1409 660 :
1490 627 1579 662 raa
1610 608 1946 662 corriaendos
1979 607 2094 662 alus

505 607 771 666 moderati
811 610 976 664 animi
1010 611 1170 664 verba
1205 623 1367 664 aurea
1398 627 1409 660 :
1437 607 1579 680 Ενᾱα
1610 608 1946 679 corrigendos
1977 607 2095 678 plus

505 693 626 756 agat
645 683 987 756 benevolentia
1007 697 1164 756 quam
1189 682 1460 747 severitas;
1491 681 1608 751 plus
1631 680 1918 756 concitatio
1941 695 2097 756 quam
2136 739 2146 748 ,

504 751 806 820 commotio;
855 755 973 823 plus
1012 751 1234 807 charitas
1281 761 1728 823 quam‘potestas.
1767 751 1873 808 Sed
1921 751 1985 823 ab
2017 751 2096 823 his

503 827 718 895 quiquw
742 842 837 880 sua
856 820 976 879 sunt
1006 835 1261 895 quierunt;
1294 820 1401 878 non
1441 820 1570 878 Jesu
1595 822 1809 891 Christi,
1843 822 1999 893 facile
2031 820 2096 876 ab

506 895 604 950 hac
624 898 730 966 lege
753 897 1065 963 disceditur;
1090 904 1138 950 et
1164 897 1288 950 dum
1305 895 1560 950 dominari
1592 896 1754 966 magis
1781 911 1935 964 quam
1967 909 2094 966 conf

504 963 687 1024 sulcre'
701 969 918 1022 subditis
945 968 1129 1036 placet,
1163 967 1325 1021 honor
1358 967 1506 1034 inﬂat
1537 963 1853 1036 superbiam,
1888 978 1934 1023 et
1958 963 2096 1037 quod

507 1041 770 1105 provisum
808 1049 881 1094 est
911 1041 977 1094 ad
998 1039 1343 1104 concordiam,
1377 1039 1540 1092 tendit
1567 1037 1638 1091 ad
1667 1055 1875 1092 noxam.

511 1148 675 1188 annos
696 1149 903 1190 cunisrt
920 1134 1024 1190 446
1044 1151 1058 1200 ;
1081 1163 1153 1174 -
1167 1147 1352 1190 LEONIS
1369 1148 1518 1188 νινε
1542 1133 1572 1186 7
1593 1147 1985 1196 ;—'rnsonosn
2004 1131 2095 1200 59,

580 1220 858 1264 “manu.
900 1207 1003 1271 22,
1033 1221 1213 1272 IIPP.;
1255 1233 1323 1246 —-
1351 1219 1489 1262 λετιο
1525 1220 1593 1260 ετ
1631 1219 1912 1260 svlucuo
1948 1218 2097 1261 coss.

580 1301 736 1351 Anno
778 1299 1062 1366 praesenti,
1103 1296 1260 1352 Aetio
1293 1296 1722 1365 Symmachoque
1751 1295 2094 1362 consulibus,

508 1367 620 1423 Leo
648 1367 714 1421 ad
745 1369 1192 1435 metrotiolitanos
1223 1366 1301 1437 (a)
1329 1367 1544 1420 Achaiae
1573 1368 1785 1434 scripsit
1812 1368 2096 1436 epistolam

510 1438 702 1512 (Epist.
741 1439 808 1512 15
838 1456 899 1493 ea:
939 1439 1272 1512 Holsteniol,
1319 1453 1569 1512 q‘uam‘ex
1604 1453 1782 1512 opere,
1810 1438 2099 1512 posthutno

509 1509 796 1573 llolstenii,
843 1511 987 1576 quod
1031 1509 1275 1566 Collectio
1318 1509 1556 1564 Romana
1603 1509 1949 1573 inscribitur,
1995 1509 2099 1564 huc

508 1582 912 1646 transtulimus;
946 1583 1254 1651 scriptaque
1283 1589 1364 1634 est
1413 1595 1507 1649 pro
1535 1580 1796 1634 vicariatu
1826 1579 2099 1636 Anastasii

507 1653 1008 1708 Thessalonicensis
1051 1653 1308 1723 episcopi.
1347 1651 1547 1707 Causas
1591 1653 1824 1719 majores
1861 1652 1928 1706 ad
1974 1667 2098 1707 eum

485 1723 820 1787 referendas
850 1735 1062 1790 censet;
1095 1724 1341 1794 obiurgat
1370 1723 1840 1794 metropolitanum
1879 1723 2095 1779 Achaia:

508 1794 675 1868 5.39
715 1795 1003 1864 provinciae
1043 1797 1185 1866 quod
1230 1793 1416 1868 invitis
1446 1793 2094 1868 Thespiensibus_cunse-
2125 1795 2173 1860 B

511 1865 718 1923 orasset
743 1865 1084 1937 episcopum;
1108 1866 1493 1938 consuluitque
1512 1875 1572 1922 ut
1600 1867 1778 1921 nullus
1800 1865 1964 1938 m
1982 1867 2096 1936 epi-

510 1952 704 2007 scopus
737 1939 960 2022 alterius
1001 1940 1102 1994 sibi
1131 1939 1360 1995 \indicet
1389 1938 1644 1994 clericum
1674 1939 1790 1993 sine
1820 1941 1998 2004 illius,
2027 1938 2098 1994 ad

509 2024 665 2079 quem
699 2020 954 2080 pertinet,
990 2020 1270 2081 potestate.

508 2118 679 2157 annos
707 2118 916 2158 cnatsrt
945 2103 1081 2170 M7;
1119 2135 1190 2144 —
1215 2117 1400 2159 LFONIS
1435 2118 1584 2158 νΑΡΑε
1618 2101 1687 2168 8;
1719 2133 1789 2143 —
1818 2117 2102 2159 rnsonosu

580 2175 668 2230 40.
691 2191 1065 2230 nummum
1094 2174 1189 2243 25,
1211 2189 1702 2242 llPP.;—CALEPIO
1731 2191 1799 2230 ET
1822 2190 2100 2230 ABDABURE

578 2260 721 2300 COSS.

585 2337 622 2390 Ι.
655 2338 836 2395 Pridie
880 2339 954 2410 (ὁ)
997 2338 1252 2398 kalendas
1295 2340 1422 2398 Julii
1468 2337 1752 2398 Ardabure
1788 2348 1844 2394 et
1881 2338 2104 2406 Calepio

511 2423 653 2466 coss.
701 2410 915 2482 scripsit
942 2422 1161 2470 sanctus
1189 2413 1300 2470 Leo
1341 2411 1410 2468 ad
1440 2411 1754 2472 Januarium
1785 2411 2103 2482 Aquileien-

2203 478 2272 519 ne
2318 459 2781 518 admittantur'ad
2813 462 3245 516 communionem
3292 459 3638 525 catholicam,
3681 459 3771 518 nisi

2216 535 2425 603 publica
2454 532 2792 602 professione
2833 533 3084 589 detestati
3111 531 3362 588 haeresim
3387 531 3513 586 sint.
3547 530 3614 586 Et
3640 547 3772 600 pres-

2201 606 2376 678 byteri
2422 606 2758 678 diaconique,
2799 615 2892 662 aut
2924 603 3209 678 cujuslibet
3252 603 3458 678 ordinis
3483 603 3776 678 clericihoe

2201 673 2323 734 loco
2368 676 2614 734 beneficii
2651 673 2947 748 etgratiac
2978 673 3241 748 habeant,
3295 675 3341 730 si
3373 690 3438 748 ex
3485 673 3775 748 bteresivad

2205 749 2503 806 Ecclesiam
2535 747 2745 804 reversi
2769 745 2842 804 'in
2875 763 2940 804 eo
2988 747 3039 801 in
3073 762 3180 817 quo
3227 745 3577 817 inveniuntur
3608 746 3776 817 ordine

2205 830 2479 887 maneant,
2515 835 2613 876 nec
2655 835 2713 875 se
2739 819 2876 874 ultra
2908 815 3127 888 sperent
3170 815 3590 888 promovendos.
3616 815 3671 872 Si
3694 817 3778 874 Pe-

2202 891 2395 962 lagiani
2421 901 2566 958 sunt,
2597 890 2666 946 de
2686 891 2878 961 quibus
2909 889 2996 945 hic
3022 891 3217 962 agitur,
3250 904 3494 962 quosque
3519 889 3629 956 jam
3655 888 3774 962 dixi-

2203 960 2322 1018 mus
2344 963 2478 1021 duce
2520 960 2732 1018 Juliano
2764 962 2978 1018 turbare
3010 961 3303 1016 Ecclesiam
3325 1001 3339 1025 ,
3379 961 3480 1016 hac
3506 960 3776 1016 occasione

2203 1037 2457 1105 scriptam
2486 1050 2608 1092 esse
2652 1033 2973 1090 crediderim
3021 1033 3178 1088 istam
3223 1031 3528 1105 epistolam.
3581 1032 3652 1084 Ex
3683 1047 3773 1100 quo

2202 1103 2446 1162 Julianus
2491 1106 2731 1174 deiectus
2757 1114 2842 1160 est
2879 1105 2946 1160 ab
2995 1105 3312 1174 episcopatu
3335 1146 3350 1168 ,
3385 1103 3681 1174 pulsusque
3719 1117 3776 1158 ex

2203 1176 2374 1241 italia,
2424 1173 2670 1249 vaguset
2699 1177 2931 1232 extorris
2960 1175 3155 1249 nullibi
3181 1173 3340 1249 sedes
3382 1180 3563 1249 certas
3595 1173 3777 1249 habue-

2205 1257 2307 1303 rat.
2353 1245 2534 1304 Prinfo
2573 1247 3096 1317 Constantinopolim
3132 1246 3294 1317 fugit,
3320 1245 3414 1301 sed
3447 1245 3774 1317 et_in_deeje-

2202 1329 2320 1376 ctus
2362 1331 2480 1390 post
2513 1319 2840 1389 Ephesinam
2879 1315 3312 1390 synodumfubi
3353 1327 3460 1372 tam
3505 1315 3773 1390 Pelagiana

2203 1387 2374 1458 quam’
2410 1387 2724 1453 Nestoriana
2769 1387 2988 1446 haeresis
3027 1390 3327 1460 proscripta
3361 1397 3476 1452 est,
3513 1387 3568 1442 in
3597 1387 3777 1460 Gallias

2203 1464 2452 1532 migravit
2475 1474 2745 1534 tamquam
2774 1463 2826 1534 in
2856 1459 3093 1534 asylum,
3117 1475 3234 1534 non
3257 1460 3474 1530 ignarus
3504 1459 3599 1528 qui
3625 1459 3778 1513 humi-

2204 1549 2299 1590 nes
2330 1535 2438 1590 illic
2465 1532 2748 1604 Augustini
2779 1533 2846 1590 de
2868 1535 3034 1604 gratia
3065 1532 3369 1604 doctrinam
3394 1538 3771 1604 oppugnarent.

2204 1604 2409 1660 Hilario
2458 1601 2637 1668 certe,
2689 1605 2779 1675 qui
2823 1601 2892 1661 ei
2944 1603 3209 1675 monacho
3265 1601 3534 1675 Lirinensi
3571 1610 3776 1675 creatus

2203 1675 2536 1748 Arelatensis
2564 1672 2848 1747 episcopus
2890 1675 3097 1748 fuerat,
3132 1673 3520 1748 Augustiniana
3550 1672 3621 1727 de
3651 1688 3771 1748 pra;-

2203 1746 2562 1804 destinatione
2581 1743 2824 1805 doctrina
2855 1764 2962 1802 non
2994 1743 3282 1802 admodum
3309 1744 3582 1814 placebat.
3613 1745 3703 1799 etsi
3732 1743 3776 1799 in

2203 1820 2324 1875 aliis
2343 1820 2612 1881 omnibus,
2645 1827 2704 1874 ut
2730 1819 2961 1884 Prosper
2990 1818 3176 1872 scribit
3206 1813 3400 1887 (Epist.
3432 1814 3504 1887 S.
3544 1813 3774 1876 Prosperi

2204 1893 2273 1946 ad
2299 1891 2362 1948 S.
2397 1891 2784 1964 Augustinum),
2804 1891 3186 1964 adntjratunem
3202 1885 3261 1943 se
3284 1885 3594 1964 Augustini.
3623 1896 3774 1964 secta-

2209 1955 2504 2032 toremque'
2521 1955 2878 2032 profiteretur.
2911 1963 3045 2016 Tum
3076 1959 3308 2032 Faustus
3337 1955 3593 2032 abbatem
3629 1956 3675 2012 in
3705 1955 3778 2032 Li-

2211 2028 2418 2090 rinensi
2456 2028 2633 2089 itisula
2679 2033 2902 2104 agebat;
2938 2032 3042 2089 huc
3087 2031 3332 2104 Julianus
3375 2028 3674 2104 advehitur
3709 2028 3777 2104 in-

2212 2105 2417 2161 faustus
2444 2105 2638 2176 hospes
2669 2122 2683 2158 :
2714 2099 2838 2160 nam
2861 2103 3066 2160 abbatis
3090 2102 3327 2157 animum
3346 2116 3408 2157 ea
3431 2100 3560 2156 labe
3590 2099 3774 2176 imbuit,

2210 2192 2310 2248 qua
2344 2177 2524 2232 Fausti
2548 2171 2753 2246 scripta
2788 2176 3129 2248 postmodum
3156 2187 3375 2242 aspersa
3407 2183 3556 2226 sunt.
3595 2171 3710 2226 Ha-c
3732 2177 3774 2224 et

2211 2245 2313 2303 alia
2360 2249 2428 2304 id~
2456 2245 2823 2317 genu.s,’qute
2871 2247 3070 2302 multos
3116 2245 3693 2317 latent,_retecturum
3731 2253 3778 2295 se

2219 2319 2292 2392 (c)
2327 2313 2597 2394 certisque
2624 2313 3058 2394 probationibus,
3098 2327 3206 2372 tam
3232 2331 3296 2394 ex
3321 2313 3618 2394 Fulgentio
3645 2324 3778 2394 etiam

2213 2383 2286 2447 ei
2310 2391 2434 2447 aliis
2461 2383 2816 2458 asserturum,
2853 2389 3174 2462 promiserat
3197 2387 3280 2443 vir
3301 2383 3653 2442 doctissimus
3675 2383 3776 2440 llic-

1583 2569 2154 2628 BALLERlNlORUM
2188 2568 2734 2626 ANNOTATIONES.

582 2751 660 2826 (a)
690 2749 872 2808 Codex
900 2752 1140 2826 quidem,
1164 2767 1236 2826 ex-
1265 2766 1372 2826 quo
1408 2749 1523 2807 haec
1550 2750 1776 2826 epistola
1809 2749 1949 2826 edita
1978 2748 2097 2814 fuit,

512 2822 769 2881 Achaiam
801 2822 1046 2890 praefert;
1074 2833 1130 2876 at
1161 2824 1362 2893 Illyrici
1391 2831 1538 2877 certe
1565 2822 2103 2893 corrigendumpro-

507 2897 752 2952 bavimus
794 2905 978 2950 annot.
1017 2893 1052 2948 2
1091 2891 1262 2966 (Tant.
1307 2894 1526 2966 prceced.
1560 2894 1659 2966 col.
1714 2895 1841 2959 665,
1877 2911 1930 2947 n.
1961 2891 2013 2964 ὶι)
2045 2893 2099 2950 in

506 2967 678 3039 ipsam
710 2967 869 3032 epist.
908 2969 991 3024 15.
1026 2968 1078 3020 In
1104 2965 1212 3021 hac
1241 2965 1416 3021 autem
1448 2965 1700 3039 epistola,
1733 2982 1784 3019 c.
1822 2967 1870 3030 l,
1894 2979 2100 3039 mento:

506 3036 695 3095 rantur
725 3039 918 3094 littera:
959 3039 1382 3108 Illyricianorntn
1423 3037 1490 3094 ad
1527 3038 1764 3093 Leonem
1786 3077 1800 3102 ,
1835 3049 1883 3091 et
1911 3051 2029 3108 cap.
2063 3036 2098 3092 5

507 3114 711 3167 mentio
735 3111 792 3164 fit
813 3107 1086 3165 relationis
1110 3113 1377 3166 Anasrasii
1399 3110 1464 3164 ad
1483 3109 1730 3163 eumdem
1757 3107 2094 3178 pontificem;

507 3198 740 3253 cumque
785 3197 843 3234 ea
875 3183 1100 3246 epistola
1151 3184 1270 3235 data
1318 3181 1476 3237 fuerit
1519 3184 1604 3236 die
1651 3182 1684 3236 6
1723 3180 1960 3253 Januarii
2003 3195 2092 3235 an.

505 3254 630 3321 446,
655 3252 770 3308 illa:
795 3253 1218 3324 ltlyricianorum
1248 3253 1458 3316 liuet-ie,
1491 3263 1545 3307 et
1582 3253 1696 3307 ha-c
1729 3252 1920 3306 relatio
1941 3253 2095 3324 Ana-

506 3325 655 3379 stasii
685 3323 951 3392 pertinent
975 3327 1038 3376 ad
1070 3339 1159 3378 an.
1186 3326 1309 3380 415.
1343 3324 1452 3378 Leo
1482 3323 1952 3378 Thessalonicensi
1983 3324 2095 3392 epi-

507 3410 674 3462 scopo
695 3410 882 3448 omnes
912 3394 1103 3465 lllyrici
1140 3396 1408 3450 Ecclesias
1430 3395 1768 3462 delegatione
1798 3395 2093 3465 apostolica

507 3466 830 3536 subjecerat,
857 3465 1014 3534 idque
1033 3465 1282 3520 omnibus
1309 3465 1666 3532 metropolitis
1695 3465 1894 3536 Illyrici
1923 3467 2092 3536 signi-

509 3538 764 3592 ficaverat
806 3536 966 3604 epist.
1011 3537 1079 3603 5,
1127 3538 1323 3606 scripta
1365 3536 1537 3605 pridie
1575 3536 1690 3590 idus
1720 3535 1954 3592 Januarii
1997 3552 2085 3592 an.

507 3607 638 3674 444,
670 3621 723 3662 et
754 3616 811 3661 ut
839 3607 1200 3662 rescriberem
1234 3617 1580 3676 praeceperat.
1631 3609 1736 3662 llos
1782 3610 2090 3676 responsio-

510 3697 633 3735 nem
661 3695 766 3734 non
798 3678 1022 3733 multum
1053 3679 1328 3734 distulisse
1355 3679 1611 3734 credibile
1649 3688 1752 3733 est.
1795 3680 1930 3734 ll-inc
1954 3679 2090 3734 alias

512 3751 751 3821 ipsiirum
785 3751 991 3806 litteras
1030 3751 1323 3805 desiderari
1357 3761 1602 3821 putamus
1648 3750 1949 3806 anteriores
1982 3751 2090 3807 illis

509 3823 703 3890 quibus
734 3822 819 3876 die
851 3823 884 3877 6
911 3821 1150 3877 Januarii
1184 3823 1415 3880 reddidit
1441 3821 1722 3892 epistulam
1768 3823 1854 3878 15.
1886 3823 1959 3877 Ex
1990 3823 2088 3878 hac

510 3902 689 3948 autem
720 3896 947 3963 epistola
974 3893 1231 3949 discimus
1255 3908 1350 3949 sex
1378 3895 1744 3961 metrOpolitas
1776 3893 1970 3947 ibidem
2006 3895 2085 3946 in-

507 3967 774 4034 scriptos,
810 3980 913 4020 non
961 3980 1090 4020 vero
1128 3981 1316 4022 omnes
1358 3963 1829 4021 Thessalonicensi
1859 3967 2079 4030 vicario,

507 4050 561 4091 et
596 4036 788 4122 Leonis
819 4037 1085 4122 mandatis
1117 4040 1386 4106 paruisse;
1419 4037 1558 4092 unde
1602 4039 1658 4092 S.
1695 4037 2086 4122 pontifeanno-
2111 4060 2156 4122 ο

505 4108 1144 4163 rumdaminobedientiant
1165 4123 1224 4164 se
1249 4117 1615 4164 correcturum
1640 4109 1890 4163 minatur.
1918 4109 2085 4164 Porro

505 4195 571 4236 ex
623 4181 886 4236 relatione
927 4180 1194 4236 Anastasii
1239 4181 1377 4235 idem
1430 4180 1668 4250 pontifex
1707 4190 2082 4249 cognoverat,

505 4251 722 4308 Achaiae
737 4253 1132 4324 metropolitam
1153 4251 1365 4307 illicitas
1377 4252 1740 4324 ordinationes
1753 4251 2080 4318 celebrasse,

505 4325 714 4393 etinter
745 4324 838 4378 has
856 4321 1110 4380 distincte
1134 4333 1398 4380 memorat
1423 4321 1815 4378 ordinationem
1847 4324 2083 4393 episcOpi

507 4392 888 4466 TheSpiensis,
907 4396 996 4466 qui
1019 4397 1329 4466 incognitus
1357 4394 1537 4450 invitis
1568 4405 1621 4449 et
1664 4392 2084 4464 repugnantibus

505 4465 826 4534 praepositus
866 4465 983 4520 fuit.
1018 4465 1221 4520 Eodem
1265 4477 1508 4535 tempore
1547 4482 1652 4535 quo
1698 4466 1763 4520 ad
1800 4467 2082 4533 episcopos

506 4535 707 4606 Illyrici
737 4537 875 4606 idem
899 4536 1009 4592 Leo
1031 4537 1188 4590 etiam
1213 4537 1488 4605 respondit
1510 4537 1756 4592 relationi
1787 4539 2079 4604 Anastasii,

506 4605 628 4676 qua:
656 4607 799 4663 circa
830 4605 1027 4663 factum
1050 4608 1403 4677 metrOpolitre
1420 4606 1635 4662 Achaiae
1666 4609 1932 4676 prmcipue
1957 4625 2083 4663 ver-

505 4679 753 4745 sabatur;
786 4677 966 4748 ibique
996 4676 1097 4734 alia
1128 4676 1381 4733 nomiulla
1411 4690 1565 4734 erant
1594 4678 1790 4732 inserta
1814 4721 1827 4745 ,
1858 4693 1977 4747 quae
2018 4695 2083 4735 ex

505 4763 624 4818 cap.
657 4751 692 4804 4
732 4749 973 4820 ejusdem
1002 4749 1243 4820 epistolae
1271 4750 1338 4806 15
1393 4749 1442 4802 in
1474 4751 1844 4818 episcoporum
1885 4749 2082 4820 lllyrici

506 4821 752 4891 notitiam
788 4820 856 4875 ab
891 4819 1080 4876 eodem
1114 4819 1400 4876 Anastasio
1427 4820 1705 4891 dirigenda
1737 4830 1910 4874 erant.
1938 4819 2085 4878 Hanc

503 4890 701 4964 Leonis
719 4895 1136 4964 responsionem
1158 4893 1483 4964 Quesuellus
1504 4890 1626 4964 esse
1667 4891 1890 4948 credidit
1919 4895 2079 4964 epist.

506 4965 575 5020 14
605 4963 670 5018 ad
699 4962 1060 5020 Anastasium.
1085 4962 1156 5019 At
1181 4963 1381 5018 factum
1411 4963 1574 5020 Attici
1601 4979 1720 5019 cum
1748 4965 1906 5020 aliam
1943 4962 2081 5021 Leu-

505 5037 586 5090 nis
610 5035 916 5106 epistolam,
943 5050 1063 5105 qua:
1092 5035 1382 5102 intercidit,
1408 5037 1689 5091 Anastasio
1714 5035 1814 5090 hoc
1839 5049 2082 5106 tempore

502 5108 821 5176 rescriptam
848 5107 1062 5171 aStruit,
1097 5116 1206 5161 tum
1239 5122 1366 5163 vero
1395 5109 1675 5177 episrolam
1706 5106 1772 5161 M
1797 5108 1914 5162 aliis
1941 5109 2085 5177 ejus-

503 5179 627 5234 dem
649 5179 915 5238 Anastasii
941 5178 1136 5248 litteris
1155 5180 1418 5248 posterius
1441 5179 1702 5236 redditam
1733 5181 1907 5248 palam
1933 5180 2078 5236 facit.

503 5251 845 5306 Anastasium
876 5249 1079 5306 scilicet
1098 5247 1229 5304 duas
1255 5251 1320 5306 ad
1351 5251 1585 5306 Leonem
1624 5250 1692 5305 de
1728 5247 1890 5305 Attici
1921 5266 2084 5306 causa

500 5323 756 5391 epistolas
788 5321 1002 5378 dedisse
1049 5322 1315 5392 colligitur
1357 5337 1428 5378 ex
1470 5324 1629 5392 epist.
1685 5321 1787 5389 14,
1834 5337 1882 5376 c.
1933 5324 1984 5377 l.
2023 5321 2082 5378 ln

503 5395 671 5460 prima
708 5393 758 5448 id
789 5403 992 5464 tantum
1023 5392 1384 5457 indicaverat,
1431 5394 1572 5464 quod
1604 5393 1691 5448 ille
1717 5393 1782 5446 ad
1812 5393 2079 5462 synodum

2206 2765 2366 2820 quam
2399 2749 2514 2819 ipse
2549 2748 2709 2804 vellet
2751 2762 2873 2803 cum
2906 2748 3086 2820 Attico
3123 2747 3400 2820 agendum
3449 2747 3566 2805 Leo
3619 2747 3779 2820 princi-

2203 2817 2377 2890 peret,
2402 2817 2540 2890 apud
2572 2820 2881 2890 prtefectum
2908 2817 3385 2891 Praetoriolllyrici
3413 2820 3547 2886 egit,
3580 2817 3636 2876 ui
3659 2820 3778 2876 Atti-

2202 2906 2299 2948 cus
2326 2892 2766 2948 Thessalonicam
2811 2891 3004 2946 hiemis
3037 2899 3280 2959 tempore
3312 2893 3359 2944 vi
3410 2891 3772 2948 adduceretur.

2202 2963 2260 3019 id
2291 2962 2515 3034 contigit
2545 2965 2660 3030 ipso
2692 2962 2869 3034 hieme
2899 2963 3144 3018 exeuntis
3173 2962 3298 3016 anni
3328 2963 3456 3028 415,
3488 2963 3571 3017 vel
3609 2967 3775 3016 ineun-

2203 3035 2271 3090 tis
2311 3034 2418 3091 446
2434 3033 2458 3104 ,ί
2479 3046 2766 3104 antequam
2795 3033 2991 3090 Leonis
3033 3035 3315 3102 responsio
3353 3034 3773 3090 Thessalonicam

2205 3107 2531 3176 perveniret.
2577 3107 2630 3160 Id
2682 3114 2859 3160 autem
2909 3121 3031 3160 cum
3074 3104 3387 3160 AnaStasius
3435 3107 3774 3170 obtinuisset,

2199 3179 2425 3233 alteram
2469 3177 2750 3248 epistolam
2781 3177 2847 3234 ad
2879 3176 3116 3232 Leonem
3153 3191 3247 3246 per
3275 3177 3528 3248 diaconos
3557 3176 3772 3240 direxit,

2199 3248 2253 3303 in
2293 3265 2397 3320 qua
2440 3247 2778 3304 diSsimulato
2813 3249 2914 3303 hoc
2945 3248 3192 3320 violento
3215 3247 3376 3302 modo
3412 3264 3515 3320 quo
3551 3247 3775 3320 Atticum

2199 3316 2473 3391 coegerat,
2496 3321 2547 3376 id
2573 3337 2737 3388 unum
2768 3319 3036 3377 referebat
3055 3319 3194 3390 quod
3223 3324 3382 3388 frater
3405 3319 3597 3373 Atticus
3623 3316 3667 3372 Τ
3668 3319 3777 3391 lies-

2196 3390 2480 3448 salonicant
2530 3394 2775 3456 venisset,
2825 3393 3064 3462 quodque
3093 3407 3397 3462 consensum
3437 3406 3577 3462 sunt
3620 3390 3770 3462 etiam

2198 3465 2472 3534 scriptura:
2492 3465 2808 3534 professione
2838 3457 3112 3533 signasset.
3147 3466 3216 3516 At
3250 3461 3397 3530 paulo
3418 3467 3529 3527 post
3553 3457 3761 3534 ha_s_lit-

2196 3528 2340 3611 teras
2368 3549 2398 3590 a
2426 3528 2740 3611 diaconibus
2767 3528 3262 3611 [tornanrperlatas
3304 3529 3598 3611 supervenit
3619 3528 3759 3611 idem

2194 3605 2405 3662 Atticus
2435 3622 2557 3662 cum
2589 3606 2908 3676 quibusdam
2927 3605 3202 3675 episcopis
3237 3619 3346 3658 sua:
3379 3605 3688 3673 provinciae,
3717 3606 3775 3656 et

2193 3676 2262 3732 de
2301 3678 2566 3733 acerbiori
2611 3678 2818 3733 ratione
2857 3693 2959 3746 qua
3000 3676 3318 3732 AnaStasius
3353 3689 3528 3746 secum
3563 3678 3774 3746 egerat,

2191 3761 2517 3819 conquestus
2552 3759 2636 3804 est
2673 3741 3028 3817 coram-ipsis
3069 3746 3341 3819 Anastasii
3381 3741 3651 3819 diaconis,
3692 3741 3782 3814 qui

2194 3815 2328 3874 nihil
2349 3836 2611 3890 reponere
2633 3821 2749 3875 ausi
2772 3815 3105 3875 suntIVides
3134 3818 3330 3888 Illyrici
3359 3815 3644 3890 Orientalis
3673 3829 3784 3890 me-

2194 3885 2498 3960 tr0politam
2543 3908 2665 3946 cum
2695 3892 2899 3961 aliquot
2941 3892 3052 3946 suis
3099 3885 3643 3961 comprovincialibus
3685 3885 3787 3943 Ro-

2189 3965 2666 4035 mamconfugere,
2697 3974 2751 4018 et
2779 3960 2928 4035 apud
2966 3962 3315 4035 apostolicam
3344 3960 3528 4035 sedem
3558 3960 3786 4035 interce-

2191 4034 2355 4089 dere?
2398 4030 2545 4091 lluic'
2568 4047 2747 4090 autem
2777 4030 2933 4088 alteri
2972 4030 3242 4089 Anastasii
3281 4031 3527 4102 epistola:
3558 4030 3670 4086 Leo
3690 4045 3778 4086 re-

2191 4105 2588 4177 scripsitepist.
2622 4105 2712 4170 l4,
2741 4121 2841 4175 qua
2867 4106 3160 4160 violentum
3192 4103 3386 4177 agendi
3421 4102 3644 4177 modum
3673 4102 3785 4177 ejus

2194 4173 2564 4246 reprehendit,
2583 4173 2794 4243 aliaque
2811 4177 3067 4245 praeclara
3094 4175 3476 4232 ecclesiasticae
3491 4173 3784 4245 disciplinas

2191 4248 2408 4304 decreta
2438 4250 2739 4320 proposuit.
2783 4247 2916 4320 Hinc
2959 4247 3186 4318 epistola
3239 4246 3307 4301 M
3337 4246 3626 4320 aliquanto
3679 4253 3792 4314 post

2191 4335 2241 4374 vr
2273 4320 2349 4374 id.
2385 4317 2621 4376 Januarii
2655 4321 2779 4374 anni
2802 4319 2907 4374 446
2937 4317 3136 4390 scripta
3158 4317 3684 4390 cognoscituraliuc
3709 4333 3788 4371 re-

2189 4390 2413 4446 ferenda
2446 4403 2528 4447 est
2550 4391 2773 4462 epistola
2806 4390 2871 4462 12
2891 4389 3089 4462 Leonis
3117 4391 3184 4445 ad
3213 4389 3504 4462 episcopos
3540 4389 3787 4462 Mauritag

2189 4462 2519 4591 ηἰωῗὲὃῑριθ
2545 4459 2666 4590 pgst
2694 4478 2783 4517 an.
2812 4460 2956 4530 445',
2989 4463 3057 4518 de
3091 4477 3193 4533 qua
3230 4459 3564 4528 Quesnellus
3591 4464 3702 4533 egit
3728 4459 3788 4514 ad

2189 4549 2277 4588 an.
2418 4575 2430 4589 .
2461 4552 2515 4590 n.
2620 4573 2635 4588 .

2186 4549 2277 4588 an.
2304 4541 2430 4590 440.
2461 4552 2515 4590 n.
2546 4541 2635 4590 15.

2260 4604 2353 4677 (ὁ),
2383 4606 2674 4677 Epistulam
2724 4605 2791 4660 ad
2827 4605 3150 4677 Januarium
3203 4607 3464 4676 scriptam
3522 4605 3699 4661 fuisse
3741 4617 3794 4677 ut

2185 4673 2296 4731 kal".
2316 4673 2564 4733 Jan-uarii
2593 4687 2779 4732 annot.
2816 4676 2880 4732 15
2909 4676 3085 4741 (Tant.
3113 4673 3336 4742 prteced.
3362 4677 3467 4730 col.
3504 4677 3644 4742 708,
3669 4693 3720 4730 u.
3748 4673 3797 4742 tt)

2187 4748 2540 4803 ostendimus.
2594 4748 2674 4804 De
2707 4747 3007 4819 Pelagianis
3037 4757 3242 4814 autem,
3289 4764 3396 4802 non
3419 4763 3568 4804 vero
3601 4749 3671 4802 de
3697 4745 3792 4800 Do-

2188 4819 2399 4874 natistis
2422 4821 2507 4874 vel
2537 4819 2848 4876 Novatianis
2880 4819 3075 4873 ibidem
3108 4819 3193 4887 agi
3223 4820 3449 4889 colliges
3497 4835 3575 4876 ex
3607 4826 3793 4873 annot.

2186 4892 2220 4946 5
2237 4898 2291 4944 et
2313 4889 2346 4944 6
2373 4889 2561 4960 (Ibid,
2589 4891 2690 4946 col.
2710 4890 2836 4956 707,
2860 4907 2914 4944 η.
2937 4901 2958 4928 ε
2975 4899 3026 4946 et
3051 4889 3119 4961 ε).
3143 4891 3274 4958 Qua:
3295 4901 3480 4946 autem
3502 4892 3674 4961 hujus
3693 4889 3798 4958 epi-

2186 4961 2339 5016 stola:
2368 4962 2669 5018 scribendae
2691 4962 2901 5017 occasio
2935 4961 3114 5022 fuerit,
3143 4961 3481 5032 coniecimus
3513 4961 3575 5019 in
3612 4963 3793 5017 admo-

2186 5034 2393 5089 nitione
2425 5036 2698 5103 praemissa
2731 5034 2890 5102 epist.
2928 5033 2975 5100 1,
3015 5049 3067 5087 n.
3099 5033 3167 5088 ‘26
3189 5075 3202 5098 ,
3236 5049 3301 5088 ex
3347 5048 3453 5101 qua
3499 5033 3798 5105 Pelagiana

2187 5105 2411 5160 haeresis
2442 5105 2726 5173 irrepsisse
2762 5115 3118 5175 cognoscatur
3146 5105 3196 5157 in
3233 5105 3654 5174 Aquileiensem
3680 5119 3797 5174 pro-

2187 5177 2419 5231 vinciam
2441 5176 2552 5245 jam
2595 5177 2717 5233 inde
2745 5192 2772 5228 a
2815 5177 3151 5245 temporibus
3180 5175 3407 5236 Zosimi.
3459 5177 3576 5232 sub
3608 5191 3720 5244 quo
3744 5175 3802 5230 li-

2186 5247 2359 5303 bellus
2387 5248 2670 5304 distinctus
2701 5248 2768 5304 ab
2799 5247 2902 5301 illis
2928 5247 3169 5316 duobus,
3203 5261 3341 5316 quos
3382 5246 3654 5304 Julianus
3683 5246 3799 5302 alii-

2183 5334 2290 5389 que
2319 5320 2556 5390 episcopi
2597 5319 2878 5391 Pelagiani
2912 5317 3133 5391 Zosimu
3168 5317 3801 5391 obtulere,7Augustino

2190 5392 2446 5462 episcopo
2475 5389 2806 5462 Aquileiensi
2831 5390 3045 5444 oblatus
3069 5389 3167 5462 fuit
3193 5389 3613 5462 aquibusdam,
3634 5391 3727 5461 qui
3757 5390 3804 5444 in

501 5445 2084 5533 tanta;tiesgg'airgaa‘,‘;rngeniumtisanana
2109 5445 2166 5508 D
2192 5445 2251 5517 ei
2285 5445 2560 5533 manus;
2589 5445 2890 5533 Pelagianis
2911 5461 3187 5533 erroribus
3221 5445 3404 5533 infecti
3437 5445 3810 5533 granifstcut

502 5536 810 5590 obtenderet.
855 5535 989 5592 Huic
1029 5537 1310 5604 respondit
1353 5534 1412 5592 S.
1447 5535 1557 5592 Leo
1587 5536 1816 5603 epistola
1843 5552 1962 5605 quas
1989 5551 2080 5605 pe-

502 5607 615 5669 riit,
642 5623 904 5679 quamque
935 5609 1111 5664 datam
1135 5611 1402 5663 credimus
1429 5608 1620 5662 eodem
1652 5608 1738 5662 die
1766 5606 1801 5663 6
1822 5607 2080 5674 Januarii,

503 5693 612 5751 quo
639 5677 832 5748 scripta
864 5679 963 5735 fuit
989 5681 1053 5735 ad
1085 5681 1415 5751 lllyrieianus
1437 5681 1716 5748 episcopos
1742 5681 1964 5751 epistola
1995 5679 2080 5736 15.

505 5748 642 5804 Hinc
670 5765 788 5803 cum
817 5752 1004 5805 eodem
1037 5748 1319 5806 Anastasio
1351 5754 1594 5822 queritur
1623 5748 1788 5820 epist.
1818 5750 1901 5819 14,
1939 5752 2081 5816 quod

504 5836 612 5878 non
625 5832 935 5890 exspectato
952 5838 1047 5878 suo
1063 5837 1342 5896 responso,
1376 5834 1622 5881 metuens
1649 5838 1716 5880 ne
1742 5826 1880 5881 forte
1898 5823 2080 5883 mitius

2193 5531 2373 5590 autem
2405 5535 2494 5604 qui
2523 5551 2590 5590 ex
2620 5534 2704 5588 his
2727 5531 2799 5588 ad
2821 5532 3140 5587 catholicam
3173 5531 3334 5604 fidem
3364 5532 3694 5601 redierunt,
3725 5548 3811 5589 o:'~

2191 5603 2467 5662 casioneiu
2499 5607 2701 5662 dedere
2728 5605 3016 5674 epistolisl
3055 5614 3106 5658 et
3138 5613 3188 5669 τι,
3225 5604 3294 5657 ita
3323 5603 3529 5658 horum
3563 5608 3813 5676 reliquid:

2190 5677 2318 5806 huic
2342 5679 2587 5748 epistolae
2627 5677 2694 5732 ad
2723 5676 3037 5732 Januarium
3070 5676 3375 5732 scribendae
3402 5691 3644 5733 causam
3677 5691 3812 5750 prte—

2232 5763 2445 5806 uerunt.

2269 5768 2623 5897 fdillililuoad
2656 5820 2739 5877 hat
2763 5819 3114 5897 probationes
3145 5833 3251 5877 non
3278 5819 3647 5896 proferantur
3668 5818 3822 5881 nobis
