3968 6308
244 292 355 352 Si?»

846 293 1148 353 DISSEBT.
1192 294 1232 350 1.
1275 293 1364 350 DE
1404 291 1563 349 νιτΑ
1607 290 1694 348 E'l‘
1735 290 2244 352 REBUS'GES‘I‘IS
2281 294 2337 351 S.
2378 294 2627 354 LEONIS
2668 294 2906 354 MAGNI.

3422 290 3536 355 εει

248 421 371 483 ron.
414 404 885 483 Vign‘ierLOratorii
921 409 980 462 D.
1013 408 1140 483 .lesu
1174 408 1486 483 presbyter,
1521 407 1588 463 de
1616 406 1831 483 luliano
1858 418 1905 473 Α
1938 409 2280 483 credebatur.
2315 410 2765 467 Consuetudinem
2791 412 3045 467 Ecclesia:
3077 411 3189 467 Leo
3218 412 3531 483 conﬁrmat,

245 479 520 551 disserens
542 479 596 533 in
626 479 808 534 limine
836 480 877 535 ll
909 482 1035 535 tomi
1061 481 1326 551 snpplem.
1361 480 1593 548 Opernm
1627 480 1687 533 Β.
1719 483 1821 534 Au-

246 549 484 618 gustini;
517 552 609 605 sed
644 553 921 605 immatura
950 549 1453 620 ntorte’praaventus
1493 552 1651 605 [idem
1684 566 1827 621 prte-

247 630 395 692 gstare
420 636 523 676 non
558 624 743 690 putuit.
771 622 1017 677 Julianus
1045 639 1205 692 porro
1226 639 1294 677 ex
1324 624 1414 677 illa
1440 622 1614 677 imula
1649 624 1699 677 iu
1723 622 1830 677 Ita-

250 691 375 747 liam
415 708 691 762 regressus
720 709 884 748 novas
915 691 1097 749 turbas
1124 694 1329 757 ciebat,
1362 695 1637 749 vindicare
1676 710 1735 748 se
1762 694 1829 749 ab

248 778 437 819 errore
460 779 552 819 seu
572 780 666 832 per
685 766 943 835 speciem,
969 781 1063 819 seu
1088 781 1183 835 per
1208 766 1448 820 fraudem
1470 766 1683 832 volens;
1709 764 1829 819 fau-

250 843 499 904 toresque
529 836 646 905 ejus
681 837 867 892 eadem
898 838 1065 892 moliti
1094 838 1270 893 redire
1312 838 1376 891 ad
1415 837 1708 893 Ecclesiam
1736 853 1831 891 cu-

250 908 483 979 piebant.
511 908 642 963 Hiuc
664 909 774 978 illa,
808 911 1018 979 opinor,
1043 908 1239 964 Leonis
1262 909 1328 963 ad
1363 908 1677 963 Januarium
1710 909 1828 977 epi-

250 977 427 1046 stola;
458 979 502 1032 si
548 988 756 1047 tamen,
804 977 861 1035 ut
891 989 1077 1050 putant
1117 981 1396 1046 nonnulli,
1429 981 1497 1033 de
1526 980 1829 1049 Pelagianis

249 1050 335 1103 hic
356 1060 568 1117 agatur;
600 1051 729 1105 inibi
759 1054 904 1106 enim
938 1054 1112 1119 potius
1145 1067 1326 1106 sermo
1356 1066 1477 1107 esse
1502 1051 1717 1105 videtur
1743 1051 1829 1107 vel

246 1119 313 1173 de
345 1121 655 1187 Donatistis,
689 1123 775 1177 vel
802 1123 868 1178 de
895 1122 1223 1178 Novatianis.
1266 1126 1335 1177 At
1364 1122 1704 1177 commodius
1736 1137 1832 1175 no-

246 1201 387 1265 stras
416 1207 477 1246 ea
504 1193 669 1265 deire
693 1194 1032 1265 conjecturas
1072 1208 1383 1265 promemus
1410 1194 1463 1248 in
1493 1192 1834 1247 dissertatio—

244 1262 402 1317 nibus
432 1264 648 1318 nostris.

316 1333 378 1387 ΙΙ.
405 1335 509 1390 Sed
542 1349 671 1389 ecce
712 1351 850 1390 nova
876 1337 1018 1392 bella
1051 1337 1104 1389 in
1144 1335 1399 1405 llispania
1428 1334 1687 1389 adversus
1718 1334 1834 1390 Pri-

244 1405 615 1460 scillianistas.
668 1406 749 1460 llli
800 1408 927 1461 dum
975 1409 1226 1475 Suevos,
1274 1407 1567 1469 Vandalus,
1621 1405 1830 1461 Gothus

246 1475 411 1529 urbes
430 1485 486 1531 et
504 1477 806 1548 provincias
830 1478 1112 1548 pepulant,
1139 1493 1397 1533 renovare
1418 1492 1627 1531 errores
1650 1492 1829 1543 cmpe-

1938 496 2044 554 qua
2071 482 2288 535 solitum
2322 484 2533 550 publice
2555 485 2877 551 baptismum
2904 498 3063 554 agere
3083 483 3274 539 diebus
3304 482 3528 541 Pasch

1939 563 1993 607 et
2023 552 2393 618 Pentecostes,
2428 554 2702 625 antiquum
2748 569 2869 611 esse
2914 552 3117 610 morem
3169 555 3412 610 haustum
3457 556 3527 612 ab

1940 626 2221 703 apostolis,
2245 640 2404 694 quem
2432 625 2628 703 deinde
2648 636 2705 683 et
2725 628 3022 703 rationibus
3043 643 3151 682 non
3176 628 3358 703 paucis
3379 641 3529 682 asse-

1941 697 2041 767 rit;
2077 697 2403 760 baptismum
2448 710 2566 750 esse
2616 698 2896 767 imaginem
2949 698 3386 763 resurrectionis,
3427 712 3526 767 per

1942 765 2044 839 hoc
2077 768 2390 839 mysterium
2444 765 3122 825 hominem—Christianum
3172 765 3521 838 reviviscere,

1938 838 2241 892 triduanam
2281 840 2612 908 sepulturam
2643 855 2738 909 per
2766 842 2954 895 trinam
2988 842 3390 898 imniersionem
3420 840 3521 895 de-

1938 911 2137 981 notari,
2168 911 2438 966 hominem
2487 925 2554 965 ex
2605 913 2757 981 aquis
2796 920 3064 980 tamquam
3106 928 3138 968 e
3168 914 3415 975 sepulcro
3447 913 3525 966 le-

1938 981 2071 1054 vari.
2107 980 2233 1047 Ipsa
2281 984 2458 1054 igitur,
2505 980 2696 1050 inquit,
2740 983 2905 1053 operis
2943 980 3160 1053 qualitas
3204 986 3352 1038 docet
3391 981 3527 1037 cele-

1940 1051 2150 1133 brandae
2176 1051 2481 1121 generaliter
2515 1054 2706 1133 gratia:
2745 1051 2878 1133 eum.
2900 1051 3006 1108 esse
3041 1056 3319 1133 legitimam
3365 1055 3522 1133 diem,

1940 1126 1993 1175 in
2020 1140 2120 1187 quo
2147 1135 2260 1177 orta
2295 1136 2369 1179 est
2402 1134 2450 1178 et
2480 1127 2637 1178 virtus
2681 1126 2906 1178 muneris
2955 1135 3000 1177 et
3040 1129 3232 1191 species
3279 1126 3520 1179 actionis.

1941 1191 2106 1247 Addit
2136 1206 2189 1249 et
2218 1194 2341 1250 huic
2386 1195 2684 1250 celebritati
2736 1205 3112 1249 consecratum
3142 1196 3281 1248 diem
3328 1196 3524 1249 Pente-

1941 1275 2140 1333 costes,
2182 1268 2330 1334 quasi
2370 1266 2580 1332 aliquod
2631 1265 2851 1320 Pascha:
2890 1266 3341 1335 supplementum,
3388 1265 3523 1321 etfu-

1940 1350 2058 1389 sum
2092 1352 2252 1403 super
2279 1338 2550 1402 apostolos
2582 1336 2680 1389 hac
2712 1336 2799 1391 die
2843 1337 3101 1405 Spiritum
3149 1347 3414 1397 sanctum,
3456 1350 3524 1391 eo

1940 1406 2027 1459 die
2060 1408 2255 1461 tinctos
2297 1425 2323 1461 a
2364 1409 2521 1461 Petro
2551 1406 2714 1478 “2
2747 1408 2843 1460 tria
2880 1407 3156 1462 hominum
3189 1407 3353 1460 millia
3380 1423 3396 1469 ;
3441 1408 3524 1462 his

1939 1487 1992 1530 et
2023 1478 2287 1532 similibus
2313 1478 2378 1532 ad
2407 1480 2748 1532 retinendum
2784 1479 3018 1545 priscum
3059 1493 3264 1532 morem
3313 1478 3522 1534 Siculos

245 1554 406 1619 runt;
452 1557 507 1600 et
557 1545 683 1601 dum
733 1545 958 1618 quisque
990 1563 1086 1618 pro
1129 1549 1259 1603 focis
1302 1550 1519 1603 dimicat
1566 1548 1826 1619 adversus
1857 1560 1905 1619 Β
1936 1547 2272 1602 adhortatur.
2302 1550 2413 1603 Sub
2443 1549 2601 1603 tinem
2628 1550 2868 1618 epistolae
2897 1549 2990 1604 dat
3019 1549 3235 1604 salubre
3268 1548 3526 1603 Ecclesiis

248 1616 567 1685 barbarum,
604 1620 705 1687 ipsi
736 1616 946 1673 lethalia
978 1616 1169 1673 animis
1202 1620 1337 1673 bella
1362 1634 1563 1680 screrc,
1588 1627 1642 1672 et
1668 1618 1827 1686 longe

248 1689 497 1760 graviora
531 1690 757 1744 incautis
789 1691 1002 1745 vulnera
1052 1691 1327 1760 inﬂigere,
1376 1705 1532 1759 quam
1569 1698 1826 1744 externus

250 1758 441 1813 hostis.
491 1760 767 1814 Turribius
807 1758 1525 1829 Astoricensis'episcOpus,
1568 1761 1823 1829 quoniam

245 1830 465 1902 morbus
503 1830 936 1899 ingravescebat,
966 1832 1033 1885 de
1065 1848 1123 1885 ea
1158 1848 1213 1886 re
1249 1848 1368 1884 cum
1399 1831 1667 1902 episcopis
1703 1846 1826 1898 pro—

240 1898 437 1953 vincite
462 1898 605 1975 egit;
633 1903 836 1975 litteras
866 1911 921 1959 et
949 1902 1025 1975 (α)
1056 1902 1318 1975 libellum,
1356 1903 1405 1956 in
1434 1898 1544 1975 quo
1576 1898 1822 1975 portenta

238 1978 405 2041 sectae.
442 1971 854 2028 continebantur
895 1971 1369 2041 rel‘utabanturque
1402 2015 1416 2038 ,
1460 1971 1535 2027 ad
1586 1974 1821 2028 Lennem

238 2040 388 2113 misit
429 2057 524 2113 per
567 2044 850 2099 diacOnum
896 2062 1007 2099 sine
1041 2040 1291 2099 Ecclesia;
1331 2046 1663 2113 pervincum.
1714 2046 1820 2100 lie-

238 2111 461 2186 s_crips_it
496 2112 627 2186 Leo,
653 2126 939 2186 exstatque
963 2120 1081 2186 ejus
1110 2111 1343 2185 epistola
1380 2116 1573 2185 (Epist.
1626 2116 1721 2180 15,
1756 2117 1823 2170 ad

239 2182 587 2256 Turribinm),
624 2186 713 2241 ubi
747 2182 1089 2244 bair‘esim'ex
1119 2182 1248 2243 faece
1278 2182 1504 2242 aliarum
1543 2190 1820 2243 haereseon

236 2256 494 2330 coalitam
525 2261 736 2330 probat,
766 2261 1079 2330 singulaque
1093 2260 1209 2329 ejus
1236 2263 1407 2328 capita
1438 2259 1663 2313 seorsim
1695 2274 1825 2314 con-

238 2328 390 2413 terit.
444 2328 647 2411 Deinde
682 2331 817 2413 quid
849 2328 916 2413 ad
961 2328 1316 2413 eitcidenduin
1361 2340 1823 2413 nionstru‘m‘opus

233 2398 338 2473 sit,
368 2400 554 2473 paucis
574 2398 825 2470 explicat.
862 2402 1163 2457 Turribium
1186 2402 1574 2472 episcoposque
1597 2400 1675 2473 (ὁ)
1697 2402 1825 2457 Gal-

233 2469 394 2525 leciaa
422 2480 475 2526 et
505 2469 798 2528 Lusitania!
820 2473 884 2528 ad
908 2475 1189 2530 concilium
1212 2469 1512 2527 vocat'aliis
1542 2469 1733 2527 litteris
1756 2473 1823 2528 ad

236 2555 337 2595 eos
359 2543 605 2611 scriptis,
636 2543 795 2617 “1
832 2560 949 2615 quae
975 2546 1317 2609 exciderunt;
1346 2546 1390 2617 si
1418 2560 1545 2598 vero
1574 2547 1711 2599 inter
1735 2561 1825 2598 ar-

236 2626 456 2687 morum
479 2618 736 2685 strepitus
762 2616 877 2687 cogi
907 2618 1171 2686 generalis
1199 2616 1437 2687 synodus
1483 2619 1683 2685 nequit,
1714 2617 1824 2670 sal-

238 2693 350 2757 tem
390 2685 591 2756 aliquot
619 2685 902 2757 episcopos
919 2685 1241 2743 convenire
1255 2688 1433 2757 jubet,
1465 2698 1523 2741 ut
1544 2688 1721 2741 simul
1747 2688 1826 2741 vi-

236 2754 583 2847 deant
608 2754 706 2847 pro
746 2754 819 2847 re
852 2759 1153 2815 Christiana
1203 2754 1463 2815 adversus
1506 2760 1823 2831 gliscentem
1853 2782 1899 2847 ε

234 2824 491 2898 haeresim
516 2830 588 2883 sit
608 2824 897 2898 agendum.

276 2968 289 2980 ο
322 2897 411 2980 Ill.
458 2897 881 2980 MenseOctobri
909 2904 973 2980 ad
992 2904 1285 2980 episcOpos
1317 2904 1521 2980 Sicilia:
1552 2902 1659 2957 Leo
1702 2917 1823 2980 gra:

238 2972 517 3044 vissimani
555 2972 838 3040 epistolam
886 2972 1061 3041 misit,
1117 2972 1319 3044 eosque
1368 2977 1631 3042 increpat,
1680 2974 1821 3042 quod

238 3040 329 3115 die
361 3043 688 3115 Epiphaniae
745 3040 1068 3115 baptismum
1126 3040 1439 3101 solemniter
1492 3040 1827 3099 celebrarent

242 3110 439 3187 (Epist.
465 3113 530 3187 {6
558 3117 628 3169 ad
654 3110 1083 3187 cpiam-Sicilire).
1117 3117 1171 3172 Id
1204 3133 1350 3183 vero,
1384 3118 1636 3186 quoniam
1668 3116 1826 3187 Chri-

247 3192 367 3238 stus
392 3186 446 3241 S.
477 3184 695 3242 Joannis
744 3184 1071 3257 baptismum
1106 3204 1170 3243 eo
1215 3188 1301 3242 die
1336 3184 1639 3255 suscepisse
1669 3184 1829 3254 vulgo

1937 1619 2246 1685 consilium,
2279 1632 2333 1674 ut
2382 1621 2463 1675 bis
2509 1621 2796 1689 quotannis
2829 1621 2961 1674 terni
3012 1620 3251 1689 episcopi
3297 1620 3523 1674 Romam

1933 1689 2235 1757 mittantur,
2278 1701 2333 1745 et
2382 1694 2435 1745 in
2481 1706 2769 1746 commune
2819 1692 3017 1746 bonum
3066 1691 3322 1746 Ecclesia:
3360 1689 3522 1744 simul

1932 1760 2210 1816 conferant
2242 1763 2307 1817 ad
2334 1763 2683 1818 custodienda
2708 1763 2922 1818 decreta
2945 1761 3041 1818 SS.
3072 1763 3313 1823 Patrum,
3346 1769 3399 1814 et
3427 1776 3515 1813 er-

1933 1848 2086 1886 rores
2124 1834 2190 1889 ab
2222 1834 2458 1890 Ecclesia
2505 1835 2857 1889 eliminandos
2902 1851 2916 1887 :
2957 1834 3083 1888 Cum
3114 1849 3285 1887 coram
3334 1832 3523 1886 beatis-

1934 1905 2063 1957 simo
2093 1907 2328 1970 apostolo
2368 1904 2524 1959 Petro
2560 1906 2614 1959 id
2659 1921 2858 1972 semper
2896 1905 2949 1959 in
2986 1920 3251 1958 commune
3297 1912 3523 1957 tractan-

1933 1975 2057 2027 dum
2101 1978 2273 2043 fuerit,
2320 1988 2373 2030 ut
2411 1978 2583 2030 omnia
2631 1978 2793 2046 ipsius
2842 1978 3119 2030 constituta
3169 1991 3522 2043 cnnonnmqtts

1933 2046 2136 2101 decreta
2166 2049 2306 2113 apud
2343 2065 2514 2103 omnes
2546 2048 2754 2102 Domini
2786 2049 3073 2101 sacerdotes
3120 2048 3365 2101 inviolata
3402 2062 3523 2113 per-

1933 2130 2174 2172 maneant
2205 2119 2401 2187 (Epist.
2431 2136 2590 2188 supra
2621 2118 2811 2189 laud.).
2842 2117 3114 2175 Gerardus
3161 2117 3398 2178 Vossius,
3432 2116 3524 2189 illo

1932 2191 2227 2245 catholicus
2274 2192 2577 2257 theologus,
2613 2187 2903 2259 publieavit
2941 2190 3170 2245 alteram
3220 2189 3414 2244 Leonis
3450 2187 3519 2243 ad

1933 2262 2152 2333 eosdem
2187 2263 2469 2333 episcopos
2492 2265 2772 2327 epistolam
2804 2262 2997 2331 (Epist.
3034 2261 3123 2333 ΓΙ,
3155 2261 3223 2315 ad
3252 2262 3521 2333 episcopos

1936 2330 2173 2403 Sicilire),
2225 2330 2326 2403 qua
2374 2330 2624 2403 prohibet
2655 2334 2918 2388 bonorum
2952 2332 3211 2387 Ecclesia
3241 2331 3523 2403 alienatio-

1936 2418 2088 2469 nem;
2118 2406 2219 2460 nisi
2246 2402 2305 2459 in
2330 2402 2445 2474 ejus
2474 2414 2786 2472 proventum
2817 2405 3232 2473 utilitatemque,
3267 2418 3440 2472 neque
3467 2402 3517 2455 id

1932 2475 2049 2530 sine
2079 2492 2348 2530 consensu
2380 2485 2435 2532 et
2472 2476 2607 2531 cleri
2652 2476 3057 2545 approbatione,
3106 2474 3202 2529 sed
3234 2475 3285 2529 in
3312 2476 3383 2539 (ε)
3419 2474 3519 2545 hac

1930 2547 2154 2615 epistola
2188 2547 2434 2603 desidero
2464 2551 2659 2617 stylum
2687 2542 2748 2605 Ξῖ
2785 2548 2981 2602 Lectiis
3009 2564 3023 2613 ;
3065 2562 3237 2617 neque
3269 2545 3398 2617 mihi
3432 2542 3513 2617 fa-_

1930 2614 2032 2673 cile
2062 2619 2356 2686 persuadeo
2391 2614 2543 2674 binas
2592 2620 2798 2675 litteras
2844 2619 2909 2673 ad
2956 2614 3176 2673 eosdem
3229 2626 3333 2671 tam
3368 2614 3517 2686 brevi

1933 2684 2174 2761 tempore
2200 2693 2447 2759 scriptas,
2483 2691 2628 2745 illam
2660 2691 2875 2761 quidem
2904 2706 3000 2754 stt,
3034 2689 3171 2743 hanc
3215 2705 3266 2743 ιι
3297 2684 3516 2743 kalend.

1929 2758 2174 2824 Octobr.,
2232 2758 2411 2832 Alipio
2461 2772 2516 2817 et
2570 2758 2849 2817 Ardabure
2896 2776 3075 2832 coss.;
3129 2763 3265 2832 hanc
3316 2770 3517 2832 tamen,

1932 2831 2338 2900 qualiscumque
2395 2835 2501 2899 sit,
2564 2848 2631 2888 ex
2688 2833 2930 2901 epistolis
2979 2831 3035 2886 S.
3095 2831 3379 2901 pontiﬁcis
3412 2842 3518 2880 non

1932 2906 2189 2967 expunxi.
2233 2904 2339 2959 Sed
2387 2905 2455 2959 de
2500 2904 2620 2972 ejus
2650 2900 3020 2974 suppositione
3050 2900 3199 2971 plura
3242 2904 3295 2955 in
3335 2900 3523 2953 obser-

1930 2975 2250 3028 valionibus.

2004 3045 2093 3099 IV.
2136 3044 2319 3113 Neque
2352 3046 2438 3099 hic
2489 3046 2781 3114 praeteribo
2814 3042 3125 3097 memoriam
3158 3042 3250 3114 td)
3269 3040 3523 3114 epistolae

1933 3114 2153 3180 Leonis,
2184 3110 2287 3169 etsi
2336 3117 2447 3184 ipsa
2494 3110 2671 3184 periit,
2721 3114 2876 3183 cujus
2914 3113 3115 3184 mentio
3144 3110 3303 3184 ω
3344 3116 3426 3184 est
3457 3110 3521 3184 _in

1934 3178 2371 3241 Chalcedonensi‘
2410 3178 2638 3257 synodo.
2690 3178 2861 3239 Causa
2920 3178 3190 3252 epistola?
3220 3178 3339 3236 hic
3398 3178 3520 3233 fuit.

1310 3295 1870 3356 BALLElllNlORUM
1909 3298 2461 3357 ANNOTATIONES.

248 3392 459 3447 interim
480 3408 761 3448 assensum
793 3394 1129 3462 suspendere
1156 3395 1356 3453 licebit.
1398 3413 1418 3448 ι
1455 3394 1626 3463 inquit
1653 3393 1831 3449 cardi-

240 3466 381 3519 nalis
408 3464 652 3537 Norisius
673 3467 765 3521 lib.
796 3482 834 3521 ll
865 3466 999 3521 Hist.
1031 3466 1211 3537 Pelag.
1247 3483 1293 3521 c.
1335 3467 1421 3521 15.

310 3539 390 3608 (a)
421 3536 739 3592 Addcudum
762 3548 844 3592 est
869 3540 1028 3592 etiam
1058 3536 1563 3593 Commonitorium.
1590 3536 1827 3593 Libellus

235 3624 406 3678 porro
434 3620 558 3663 ante
600 3613 971 3680 episcopatum
1015 3627 1041 3661 a
1074 3610 1325 3664 'l‘urribio
1365 3610 1674 3663 Iucubratus
1707 3609 1823 3680 fuit,

234 3696 300 3735 ex
334 3696 445 3745 quo
476 3695 579 3734 non
627 3679 873 3751 superest
919 3683 1017 3736 nisi
1050 3682 1276 3751 epistola
1331 3681 1719 3749 nuncupatoria
1757 3679 1826 3734 ad

234 3752 466 3808 ldatium
499 3763 549 3805 et
587 3751 912 3820 Coponium,
947 3769 1104 3822 quam
1138 3755 1188 3806 in
1234 3752 1531 3823 appendice
1564 3752 1828 3821 Epistola-

235 3840 357 3879 rum
407 3824 673 3878 dedimus.
707 3824 907 3879 Confer
948 3824 1368 3879 admonitionem
1419 3824 1543 3877 huic
1585 3824 1832 3894 epistola

236 3896 598 4021 praergissam,
627 3896 1123 3951 etdissertatiouem
1147 3898 1212 3951 de
1240 3896 1490 3966 Epistolis
1507 3895 1827 3966 deperditis,

236 3985 294 4021 ιι.
410 4010 415 4014 .

234 3985 294 4021 tt.
329 3969 415 4021 16.

312 4040 389 4109 (b)
437 4039 677 4107 Quatuor
722 4039 918 4094 Leonis
948 4039 1192 4109 epistolae
1228 4040 1278 4092 in
1312 4039 1414 4095 hac
1457 4053 1617 4095 causa
1643 4038 1833 4093 dis-tino

230 4111 470 4179 gueuda:
518 4120 665 4165 sunt.
718 4110 865 4175 Una,
900 4125 1018 4179 qua!
1068 4120 1356 4180 superest,
1406 4112 1718 4179 responsiva
1764 4109 1832 4163 ad

232 4183 580 4244 Turribium,
612 4184 663 4236 in
695 4198 794 4251 qua
821 4184 1074 4252 praecepit
1106 4192 1162 4235 ut
1198 4183 1463 4249 generalis
1496 4180 1735 4253 synodus
1764 4194 1832 4253 ex

231 4254 514 4323 episcopis
543 4250 1059 4316 Tarraconensibus,
1090 4250 1629 4317 Carthagincnsibus,
1681 4250 1836 4304 Lusi-

234 4338 289 4379 ta
303 4326 388 4379 nis
415 4335 468 4379 et
500 4324 712 4379 Baeticis
736 4332 1050 4393 cogeretur;
1075 4324 1160 4377 vel
1183 4324 1226 4376 si
1249 4324 1428 4392 aliquo
1452 4325 1837 4392 impedimento

232 4398 293 4451 id
332 4398 449 4451 lleri
494 4412 599 4449 non
636 4406 851 4466 posset,
884 4394 1127 4450 Galliciic
1171 4395 1360 4448 saltem
1404 4393 1665 4463 episcopi,
1696 4394 1838 4466 inter

230 4484 381 4537 quos
405 4483 559 4521 error
581 4463 853 4536 serpebat,
874 4466 1095 4521 omnino
1116 4466 1485 4537 convenirent,
1511 4475 1570 4519 ut
1591 4463 1834 4531 serpenti

235 4536 389 4594 nian
441 4539 733 4592 remedium
790 4537 1093 4593 aderretur.
1132 4536 1382 4592 Secunda
1430 4538 1497 4590 ad
1552 4536 1835 4605 cpischios

232 4622 669 4666 memoratarum
701 4619 929 4677 quatuor
973 4609 1391 4674 provinciarum,
1437 4621 1572 4678 quos
1598 4606 1661 4659 ad
1696 4606 1834 4659 idem

231 4682 537 4737 concilium
569 4680 869 4751 cogendum
908 4680 1184 4735 excitavit.
1234 4678 1367 4734 Cum
1402 4694 1562 4751 porro
1588 4680 1839 4732 rescisset

233 4756 344 4809 hos
378 4750 689 4823 episcOpos,
725 4767 831 4807 non
870 4762 1051 4808 autem
1080 4751 1349 4823 Gallicios
1380 4753 1430 4805 in
1460 4750 1839 4823 Toletanasy-

232 4825 393 4881 nodo
421 4821 873 4894 congregandos,
912 4825 1121 4879 tertiam
1162 4822 1443 4892 epistolam
1487 4822 1564 4894 ad
1618 4821 1838 4894 eosdem

231 4897 422 4957 dedit,
453 4893 771 4965 prwcipiens
799 4902 857 4949 ut
880 4894 1159 4950 decretum
1203 4894 1324 4948 lidei
1356 4893 1497 4962 quod
1528 4893 1843 4965 edituriges-

232 4977 369 5022 sent
398 4962 486 5022 vel
512 4962 830 5033 edidissent,
862 4965 929 5020 ad
964 4965 1270 5020 Balconium
1305 4965 1689 5020 Bracarensem
1718 4962 1847 5016 Gal-

234 5041 389 5094 licizn
432 5039 829 5109 metropolitam
875 5039 1169 5093 mitterent.
1212 5038 1473 5109 Quartam;
1514 5035 1749 5109 denique
1775 5033 1842 5088 ad

232 5109 521 5182 synodum
566 5106 1174 5182 pécoliarem__Gallici:e
1204 5117 1260 5182 et
1289 5108 1358 5182 ad
1386 5106 1697 5182 Balconium
1732 5121 1843 5182 nie-

236 5176 644 5252 tropolitanum
669 5182 881 5235 direxit.
908 5178 1041 5234 Vide
1070 5194 1189 5249 qtne
1219 5179 1286 5234 de
1309 5178 1391 5252 his
1416 5179 1626 5252 egimus
1659 5179 1708 5230 in
1734 5176 1846 5252 dis-

234 5249 554 5308 sertatione
596 5254 663 5307 de
695 5254 863 5322 Epist.
893 5252 1208 5318 deperditis,
1240 5267 1293 5305 ιι.
1331 5251 1417 5315 17,
1451 5249 1538 5316 l8,
1566 5250 1633 5305 l9
1667 5256 1722 5303 ct
1748 5249 1840 5302 20.

316 5326 403 5395 (c)
446 5326 593 5379 llanc
621 5324 899 5393 epistolam
932 5323 998 5376 17
1032 5324 1081 5375 in
1122 5322 1491 5377 admonitione
1537 5331 1591 5377 et
1619 5329 1846 5375 annota-

237 5396 498 5453 tionibus
530 5397 931 5450 vindicavimns.
1023 5432 1028 5437 .

319 5468 609 5542 (ἄλυξις,
669 5482 787 5535 qua:
839 5465 1125 5542 aitiguntur
1175 5480 1263 5520 an.
1292 5464 1418 5530 447,
1468 5464 1840 5542 T_il_lemontius

235 5535 367 5595 not.
388 5540 458 5593 10
475 5540 525 5591 in
548 5540 777 5591 Leonem
801 5537 1114 5603 assigoamla
1138 5547 1323 5592 censet
1349 5553 1474 5591 ann.
1493 5536 1616 5590 M8.
1638 5535 1689 5590 ιιι
1713 5551 1841 5603 pcn-

233 5615 339 5667 ἀεὶ
377 5627 442 5665 ex
477 5611 684 5664 diversa
720 5614 923 5663 ratione
953 5612 1291 5677 (‘tilllplllatttll
1320 5626 1488 5663 annos
1517 5618 1744 5677 quatuor
1774 5608 1841 5661 ab

236 5685 359 5739 hoc
392 5684 533 5735 facto
558 5685 622 5734 azl
654 5682 937 5735 COIIClllillll
977 5682 1433 5743 Clialcetloneuse,
1469 5695 1601 5749 quos
1630 5680 1717 5731 alii
1752 5680 1838 5731 iu-

238 5767 441 5827 tegros
462 5765 516 5809 et
544 5755 746 5822 aliquot
774 5754 1269 5827 ιιιιξυδὶὺιξςξιιιειοε,
1302 5752 1388 5804 alii
1422 5768 1548 5805 vero
1577 5753 1837 5827 inemptas

236 5824 659 5893 et'quibusdam
686 5825 959 5881 mensibus
979 5824 1286 5880 deﬁcientes
1303 5824 1691 5893 computandos
1718 5835 1837 5877 cre-

1864 4578 1917 4639 Ι)

1934 3395 2087 3449 dunt.
2118 3395 2259 3464 Quot
2292 3411 2453 3465 porro
2492 3401 2798 3450 commenta
2845 3393 2946 3447 hac
2997 3392 3047 3446 in
3092 3405 3149 3465 re
3196 3388 3525 3465 Quespellus

1932 3460 2161 3521 subdole
2201 3460 2435 3532 infarcit,
2467 3478 2525 3521 ut
2572 3465 2898 3533 pontiﬁciam
2925 3463 3301 3519 auctoritatem
3333 3460 3520 3533 depri-

1932 3553 2103 3604 mens,
2126 3540 2324 3609 judicia
2348 3532 2658 3610 apostolica:
2686 3538 2831 3610 sedis
2866 3537 3094 3610 concilio
3121 3535 3359 3604 generali
3392 3532 3519 3610 sub:

1928 3605 2470 3680 jiciatlvlntegra'et
2514 3611 2742 3678 simplex
2788 3609 2910 3664 facti
2953 3608 3153 3671 series,
3207 3622 3326 3680 quas
3375 3605 3519 3674 apud

1933 3682 2105 3753 ipsum
2153 3678 2547 3753 non'legitur,
2604 3681 2949 3753 fraudemret
3000 3693 3239 3753 errorem
3287 3678 3520 3753 deteget.

2013 3754 2303 3809 Bassianus
2344 3750 2626 3824 Ephesium
2674 3752 2927 3807 Ecclesiae
2975 3752 3273 3821 presbyter,
3306 3762 3426 3824 eum
3470 3750 3525 3802 in

1940 3826 2239 3881 Memnonis
2283 3818 2519 3895 episcOpi
2558 3825 2815 3879 invidiam
2866 3818 3163 3895 incidisset,
3192 3830 3259 3895 ⁸ιιι
3312 3818 3526 3895 Epheso

1940 3908 2301 3964 amoveretur,
2321 3890 2404 3952 'ab
2432 3890 2623 3952 eodem
2657 3896 2852 3969 invitus
2879 3891 3355 3969 ordinatustoerat
3385 3890 3528 3969 Eva:

1941 3984 2125 4024 zorum
2157 3958 2475 4039 episcopus;
2518 3982 2749 4040 cumque
2791 3964 2982 4040 adduci
3030 3961 3329 4040 nequiverit
3369 3958 3524 4040 utuad

1944 4040 2080 4094 hanc
2114 4030 2411 4097 Ecclesiam
2459 4030 2749 4108 regendam
2784 4035 3085 4109 accederet,
3118 4030 3372 4109 Basilius
3413 4030 3527 4083 Meo

1945 4113 2153 4164 mnonis
2200 4125 2483 4165 successor
2523 4105 2814 4163 violentam
2857 4105 3249 4159 ordinationem
3304 4105 3529 4153 misera-

1940 4192 2045 4244 tus,
2077 4181 2128 4236 ei
2159 4182 2353 4250 Ephesi
2393 4177 2749 4251 conintoranti
2780 4177 2947 4251 dedit_
2957 4187 3150 4251 nomen
3179 4181 3233 4225 ct
3261 4170 3523 4251 honorem

1939 4243 2216 4321 episcopi,"
2252 4253 2526 4321 aliumque
2571 4248 2861 4321 Evazensis
2911 4243 3522 4321 Ecclesiaa‘epis-copum

1940 4310 2295 4377 consecravit.
2331 4310 2457 4375 Post
2485 4319 2661 4373 Basilii
2694 4326 2873 4371 autem
2901 4314 3105 4368 obitum
3140 4313 3278 4367 idem
3308 4310 3529 4364 Bassia-

1942 4408 2047 4472 nus
2089 4394 2156 4447 ab
2202 4393 2360 4472 unico
2390 4398 2613 4472 tantum
2640 4386 2887 4472 Olympio
2915 4380 3531 4472 episcopon'l‘l‘ieodosio:

1942 4466 2082 4530 polis
2127 4479 2221 4532 per
2273 4464 2374 4517 vim
2424 4461 2656 4535 adducto
2706 4454 2758 4535 in
2801 4454 3125 4535 Ecclesiam.
3170 4454 3527 4535 Ephesiorum

1942 4527 2226 4605 episcopus
2254 4535 2530 4589 institutus
2559 4532 2675 4587 fuit.
2717 4532 2841 4587 Hinc
2883 4530 2963 4583 vis
2987 4538 3043 4605 _et
3092 4527 3529 4605 modusinstitn-

1946 4595 2144 4662 tionem
2174 4606 2440 4677 ejusmodi
2472 4614 2659 4661 contra
2703 4616 2938 4677 canones
2982 4602 3173 4677 laetam
3215 4598 3389 4677 palam
3434 4595 3533 4652 de~

1945 4670 2265 4734 monstrant.
2324 4677 2501 4733 Nihilo
2562 4686 2740 4731 tamen
2808 4675 2983 4728 minus
3041 4673 3181 4727 idetn
3244 4670 3532 4724 Bassianus

1946 4751 2234 4805 Theodosii
2281 4750 2622 4820 imperatoris
2650 4762 2814 4817 opera
2860 4761 2889 4799 a
2924 4744 3114 4820 Proeto
3141 4741 3529 4820 Constantino-

1947 4825 2185 4892 politano
2213 4813 2458 4891 receptus
2496 4819 2613 4885 luit,
2644 4813 2888 4892 datisque
2915 4814 3185 4892 synodicis
3220 4813 3286 4866 ad
3318 4813 3535 4892 univer:

1947 4878 2064 4947 sum
2112 4895 2311 4948 clerum
2340 4878 2414 4946 'et
2463 4878 2713 4959 populum
2764 4878 3115 4957 Ephesiuum.
3169 4897 3270 4940 nec
3314 4896 3437 4959 non_
3465 4878 3533 4933 ad

1949 4974 2172 5019 cunctos
2196 4965 2333 5019 Asia:
2361 4951 2663 5031 episcopos,
2697 4976 2793 5030 per
2813 4951 2998 5013 'annos
3029 4967 3257 5026 quatuor
3287 4951 3530 5031 eamdem

1952 5038 2249 5090 ECclcsiam
2302 5023 2849 5105 pac'itice'poss'edit;
2886 5039 2939 5083 et
2987 5023 3092 5083 non
3147 5023 3537 5105 tanrnclericos

1950 5123 2107 5171 quam
2152 5093 2434 5175 episcopos
2477 5093 2767 5159 ordinavit.
2798 5093 3014 5175 Postea
3058 5112 3185 5175 vero
3232 5093 3535 5175 aliquorum

1950 5168 2267 5234 clericorum
2301 5168 2606 5230 simultates
2651 5174 2961 5248 pepularem
3005 5168 3288 5248 tumultum
3329 5168 3530 5248 escita:

1951 5260 2096 5315 runt,
2124 5264 2230 5320 quo
2276 5249 2536 5320 abductus
2573 5234 2948 5320 ab'E'cclesia,
2990 5238 3194 5320 carceri
3249 5234 3538 5320 Bassianus

1953 5302 2189 5376 inclusus
2210 5302 2337 5373 fluit.
2374 5319 2504 5386 Qoze
2533 5333 2617 5372 res
2662 5332 2782 5371 cum
2821 5314 2888 5368 ad
2929 5302 3533 5386 imperatoremJTh‘eo-

1954 5394 2160 5447 dosium
2206 5378 2628 5453 dolatawfuisset,
2684 5390 2727 5441 is
2783 5383 3122 5439 Eustathium
3166 5378 3535 5433 Silentiarium

1954 5466 2095 5519 misit
2126 5464 2415 5531 Ephesum,
2451 5472 2506 5514 ιιι
2535 5460 2601 5514 de
2642 5462 2742 5511 hoc
2788 5454 3343 5531 lachr-cognosceret,
3375 5453 3537 5531 atque

1950 5518 2195 5589 referret.
2252 5518 2613 5588 Nihil'autcin
2666 5537 2870 5580 certum
2904 5524 3018 5575 elici
3042 5518 3233 5589 'potuit
3280 5518 3542 5571 adversus

1951 5609 2264 5661 Bassianum
2300 5607 2398 5657 visi
2432 5603 2867 5669 illi‘gitiinahejus
2914 5594 3199 5669 institutio.
3236 5590 3535 5669 [inperator

1948 5679 2046 5733 hac
2075 5680 2142 5731 de
2175 5693 2233 5729 re
2276 5662 2558 5738 scripsisse
2608 5666 2834 5738 traditur
2862 5665 2928 5738 ad
2959 5665 3269 5738 episcopum
3304 5662 3541 5738 Alex-an-

1944 5728 2185 5811 dri‘ouin,
2212 5728 2265 5802 et
2300 5728 2648 5800 probabiliter
2677 5737 2839 5791 etiam
2870 5728 3017 5791 dedit
3045 5737 3299 5810 epistolas
3325 5730 3390 5787 ad
3424 5728 3542 5787 Ro-
