3968 6308
457 284 564 341 215

923 282 1165 342 PASCH.
1204 278 1595 350 QUESNELLI
1634 275 2229 338 DlSSERTATlONES
2268 274 2336 335 IN
2372 274 2430 334 S.
2470 274 2720 335 LEONIS
2756 273 2973 336 MAGNI
3009 273 3263 334 OPERA.

3636 272 3732 342 216

456 400 663 456 Mortuo
699 397 889 452 Basilio
930 398 1203 465 Ephesmo
1247 400 1523 468 episeopo,
1559 398 1838 453 ordinatus
1869 404 1951 452 est
1985 395 2037 450 in
2069 399 2121 459 Α
2144 409 2318 468 causa:
2340 396 2801 462 retractationem,
2829 396 2977 451 nullo
2999 411 3029 452 e
3051 396 3241 467 legatis
3260 394 3406 452 sedis
3425 395 3730 467 apostolica

455 472 573 541 ejus
603 472 775 524 locum
815 469 1105 525 Bassianus
1152 479 1339 525 contra
1382 484 1644 541 canones.
1677 468 1808 523 Post
1837 468 2043 541 aliquot

457 539 628 596 annos
657 542 983 609 Stephanus,
1017 541 1172 610 pulso
1219 556 1313 608 per
1343 540 1451 595 vim
1499 541 1779 605 Bass'ano,
1810 539 1927 610 ejus
1954 539 2043 610 loc

456 630 576 666 cum
608 622 861 679 occupat;
894 609 1132 678 itu-.cres
1164 611 1495 679 perturbavit
1540 610 1835 666 Ecclesiam
1867 609 2045 678 Ephe-

457 686 650 738 sinam.
689 684 760 739 De
790 684 1026 738 violenta
1074 684 1414 739 ordinatione
1464 683 1706 737 Bassiani
1738 681 2043 751 Stephanus

459 765 569 809 tum
600 756 739 823 apud
772 755 1031 816 Leonem.
1067 764 1177 809 tum
1207 755 1346 825 apud
1374 754 1802 810 Alexandrinum
1834 752 2047 823 episco-

458 842 585 896 pum
617 836 672 885 et
706 827 841 882 alios
869 836 1212 896 conquestus,
1268 826 1474 881 litteras
1516 840 1548 880 a
1596 825 1777 881 Leone
1822 838 2046 891 accepe-

460 908 563 964 rat,
596 899 787 967 quibus
820 898 1132 953 Bassianum
1161 898 1541 966 deponendum
1580 911 1701 952 esse
1748 905 2042 967 statuerat;

461 966 719 1024 tumultus
749 982 923 1024 tamen
957 986 1062 1023 non
1104 970 1326 1038 quievit,
1377 968 1549 1023 donec
1574 966 1915 1023 Chalcedone
1947 966 2047 1020 ad-

462 1054 653 1095 versus
694 1042 985 1112 Eutychem
1017 1042 1322 1111 congregati
1353 1050 1482 1095 sunt
1508 1039 1612 1093 PP.
1649 1040 1723 1095 De
1753 1038 1805 1092 vi
1838 1038 2047 1112 Bassia-

462 1126 563 1165 nus
604 1112 710 1182 egit
755 1107 1012 1167 adversus
1062 1107 1415 1182 Stephanum,
1448 1120 1674 1179 actaque
1717 1125 1899 1182 coram
1945 1107 2047 1162 Pa-

463 1181 825 1237 tribus’causa
858 1185 1132 1255 utriusque
1164 1192 1448 1239 retractata
1481 1182 1769 1237 ordinatio.
1802 1181 2047 1255 Tumque

464 1254 665 1309 mentio
702 1256 941 1323 epistolae
991 1252 1159 1312 sancti
1192 1254 1408 1317 Leonis,
1443 1269 1543 1323 qua
1579 1255 1894 1308 Bassianum
1928 1252 2046 1306 loco

463 1325 786 1381 movendum
841 1330 1300 1393 pronuntiaverat.
1358 1324 1554 1379 Verum
1606 1340 1666 1380 re
1714 1323 2043 1391 examinata,

457 1397 661 1464 judicio
691 1398 900 1451 concilii
957 1408 1184 1467 uterque
1233 1397 1473 1465 dejectus
1523 1397 1857 1463 episcopatu,
1908 1409 2046 1462 qno-

464 1468 605 1522 niam
640 1469 918 1530 utriusnue
957 1466 1203 1523 vitioSam
1255 1466 1652 1523 ordinationem
1702 1468 1863 1519 luisse
1901 1478 2049 1519 cont-

465 1551 675 1608 pertum
700 1549 803 1595 est.
832 1539 977 1593 Illius
998 1541 1238 1610 epistolae
1262 1540 1520 1610 memoria
1548 1546 1632 1591 est
1659 1537 1711 1590 in
1740 1536 1951 1610 actione
1974 1535 2044 1610 ii

465 1606 679 1665 concilii
732 1606 1207 1665 Chalcedonensis.
1268 1608 1509 1664 Bassiani
1550 1622 1710 1676 porro
1758 1606 2045 1673 depositio,

463 1683 604 1749 quod
636 1682 791 1735 velim
821 1690 1154 1747 annotatum,
1185 1680 1357 1748 primo
1387 1692 1507 1735 acta
1528 1689 1607 1734 est
1636 1694 1730 1748 per
1759 1678 2049 1747 provinciae

2148 466 2470 539 refragante.
2522 470 2653 522 Dum
2702 478 2952 535 petuntur
2984 466 3260 538 suﬁ'ragia,
3315 468 3406 522 alii
3448 466 3730 539 utrumque

2146 538 2527 608 dejiciendum,
2551 540 2645 594 alii
2665 541 2982 594 alterutrum
3008 540 3349 594 retinendum
3372 550 3729 608 censuerunt;

2149 610 2202 664 in
2232 616 2422 665 horum
2453 626 2677 667 numero
2705 622 2822 666 erat
2852 610 3099 665 Julianus
3122 611 3408 666 Coensium
3430 612 3732 681 episcOpus,

2147 690 2203 737 et
2234 682 2350 754 ipse
2381 683 2590 751 legatus
2621 682 2934 751 apostolica:
2960 684 3125 754 sedis,
3159 682 3251 752 qui
3290 682 3492 737 omisso
3520 684 3731 754 Leonis,

2149 763 2206 807 ut
2233 752 2407 817 aiunt,
2435 754 2660 823 judicio,
2707 754 3036 809 existimavit
3081 752 3339 810 Bassiano
3378 768 3531 809 suam
3583 752 3733 822 posse

2147 825 2331 879 sedem
2362 826 2569 879 servari
2618 843 2629 877 :
2678 824 2925 880 Julianus
2969 826 3418 879 reverendissimus
3466 825 3735 880 Oeensium

2147 896 2363 950 civitatis
2394 897 2687 963 episcOpus,
2722 906 2770 949 et
2793 898 2903 965 ipse
2922 897 3144 951 vicarius
3175 896 3421 951 Romana:
3448 897 3735 967 apostolica

2146 967 2281 1040 sedis
2308 968 2439 1022 dixit
2484 982 2503 1022 :
2546 966 2668 1021 Non
2724 967 2903 1040 debent
2954 968 3102 1040 ambo
3158 968 3344 1039 projici
3375 966 3513 1040 (Act.
3553 968 3733 1023 consil.

2148 1036 2327 1093 Chalc.
2372 1047 2509 1109 part.
2563 1055 2622 1105 ιι,
2674 1048 2777 1093 act.
2832 1039 2939 1107 12).
2997 1036 3256 1093 Τοηάριῐί
3286 1036 3641 1109 depositionis
3688 1041 3735 1093 in

2149 1121 2435 1175 utrumque
2452 1112 2774 1181 sententiam
2788 1109 3039 1165 dixerunt
3056 1110 3280 1180 iudices,
3300 1109 3375 1181 (α)
3397 1109 3611 1181 laudato
3634 1112 3736 1179 pri-

2150 1196 2294 1252 mum
2330 1180 2557 1235 Anatolii
2588 1180 2693 1252 ΟΡ.
2745 1193 2854 1235 tum
2899 1181 3207 1236 Pascltasini
3250 1180 3404 1250 legati
3436 1180 3735 1252 suﬂ‘ragio:

2152 1250 2521 1305 Gloriosissimi
2538 1251 2744 1323 judices
2772 1254 3010 1307 dixerunt
3039 1268 3057 1306 :
3102 1252 3359 1319 Quoniam
3388 1252 3584 1322 placuit
3614 1250 3733 1308 imi-

2148 1324 2304 1395 v_ersis
2333 1325 2654 1377 interlocutio
2690 1324 2782 1377 Dei
2808 1324 3149 1378 amantissimi
3193 1323 3563 1394 archiepiscopi
3590 1326 3737 1395 regiae

2152 1393 2622 1465 Constantinopolis
2651 1395 2909 1459 Anatolii,
2962 1405 3008 1448 et
3061 1396 3461 1448 reverendissimi
3517 1393 3739 1465 episcopi

2155 1463 2463 1519 Paschasini
2508 1466 2774 1520 obtinentis
2817 1466 2986 1519 locum
3024 1465 3211 1519 Leonis
3257 1464 3350 1519 Dei
3400 1463 3738 1520 amantissimi

2153 1537 2524 1606 archiepiscopi
2549 1537 2766 1591 senioris
2791 1537 2989 1605 Romae,
3015 1546 3120 1591 etc.
3144 1534 3415 1607 (Ibidem).
3440 1535 3595 1591 Tunc
3619 1539 3739 1592 Bas.

2153 1608 2360 1672 sianus,
2390 1607 2482 1677 qui
2510 1623 2607 1663 nec
2638 1609 2928 1676 primarum
2961 1608 3188 1668 sedium,
3220 1623 3318 1662 nec
3349 1608 3548 1662 Leonis
3576 1610 3734 1675 ipsius

2154 1688 2376 1732 steterat
2407 1681 2710 1745 sententiae,
2744 1679 2937 1749 synodi
2958 1679 3163 1747 judicio
3190 1679 3479 1747 acquievit,
3507 1681 3635 1748 quia
3658 1693 3739 1750 sy-

467 1754 772 1834 cpiseopos.
808 1752 941 1834 Tum
976 1754 1290 1843 conﬁrmata
1334 1750 1539 1833 judicio
1586 1767 1689 1805 non
1734 1750 1902 1843 setius
1945 1749 2051 1829 Bo-
2081 1782 2126 1843 Β
2158 1750 2282 1843 nodi
2302 1752 2662 1832 ⁸(Βιειιιιιιιιιὶείιι
2693 1766 2899 1805 summa
2928 1750 3217 1805 auctoritas
3244 1760 3297 1806 et
3326 1765 3644 1819 supremum
3665 1749 3739 1807 est

468 1825 608 1876 mani
642 1819 899 1892 episcopi,
954 1828 1048 1880 sed
1093 1819 1344 1879 omnium
1382 1824 1673 1892 primarum
1706 1821 1939 1883 sedium;
1974 1819 2050 1874 sic

464 1896 605 1948 enim
650 1891 874 1949 habetur
913 1896 965 1949 in
1006 1896 1229 1950 concilio
1268 1891 1698 1949 Chalcedonensi
1729 1892 1867 1963 (Act.
1915 1891 2041 1959 il):

471 1963 731 2035 Expulsus
768 1977 841 2019 est
884 1967 1166 2021 Bassianus
1197 1984 1229 2020 a
1260 1966 1366 2021 SS.
1401 1965 1669 2027 Patribus,
1702 1974 1748 2017 et
1778 1980 1809 2016 a
1837 1965 2055 2017 sanctis-

462 2038 590 2090 simo
619 2040 773 2108 regio:
803 2037 982 2093 Roma:
1007 2038 1197 2103 Leone,
1241 2048 1286 2091 et
1321 2055 1351 2091 a
1399 2038 1689 2091 beatissimo
1719 2045 1911 2108 sancta:
1949 2051 2052 2087 me-

465 2110 645 2163 moria:
677 2106 965 2163 iFlaviano
1021 2109 1603 2175 Constantinopolitano:
1655 2106 1828 2174 urbis,
1890 2116 1937 2159 et
1990 2110 2052 2159 ab

462 2179 813 2233 Alexandrino
856 2190 902 2233 et
946 2181 1284 2247 Antiocheno,
1314 2179 1377 2233 ab
1406 2180 1484 2233 Itis
1514 2178 1757 2248 expulsus
1800 2187 1873 2231 est
1912 2178 2052 2248 regio

462 2251 679 2317 iudicio.
715 2251 780 2305 Et
811 2253 1003 2306 iterum
1038 2268 1050 2304 :
1094 2250 1163 2304 Et
1200 2252 1463 2305 Romanus
1502 2253 1771 2321 episc0pus
1809 2265 1923 2321 eum
1958 2248 2047 2301 dc—

462 2323 653 2389 posuit,
688 2332 732 2375 et
761 2322 1139 2377 Alexandrinus
1160 2340 1275 2375 eum
1299 2323 1583 2376 damnavit.
1616 2320 1748 2376 Neta
1779 2320 1920 2390 quod
1950 2333 2045 2390 pro

461 2393 750 2464 damnavit,
782 2394 966 2449 Cra-ce
997 2406 1078 2447 cst
1106 2394 1318 2455 καθεῖλε.
1366 2394 1649 2464 deposuit;
1702 2393 1773 2446 ita
1799 2389 1879 2446 ’ut
1911 2389 2045 2464 nihil

462 2462 627 2535 444
654 2466 753 2519 hoc
785 2466 838 2520 in
871 2466 1085 2536 negotio
1133 2465 1224 2520 uni
1255 2461 1542 2530 tribuatur,
1574 2464 1715 2534 quod
1748 2478 1855 2519 non
1904 2461 2048 2517 defe-

460 2546 609 2589 ratur
637 2536 813 2592 alteri.

540 2606 597 2660 V.
642 2607 841 2663 Verum
884 2608 983 2663 etsi
1015 2609 1457 2678 proponebantur
1486 2618 1540 2662 et
1569 2606 1796 2675 epistola
1827 2605 2043 2678 Leonis,

462 2686 515 2732 ct
555 2678 754 2747 judicia
797 2676 1089 2752 primarum
1120 2676 1368 2747 sedium,
1400 2689 1621 2735 ventum
1652 2688 1736 2734 est
1764 2688 1939 2732 tamen
1978 2676 2046 2731 ad

2159 1821 2431 1875 ‘udicium.

2228 1892 2363 1947 Hinc
2408 1891 2748 1947 manifestum
2777 1893 2955 1949 evadit
2985 1892 3343 1961 nequidquam
3390 1893 3459 1948 de
3490 1892 3592 1947 hoc
3646 1894 3736 1949 sibi

2155 1965 2402 2031 exemplo
2430 1965 2658 2018 blandiri
2687 1966 2968 2019 Annalium
3019 1965 3517 2019 Ecclesiasticorum
3549 1974 3735 2021 aucto-

2158 2050 2268 2089 tem
2305 2033 2522 2104 (Baron.
2557 2035 2623 2089 ad
2654 2053 2743 2089 an.
2787 2035 2934 2103 H7),
2980 2035 3405 2105 scriptoremque
3451 2051 3737 2102 nuperum,

2156 2106 2245 2174 qui
2277 2106 2343 2159 de
2384 2108 2658 2160 canonicis
2689 2108 3065 2175 episcoporum
3113 2107 3541 2176 depositionibus
3572 2123 3639 2161 ac
3660 2106 3742 2176 ju-

2157 2177 2310 2231 diciis
2334 2177 2619 2232 infaustum
2659 2180 2905 2232 volumen
2932 2179 2997 2231 ad
3028 2178 3430 2247 depress-iooem
3461 2178 3739 2246 episcOpa-

2160 2249 2225 2321 l_is
2251 2249 2526 2321 dignitatis
2552 2248 2719 2321 edidit
2750 2250 2920 2321 (Opus
2950 2248 3151 2303 Gallice
3180 2251 3423 2316 scriptum
3452 2266 3485 2321 ᾳ
3516 2254 3735 2321 quadam

2152 2318 2345 2391 Doride
2391 2336 2409 2373 :
2456 2321 2529 2375 De
2565 2318 2834 2391 Episcopis
2871 2323 3113 2374 canonice
3153 2318 3493 2391 iudicandis).
3530 2318 3741 2375 Putant

2151 2391 2294 2464 enim
2323 2390 2559 2445 Leonem
2587 2389 2685 2464 suo
2712 2389 2816 2461 juri
2845 2392 3145 2464 asseruisse
3173 2392 3239 2446 de
3267 2389 3431 2464 M5
3463 2401 3731 2460 metropo-

2152 2463 2329 2516 litanis
2392 2464 2552 2517 etiam
2621 2462 2981 2518 Orientalibus
3042 2462 3313 2529 jodicandi
3372 2462 3730 2529 potestatem,

2151 2548 2322 2601 eaque
2351 2542 2613 2601 potestate
2642 2550 2793 2589 usum
2825 2537 2874 2588 in
2908 2534 3253 2598 Bassianum;
3282 2549 3404 2587 cum
3436 2532 3489 2587 id
3522 2549 3633 2587 non
3661 2534 3733 2587 af-

2153 2604 2328 2658 ﬁrmet
2354 2606 2661 2675 Stephanus
2688 2608 2945 2674 scriptum
2972 2622 2999 2657 a
3026 2606 3223 2665 Leone.
3248 2604 3341 2658 sed
3368 2608 3730 2659 tantummodo

2157 2675 2471 2731 Bassianum
2503 2676 2580 2746 (ὁ)
2608 2693 2716 2732 esse
2748 2693 2849 2732 non
2877 2688 3112 2747 aporterc
3137 2676 3435 2747 episcopum
3464 2692 3483 2730 :
3509 2678 3607 2734 ἆσι
3635 2697 3738 2733 του·

1529 2789 2090 2848 BALLERINIORUM
2126 2789 2670 2849 ANNOTATIONES.

461 2902 677 2942 manum
712 2887 1043 2956 pontiﬁcem,
1087 2901 1150 2941 ac
1187 2885 1254 2941 ad
1295 2886 1433 2941 alios
1477 2886 1771 2956 primarum
1812 2886 2051 2951 sedium,

461 2960 659 3029 quippe
690 2959 741 3012 hi
775 2974 963 3014 omnes
986 2960 1317 3025 rescripsere
1342 2974 1462 3013 eum
1490 2974 1613 3013 esse
1640 2959 2048 3029 removendum.

458 3028 834 3085 Tillemontius
884 3029 971 3084 hic
1013 3031 1266 3086 observat
1309 3038 1439 3084 tom.
1492 3029 1610 3092 XV,
1656 3047 1707 3099 p.
1740 3030 1870 3093 464,
1904 3028 2049 3082 aliud

460 3103 680 3157 rescribi
712 3118 820 3156 non
851 3102 1108 3171 potuisse,
1139 3100 1405 3171 siquidem
1429 3103 1543 3156 sola
1566 3103 1907 3170 cpiscOpatus
1934 3100 2047 3168 ejus

460 3174 635 3238 initia,
666 3190 783 3244 qua:
829 3174 1126 3227 canonibus
1153 3172 1599 3235 adversabantur,
1630 3182 2049 3244 commemorata

460 3247 641 3311 luere;
671 3260 768 3299 nec
809 3246 1098 3314 quidquam
1131 3244 1369 3298 additum
1422 3246 1517 3299 l‘uit
1562 3244 1629 3299 de
1675 3243 2046 3314 quadriennali

461 3317 681 3385 pacilica
714 3313 968 3383 ejusdem
996 3318 1335 3383 possessione
1381 3330 1411 3368 a
1444 3316 1636 3370 Proclo
1665 3313 2047 3369 Ceostantino-

462 3388 701 3453 politano
737 3386 1028 3458 synodicis
1050 3386 1240 3458 litteris
1270 3385 1487 3440 inducta
1537 3398 1696 3453 atque
1728 3388 1956 3452 ﬁrmata,
1991 3393 2048 3441 et

460 3474 489 3511 a
519 3458 725 3511 cunctis
759 3456 898 3511 Asia:
949 3456 1233 3525 episcOpis,
1272 3467 1490 3526 totoque
1538 3458 1687 3512 clero
1736 3472 1799 3511 ac
1850 3458 2047 3525 pepulo

463 3539 713 3597 recepta;
767 3543 862 3595 pro
890 3543 990 3596 qua
1023 3526 1275 3597 Cypriani
1324 3528 1693 3582 testimonium
1723 3544 1790 3581 ex
1822 3527 2044 3593 epistola

461 3598 531 3655 55
578 3598 755 3654 alierri
808 3599 1087 3665 potuisset.
1120 3598 1338 3653 Interim
1372 3601 1685 3669 imperator,
1714 3598 1802 3669 qui
1835 3598 2049 3669 Bassia-

463 3687 588 3725 num
629 3671 943 3739 deposuisse
986 3671 1171 3730 lertur,
1221 3670 1382 3723 alium
1432 3668 1743 3740 episcopum
1798 3668 2048 3736 Ephesiis

459 3742 697 3796 dandum
734 3740 1005 3809 przecepit.
1055 3740 1416 3812 Quadraginta
1462 3744 1837 3812 episcoporum
1866 3742 2049 3796 conci-

462 3814 590 3866 lium
619 3815 947 3881 Stephanum
978 3811 1267 3876 ordinavit,
1318 3823 1372 3867 et
1403 3811 1691 3867 Bassianus
1732 3814 2047 3869 Constanti-

463 3884 639 3952 nopoli
672 3882 936 3938 infelicem
982 3885 1143 3936 vitam
1181 3884 1320 3953 egit;
1370 3885 1546 3954 quoad
1589 3884 2049 3941 Chalcedonensis

459 3954 671 4009 concilii
703 3964 945 4023 tempore
987 3956 1053 4007 ab
1102 3954 1426 4023 imperatore
1455 3954 1723 4009 Marciano
1754 3956 2046 4012 Theodosii

458 4041 772 4081 successore
800 4026 950 4094 petiit
978 4033 1034 4078 ut
1062 4040 1153 4079 sua
1186 4040 1343 4079 causa
1373 4028 1424 4080 in
1452 4027 1681 4082 concilio
1710 4028 2048 4096 expendere-

456 4106 579 4223 ἕως
630 4097 682 4152 in
732 4111 835 4167 quo
877 4107 988 4152 tum
1038 4097 1326 4153 Bassianus
1359 4108 1469 4153 tum
1513 4096 1819 4169 Stephanus
1850 4099 2043 4156 remoti

482 4184 625 4223 uere.

482 4184 625 4225 uere.

532 4242 653 4296 Hac
684 4250 767 4295 est
795 4240 1007 4295 sincera
1038 4255 1218 4294 rerum
1251 4252 1524 4309 gestarum
1558 4241 1804 4305 historia,
1836 4258 1956 4311 qua:
1978 4258 2045 4298 ex

457 4312 568 4383 sola
591 4313 806 4367 actione
833 4313 893 4366 11
919 4311 1616 4383 conciliiChalcedonensis
1638 4313 1815 4383 colligi
1842 4324 2041 4381 potest.

458 4382 669 4454 Nullum
704 4384 791 4437 hic
818 4383 1035 4454 concilii
1062 4381 1243 4436 Asiani
1271 4383 1531 4451 judicium
1564 4396 1669 4451 est,
1699 4381 1805 4454 quo
1833 4385 2047 4441 Bassia-

459 4468 558 4526 nus
585 4452 1083 4526 depositus_l‘oerit.
1113 4454 1476 4526 Quadraginta
1507 4452 1883 4526 episcoporum
1912 4472 2045 4511 con-

458 4523 639 4577 cilium
669 4527 837 4577 solam
869 4524 1123 4591 Stephani
1157 4523 1556 4581 ordinationem
1607 4523 1752 4581 fecit.
1797 4528 1873 4582 De
1923 4527 2048 4583 Bas-

458 4595 613 4649 siano
636 4608 768 4648 vero
790 4593 1107 4661 deponendo
1132 4594 1335 4647 nullum
1360 4596 1575 4649 concilii
1595 4595 1854 4663 judicium
1880 4597 2046 4655 fuisse

458 4679 525 4718 ex
557 4680 621 4718 co
651 4664 836 4733 liquet,
889 4664 1030 4732 quod
1078 4663 1474 4735 Meliplttongus
1508 4666 1792 4735 Juliopolis
1825 4670 2041 4734 episco-

460 4749 561 4803 pus
590 4749 712 4788 cum
742 4736 858 4788 aliis
885 4735 1031 4803 juxta
1061 4748 1121 4788 se
1147 4733 1460 4791 sedentibus
1504 4753 1627 4791 eum
1657 4733 1778 4793 non
1819 4733 2042 4794 accusa-

462 4819 573 4877 tum
606 4816 660 4861 et
690 4806 802 4877 sine
820 4806 1021 4877 judicio
1063 4804 1329 4873 ahjectum
1372 4806 1655 4862 afﬁrmavit
1687 4810 1752 4877 (t.
1787 4809 1850 4865 ιν
1880 4810 2036 4866 Cone.

465 4819 573 4859 tum
606 4816 660 4861 et
690 4810 802 4887 sine
820 4810 1021 4877 judicio
1063 4810 1329 4888 ahjectum
1372 4810 1655 4862 afﬁrmavit
1687 4810 1752 4951 δι.
1787 4810 1850 4865 ιν
1880 4810 2036 4866 Cone.

465 4875 797 4951 Venetiedtt.
828 4894 886 4951 7p.
922 4875 1081 4951 1615,
1117 4876 1344 4951 d;_i_bid.
1380 4894 1432 4951 p.
1465 4877 1624 4951 1620,
1657 4880 1691 4934 b
1758 4897 1773 4934 :
1819 4883 1958 4937 unde
1985 4884 2039 4938 in

459 4950 579 5018 ipso
610 4947 1032 5003 Chalcedonensi
1071 4946 1297 5019 concilio
1335 4950 1479 5005 Asiae
1510 4946 1748 5019 episcopi
1788 4953 2037 5009 eumdem

458 5020 669 5095 restitui
716 5020 996 5095 volebant;
1038 5018 1179 5095 quod
1221 5034 1325 5073 non
1378 5018 1650 5082 fecissent.
1680 5018 1725 5078 si
1758 5024 1930 5095 ipsum
1954 5026 2041 5095 ju-

458 5090 601 5167 dicio
634 5090 834 5167 habito
880 5091 1254 5167 deponendum
1302 5100 1597 5167 putassent.
1648 5090 1815 5165 Hujus
1858 5090 2039 5167 itaque

454 5163 852 5240 depositionetn
902 5162 1280 5240 primaactam
1327 5179 1417 5240 per
1458 5162 1743 5240 prouincia!
1773 5162 2037 5240 episcopos

456 5234 558 5289 sibi
598 5232 919 5303 Quesnellus
963 5232 1149 5299 ﬁnxit;
1195 5243 1247 5288 et
1292 5232 1463 5289 multo
1498 5232 1811 5293 evidentius
1834 5239 1886 5293 in
1935 5232 2037 5296 hoc

454 5309 677 5373 erravit,
726 5321 845 5360 cum
894 5304 1122 5359 Romani
1175 5305 1443 5373 pontiﬁcis
1480 5316 1533 5361 et
1561 5308 1784 5365 aliarum
1827 5309 2032 5367 sedium

455 5320 677 5373 erravit,
726 5321 845 5360 cum
894 5320 1122 5359 numam
1175 5320 1443 5430 ponuncts
1480 5320 1533 5361 et
1561 5320 1784 5365 altarum
1827 5320 2032 5367 sedium

455 5375 661 5433 litteras
708 5376 975 5452 pos_t__boc
1018 5377 1167 5432 conci
1195 5376 1302 5431 ium
1328 5377 1565 5452 redditas
1606 5381 1857 5451 prodidit,
1917 5398 2038 5452 quae

453 5461 617 5523 emne
664 5448 952 5504 concilium
1004 5461 1349 5523 praeessem.
1380 5447 1623 5523 Fallitur
1654 5467 1868 5523 quoque
1913 5447 2036 5509 cum

452 5518 782 5592 Stephanum
812 5528 933 5590 post
958 5519 1352 5592 ordinationem
1378 5518 1446 5575 ad
1487 5518 1725 5579 Leonem
1753 5518 2037 5592 scripsisse

452 5588 706 5665 afﬁrmat.
765 5588 920 5665 Ante
948 5591 1339 5665 ordinationem
1387 5593 1530 5665 enim
1580 5595 1695 5663 ejus
1743 5588 2037 5665 imperator

452 5662 691 5729 scripsit,
738 5673 794 5717 ut
836 5663 962 5732 quid
1004 5662 1071 5719 de
1102 5662 1355 5718 Bassiano
1381 5662 1778 5721 decernendum
1822 5662 1971 5723 esset
1999 5684 2032 5723 e

452 5734 844 5859 praecipuarom
860 5735 1063 5789 sedium
1085 5735 1353 5804 episcopis
1370 5734 1622 5791 disceret.
1648 5736 1841 5794 Leonis
1866 5753 2030 5808 porro

478 5810 667 5859 ttterte.
714 5805 910 5859 auibus
957 5806 1292 5859 imperatori.
1343 5814 1401 5859 ut
1446 5807 1677 5859 videtur.
1725 5811 2021 5859 rescrinsit-

478 5803 667 5875 itterm,
714 5805 910 5877 quibus
957 5803 1292 5877 imperatori,
1343 5814 1401 5863 ut
1446 5807 1677 5880 videtur,
1724 5803 2022 5883 rescripsit,

2160 2884 2411 2958 eumdem
2453 2884 2765 2940 Bassianum
2808 2888 2880 2943 ob
2928 2886 3201 2956 illegitima
3244 2888 3589 2958 episcopatus
3632 2888 3735 2955 eius

2158 2956 2304 3031 initia
2334 2974 2440 3010 esse
2469 2974 2569 3010 non
2601 2968 2831 3031 oportere
2861 2961 3171 3031 episcopum,
3204 2956 3305 3013 etsi
3350 2959 3609 3027 judicium
3641 2962 3735 3012 ali-

2157 3029 2297 3097 quod
2345 3031 2655 3097 apostolicze
2694 3030 2837 3083 sedis
2884 3029 3194 3099 praeferunt.
3230 3046 3351 3084 cum
3399 3042 3575 3085 tamen
3626 3032 3734 3084 sine

2156 3101 2425 3163 examine,
2450 3114 2515 3153 ac
2544 3102 2660 3155 sine
2689 3102 2810 3155 ullis
2839 3104 3001 3169 gestis
3036 3104 3238 3156 editum
3271 3102 3450 3166 fuerit,
3498 3103 3547 3157 in
3594 3117 3650 3155 re
3684 3109 3735 3156 et

2157 3170 2323 3243 iacto,
2339 3187 2458 3241 qua:
2478 3171 2809 3240 subreptioni
2831 3173 3060 3227 obnoxia
3084 3184 3228 3242 sunt,
3258 3190 3395 3226 novo
3416 3182 3471 3230 et
3490 3186 3735 3243 expresso

2152 3242 2386 3296 examini
2416 3244 2620 3297 aditum
2657 3258 2761 3295 non
2801 3244 3189 3307 intercludunt,
3221 3246 3262 3298 si
3297 3242 3589 3312 prarsertnn
3630 3242 3731 3297 cir-

2152 3315 2493 3367 cumstantia:
2528 3316 2834 3369 exstiterint
2874 3332 2992 3383 qua:
3031 3317 3266 3383 ponlilici
3315 3316 3599 3371 declarata:
3628 3330 3729 3369 non

2154 3384 2370 3439 fuerint.
2401 3387 2540 3449 Quot
2566 3400 2699 3439 nova
2726 3387 2891 3455 ipsius
2918 3387 3171 3441 Romamn
3214 3387 3359 3442 sedis
3393 3386 3581 3455 judicia
3620 3385 3718 3455 hac

2154 3458 2363 3509 ratione
2391 3454 2763 3517 instituuntur,
2809 3468 2865 3513 nt
2895 3474 2963 3513 ne
3010 3458 3208 3513 idcirco
3244 3454 3532 3527 apostolica:
3567 3454 3711 3527 sedis

2153 3528 2446 3599 auctoritas
2480 3528 2848 3597 praejudicium
2891 3530 3105 3599 capiat?
3136 3530 3208 3585 Ita
3252 3524 3335 3584 hic
3368 3524 3599 3599 Bassiani
3620 3539 3713 3594 pa-

2153 3597 2303 3653 ciﬁca
2346 3606 2576 3668 quatuor
2616 3616 2878 3654 annorum
2923 3597 3192 3667 possessio
3223 3601 3391 3656 Procli
3419 3598 3724 3668 auctoritate

2152 3667 2711 3742 c_tnpta,cunctisque
2749 3671 2962 3726 Asianis
3007 3672 3271 3742 episcopis
3319 3667 3729 3741 approbantibus

2156 3739 2388 3807 ﬁrmata,
2422 3739 2689 3810 ejusmodi
2720 3745 2829 3797 visa
2870 3752 2969 3806 est,
3020 3739 3075 3797 ut
3111 3739 3400 3813 illegitinta
3427 3742 3568 3796 initia
3609 3756 3732 3813 pur:

2152 3822 2350 3884 gasset,
2401 3830 2706 3884 novamque
2746 3814 3103 3883 cognitionem
3140 3810 3458 3870 mereretur.
3500 3813 3647 3867 lianc
3684 3810 3734 3866 si

2153 3882 2439 3939 Bassianus
2478 3882 2714 3953 petiiSset
2746 3882 2829 3940 ab
2860 3887 2975 3955 ipso
3014 3887 3211 3951 Leone,
3264 3901 3369 3940 non
3416 3884 3607 3939 luisset
3650 3898 3739 3939 re-

2154 3956 2359 4023 pulsus.
2382 3955 2515 4010 Cum
2545 3973 2674 4011 vero
2695 3956 3132 4013 Chalcedooense
3152 3958 3440 4012 concilium
3462 3964 3736 4024 ageretur,

2152 4025 2278 4080 dum
2323 4030 2459 4083 hanc
2503 4044 2695 4082 novatn
2738 4031 3102 4095 cognitionem
3137 4030 3287 4095 petiit
3334 4043 3365 4081 a
3407 4026 3669 4093 concilio,
3711 4040 3743 4079 a

2152 4112 2180 4148 τι
2213 4096 2411 4161 Leone,
2442 4100 2532 4166 qui
2576 4100 2806 4154 concilio
2838 4116 2931 4168 per
2961 4101 3163 4169 legatos
3208 4098 3555 4169 prmsidebat,
3587 4097 3747 4153 simul

2151 4170 2305 4238 petiit
2336 4169 2496 4239 (sicut
2528 4170 2692 4224 Leoni
2744 4172 2970 4238 primum
3026 4170 3263 4238 inscripti
3311 4171 3567 4238 leguntur
3616 4185 3752 4236 qna-

2153 4250 2275 4294 tuor
2303 4241 2374 4294 illi
2410 4242 2897 4295 Alexandrinorum
2949 4243 3137 4305 libelli,
3180 4242 3268 4312 qui
3300 4240 3749 4295 Chalcedonensi

2150 4313 2359 4382 synodo
2387 4312 2552 4366 oblati
2582 4314 2773 4380 fuere),
2801 4329 2972 4380 neque
3000 4329 3091 4382 per
3123 4314 3223 4367 hoc
3254 4314 3450 4367 Leonis
3477 4312 3752 4379 judicium

2151 4382 2547 4451 subjiciendum
2577 4384 2806 4439 credidit
2835 4384 3139 4439 auctoritati
3170 4383 3408 4447 concilii,
3442 4382 3546 4437 sed
3596 4384 3753 4436 novis

2153 4454 2330 4508 causis
2356 4455 2533 4508 allatis
2566 4470 2761 4509 novum
2787 4454 3045 4524 judicium
3075 4458 3125 4509 in
3156 4454 3408 4518 concilio,
3452 4465 3513 4509 et
3550 4454 3754 4509 Leonis

2152 4525 2395 4593 ejusdem
2443 4527 2762 4581 auctoritate
2807 4527 3192 4583 instituendum
3243 4527 3469 4596 putavit.
3526 4526 3645 4580 liae
3687 4525 3755 4579 de

2156 4610 2315 4651 causa
2350 4598 2508 4667 legati
2540 4598 2851 4667 apostolica:
2894 4598 3039 4653 sedis
3087 4598 3210 4652 huic
3252 4612 3403 4651 nova:
3442 4596 3758 4667 cognitioni

2071 4691 2125 4751 Β
2152 4683 2257 4751 non
2286 4671 2618 4750 restiterunt,
2665 4677 2722 4750 et
2760 4668 3007 4751 lulianus
3048 4667 3281 4751 Coeusis
3331 4676 3607 4751 utrosque
3646 4684 3756 4750 non

2149 4738 2349 4794 debere
2381 4739 2565 4809 projici
2594 4740 2801 4809 opinari
2828 4740 3015 4808 putuit.
3046 4740 3241 4796 Leonis
3270 4750 3447 4793 tamen
3475 4740 3755 4805 judicium

2148 4811 2288 4864 sicut
2335 4813 2605 4879 praecipue
2653 4810 2917 4880 ingestum
2969 4810 3089 4875 fuit,
3140 4812 3210 4864 ita
3256 4810 3421 4863 etiam
3471 4810 3757 4881 depositio

2148 4881 2389 4935 Bassiani
2422 4898 2486 4936 ex
2519 4881 2716 4937 Leonis
2741 4882 2947 4951 judicio
2990 4884 3303 4937 conﬁrmata
3345 4889 3451 4935 est.
3490 4884 3664 4947 Quod
3708 4882 3757 4938 si

2146 4952 2456 5019 Bassianus,
2488 4953 2580 5021 qui
2610 4968 2715 5008 non
2743 4953 3012 5024 acquievit
3036 4953 3232 5009 Leonis
3261 4960 3317 5007 et
3337 4953 3581 5024 aliarum
3617 4969 3759 5021 pra:-

2144 5024 2418 5095 cipuarum
2449 5025 2658 5079 sedium
2688 5022 2989 5095 rescriptis,
3019 5025 3219 5092 judicio
3264 5022 3484 5095 concilii
3541 5028 3751 5095 paruit,

2144 5094 2199 5149 id
2222 5096 2273 5149 in
2302 5110 2464 5151 causa
2496 5095 2597 5149 fuit
2620 5096 2817 5179 quiain
2848 5093 3078 5179 concilio
3101 5093 3458 5179 ipseauditus
3486 5093 3560 5151 ac
3587 5098 3759 5151 totius

2144 5180 2320 5221 causa}
2358 5182 2585 5222 examen
2633 5166 2937 5222 institutum
2982 5166 3109 5233 fuit,
3165 5166 3403 5233 nihilque
3443 5178 3758 5236 superesse

2142 5239 2755 5307 poterat‘excusationis
2795 5255 2899 5308 qua
2948 5238 3206 5303 judicium
3254 5239 3628 5308 subreptioue
3662 5256 3763 5297 no-

2142 5306 2357 5382 taretur:
2380 5310 2516 5379 (Act.
2548 5310 2615 5378 5,
2644 5328 2697 5382 p.
2733 5306 2889 5381 1267,
2927 5310 3085 5382 1274,
3120 5309 3278 5373 1282,
3313 5306 3507 5376 129υ).

2217 5381 2295 5453 (a)
2331 5380 2569 5437 Primum
2622 5380 2872 5453 laudatus
2924 5381 3022 5436 fuit
3074 5382 3377 5444 Anatolius,
3422 5394 3554 5453 Anon
3610 5382 3759 5453 quod

2181 5449 2465 5522 rzecipuam
2504 5468 2667 5522 supra
2696 5452 2901 5522 legatos
2930 5453 3203 5523 pontificis
3231 5449 3644 5508 auctoritatem
3665 5455 3757 5508 ha-

2178 5532 2293 5578 eret
2344 5523 2485 5594 (quis
2534 5524 2675 5579 enim
2720 5523 3019 5579 catholicus
3077 5525 3305 5593 primam
3354 5526 3762 5581 auctoritatem

2139 5596 2450 5664 apostolicae
2484 5595 2596 5650 sedi
2627 5609 2733 5649 non
2764 5596 3003 5650 tribuat?
3041 5595 3185 5650 unde
3220 5594 3372 5649 initio
3399 5594 3659 5652 actionis
3694 5599 3757 5654 ii

2139 5667 2344 5735 primus
2374 5667 2523 5721 locus
2561 5665 2752 5735 legatis
2788 5666 3084 5737 tribuitur),
3128 5666 3223 5722 sed
3275 5664 3399 5735 quia
3448 5667 3764 5725 Anatolius

2136 5739 2342 5809 primus
2369 5739 2419 5792 in
2450 5738 2552 5793 hoc
2582 5738 2797 5809 negotio
2821 5740 3142 5809 sententiam
3174 5737 3402 5792 dixerat.

2207 5808 2283 5881 (ὁ)
2312 5809 2365 5868 Si
2400 5810 2501 5869 hoc
2530 5809 2649 5867 loco
2687 5808 2997 5882 Stephanus
3032 5810 3228 5871 Leonis
3265 5810 3623 5869 sententiam
3669 5829 3768 5875 es-
