3968 6308
235 290 342 348 217

852 284 1155 347 DISSERT.
1197 284 1236 341 1.
1278 283 1369 342 DE.
1405 282 1568 340 VITA
1606 279 1694 337 ET
1734 278 1959 336 REBUS
1993 278 2233 336 GESTIS
2269 278 2329 337 S.
2368 278 2616 336 LEONIS
2655 277 2893 338 MAGNL

3398 271 3507 335 illi

238 426 324 462 τον
351 410 420 476 μή
449 403 550 461 δεῖν
580 400 703 460 εἶναι
733 405 1025 461 δπίσκοπον.
1063 402 1175 459 Nec
1213 403 1343 458 illud
1377 415 1690 476 persuasum
1723 400 1815 454 ha-
1844 402 1896 463 Α
1923 413 2030 476 non
2069 397 2360 476 emendari
2414 398 2661 476 intelligit
2686 442 2701 461 .
2753 416 2877 476 rem
2920 397 3195 476 religionis
3243 397 3508 470 petiorem

238 473 470 532 buerunt
498 477 674 545 legati,
702 476 789 545 qui
815 476 895 530 vel
920 476 1068 545 quasi
1091 476 1158 530 de
1182 490 1241 530 re
1265 473 1813 545 integrajudicarunt,

237 548 320 603 vel
344 550 502 603 etiam
533 544 848 602 sententiam
874 544 1068 602 Leonis
1100 554 1464 611 temperarunt
1495 562 1507 597 :
1542 544 1818 598 Romanus

237 622 382 673 enim
428 619 662 686 pontifex
709 619 873 691 446
902 620 1127 691 dixerat
1155 616 1486 691 Bassianum
1514 630 1657 691 esse
1708 630 1815 670 non

237 700 484 758 oportere
512 686 863 760 episcopum;
884 690 1126 745 Julianus
1154 690 1359 758 legatus
1381 686 1670 760 pontificis,
1689 700 1818 760 esse

239 775 396 829 posse
419 758 752 831 episcopum,
782 777 901 817 cum
933 762 1000 815 de
1031 769 1255 830 utroque
1285 761 1374 830 qui
1414 758 1817 813 contendebant

235 832 303 903 (le
326 833 632 903 episcopatu
679 833 1039 903 pronuntiarit
1074 847 1179 887 non
1226 831 1427 903 debere
1452 832 1640 903 ambos
1688 844 1817 903 pro-

236 899 696 973 jici,_signilicans‘
718 906 1031 960 alterutrum
1060 919 1244 959 eorum
1290 902 1341 956 in
1390 901 1659 973 Ephesium
1691 899 1819 955 sede

235 988 354 1047 esse
383 972 813 1047 constituendum
836 994 845 1028 :
868 977 1002 1031 Κατὰ
1024 997 1112 1047 μεν
1140 996 1348 1047 nervove:
1373 972 1490 1047 οῷδά
1513 976 1584 1033 εἰς
1617 973 1819 1047 ὥφεᾳλεν

237 1040 378 1123 given.
407 1049 537 1101 κατά
585 1046 639 1102 δὲ
688 1040 1053 1123 φιζανθρῳςτίαὶο
1162 1044 1369 1123 (ξύνοδος
1404 1040 1676 1123 ἧ-ᾊσιανῆ
1712 1045 1825 1099 ἐπι-

236 1114 427 1181 ).έξξται
452 1121 529 1178 τίς
559 1114 1038 1191 ὀφῦ.εἱεῖναι’(8ειη.
1072 1116 1246 1172 Chalr.
1280 1118 1390 1169 Act.
1428 1115 1537 1184 1‘2).

236 1243 403 1282 usus
446 1244 655 1283 cuutsrt
699 1229 1131 1293 4t8;—Lsorus
1178 1244 1324 1284 eam
1366 1227 1827 1292 9;—rnsou0sn

305 1300 396 1359 41,
421 1315 793 1356 “mansum
823 1301 914 1367 24,
944 1316 1119 1365 IIIPP.;
1151 1329 1221 1340 —
1244 1314 1617 1355 ros'rnuuuuo
1650 1308 1706 1354 El.
1737 1316 1830 1354 ze-

308 1387 447 1425 NtANE
482 1386 628 1426 COSS.

311 1462 349 1518 Ι.
382 1462 563 1517 [dibus
595 1463 767 1517 Martii
797 1464 957 1533 hujus
977 1463 1103 1518 anni
1130 1463 1345 1533 scripsit
1368 1473 1583 1519 sanctus
1619 1464 1729 1519 Leo
1760 1464 1825 1520 ad

238 1532 445 1606 porum
493 1532 930 1589 Beneventanum
969 1532 1277 1604 episcopum
1319 1533 1506 1606 (Epist.
1560 1537 1655 1598 18,
1689 1552 1825 1588 nunc

240 1603 477 1677 20).]lle
509 1608 880 1677 presbyterum
911 1603 1097 1660 recens
1134 1603 1467 1677 ordinatum,
1503 1607 1821 1673 posthabitis

286 1676 579 1747 resbyteris
606 1675 740 1738 aliis,
766 1678 853 1746 Qui
877 1686 1035 1730 aetate
1064 1675 1373 1745 meritisque
1395 1676 1739 1745 praestabant,
1770 1677 1820 1731 in

268 1746 423 1839 oeum
454 1748 785 1828 superiorem
816 1746 1164 1829 ordinemque
1189 1757 1472 1839 evexerat;
1504 1748 1629 1816 quin
1658 1749 1817 1802 etiam
1852 1780 1897 1839 Β

243 1817 408 1885 aliqui
438 1818 799 1871 assentatione
832 1819 1016 1885 ignava
1043 1817 1161 1885 jure
1188 1827 1242 1871 et
1269 1818 1387 1871 loco
1416 1828 1607 1885 sponte
1639 1835 1816 1875 cesse-

241 1898 379 1940 rant.
418 1887 605 1957 Arguit
644 1888 753 1943 Leo
799 1888 994 1942 Dorum
1037 1889 1487 1955 praevaricationis
1513 1932 1525 1953 ,
1566 1891 1818 1958 juvenem

238 1959 543 2031 superbia),
593 1958 936 2031 presbyteros
978 1959 1231 2030 projeetm
1278 1959 1615 2014 adulationis.
1664 1961 1822 2017 Jubet

238 2030 403 2098 igitur
432 2046 697 2101 quemque
720 2030 872 2100 juxta
904 2044 1139 2085 canones
1169 2045 1388 2085 servare
1413 2034 1819 2101 praerogativam

238 2101 622 2169 ordinationis,
653 2103 891 2171 exceptis
932 2103 1021 2171 qui
1064 2111 1356 2169 spontanea
1386 2102 1726 2159 abdicatione
1764 2119 1822 2163 se

239 2171 347 2225 hoc
380 2170 584 2244 honore
625 2170 870 2244 indignos
906 2170 1167 2237 fecerant,
1200 2183 1254 2226 et
1280 2174 1381 2239 ipsi
1412 2183 1468 2226 ut
1498 2190 1595 2229 suo
1622 2177 1821 2244 plecte-

238 2250 427 2316 rentur
449 2243 649 2316 judicio
678 2243 958 2299 inferiores
986 2258 1105 2299 esse
1127 2244 1235 2298 vult
1263 2244 1340 2298 illi
1371 2260 1526 2311 quem
1558 2243 1655 2299 sibi
1684 2263 1824 2316 pra:-

240 2314 495 2387 tulerant.
533 2312 598 2367 Et
632 2324 685 2367 ut
717 2316 906 2387 judicii
938 2322 1037 2378 sui,
1078 2316 1270 2386 inquit,
1307 2318 1603 2369 sententiam
1633 2312 1820 2387 ferant,

235 2385 511 2453 inferiores
533 2388 689 2438 etiam
710 2385 800 2439 illo
826 2397 991 2450 erunt,
1020 2403 1167 2455 quem
1193 2388 1401 2455 prapria
1429 2385 1678 2443 sententia
1702 2389 1825 2443 sibi-

238 2465 345 2509 met
391 2457 759 2527 prwtulernnt;
802 2457 1031 2512 omnibus
1074 2459 1373 2527 presbyteris
1413 2460 1465 2512 in
1506 2476 1598 2513 suo
1644 2463 1826 2515 ordine

240 2526 685 2599 permanantibus,
716 2544 862 2599 quetn
898 2529 1169 2599 unicuique
1198 2526 1536 2585 ordinationis
1560 2547 1669 2587 ante
1693 2541 1822 2587 tem-

237 2598 596 2669 pusascripsit
624 2599 723 2668 (α).

319 2668 382 2742 li.
415 2669 523 2724 Leo
552 2670 770 2740 insuper
800 2679 943 2725 tanta
973 2686 1070 2742 pro
1094 2670 1335 2727 Ecclesia
1360 2672 1521 2741 gessit
1546 2717 1559 2741 ,
1593 2682 1651 2726 ut
1677 2674 1823 2730 visus

241 2738 601 2811 sitbactentts
632 2738 943 2809 praaluxisse
969 2738 1279 2811 majoribus.
1322 2738 1413 2797 seu
1454 2738 1579 2798 dum
1608 2744 1822 2800 Priscil-

241 2810 372 2865 liani
412 2813 830 2867 contaminatum
868 2810 1081 2884 gregem
1108 2812 1342 2883 jugulat,
1376 2830 1469 2869 seu
1499 2813 1625 2869 dum
1657 2816 1823 2871 Mani-

240 2884 517 2955 citanti-um
558 2884 920 2939 clandestinos
954 2893 1133 2939 motus
1163 2886 1403 2954 perimit,
1434 2894 1526 2939 aut
1548 2886 1615 2940 de
1645 2888 1822 2955 proﬂi-

238 2954 785 3026 gatopi’elagianismo
816 2954 1137 3026 triumphum
1173 2960 1301 3023 agit,
1330 2958 1413 3011 vel
1441 2972 1625 3012 severe
1650 2954 1823 3013 'vindi-

240 3032 330 3080 cat
378 3023 629 3080 Ecclesia:
676 3023 1031 3096 disciplinam.
1079 3026 1230 3094 Quod
1281 3028 1501 3082 alterius
1554 3043 1821 3083 summmn

242 3104 413 3166 esset,
447 3097 545 3150 iter
565 3107 647 3151 est
677 3096 840 3151 Leoni
872 3098 936 3153 ad
969 3098 1192 3166 majora.
1228 3098 1351 3152 llaec
1374 3099 1586 3166 quidem
1613 3099 1824 3154 fortiter

252 3164 618 3239 feliciterque.
668 3169 761 3223 sed
806 3164 1066 3224 adversus
1103 3170 1309 3222 saucios
1354 3164 1568 3233 hostes,
1611 3170 1827 3239 jamque

258 3235 444 3291 multis
469 3235 766 3293 debilitatos
792 3240 1007 3295 ictibus.
1041 3239 1177 3293 Ecce
1202 3254 1371 3294 novus
1410 3235 1625 3302 hostis,
1642 3235 1830 3296 recens

256 3316 315 3360 et
356 3307 550 3379 integer
590 3310 790 3365 Christi
834 3310 1258 3366 incarnationem
1307 3320 1612 3381 oppugnat,
1643 3311 1833 3365 funda-

252 3386 534 3450 mentaque
571 3382 892 3437 Christiana:
929 3381 1204 3451 religionis
1243 3383 1501 3437 concutit.
1536 3383 1829 3440 Timendus

244 3460 428 3515 certe;
460 3452 633 3507 audax
666 3453 741 3507 illi
781 3455 993 3508 animus
1033 3453 1100 3507 ad
1152 3454 1559 3523 concipiendum
1602 3455 1826 3523 facinus,

246 3533 534 3595 promptus
574 3524 640 3577 ad
671 3525 1102 3593 exsequendum;
1138 3524 1407 3595 ingenium
1441 3526 1738 3589 laudabile,
1782 3526 1827 3582 si

238 3591 312 3646 ad
355 3593 579 3648 meliOra
619 3591 997 3655 convertisset.
1032 3591 1255 3652 Pietatis
1294 3595 1559 3666 professio
1592 3608 1644 3651 et
1686 3597 1827 3654 fama

241 3678 400 3738 itque
430 3665 725 3738 perniciosa
748 3709 762 3732 ,
794 3669 1043 3738 quoniam
1075 3667 1140 3721 iis
1168 3665 1425 3723 adversus
1450 3670 1607 3724 fidem
1641 3670 1830 3726 abute-

242 3735 426 3790 batur.
459 3737 598 3803 Quid
628 3735 861 3811 referam
889 3741 1111 3807 gratiam
1144 3740 1488 3809 favoremque
1524 3741 1826 3811 principum

240 3815 300 3860 et
331 3818 639 3881 niagnatutn
669 3810 957 3869 amicitias.
990 3824 1120 3880 quat
1156 3812 1222 3865 ad
1260 3812 1622 3881 promovenda
1650 3810 1826 3870 studia

238 3891 341 3955 per
364 3876 444 3955 fas
472 3879 725 3955 nefasque
751 3876 1159 3955 conciliaverat?
1183 3876 1379 3955 Verum
1402 3882 1517 3938 haec
1544 3893 1602 3938 ut
1629 3885 1829 3955 glorio—

237 3948 357 4002 sior
379 3949 577 4025 Leonis
601 3948 818 4006 victoria
850 3954 936 4025 sit.
975 3953 1239 4025 Eutyches
1271 3954 1359 4009 ille
1391 3964 1492 4020 est,
1521 3948 1829 4011 Constanti-

239 4022 590 4095 nopolitanus
621 4024 1031 4078 archimandrita
1051 4022 1183 4095 ,‘qui
1218 4040 1248 4078 a
1277 4025 1522 4081 daemone
1561 4028 1699 4081 malo
1729 4030 1828 4082 im-

238 4092 455 4159 pulsus,
490 4107 896 4169 novos‘crrores
924 4095 976 4169 in
1018 4092 1511 4169 Ecclesiamserit,
1545 4108 1829 4169 utramque

236 4173 491 4218 naturam
534 4164 589 4218 iu
637 4164 852 4237 Christo
894 4167 1163 4228 miscens,
1198 4167 1552 4237 coalitamque
1583 4168 1634 4221 in
1666 4164 1826 4224 unam

234 4248 531 4301 asserens;
558 4235 701 4291 unde
723 4236 850 4292 illud
875 4239 1287 4302 consectarium,
1307 4240 1391 4293 vel
1420 4235 1666 4292 naturam
1687 4240 1822 4294 divi-

237 4318 373 4380 nant
400 4308 840 4380 perpessionibus
858 4309 1210 4380 humanisque
1223 4308 1500 4363 affectibus
1516 4310 1825 4374 obnoxiam,

232 4375 333 4430 vel
381 4393 502 4445 qua:
552 4378 861 4434 humanitus
916 4375 1140 4434 Christo
1180 4382 1561 4451 contigerunt,
1616 4380 1830 4436 labores

232 4458 319 4521 et_
349 4458 575 4503 mortem
597 4489 612 4514 ,
648 4465 741 4518 per
787 4467 904 4521 qua:
941 4450 1167 4506 salutem
1218 4452 1372 4505 nobis
1416 4451 1643 4520 peperit,
1677 4466 1825 4507 mera

233 4518 414 4573 tuisse
454 4520 703 4575 ludibria.
743 4518 867 4577 Haec
908 4523 1026 4587 ille,
1057 4538 1175 4592 quas
1223 4518 1663 4591 primo‘lateuter
1702 4538 1824 4578 cum

230 4592 702 4647 commensalibus
723 4594 998 4648 monachis
1019 4594 1470 4658 communicabat,
1501 4604 1609 4647 tuttt
1644 4594 1823 4649 furtim

231 4675 370 4717 cum
398 4664 585 4716 amicis
615 4675 668 4718 et
700 4665 765 4718 iis
789 4679 923 4732 quos
946 4673 1177 4719 noverat
1205 4665 1455 4720 novitatis
1478 4664 1683 4720 avidos.
1714 4667 1824 4719 Eu-

228 4732 426 4809 sebius
460 4734 699 4809 Dorylaei
726 4734 779 4789 iu
809 4735 1036 4807 Phrygia
1068 4736 1375 4807 episcopus,
1404 4737 1488 4809 cui
1519 4751 1637 4809 cum
1664 4738 1828 4809 Euty-

227 4804 403 4878 chete
429 4805 662 4859 amicitia
690 4804 1074 4871 intercedebat,
1096 4804 1316 4877 pravam
1341 4808 1506 4878 ipsius
1528 4804 1825 4863 doctrinam

228 4876 423 4947 primo
449 4880 619 4933 amice
647 4878 952 4950 corrigere;
979 4878 1213 4950 dumque
1237 4876 1558 4935 monachum
1587 4880 1828 4935 consiliis

1923 470 2157 543 amicitia
2192 480 2402 538 putans,
2426 471 2743 527 denuntiare
2771 472 2947 527 scelus
2972 471 3305 543 aggreditur,
3332 480 3389 526 ut
3410 486 3509 543 op-

1923 542 2187 614 primatur
2216 544 2659 614 anteqttam‘vires
2689 545 2945 614 acquirat.

1990 611 2079 667 lll.
2114 611 2175 685 Id
2186 613 2459 685 temporis
2496 611 2792 685 habebatur
2829 613 3295 680 Consmntinopolt
3324 628 3503 685 synof

1928 682 2027 739 dus
2066 699 2092 736 a
2136 682 2392 738 Flaviano
2422 684 2677 754 episcopo
2702 685 3297 753 ConstantinOpolitauo
3324 682 3502 741 Procli

1920 769 2253 817 successore.
2270 766 2741 827 cqnvenerantque
2759 757 2974 827 triginta
2997 756 3235 826 epiSCOpi
3262 757 3326 809 ad
3357 756 3501 812 litem

1920 826 2276 909 dirimendam
2304 825 2566 909 Florentii
2597 825 2884 909 Sardorum
2911 825 3155 909 episcopi
3178 827 3360 909 Lydia:
3391 842 3505 883 me-

1922 899 2231 970 tr0pol_itani
2258 898 2520 970 adversus
2549 900 2830 967 episcopos
2865 897 2972 955 suae
3008 897 3297 970 provincia:
3339 897 3503 970 Joan-

1924 984 2044 1023 nem
2068 967 2228 1041 447
2248 967 2678 1041 Cassiniumque.
2711 970 2968 1025 Eusebius
2991 967 3204 1024 hortatu
3234 969 3501 1037 Flaviani,

1925 1042 2009 1094 cui
2032 1039 2306 1095 audaciam
2336 1039 2591 1105 Eutychis
2613 1041 2969 1105 nuntiaverat,
2994 1056 3105 1096 rem
3126 1042 3192 1094 ad
3218 1041 3502 1096 concilium

1926 1110 2131 1165 detulit.
2181 1111 2369 1167 Patres
2407 1110 2551 1166 illico
2599 1110 2857 1167 detestari
2906 1112 3219 1178 pravitatem
3248 1153 3261 1176 ,
3314 1126 3505 1181 rogare

1928 1181 2217 1236 Eusebium
2240 1192 2297 1236 ut
2321 1198 2415 1251 pro
2441 1184 2561 1251 jure
2586 1183 2839 1236 amicitiae
2862 1182 3017 1237 adeat
3042 1181 3357 1252 Entychem,
3388 1197 3503 1250 per-

1929 1253 2255 1324 sttadeatque
2297 1253 2538 1308 meliora.
2587 1252 2722 1307 Tum
2775 1252 3352 1324 Eusebiuspabnuere,
3396 1253 3505 1322 jam

1929 1322 2127 1378 frustra
2162 1322 2373 1378 omnem
2412 1325 2640 1377 movisse
2681 1325 2933 1393 lapidem,
2970 1323 3063 1379 sed
3091 1323 3241 1377 irrito
3268 1332 3504 1390 conatu;

1930 1408 2033 1448 non
2065 1395 2257 1449 vulnus
2290 1396 2387 1448 levi
2415 1394 2942 1461 manteleniendum,
2972 1394 3069 1450 sed
3099 1393 3241 1449 ferro
3267 1393 3510 1448 reciden-

1927 1465 2073 1530 dum,
2111 1466 2416 1536 priusquam
2439 1466 2682 1519 saniores
2708 1478 2885 1534 partes
2911 1474 3171 1535 occupet;
3200 1466 3311 1534 jam
3346 1466 3511 1535 Euty-

1926 1538 2079 1589 chem
2105 1551 2251 1589 arma
2288 1538 2458 1604 palam
2486 1536 2743 1591 adversus
2785 1537 3075 1591 Ecclesiam
3109 1536 3287 1591 moliri
3313 1576 3326 1597 ,
3360 1536 3509 1590 urbis

1928 1607 2249 1661 monasteria
2280 1608 2527 1671 circuire,
2550 1607 2745 1663 offerre
2778 1608 3014 1663 libellum
3050 1608 3133 1661 cui
3166 1606 3509 1661 subscribam

1927 1678 2193 1741 monachi,
2220 1689 2269 1732 et
2298 1678 2349 1732 in
2373 1680 2669 1733 doctrinam
2694 1695 2994 1749 nomenque
3016 1678 3389 1746 suumjurent.
3413 1676 3508 1732 llis

1926 1749 2150 1821 auditis,
2187 1749 2781 1821 Patrespresbyterum
2822 1750 3211 1821 diaconumque
3251 1749 3504 1821 mittunt,

1924 1820 2010 1887 qui
2040 1820 2105 1873 de
2136 1821 2357 1893 singulis
2389 1819 2679 1893 inquirant.
2708 1821 2993 1893 Presbyter
3025 1830 3168 1893 recta
3199 1820 3236 1893 it
3263 1819 3327 1874 ad
3367 1820 3507 1893 Illar-

1924 1900 2106 1961 tynum
2146 1889 2650 1963 archimandritam;
2688 1889 2915 1962 plurima
2953 1892 3019 1946 de
3049 1890 3286 1963 Eutyche
3326 1889 3509 1944 scisci-

1925 1970 2084 2016 tatur.
2120 1962 2338 2018 Fatetur
2378 1964 2463 2018 ille
2504 1961 2722 2018 missum
2765 1961 3173 2018 Constantinum
3217 1961 3507 2017 diaconum

1924 2034 1991 2105 ab
2015 2033 2254 2105 Eutyche
2279 2050 2399 2089 cum
2428 2037 2627 2104 scripto
2645 2035 2727 2088 cui
2752 2034 3090 2105 subscribere
3118 2042 3365 2105 rogatur;
3394 2047 3504 2105 non

1926 2104 2083 2158 aliam
2118 2103 2171 2159 in
2201 2120 2266 2161 eo
2296 2106 2453 2160 ﬁdem
2478 2150 2491 2172 ,
2530 2103 2689 2177 quam
2722 2121 2839 2177 quze
2869 2108 2918 2159 in
2950 2103 3167 2159 Nicmna
3194 2103 3399 2177 synodo
3422 2103 3510 2173 ju-

1926 2184 2038 2249 rata
2065 2216 2079 2240 ,
2123 2186 2176 2230 et
2204 2192 2323 2247 qua:
2360 2193 2387 2229 a
2419 2174 2619 2249 Cyrillo
2650 2174 2843 2232 tradita
2876 2174 3348 2247 receptaquefsed
3388 2191 3415 2227 a
3446 2189 3507 2230 se

1929 2245 2084 2317 longe
2106 2245 2363 2318 reiectum
2388 2245 2509 2303 cum
2533 2248 2631 2304 hac
2654 2245 3035 2318 reSjtonsione’:
3058 2245 3161 2301 non
3186 2260 3305 2300 esse
3326 2260 3501 2312 suam,

1927 2318 2019 2394 sed
2068 2334 2441 2394 epzscopornm
2488 2336 2665 2394 rem_:
2719 2326 2795 2379 Μὴ
2846 2317 2969 2375 εἶναι
3008 2320 3123 2394 ἐμὸν
3171 2318 3338 2394 eam
3368 2320 3509 2394 ἀφείη

1927 2390 2216 2463 trinam.
2240 2390 2293 2447 δὲ
2320 2393 2477 2463 μόνων
2510 2407 2523 2445 :
2572 2390 2691 2463 Non
2723 2401 2798 2445 est
2834 2407 2998 2445 meum
3033 2388 3377 2455 subscribere,
3410 2388 3509 2463 sed

1928 2461 2283 2528 episcoporum
2314 2460 2510 2516 tantum
2539 2473 2627 2516 est.
2661 2462 2834 2519 Grave
2866 2476 3171 2531 repensum.
3202 2460 3509 2531 etposmris

1926 2531 2287 2588 retinendum.
2321 2535 2413 2589 llis
2444 2534 2651 2604 synodo
2679 2530 3015 2597 renuntiatis,
3042 2532 3233 2604 placuit
3264 2530 3510 2584 Patribus

1927 2610 1984 2656 ut
2013 2615 2295 2659 vocaretur
2326 2602 2594 2676 Eutychos
2616 2605 2681 2660 ad
2704 2604 3009 2661 concilium.
3041 2602 3293 2676 Spemelpct
3317 2603 3511 2676 iterum

1926 2676 2218 2729 accersitus
2262 2672 2446 2731 venire
2491 2680 2850 2746 contempsit,
2905 2691 3012 2731 non
3062 2674 3171 2741 fas,
3230 2672 3509 2746 inquiens,

1924 2746 2107 2815 egredi
2156 2762 2185 2801 e
2244 2749 2590 2802 monasterio.
2641 2743 2875 2803 Tertiam
2934 2760 3145 2816 quoque
3199 2743 3508 2816 citationeut

1926 2814 2271 2884 zegmtalione
2299 2820 2543 2874 simulata
2577 2820 2754 2873 elusit.
2786 2818 2890 2874 Sed
2921 2814 3135 2871 demum
3167 2824 3285 2884 post
3306 2814 3511 2883 aliquot

1926 2887 2040 2959 dies
2078 2890 2371 2943 monachus
2407 2890 2621 2943 militari
2651 2900 2910 2959 apparatu
2947 2888 3012 2941 ad
3046 2885 3511 2959 synodum_venit.

1926 2958 2057 3011 Cum
2082 2975 2147 3012 eo
2170 2960 2471 3015 Florentius
2500 2953 2773 3025 l’atritius,
2800 2953 3103 3013 turbulenta
3128 2953 3512 3009 monachorum

1928 3028 2178 3096 phalanx,
2198 3033 2559 3099 apparitorum
2581 3031 2914 3098 militumque
2928 3028 3368 3099 praetorianorum
3397 3038 3513 3076 ma-

1928 3094 2048 3151 nus.
2083 3094 2331 3154 lianc'illi
2364 3115 2581 3168 operam
2612 3094 3513 3168 prtestiterat'Cltrysaphiuseunu-

1856 3168 1902 3231 C
1933 3169 2087 3232 chus,
2121 3172 2208 3238 qui
2248 3163 2415 3237 gratia
2453 3178 2507 3224 et
2548 3163 2870 3223 auctoritate
2913 3163 3134 3237 Augusti
3167 3163 3261 3238 pro
3295 3163 3515 3238 libidine

1935 3234 2429 3313 abtttebatur';_taut
2465 3234 3090 3313 Eutychipcharusquam
3122 3234 3363 3313 inlensus
3389 3234 3513 3289 l‘la-

1934 3312 2113 3375 viano,
2144 3311 2264 3384 quia
2476 3305 2597 3367 cum
2620 3311 2751 3366 adiit
2779 3305 3167 3384 pontificatum,
3193 3308 3309 3384 e_j_us
3332 3305 3515 3384 deine-

1934 3384 2039 3455 repri
2084 3378 2331 3452 gratiam
2354 3378 2951 3455 c'oTttempserat.'Ntltil
2997 3380 3169 3455 territi
3214 3378 3515 3455 Patgesde

1934 3454 2037 3508 tide
2059 3449 2425 3532 sciscitantur.
2437 3449 2690 3532 “Rogant.
2705 3455 3002 3532 Euiychent
3042 3451 3167 3532 quid
3201 3450 3279 3532 de.
3297 3449 3521 3532 Chrisio

1930 3526 2160 3604 sentiat?
2182 3525 2374 3581 Coram
2414 3528 2502 3582 ille
2543 3522 2647 3583 non
2680 3522 2931 3604 haesitans
2960 3524 3238 3579 confessus
3269 3523 3320 3577 itt
3354 3522 3513 3604 Chri-

1928 3604 2014 3651 sto
2043 3598 2175 3653 duas
2207 3609 2421 3653 naturas
2459 3609 2743 3670 antequam
2780 3598 3009 3655 Verbum
3042 3610 3161 3670 cum
3200 3608 3364 3670 carne
3395 3598 3519 3646 uni-

1930 3678 2098 3735 retur,
2134 3670 2226 3724 sed
2255 3671 2520 3726 coaluisse
2548 3666 2790 3725 in'unam
2813 3714 2826 3736 ,
2856 3686 2922 3725 ex
2962 3682 3069 3738 quo
3100 3666 3355 3738 Divinitas
3394 3676 3516 3719 cum

1935 3750 2121 3795 natura
2156 3742 2383 3812 humana
2429 3743 2479 3796 in
2515 3757 2673 3797 unam
2702 3737 3033 3812 hypostasim
3053 3737 3343 3812 conjuncta
3384 3745 3465 3812 est
3498 3751 3512 3787 :

1928 3812 2180 3885 Ὀμολογῶ
2228 3815 2281 3866 ἐκ
2330 3810 2419 3868 δύο
2460 3816 2657 3886 φύσεων
2683 3807 2971 3903 γῆξ-θῆσθαι
3011 3810 3096 3863 τὸν
3148 3807 3517 3903 Κύριονκήμῶν

2072 3892 2093 3902 .-
2191 3886 2201 3899 ο
2540 3886 2620 3903 una
2683 3892 2691 3903 ι
2998 3884 3007 3898 ο
3135 3884 3215 3903 is,
3260 3879 3338 3903 !,__
3384 3891 3512 3903 __,_.o

1929 3877 2094 3958 προτῆ
2111 3877 2405 3958 criticism;
2418 3877 2559 3958 μάτὰ
2572 3886 2622 3941 δί
2636 3877 2723 3945 div
2735 3877 2935 3949 ἕνωσιν,
2952 3884 3071 3958 μίαν
3086 3877 3481 3958 φήσιν’ρμο)-ροκω
3498 3891 3513 3940 ἶ
3530 3898 3547 3901 ⁷

1930 3907 1969 3939 π
2005 3905 2094 3943 orn
2111 3905 2405 3945 στενωσεως
2418 3907 2559 3958 ματα
2572 3904 2622 3941 οι
2636 3904 2935 3949 τηνενωσιν,
2952 3904 3071 3955 μιαν
3086 3904 3233 3953 φησιν
3252 3904 3481 3957 ομοιιργω
3498 3916 3513 3940 ,

1930 3904 2092 4009 illoest
2123 3974 2134 4008 :
2166 3954 2423 4023 Confiteor
2467 3972 2528 4008 ex
2567 3958 2765 4009 duabus
2806 3958 3002 4007 naturis
3042 3954 3198 4028 fuisse
3238 3947 3517 4028 Dominum

1928 4037 2158 4080 nostrum
2200 4020 2318 4079 ante
2356 4027 2753 4097 atlunationem;
2792 4034 2903 4097 post
2954 4020 3069 4076 vero
3113 4020 3514 4097 adunationem,

1928 4113 2081 4151 unum
2106 4106 2341 4149 naturam
2364 4096 2628 4161 conﬁteor.
2652 4097 2837 4149 Patres
2859 4095 3055 4147 docent
3074 4104 3191 4145 eam
3214 4089 3515 4141 doctrinam

1928 4182 2048 4221 esse
2078 4168 2306 4220 alienam
2338 4182 2365 4219 a
2398 4167 2519 4229 ﬁde,
2552 4167 2889 4239 obtestantur
2913 4173 2973 4216 ut
3008 4163 3275 4239 ipse_suos
3301 4166 3518 4210 revocet

1928 4250 2142 4293 errores
2170 4239 2597 4308 proscribatque,
2620 4251 2682 4289 ac
2711 4228 3404 4308 Nicmnamc‘onfessionem
3429 4241 3517 4308 re.

1930 4309 2112 4378 cipiat.
2163 4302 2267 4361 Sed
2312 4307 2454 4378 dicto
2500 4322 2603 4359 non
2650 4306 2873 4378 audiens
2912 4302 3198 4378 obﬁrmato
3240 4302 3418 4378 animo
3464 4302 3517 4378 in

1936 4367 2208 4433 sententia
2227 4377 2495 4447 persistit:
2522 4378 2747 4452 ideoque
2763 4375 2962 4452 judicio
2975 4374 3192 4428 Patruut
3216 4367 3517 4452 sacerdotio

1932 4459 2108 4503 motus
2153 4446 2270 4517 est,
2305 4463 2526 4504 munere
2566 4446 2999 4503 archimandrita:
3045 4454 3099 4501 et
3142 4446 3521 4498 communione

1931 4521 2293 4576 ecclesiastica
2325 4521 2581 4589 privatus.

2001 4591 2096 4666 IV.
2126 4584 2391 4666 Eutyches
2420 4607 2539 4648 cum
2574 4591 2897 4666 auctoritate
2923 4586 3247 4661 Chrysapbii
3269 4593 3324 4641 et
3350 4584 3519 4641 tutela

1928 4665 2187 4736 principis
2225 4663 2407 4739 neque
2436 4679 2494 4739 se
2529 4679 2703 4735 neque
2730 4663 3028 4739 doctrinam
3050 4666 3257 4739 tectam
3288 4667 3519 4739 sartam-

1930 4728 2034 4813 que
2056 4728 2324 4813 cerneret,
2345 4736 2410 4790 ad
2435 4728 2731 4813 itomat'tum
2760 4728 3520 4813 pontiiicemconfugit,‘ratus

1934 4802 2139 4882 irritant
2182 4808 2298 4882 fore
2332 4807 2861 4882 condemnationem,
2892 4806 3178 4882 si_tantum
3210 4802 3517 4882 pontificem

1935 4880 2047 4934 Suis
2084 4880 2324 4947 partibus
2366 4879 2589 4934 irretiat.
2628 4879 2737 4934 lloc
2772 4892 2901 4933 vero
2942 4874 3086 4930 factu
3124 4872 3279 4928 facile
3319 4872 3372 4925 in
3406 4872 3523 4924 aui-

1314 4991 1877 5049 BALLERINIORUM
1905 4990 2342 5048 ΑΝΝΟΤΛΤΙΟΝ
2352 4991 2451 5048 ES.

228 5084 558 5160 pressitbis
594 5084 774 5160 verbis
805 5101 912 5160 esse
938 5102 1041 5160 non
1077 5095 1309 5157 oportere
1340 5090 1669 5160 episcopum,
1700 5089 1830 5144 alibi

227 5167 424 5230 tamen
448 5155 532 5211 bis
561 5157 738 5211 verbis
760 5158 941 5212 retulit
961 5174 979 5230 _:
1009 5155 1275 5230 Romanus
1300 5155 1567 5230 episcopus
1596 5177 1711 5215 eum
1739 5161 1831 5215 de-

223 5228 437 5298 posuit,
459 5243 577 5297 quae
600 5236 917 5296 potestatem
942 5228 1244 5297 deponendi
1268 5245 1297 5284 a
1323 5228 1505 5286 Leone
1526 5231 1628 5286 sibi
1649 5246 1829 5287 asser-

226 5310 357 5355 tam
388 5301 698 5372 prteterunt.
732 5299 858 5372 Haec
884 5315 950 5372 ex
976 5300 1142 5355 solius
1170 5300 1427 5372 Stephani
1458 5303 1737 5359 relatione.
1774 5302 1831 5359 Si

222 5379 523 5445 exstarent
562 5371 692 5440 ipsae
737 5371 931 5426 Leonis
976 5373 1198 5445 litterae,
1226 5371 1362 5445 quid
1409 5375 1517 5429 Leo
1552 5376 1831 5445 scripserit

223 5443 560 5510 expressius
587 5457 1058 5512 cognosceremus.
1090 5444 1242 5509 Quod
1271 5446 1315 5499 si
1346 5446 1533 5500 iisdem
1561 5443 1831 5501 aut‘simi-

218 5515 387 5572 libus
412 5514 591 5587 verbis
616 5514 697 5587 usi
724 5514 1004 5569 traduntur
1033 5515 1193 5569 etiam
1222 5516 1311 5570 alii
1340 5518 1725 5587 przecipuarum
1749 5532 1837 5571 se-

221 5588 392 5641 dtum
424 5586 694 5654 episcopi,
726 5600 848 5639 cum
891 5596 1069 5641 tamen
1113 5587 1381 5655 peculiare
1419 5586 1515 5657 jus
1551 5590 1602 5642 in
1648 5602 1835 5643 omnes

220 5658 547 5714 Orientales
568 5658 854 5727 episcopos
877 5657 1117 5711 Romano
1140 5659 1376 5727 pontiﬁci
1399 5660 1606 5713 ratione
1638 5660 1837 5728 prima-

223 5741 330 5785 tus
353 5729 535 5801 negari
553 5738 803 5801 nequeat,
825 5730 913 5797 jus
929 5729 995 5784 de
1009 5731 1435 5799 utetropolitanis
1452 5731 1615 5786 etiam
1639 5731 1833 5786 Orien-

222 5800 444 5865 talibus
464 5800 741 5873 judicaudi
768 5802 940 5863 eidem
970 5802 1153 5874 negari
1182 5816 1291 5862 non
1323 5812 1517 5873 potest,
1544 5804 1648 5861 nisi
1677 5804 1744 5859 ab
1770 5816 1838 5861 eo

1937 5088 2028 5159 qui
2061 5087 2142 5161 vel
2172 5089 2455 5161 primatum
2488 5096 2685 5161 neget,
2713 5087 2961 5161 velmeri
2998 5084 3206 5161 prdinis
3240 5082 3523 5161 primatum

1940 5151 2059 5214 eum
2103 5151 2446 5214 heierodoxis
2484 5151 2946 5214 eid‘em’attibuat.
2990 5157 3099 5213 Sed
3144 5156 3245 5208 hoc
3292 5151 3360 5207 de
3402 5151 3526 5221 jure

1940 5232 2090 5301 plura
2123 5231 2175 5285 in
2206 5231 2475 5286 observat.
2505 5230 2573 5285 ad
2602 5228 3117 5301 dissertationeuts.

2013 5302 2090 5376 (ab)
2124 5304 2218 5357 Hic
2259 5302 2554 5376 omittenda
2594 5318 2698 5356 non
2744 5310 2860 5356 erat
2890 5299 3096 5376 mentio
3122 5294 3348 5376 duarum
3377 5293 3526 5376 iucuv

1943 5368 2246 5447 brationum
2274 5389 2392 5443 qure
2430 5375 2482 5447 in
2516 5374 2615 5428 hac
2636 5388 2809 5447 causa
2837 5371 3049 5447 scriptae
3078 5368 3245 5447 luere,
3270 5368 3525 5447 nimirum

1946 5445 2109 5499 libelli
2163 5436 2511 5507 querimonia;
2559 5445 2647 5513 qui
2698 5458 2726 5495 a
2780 5436 3304 5513 Paulojpresbytero
3337 5436 3526 5513 _Le_o_ui

1940 5516 2148 5570 obl..tus
2178 5506 2295 5580 luit,
2323 5524 2379 5569 et
2406 5506 2627 5569 alterius
2649 5512 2844 5567 Leonis
2874 5506 3135 5578 epistola,
3155 5506 3290 5577 quae
3320 5506 3527 5563 deside-

1942 5596 2106 5652 ratur,
2140 5586 2203 5641 ad
2237 5587 2437 5642 Juliunt
2470 5585 2803 5654 episcopum,
2825 5583 2918 5654 cui
2950 5580 3106 5654 hujus
3144 5580 3529 5654 decreptipexsc<

1941 5649 2205 5712 cntionem
2238 5649 2523 5713 commisit.
2558 5656 2634 5725 ille
2659 5649 2761 5707 bis
2789 5651 2907 5709 vide
2933 5652 3150 5709 dissert.
3181 5652 3247 5711 de
3276 5649 3529 5725 Epistolis

1941 5730 2256 5802 deperditis,
2285 5744 2338 5785 n.
2367 5728 2438 5783 2‘2
2466 5735 2518 5783 et
2543 5724 2633 5781 25.
