3968 6308
835 240 1144 301 DlSSERT.
1188 241 1227 298 Ι.
1278 239 1363 297 DE
1404 238 1561 295 Vl’l‘A
1604 236 1691 293 ET
1730 235 1954 294 ΚΕΒΗὸ
1992 235 2235 293 GESTIS
2272 236 2332 293 S.
2370 234 2619 293 LEONIS
2657 233 2893 295 MAGNi.

233 363 337 421 cile
362 371 447 423 est
470 362 641 431 dictu,
674 376 768 419 seu
795 360 1088 433 Eutycliem
1113 369 1375 433 staturum
1403 357 1606 433 judicio
1635 355 1823 433 crede-
1852 362 1900 418 Α
1930 354 1999 433 ab
2026 354 2282 425 Eutyche.
2314 354 2417 409 Sed
2448 366 2556 433 tum
2590 354 2738 433 nihil
2762 354 2984 433 omnino
3027 364 3284 433 scriptum
3317 369 3352 433 _a
3374 355 3522 433 fla-

235 443 350 501 ret,
386 450 480 489 seu
507 428 680 492 actam
708 428 918 489 causam
949 432 1242 488 secundum
1274 445 1534 485 canoneut
1567 428 1821 484 Ecclesia:

236 506 289 587 in
318 507 567 570 concilio,
598 504 756 587 551
792 503 1313 587 condemnatumque
1353 502 1598 587 legitime
1631 514 1821 582 mona-

235 579 393 632 chum
424 593 533 633 suze
559 572 825 649 partiam,
856 592 960 649 non
988 576 1119 649 alias
1160 573 1510 630 audiendum.
1563 572 1825 649 Beronius

236 650 406 706 credit
427 643 629 709 litteras
653 648 911 717 FlaViani,
937 657 1028 702 aut
1050 648 1396 717 interceptas,
1416 652 1509 699 aut
1527 643 1829 700 retardatus

1934 428 2112 483 viano.
2137 434 2428 482 constatex
2453 429 2565 496 ipsa
2595 426 2830 481 Flaviani
2857 426 3104 494 epistola,
3133 426 3284 495 cujus
3317 427 3525 483 initium

1932 508 2013 552 est
2039 514 2053 550 :
2084 496 2303 562 Pietate,
2330 506 2434 551 etc.
2451 501 2789 569 Accusamus,
2823 500 3013 566 inquit,
3047 515 3161 552 eum
3196 498 3522 569 (Eutychen)

1935 586 1969 622 a
1994 569 2412 623 reserendissimo
2445 568 2690 632 Eusebio,
2726 580 2771 623 et
2812 580 3157 623 occurrentem
3204 572 3255 622 in
3295 568 3528 625 sanctum

1938 642 2209 695 concilium
2237 649 2283 694 et
2306 656 2425 695 voce
2453 657 2545 695 sua
2564 650 2750 696 sectam
2772 642 3031 712 propriam
3050 652 3376 714 relegentem,
3401 641 3529 697 alie-

1307 801 1871 863 BAUEBINIOBUM
1903 801 2456 859 ANNOTATIONES.

239 926 361 980 huic
392 926 768 980 controversia:
798 923 1179 993 imponendum
1206 936 1302 992 per
1334 935 1391 976 se
1426 920 1679 977 sufﬁcere
1720 930 1829 993 tra-

239 998 457 1060 diderit,
486 1011 553 1051 ne
582 992 890 1060 concilium,
922 996 988 1051 de
1019 1011 1125 1063 quo
1176 1009 1361 1049 rumor
1403 1001 1519 1048 erat
1546 1034 1561 1058 ,
1602 992 1830 1060 amplius

238 1068 599 1125 necessarium
624 1070 711 1122 sit.
741 1068 863 1123 llaec
884 1076 1003 1137 post
1028 1062 1833 1137 certamgindictionemscripta

243 1155 348 1195 noii
384 1140 625 1194 fuissent.
661 1140 795 1195 iiinc
827 1132 920 1193 has
944 1137 1190 1193 Flaviani
1218 1135 1426 1189 litteras
1451 1143 1576 1191 ante
1604 1133 1742 1187 diem
1767 1132 1835 1187 30

242 1212 418 1266 Martii
445 1219 691 1267 exaratas
715 1226 835 1267 cum
867 1208 1157 1277 Quesnellu
1187 1206 1482 1261 credimus.
1518 1204 1650 1259 Vide
1682 1202 1838 1271 hujus

243 1291 444 1337 textum
476 1299 529 1335 n.
562 1284 613 1337 9.

317 1352 606 1425 Eutychos,
639 1364 692 1407 ut
724 1352 825 1406 sibi
868 1350 1078 1405 facilem
1112 1354 1164 1402 in
1209 1346 1434 1425 concilio
1479 1346 1586 1416 jam
1643 1344 1840 1400 indicto

243 1420 613 1482 defensionem
642 1430 999 1491 praepararet,
1031 1420 1449 1491 recognitionem
1483 1428 1721 1491 actorum
1747 1430 1837 1484 sy-

246 1497 375 1552 nodi
402 1487 1283 1564 Constantinopolitanreobtinuit,
1317 1488 1452 1564 acsi
1483 1504 1543 1564 ea
1575 1487 1836 1564 diminuta

248 1576 306 1625 et
329 1576 583 1636 corrupta
614 1559 813 1621 essent.
850 1563 953 1619 Sed
983 1563 1026 1617 si
1058 1577 1222 1636 pauca
1246 1561 1486 1636 quaedam
1518 1559 1713 1636 leviora
1745 1572 1838 1636 es-

250 1639 442 1707 cipias,
470 1626 584 1707 q'uie
613 1652 718 1691 non
748 1638 853 1690 visa
884 1642 1021 1707 sunt
1040 1626 1170 1707 actis
1196 1626 1495 1707 inserenda
1517 1626 1837 1707 ,__nihil._fal-

256 1699 431 1765 satum
461 1699 629 1763 c'vfnci
670 1707 839 1775 potuit
877 1706 943 1759 ab
983 1702 1238 1775 Eutychis
1268 1700 1664 1775 defensoribus:
1713 1699 1836 1775 Haec

253 1790 431 1834 autem
464 1771 773 1846 recognitio,
812 1776 863 1831 in
907 1788 1010 1843 qua
1044 1771 1271 1846 mentio_
1290 1774 1346 1827 fit
1370 1773 1615 1846 epistola:
1644 1771 1837 1846 Leonis

251 1850 412 1918 paulo
441 1857 562 1902 ante
590 1842 846 1918 receptae,
880 1842 1012 1918 facta
1040 1844 1211 1918 fuitin
1235 1842 1836 1918 ConSIantinopoiitaito

248 1915 519 1974 conventu
557 1915 746 1973 diebus
777 1917 808 1972 8
835 1926 887 1971 et
926 1916 997 1987 137
1024 1916 1245 1987 Aprilis.
1275 1916 1490 1970 interim
1536 1915 1647 1970 Leo
1696 1915 1838 1987 prio-

248 2007 364 2046 rem
398 1990 639 2044 Flaviani
671 1989 952 2058 epistolam
980 1986 1049 2043 22
1080 2002 1139 2043 se
1174 1988 1286 2057 jam
1330 1986 1840 2058 accepisseindicat

250 2062 477 2146 epistola
501 2057 747 2144 27,.data
776 2059 839 2113 21
862 2059 1042 2146 'bla‘ii;
1088 2058 1410 2146 q'ua'cidem
1442 2057 1681 2146 epistola;
1714 2057 1837 2146 Fla-

250 2130 395 2188 viani
455 2132 640 2202 paucis
710 2131 1024 2200 rescripsit,
1080 2131 1374 2201 pleniorem
1430 2130 1837 2202 reSponsiouetn

252 2220 413 2289 quani
443 2200 1091 2287 citiustransmissurus,
1123 2202 1228 2286 ubi.
1256 2202 1301 2255 si
1349 2202 1535 2289 turbas
1582 2200 1840 2289 adversus
1872 2228 1920 2289 Β

252 2271 505 2331 cumdem
545 2274 859 2345 epiSCOpum
909 2275 1179 2345 excitatas
1218 2273 1408 2333 innuit,
1453 2273 1517 2325 de
1548 2271 1837 2345 quibus.__i_n

252 2350 371 2418 ejus
399 2341 627 2418 epistola
653 2341 747 2401 22⁷
774 2346 977 2418 nullum
1024 2344 1278 2418 indicium
1324 2354 1435 2418 est,
1479 2347 1574 2397 bas
1616 2359 1681 2396 ex
1721 2341 1841 2397 aliis

251 2415 479 2491 aliorum
511 2416 705 2491 litteris
726 2416 860 2491 satis
890 2415 1194 2491 detexerat.
1231 2416 1306 2469 Ex
1328 2416 1493 2491 verbo
1523 2426 1843 2491 amemus.

252 2490 521 2543 scribimus
581 2488 707 2559 (nisi
733 2483 1043 2559 legendum
1076 2488 1143 2541 sit
1172 2484 1557 2559 rrescribemus),
1604 2500 1710 2555 quo
1732 2483 1843 2542 Leo

256 2562 422 2615 utitur
448 2561 500 2614 in
532 2560 687 2629 epist.
720 2558 811 2624 τι,
838 2558 1012 2627 ipsum
1035 2558 1091 2613 in
1133 2558 1373 2628 pleniore
1400 2558 1649 2625 epistola,
1680 2572 1841 2629 quam

253 2627 925 2702 promittit,_iucubranda
979 2629 1080 2684 hoc
1128 2627 1342 2702 quoque
1387 2637 1627 2702 tctnpnre
1679 2627 1844 2702 fuisse

255 2700 577 2773 oCCupatum
608 2702 863 2772 colligere
896 2700 1049 2756 licet:
1086 2702 1198 2757 htcc
1226 2701 1369 2773 enim
1402 2700 1471 2773 ob
1497 2702 1573 2755 rei
1600 2700 1843 2773 gravita-

257 2786 367 2829 tem
400 2770 663 2830 inaturins
690 2770 926 2828 studium
961 2774 1224 2841 exigebat.
1261 2772 1530 2835 Nondum,
1562 2786 1683 2825 cum
1728 2770 1845 2826 haec

256 2846 554 2917 scribebat,
604 2844 671 2917 de
712 2844 900 2917 legatis
950 2844 1375 2917 transmittendis
1414 2842 1714 2917 cogitabat,
1758 2841 1845 2896 vel

254 2933 354 2973 eos
383 2930 489 2970 non
516 2915 587 2969 ita
610 2914 1063 2983 brevi'parandos
1089 2916 1357 2984 sperabat.
1386 2915 1517 2969 llinc
1550 2914 1844 2981 pleniorem

255 2990 541 3057 epistolam
583 3002 676 3055 per
706 3002 828 3048 eum
857 2989 945 3057 gul
975 2986 1179 3041 litteras
1220 2986 1460 3041 Flaviani
1490 2984 1849 3057 attttlerat‘di-

256 3054 814 3130 rigendattt»Sptittdet.
844 3054 978 3112 Cum
1019 3068 1195 3130 autem
1238 3058 1309 3112 ob
1353 3073 1532 3130 rerum
1566 3055 1851 3130 difficulta—

263 3126 376 3185 tein
394 3140 448 3185 et
476 3126 820 3186 indictionem
850 3129 1064 3184 Concilii
1089 3128 1347 3197 Ephesini
1370 3130 1479 3197 jam
1522 3126 1850 3181 imminentis

271 3201 477 3269 legatos
499 3201 784 3256 sollicitius
816 3198 1126 3267 dirigendos
1151 3200 1385 3266 duxerit,
1439 3198 1524 3253 his
1554 3198 1851 3269 pleniorem

276 3266 548 3341 epistolam
574 3273 644 3328 28
667 3272 733 3328 ad
765 3271 1074 3327 Flavianum
1099 3272 1469 3341 perferendam
1505 3267 1722 3323 tradidit
1751 3309 1773 3341 ,_
1798 3266 1852 3323 in

275 3339 537 3417 qua(cum
579 3344 965 3417 anteaseripta
1018 3339 1223 3417 luisset)
1268 3342 1423 3412 legati
1462 3341 1633 3417 solum
1668 3344 1716 3394 in
1749 3339 1855 3396 fine

267 3412 640 3470 memorantur
675 3412 1244 3486 additioneiquadam,
1287 3424 1343 3468 ut
1394 3413 1629 3486 videtur,
1672 3418 1854 3481 poste-

264 3486 420 3549 riori,
444 3502 546 3555 qua
578 3487 780 3541 nullam
806 3482 1355 3557 synodi—mentionem
1400 3486 1539 3539 facit.
1590 3482 1699 3537 Una
1729 3497 1851 3557 cum

268 3557 374 3612 hac
403 3554 756 3612 celeberrima
774 3554 997 3626 epistola
1021 3558 1091 3612 ‘28
1118 3559 1237 3613 alia:
1266 3557 1331 3611 ad
1353 3557 1738 3619 Theodosium,
1785 3554 1853 3608 ad

1935 928 2042 975 tem
2067 919 2349 975 Februarii
2376 919 2580 974 mensis
2610 918 2797 973 iisdem
2820 919 3034 976 Mensis
3059 922 3278 977 indicari
3308 937 3532 981 necesse

1934 1000 2037 1049 est.
2080 991 2205 1045 llaec
2238 1007 2397 1057 porro
2431 1005 2579 1045 mors
2615 991 2922 1059 aliquandiu
2969 995 3231 1048 occultata
3279 994 3399 1056 fuit,
3432 1010 3531 1051 seu

1940 1071 1999 1115 ut
2030 1063 2330 1117 successori
2362 1062 2611 1132 eligendo
2646 1063 2856 1116 cautius
2899 1065 3310 1131 prospiceretur,
3350 1081 3443 1119 seu
3474 1076 3533 1122 ut

1947 1144 2344 1200 prazcaveretnr
2392 1150 2419 1186 a
2447 1134 2677 1187 tumultu
2706 1135 2792 1199 qui
2825 1148 2855 1187 a
2894 1133 3041 1188 clero
3083 1145 3136 1187 et
3181 1137 3375 1204 populo
3408 1136 3528 1193 Fla-

1942 1204 2085 1258 viani
2114 1204 2524 1260 studiosissimis
2558 1204 2737 1259 timeri
2773 1214 3000 1273 poterat.
3033 1206 3167 1260 liinc
3203 1209 3532 1262 acclamatio-

1942 1293 2029 1329 nes
2061 1275 2674 1345 Constantinopolitaoze
2706 1276 2879 1343 plebis
2921 1292 3017 1344 pro
3060 1277 3351 1342 Flaviano,
3399 1294 3459 1332 ac
3488 1282 3534 1334 si

1943 1346 2119 1401 adhuc
2148 1349 2374 1407 viveret.
2425 1357 2607 1401 contra
2643 1346 2973 1415 Ephesinum
3027 1348 3363 1402 latrocinium
3394 1351 3535 1406 circa

1942 1418 2151 1472 initium
2168 1417 2416 1473 Octobris
2430 1418 2553 1471 anni
2574 1419 2676 1473 “9
2698 1434 2746 1471 in
2769 1432 2915 1486 gesta
2936 1419 3143 1486 publica
3162 1419 3346 1473 relatce
3367 1420 3535 1483 fuere.

1941 1504 2057 1553 quae
2096 1503 2221 1543 cum
2271 1489 2463 1544 litteris
2500 1490 2628 1543 cieri
2653 1498 2706 1542 et
2733 1491 2909 1559 populi
2951 1488 3539 1558 Constantinopolitani

1939 1560 2004 1633 ad
2041 1559 2275 1633 Leonem
2308 1564 2637 1633 transmissae
2681 1574 2804 1613 sunt
2833 1562 2933 1615 sub
2984 1562 3122 1614 idem
3172 1570 3400 1630 tempus,
3434 1578 3540 1633 quo

1940 1631 1997 1683 S.
2038 1630 2271 1698 pontifex
2324 1632 2564 1699 ejusdem
2597 1634 2785 1688 mortis
2834 1634 3036 1701 pariter
3070 1633 3269 1686 inscius
3315 1634 3380 1686 ad
3415 1630 3539 1690 εὐε-

1940 1702 2061 1757 dem
2087 1706 2307 1768 scripsit
2335 1704 2490 1770 epist.
2532 1702 2602 1758 50
2633 1713 2687 1757 et
2716 1706 2775 1758 5i
2816 1703 2992 1759 idibus
3036 1704 3305 1758 Octobris.
3339 1705 3538 1760 Confer

1940 1784 2126 1829 annui.
2152 1780 2186 1829 4
2218 1774 2405 1843 (Tom.
2442 1776 2659 1841 praced.
2692 1777 2792 1829 col.
2838 1775 2966 1842 866,
3000 1792 3052 1830 n.
3089 1773 3150 1843 ι)
3184 1776 3235 1829 in
3259 1776 3416 1843 epist.
3443 1776 3536 1833 59.

1942 1845 2144 1900 Eodem
2192 1861 2403 1913 quoque
2444 1855 2687 1913 tempore
2726 1845 2980 1902 Martinus
3025 1857 3077 1901 et
3105 1845 3333 1901 Faustus
3361 1847 3539 1903 archi-

1947 1918 2228 1971 mantlrita:
2259 1919 2463 1972 litteras
2504 1918 2569 1971 ad
2605 1920 2854 1972 eumdem
2885 1919 3103 1983 dedere,
3155 1918 3348 1986 quibus
3383 1934 3535 1973 suam

1948 2004 2045 2056 pro
2078 1988 2334 2043 Flaviano
2360 2004 2422 2043 ac
2450 2004 2550 2060 pro
2580 2000 2726 2045 recta
2769 1990 2875 2045 fide
2902 1990 3259 2043 constantiam
3292 1989 3537 2044 declara-

1946 2060 2096 2122 bant,
2121 2071 2175 2114 et
2199 2061 2387 2115 eadem
2415 2062 2729 2115 occcasione
2756 2063 3107 2130 probabiliter
3128 2062 3343 2129 scripsit
3363 2061 3525 2116 etiam

1945 2130 2227 2187 Pulcheria
2270 2136 2537 2202 Augusta;
2594 2132 2736 2187 unde
2774 2132 2944 2188 tribus
2978 2132 3060 2187 his
3087 2133 3333 2202 epistolis
3371 2132 3532 2188 simul

1948 2204 2183 2272 acceptis
2204 2203 2263 2258 S.
2293 2203 2399 2257 Leo
2426 2205 2617 2257 eadem
2648 2203 2736 2257 die
2785 2206 3063 2274 respondit
3093 2219 3187 2273 per
3234 2206 3395 2273 epist.
3446 2204 3535 2270 59,

1947 2276 2016 2329 60
2038 2284 2091 2329 et
2112 2276 2199 2341 61,
2226 2290 2411 2329 mense
2442 2275 2631 2329 Martio
2653 2277 2778 2329 anni
2806 2278 3100 2345 sequentis.

2018 2346 2186 2401 Causa
2230 2362 2357 2400 vero
2401 2347 2801 2401 scribendarum
2855 2351 3011 2417 epist.
3066 2348 3137 2403 50
3167 2355 3220 2401 et
3250 2348 3311 2402 5f
3361 2346 3538 2403 idibus

1946 2416 2194 2472 Octobris
2219 2418 2381 2471 Leoni
2412 2418 2509 2471 fuit
2538 2419 2725 2471 notitia
2758 2418 2827 2473 de
2858 2416 3055 2473 infelici
3084 2420 3227 2473 exitu
3265 2419 3531 2473 latrocinii

1948 2488 2209 2555 Ephesini
2239 2489 2303 2541 ad
2343 2490 2591 2544 eumdem
2640 2490 2847 2559 perlata
2871 2492 2937 2544 ab
2964 2491 3147 2545 llilaro
3168 2492 3414 2551 diacono,
3450 2491 3541 2558 qui

1950 2576 2014 2615 ex
2040 2559 2230 2614 eodem
2262 2561 2621 2616 conciliabqu
2668 2562 2847 2616 statim
2881 2572 3000 2631 post
3044 2562 3099 2617 8.
3136 2562 3375 2616 Flaviani
3409 2574 3541 2615 con-

1948 2631 2347 2687 demnationem
2392 2636 2585 2687 mirum
2630 2634 2683 2686 in
2713 2634 2928 2687 modum
2972 2633 3177 2701 effugit.
3230 2633 3324 2687 llic
3359 2640 3537 2687 autem

1948 2702 2172 2758 Romam
2214 2705 2459 2773 pervenit
2486 2719 2550 2758 eo
2581 2712 2821 2773 tempore
2850 2720 2957 2774 quo
2993 2706 3064 2759 ob
3094 2703 3529 2759 anniversarium

1948 2775 2090 2829 diem
2114 2774 2312 2828 Natalis
2344 2775 2559 2836 Leuius,
2586 2776 2876 2831 concilium
2900 2776 3275 2845 episcoporum
3302 2774 3519 2827 babeba

1950 2854 2039 2901 tur
2060 2845 2148 2900 die
2172 2848 2241 2900 23
2272 2846 2626 2915 Septembris.
2655 2846 2866 2901 Auditis
2898 2857 3074 2901 autem
3104 2862 3221 2914 qua:
3251 2860 3536 2914 perperam

1951 2926 2099 3042 gesta
2127 2919 2355 2978 fuerant,
2382 2924 2441 2969 ut
2463 2918 2546 2969 his
2570 2919 2866 2971 remedium
2897 2930 3275 2985 apponeretur;
3307 2916 3543 2985 synodus

2006 3002 2195 3040 omana
2239 2988 2498 3042 producta
2532 2988 2748 3041 videtur
2773 3002 2944 3042 usuue
2986 2988 3051 3039 ad
3103 2987 3243 3040 diem
3275 3002 3329 3039 tu
3365 2986 3543 3040 iduunt

2006 3002 2195 3040 omana
2239 2988 2498 3055 producta
2532 2988 2748 3041 videtur
2773 3002 2944 3055 usque
2986 2988 3051 3039 ad
3103 2987 3243 3040 diem
3275 3002 3329 3039 tu
3365 2986 3544 3040 iduunt

1954 3058 2223 3122 Octobris,
2253 3057 2445 3125 quibus
2472 3057 2663 3110 diebus
2684 3058 2900 3117 Leonis,
2930 3057 3013 3111 vel
3034 3057 3192 3111 etiam
3221 3056 3410 3125 synodi
3446 3071 3542 3110 no-

1957 3128 2100 3183 mine
2115 3128 2544 3195 pluresepistoim
2561 3130 2888 3181 transmissae
2909 3128 3139 3181 fuerunt.
3154 3127 3283 3181 Vide
3299 3128 3453 3196 epist.
3473 3128 3541 3182 44

1960 3213 2132 3263 usque
2151 3198 2214 3253 ad
2236 3200 2393 3267 epist.
2414 3198 2471 3253 5i
2492 3240 2505 3261 ,
2525 3198 2576 3252 in
2598 3198 2792 3269 quibus
2821 3215 2925 3254 una
2956 3209 3037 3253 est
3058 3199 3220 3253 iiilari
3248 3197 3457 3251 diaconi
3479 3197 3548 3253 ad

1958 3270 2296 3329 Pulcheriant
2316 3274 2627 3339 Angustam.
2646 3269 2702 3324 in
2721 3272 2879 3341 epist.
2896 3270 2964 3325 Η
2983 3271 3046 3324 ad
3064 3271 3425 3325 Theodosium
3454 3271 3548 3323 im-

1959 3351 2260 3411 peratorem
2281 3343 2503 3410 scripta,
2522 3351 2577 3396 et
2592 3344 2747 3411 epist.
2766 3342 2838 3398 45
2854 3343 2919 3397 ad
2944 3343 3187 3399 eamdem
3211 3341 3548 3398 Pulcheriain

1960 3414 2249 3481 reprobate
2271 3413 2544 3483 Ephesino
2570 3414 2873 3481 latrocinio,
2890 3416 3172 3469 concilium
3203 3416 3254 3470 in
3283 3416 3428 3468 italia
3458 3413 3553 3467 ha-

1962 3486 2197 3558 bendum
2229 3486 2336 3540 Leo
2363 3486 2669 3553 postulavit.
2702 3486 3074 3542 'i‘lteodoretus
3114 3486 3237 3558 Cyri
3263 3487 3551 3558 episcopus

1962 3557 2015 3612 in
2039 3556 2228 3613 eodem
2260 3558 2541 3612 latrocinio
2568 3558 2862 3627 depositus,
2894 3558 3031 3629 apud
3061 3556 3307 3614 eumdem
3340 3557 3555 3629 pontifi-

270 3628 644 3702 Pulcheriam,
668 3630 732 3702 ad
752 3619 1198 3702 archimandritas
1215 3628 1857 3702 Constantinopoiitanus,
1887 3619 1934 3684 C
1964 3644 2082 3685 cem
2106 3619 2867 3702 appellationeminterpOsuit
2891 3619 3049 3702 epist.
3077 3630 3165 3687 52.

268 3700 337 3754 ad
374 3699 638 3771 synodum
687 3700 1045 3770 Ephesiuam,
1074 3710 1129 3757 et
1174 3700 1241 3755 ad
1285 3701 1553 3756 lulianum
1596 3698 1859 3753 Coensem

273 3770 495 3842 scriptae
527 3771 702 3825 idibus
732 3771 871 3826 Junii
896 3773 1192 3842 signantur,
1222 3781 1276 3827 et
1322 3773 1508 3827 iisdem
1542 3770 1728 3840 legatis
1758 3778 1865 3842 traf

272 3840 407 3897 diue
434 3855 580 3899 sunt.
632 3843 725 3897 llis
765 3840 1014 3911 profectis
1054 3846 1218 3899 altera
1260 3843 1495 3898 Flaviani
1536 3842 1759 3911 epistola
1794 3840 1867 3911 7‘26

274 3914 342 3969 ad
366 3914 603 3969 Leonem
626 3910 889 3985 pervenit,
912 3916 996 3969 cui
1022 3917 1257 3985 pontifex
1283 3910 1739 3985 responditepist.
1772 3910 1863 3981 56,

273 3985 365 4040 die
394 3985 465 4041 20
502 3986 667 4045 Junii.
712 3986 1011 4056 eodemque
1055 3988 1140 4041 die
1165 3988 1325 4042 aliam
1365 3988 1427 4040 ad
1482 3989 1864 4056 imperatorem

275 4056 535 4139 θιιῇκιλ-ΞἹ
569 4057 736 4139 misit,
769 4055 1165 4139 cujuscausam
1193 4070 1372 4139 auuol.
1403 4074 1415 4111 I
1450 4055 1866 4139 {Tom.£ra'ced.

276 4127 381 4181 col.
415 4132 540 4193 8H,
565 4146 617 4180 η.
643 4126 691 4199 ο)
717 4128 770 4182 ἱη
789 4128 1228 4199 hancepistoiam
1248 4126 1616 4185 indicavimus.
1636 4126 1868 4199 Tertiam

280 4214 452 4269 porro
488 4197 770 4271 epistolam
813 4199 872 4254 S.
910 4197 1218 4255 Flavianum
1251 4213 1374 4255 ante
1410 4200 1739 4271 Ephesinum
1793 4197 1871 4250 la-

281 4274 573 4327 trocinium
600 4271 665 4325 ad
683 4271 917 4326 Leonem
946 4272 1158 4326 dedisse
1186 4287 1279 4339 per
1296 4272 1547 4325 Basilium
1562 4270 1867 4336 diaconum,

278 4356 409 4466 gnte
450 4346 514 4398 ad
550 4357 645 4397 nos
678 4358 781 4396 non
815 4342 1078 4409 pervenit,
1115 4343 1339 4397 evicisse
1390 4341 1661 4397 credimus
1686 4350 1871 4393 annm.

357 4417 409 4466 in
449 4416 609 4466 enist.
646 4414 738 4466 38.
767 4430 870 4466 uua
901 4412 960 4466 S.
1005 4413 1116 4466 Leo
1146 4414 1319 4466 eidetn
1374 4414 1649 4466 resuondit
1690 4411 1777 4465 die
1805 4409 1871 4465 275

357 4417 409 4466 in
449 4416 609 4483 epist.
646 4414 738 4481 38,
767 4430 870 4481 qua
901 4412 960 4469 S.
1005 4413 1116 4470 Leo
1146 4414 1319 4468 eidem
1374 4414 1649 4483 respondit
1690 4411 1777 4483 die
1805 4409 1876 4465 23

282 4484 435 4539 Julii.
462 4480 657 4543 Confer
680 4480 895 4540 inferius
921 4495 1105 4541 annot.
1136 4484 1169 4539 6
1194 4483 1333 4554 (Col.
1360 4480 1487 4551 2:21,
1516 4501 1569 4537 n.
1597 4480 1670 4555 ε).
1702 4482 1878 4538 Novas

288 4557 506 4615 litteras
536 4556 711 4612 eidem
739 4556 994 4611 Flaviano
1022 4557 1169 4612 dedit
1200 4557 1286 4611 die
1314 4557 1369 4610 lt
1409 4556 1653 4623 Augusti,
1686 4555 1878 4623 quibus

282 4626 360 4681 de
397 4628 463 4683 iis
510 4644 628 4697 quae
668 4629 991 4697 gerebantur
1026 4628 1415 4698 cognoscendis
1459 4626 1878 4683 sollicitudinem

285 4714 446 4755 suam
475 4698 817 4768 significavit.
851 4699 981 4754 Vide
1003 4702 1161 4770 epist.
1196 4699 1285 4756 59.

366 4770 460 4826 Die
487 4773 519 4827 8
548 4771 704 4837 huius
734 4770 933 4827 mensis
956 4772 1283 4840 Epltesinum
1314 4771 1623 4835 concilium,
1657 4786 1750 4823 seu
1780 4786 1879 4838 po-

286 4840 399 4897 tius
429 4842 769 4897 latrocinium
799 4844 993 4912 C(Bpil,
1026 4842 1091 4897 de
1121 4858 1226 4911 quo
1264 4843 1394 4898 satis
1424 4842 1743 4908 Quesnellus
1782 4844 1882 4897 hoc

286 4928 437 4968 anno
464 4929 613 4968 num.
650 4913 709 4968 ll
747 4922 802 4969 et
824 4929 974 4985 seqq.
998 4914 1053 4969 S.
1087 4913 1400 4969 Flavianum
1426 4930 1530 4967 non
1560 4914 1727 4967 multo
1762 4920 1884 4985 post

2043 3697 2319 3758 Publicata
2349 3700 2581 3757 subinde
2620 3697 2859 3756 Flaviani
2898 3697 3071 3757 morte
3102 3719 3222 3757 eum
3258 3701 3451 3771 aliquis
3477 3697 3557 3754 ei-

1970 3773 2094 3829 dem
2124 3773 2498 3841 snbrogandus
2528 3783 2695 3841 esset,
2741 3775 3032 3844 imperator
3060 3771 3557 3842 Constantinopoli-

1975 3855 2111 3899 tana:
2140 3844 2395 3900 Ecclesia:
2424 3845 2635 3898 clericis
2667 3845 2922 3916 praecepit
2952 3854 3007 3899 ut
3033 3846 3291 3916 quosdam
3322 3848 3558 3913 aptiores

1971 3918 2217 3987 regimini
2251 3917 2349 3971 sibi
2384 3928 2772 3985 proponerent,
2809 3918 2950 3970 inter
2980 3932 3116 3985 quos
3146 3916 3260 3985 ipse
3290 3917 3553 3987 potiorem

1972 3981 2214 4057 eligeret.
2251 3981 2643 4042 Dissidentibus
2663 3998 2839 4040 autem
2872 3988 2975 4041 illis
3000 3981 3140 4057 inter
3161 3981 3218 4039 se
3246 3981 3307 4037 ea
3333 3986 3470 4039 forte
3492 3981 3561 4057 de

1973 4052 2131 4114 causa
2171 4059 2311 4128 quod
2344 4060 2433 4113 alii
2464 4058 2697 4128 aliquem
2739 4057 2995 4112 Flaviano
3035 4056 3399 4109 adhaerentem
3442 4052 3560 4128 vel—

1974 4130 2105 4192 lent,
2138 4123 2225 4182 alii
2257 4138 2435 4183 autem
2464 4123 2837 4193 excluderent,
2872 4129 3013 4182 idem
3048 4128 3337 4195 imperator
3381 4140 3411 4177 e
3453 4123 3562 4195 cie;-

1976 4202 2101 4256 ricis
2134 4200 2363 4254 aliarum
2413 4199 2801 4263 Ecclesiarum,
2834 4199 2926 4266 qtti
2973 4193 3437 4264 Constantinopoli
3490 4193 3566 4266 ob

1976 4272 2079 4325 alia
2108 4272 2320 4340 negotia
2346 4268 2625 4336 degerent,
2656 4263 2967 4337 episcopum
3006 4267 3310 4340 eligendum
3338 4263 3565 4340 inauda-

1978 4342 2071 4396 vit.
2119 4336 2203 4395 Ita
2229 4340 2489 4404 omnium,
2529 4349 2587 4393 ut
2628 4336 2929 4407 prmiertur,
2974 4337 3231 4409 suffragio
3281 4336 3559 4409 Anatolius

1979 4412 2360 4469 Alexandrina:
2408 4411 2663 4467 Ecclesia:
2694 4411 2991 4481 presbyter,
3029 4411 3118 4481 qui
3151 4407 3217 4465 in
3262 4410 3406 4480 regia
3438 4407 3569 4481 urbe

1980 4502 2091 4539 suae
2124 4485 2381 4539 Ecclesia:
2418 4497 2506 4539 res
2552 4482 2761 4553 agebat,
2806 4480 3032 4549 electus,
3080 4490 3135 4537 et
3183 4484 3233 4537 in
3266 4481 3471 4554 synodo
3501 4480 3569 4534 ab

1982 4558 2096 4625 ipso
2148 4558 2403 4611 Dioscoro
2448 4554 2816 4611 Alexandrino
2861 4554 3138 4609 ordinatus
3177 4555 3291 4609 fuit.
3346 4554 3571 4621 Scripsit

1982 4624 2164 4685 statim
2187 4628 2470 4683 Anatolius
2497 4628 2564 4681 ad
2592 4626 2648 4681 S.
2676 4624 2913 4681 Leonem
2942 4628 3225 4697 epistolam
3258 4627 3323 4681 de
3351 4626 3570 4679 ordina-

1984 4701 2126 4755 tione
2168 4701 2272 4764 sui,
2314 4699 2467 4769 cujus
2497 4700 2705 4767 insigne
2746 4696 3102 4769 fragmentum
3130 4697 3379 4753 dedimus
3410 4696 3568 4769 epist.

1984 4773 2073 4828 55.
2108 4773 2182 4825 De
2204 4768 2392 4825 eadem
2421 4784 2636 4840 quoque
2664 4768 3005 4841 ordinatione
3033 4772 3369 4841 scripserunt
3404 4768 3569 4841 etiam

1984 4843 2051 4897 ad
2078 4841 2327 4898 eumdem
2359 4836 2662 4911 pontificem
2685 4840 3025 4896 ordinatores
3055 4836 3194 4911 ejus,
3233 4836 3571 4911 Theodosius

1987 4914 2301 4984 imperator,
2317 4907 2372 4968 et
2392 4912 2672 4968 Pulcheria
2690 4914 2947 4984 Augusta.
2967 4907 3209 4969 iimc'sub
3232 4913 3391 4984 finem
3416 4907 3573 4984 hujus

286 4984 401 5040 hoc
431 4985 795 5064 latrocinium,
839 4978 1285 5064 du'n'rduceretur
1327 4986 1377 5039 in
1420 4985 1690 5064 exsiliunt,
1722 4978 1880 5064 nimi-
1908 5004 1961 5064 υ
1988 4978 2248 5064 ᾒρὶιίμθ
2275 4978 2566 5064 contigisse
2589 4978 2935 5064 probavimus
2959 4987 3010 5039 in
3034 4984 3291 5064 admonit.
3322 4980 3386 5032 ad
3403 4978 3570 5064 epist.

285 5070 415 5111 rum
445 5056 545 5111 sub
574 5056 733 5111 linem
761 5059 1008 5125 Augusti,
1038 5056 1235 5111 obiisse
1256 5056 1589 5112 ostendimus
1614 5058 1664 5110 in
1694 5055 1884 5110 admo-

286 5126 501 5182 nitione
529 5128 594 5182 ad
623 5128 779 5194 epist.
814 5128 905 5194 54,
937 5145 991 5182 n.
1023 5129 1072 5183 1.
1108 5127 1289 5197 Neque
1324 5128 1623 5198 Menologia
1667 5127 1885 5184 Graeco-

288 5214 441 5264 rum,
474 5214 595 5267 quze
626 5198 741 5268 ejus
772 5198 963 5255 festum
994 5199 1206 5270 signant
1236 5199 1322 5254 die
1356 5198 1421 5253 18
1464 5200 1775 5263 Februarii,
1822 5198 1885 5255 iis

288 5269 708 5325 auctoritatibus
723 5284 853 5335 quas
871 5269 1067 5325 ibidem
1086 5271 1429 5340 allegavimus
1448 5271 1644 5342 opponi
1660 5280 1883 5341 queunt:

289 5356 436 5412 nam
469 5351 668 5410 praeter
697 5342 1000 5412 quamquod
1032 5344 1342 5398 recentioris
1368 5344 1537 5397 aetatis
1567 5355 1709 5408 sunt,
1740 5353 1886 5399 certe

290 5413 366 5467 ad
397 5411 749 5467 Februarium
783 5416 906 5467 anni
939 5414 1042 5469 450
1072 5414 1308 5469 Flaviani
1342 5428 1485 5469 mors
1516 5416 1755 5484 protrahi
1779 5431 1887 5470 non

294 5493 499 5558 potest,
546 5483 976 5558 cumanatolius
1015 5486 1334 5558 subrogatus
1374 5483 1535 5542 fuerit
1564 5496 1687 5541 ante
1720 5488 1879 5542 linem

295 5553 461 5625 hujus
499 5555 629 5610 anni
658 5553 783 5611 449.
814 5559 943 5611 Cum
977 5572 1135 5626 porro
1168 5553 1333 5625 prima
1368 5560 1645 5613 translatio
1672 5559 1787 5625 ejus
1818 5561 1871 5615 in

296 5628 507 5684 Urbem
536 5626 832 5683 Februario
878 5628 1003 5683 anni
1047 5629 1152 5684 450
1198 5629 1336 5699 affigi
1388 5640 1637 5699 nequeat,
1686 5632 1883 5700 quippe

294 5714 423 5769 qua:
470 5700 607 5765 post’
633 5714 869 5754 mensem
917 5700 1111 5755 iulium
1158 5702 1399 5769 ejusdem
1446 5702 1569 5754 anni
1620 5707 1883 5769 contigit,

296 5771 463 5837 aliam
492 5771 849 5845 posteriorem
878 5772 990 5828 sive
1022 5772 1447 5841 translationem,
1484 5775 1593 5828 sive
1617 5774 1880 5830 festivita-

1991 5057 2079 5112 55.
2132 5055 2349 5110 interim
2389 5054 2445 5109 S.
2486 5057 2725 5121 pontifex
2757 5058 2865 5114 Leo
2900 5070 3065 5111 novas
3094 5054 3158 5107 ad
3192 5053 3572 5121 imperatorem

1992 5128 2202 5202 litteras
2226 5142 2318 5181 vni
2344 5125 2450 5202 kal.
2477 5119 2961 5202 Januarii,_quibus
2982 5137 3047 5202 iit
3078 5119 3363 5202 concilium
3391 5120 3458 5202 in.
3476 5119 3575 5172 lta~

1989 5200 2058 5255 lia
2086 5208 2388 5269 cogeretur,
2411 5201 2605 5255 iterum
2634 5189 2847 5255 institit.
2874 5198 3172 5269 [laetitiam
3203 5192 3384 5246 vitiata
3414 5189 3569 5243 chro-

1991 5272 2108 5345 nica
2158 5266 2287 5345 nom
2333 5266 2490 5326 edita:
2540 5272 2721 5341 plures
2774 5266 3116 5324 difficultates
3167 5271 3573 5345 proinoverunt.

1992 5344 2288 5401 Emendato
2335 5354 2515 5398 autem
2566 5357 2747 5397 mense
2786 5356 2853 5395 ex
2906 5345 3091 5393 nostro
3132 5341 3575 5405 praestantissimo

1990 5418 2176 5471 codice
2198 5414 2573 5484 Ratisponensi
2602 5414 2729 5466 nihil
2758 5409 3089 5484 difficultatis
3120 5404 3411 5484 _superest._
3443 5404 3574 5457 Vide

1991 5489 2148 5558 epist.
2174 5486 2261 5542 54.
2290 5477 2399 5541 Etsi
2425 5500 2552 5539 vero
2574 5485 2736 5558 nullae
2755 5480 3097 5558 imperatoris
3120 5481 3312 5558 litterae
3336 5494 3362 5530 a
3394 5477 3576 5558 Leone

1986 5549 2220 5629 acceptae
2252 5559 2337 5613 hic
2366 5558 2688 5629 indicentur_.
2725 5549 2863 5629 haud
2896 5552 3423 5629 tamenatnbigimns
3448 5549 3577 5618 quin

1989 5633 2072 5686 his
2104 5623 2293 5684 litteris
2324 5632 2430 5684 Leo
2454 5626 2773 5692 respondeat
2801 5623 3091 5678 Theodosii
3119 5624 3379 5693 epistolae,
3416 5635 3580 5693 quam

1987 5712 2108 5773 post
2142 5702 2488 5773 latrocinium
2518 5694 2843 5773 Epltesinuin
2890 5695 3064 5773 eidem
3097 5692 3311 5773 dedisse
3339 5692 3579 5753 ostendi-

1989 5765 2109 5830 inus
2131 5775 2184 5830 iti
2216 5773 2433 5827 dissert.
2459 5770 2525 5826 de
2554 5765 2721 5837 Epist.
2751 5766 3069 5843 deperditis,
3093 5786 3147 5826 n.
3181 5768 3251 5827 38
