3968 6308
230 375 353 437 328

844 373 1151 436 DISSERT.
1192 376 1234 434 Ι.
1277 377 1366 435 DE
1405 376 1569 436 VITA
1608 375 1698 435 ET
1740 374 1965 435 REBUS
2003 374 2247 436 GESTIS
2281 377 2338 436 S.
2380 374 2626 438 LEONIS
2665 376 2899 438 MAGNi.

3418 378 3526 440 226

250 494 518 550 docuimus
562 502 609 550 et
651 484 958 568 presbyterio
996 514 1107 552 eum
1139 514 1245 552 esse
1292 498 1564 563 nudatum,
1602 498 1735 570 quia
1751 498 1823 551 sic
1851 496 1904 557 Α
1931 493 2126 570 (Epist.
2157 494 2250 570 ﬂ},
2281 456 2567 570 nunc.28),
2614 497 2859 553 divinum
2909 498 3079 569 Magni
3124 497 3318 556 Leonis
3366 516 3525 570 opus,

249 576 430 635 captus
456 576 562 633 est;
608 577 656 623 et
690 567 940 637 jussimus
967 585 1081 624 eum
1109 586 1224 623 cum
1264 571 1586 623 monasteriis
1616 567 1824 622 nullam

249 637 432 695 habere
459 640 722 702 rationem,
755 651 801 695 et
825 640 1131 694 exclusimus
1158 658 1273 695 eum
1292 658 1323 693 a
1354 641 1706 694 communione
1735 656 1825 693 no-

248 719 393 785 stra:
435 719 489 763 ut
534 713 775 765 sanctitas
822 722 989 785 vestra
1033 711 1132 765 hoc
1167 729 1473 785 cognoscens
1512 712 1651 785 quod
1688 712 1825 765 circa

247 781 393 834 illum
420 790 699 854 aclumest,
732 782 965 837 omnibus
994 781 1245 854 episcopis
1274 784 1365 837 sub
1407 783 1718 837 beatitudine
1744 799 1827 836 ve-

246 861 351 906 stra
379 853 670 923 degentibus
689 854 1019 923 manifestare
1048 853 1284 924 dignetur
1311 856 1452 909 illius
1474 856 1782 923 impietatem
1807 871 1825 907 :

245 938 307 996 ne
337 926 610 978 nescientes
636 924 795 994 aliqui
825 926 948 995 quid
978 924 1066 979 ille
1094 926 1297 991 sentiat,
1343 927 1489 996 quasi
1534 926 1601 979 ad
1645 926 1825 979 ortho-

245 994 437 1049 doxum
458 997 538 1066 vel
553 1013 640 1063 per
666 994 860 1051 litteras
885 999 961 1050 vel
978 1012 1066 1065 per
1080 996 1305 1066 aliquam
1324 994 1734 1065 conjunctionem
1749 998 1827 1050 lo-

242 1064 660 1191 quanturéEpist.
674 1066 908 1132 22,nunc
918 1064 985 1121 27
996 1064 1255 1129 ,Flaviani
1266 1068 1331 1121 ad
1346 1068 1384 1123 S
1394 1064 1603 1149 (Leon...
1618 1070 1776 1134 capJ
1787 1071 1823 1136 ).

321 1136 360 1191 V
415 1140 454 1191 Α
501 1148 679 1191 monet
728 1139 831 1191 hoc
862 1139 980 1191 loco
1023 1139 1281 1191 lectorem
1333 1139 1621 1191 cardinahs
1668 1138 1823 1191 Bar0<

243 1207 364 1263 nius
389 1206 494 1279 (Ad
524 1225 647 1262 ann.
675 1210 801 1270 449.
833 1228 889 1264 η.
920 1210 1001 1278 5),
1047 1219 1105 1263 ut
1145 1210 1386 1264 attendat
1407 1225 1472 1263 es
1499 1210 1653 1261 veteri
1682 1210 1828 1261 insti-

243 1288 351 1333 tuto
373 1279 561 1346 absque
587 1281 931 1334 controversia
952 1280 1183 1346 confiteri
1212 1279 1415 1333 eosdem
1438 1281 1569 1333 inter
1593 1295 1646 1332 se
1674 1281 1832 1332 alter-

240 1360 412 1405 cantes
440 1348 756 1404 Flavianum
783 1361 832 1405 et
856 1348 1214 1420 Eutychetem,
1257 1351 1541 1420 legitimum
1576 1359 1623 1403 et
1651 1352 1830 1421 praeci-

243 1437 399 1492 puum
438 1422 672 1492 judicem
715 1422 1173 1474 controversiarum
1220 1423 1677 1475 ecclesiasticarum
1727 1437 1829 1474 esse

243 1491 542 1546 Romanum
573 1492 887 1560 pontificem,
926 1492 994 1544 ad
1026 1507 1171 1558 quem
1209 1500 1315 1544 tam
1352 1502 1495 1545 actor
1521 1509 1675 1557 quam
1712 1508 1827 1544 reus

244 1570 428 1634 sponte
449 1572 661 1634 currunt
694 1579 788 1616 sna
814 1566 938 1634 jura
974 1565 1305 1631 prosecuturi.
1336 1562 1632 1634 Pontiﬁcire
1655 1563 1827 1625 digni-

248 1633 347 1687 tati
372 1632 560 1702 majori
586 1647 747 1703 quam
776 1632 1051 1703 quisquam
1082 1634 1215 1703 alius
1248 1635 1542 1687 reverentia
1572 1632 1826 1687 advolvor

246 1717 377 1774 ego;
414 1704 507 1758 sed
546 1702 801 1774 quoniam
835 1704 1080 1757 omnibus
1116 1702 1368 1757 Ecclesiae
1401 1703 1668 1774 episcopis
1701 1720 1821 1757 cum

244 1773 490 1845 Romano
513 1773 590 1845 (a)
608 1774 911 1845 communis
932 1774 1182 1841 dignitas,
1205 1775 1319 1841 ipso
1341 1774 1502 1845 etiam
1518 1773 1700 1828 Leone
1722 1774 1823 1829 hoc

501 1148 679 1193 monet
728 1139 831 1193 hoc
862 1139 980 1193 loco
1023 1139 1281 1194 lectorem
1333 1139 1621 1192 cardinalis
1668 1138 1831 1191 Baro-

1930 567 2148 621 laudata
2173 567 2533 627 Chalcedone.
2580 569 2823 625 Patribus
2862 567 3182 638 approbata.
3228 582 3283 626 et
3319 567 3525 627 retenta

1930 638 1997 714 ad
2042 639 2200 714 ﬁdem
2237 639 2977 714 Ecclesicedeincarnatione
3014 642 3212 698 Christi
3253 645 3526 714 explican-

1928 708 2076 787 dam,
2101 718 2160 762 ut
2189 708 2286 787 hac
2314 710 2466 787 quasi
2488 710 2655 787 Lydia
2678 714 2853 787 lapide
2874 714 3083 768 sincera
3113 708 3525 787 adnuerimque

1929 782 2063 835 ﬁdes
2092 781 2368 856 probetur.
2402 780 2656 856 Gelasius
2682 780 2808 851 papa
2845 785 3006 846 hunc.
3041 786 3130 856 qui
3153 788 3234 840 vel
3266 780 3521 845 unum'es

1927 866 1989 931 ea
2020 853 2228 931 apicem
2279 852 2584 931 sustulerit.
2635 853 2753 931 {erit
2790 852 3153 931 anathemate.
3205 856 3517 931 Probamus,

1929 923 2126 1002 inquit,
2147 923 2416 1002 epistolam
2441 922 2518 1002 Β.¹
2530 922 2717 1002 Leonis
2739 941 2892 1002 papa;
2911 929 2976 979 ad
3002 926 3312 982 Flavianum
3334 922 3522 1002 epist-01

1932 1010 2056 1071 pum
2087 994 2722 1071 Constantinopolitanum
2748 994 3092 1071 destinatam,
3139 1004 3284 1071 cujus
3331 994 3523 1058 textum

1928 1066 2185 1143 quispiam
2217 1068 2258 1118 si
2282 1082 2440 1133 usque
2462 1068 2717 1143 adunum
2740 1068 2845 1143 iota
2868 1066 3315 1143 dispunseritlAl.
3344 1075 3522 1142 disp"-

1931 1135 2152 1214 taverit],
2199 1145 2244 1189 et
2272 1139 2591 1214 nonneam‘in
2616 1138 2849 1214 omnibus
2878 1135 3227 1214 veperabiliter
3252 1135 3517 1214 receperit,

1931 1208 2205 1284 anathema
2242 1209 2305 1259 sit
2352 1205 2572 1284 (Concil.
2621 1206 2776 1261 Rom.
2811 1209 2874 1261 de
2923 1208 3067 1265 Libr.
3111 1218 3333 1279 apoer.).
3366 1205 3519 1284 Ἀριιᾶ

1933 1279 2225 1351 scriptores
2255 1288 2359 1351 tam
2394 1278 2607 1332 illorum
2642 1287 2945 1351 temporum
2977 1298 3131 1350 quam
3166 1278 3516 1351 posteriorum

1932 1348 2189 1421 praeclara
2236 1349 2303 1401 de
2343 1350 2705 1421 ea_memoria
2754 1358 2856 1405 est.
2909 1348 3255 1421 Viridarium,
3306 1370 3420 1419 seu,
3470 1370 3523 1414 ut

1934 1418 2349 1493 vulgovocant.
2401 1417 2621 1493 Pratum
2656 1422 2941 1493 aspirituale
2986 1424 3076 1493 (an
3122 1417 3254 1490 Opus
3301 1417 3524 1484 Joannis

1930 1487 2159 1556 Moschi,
2212 1504 2279 1542 an
2312 1490 2602 1564 quhronii
2645 1487 3111 1564 ierosolymitani,
3162 1487 3295 1549 nihil
3331 1501 3520 1564 refert;

1927 1570 2078 1633 certe
2107 1574 2240 1627 Opus
2269 1560 2570 1633 antiquum,
2604 1563 2810 1633 synodo
2832 1560 3096 1630 septimae,
3123 1578 3230 1619 aet.
3252 1566 3304 1627 4,
3336 1560 3525 1625 Photio

1926 1628 2155 1696 aliisque
2186 1628 2482 1699 receptum)
2524 1628 2707 1686 narrat
2731 1628 3013 1701 epistolam
3043 1628 3237 1690 LeOnis
3266 1640 3523 1697 divmitus

1926 1702 2299 1776 approbatam.
2325 1702 2574 1776 Narravit
2595 1703 2759 1776 458
2779 1705 2923 1759 nobis
2944 1715 2992 1758 ct
3011 1706 3109 1760 hoc
3130 1709 3285 1762 abbas
3304 1708 3523 1767 Mennas

1926 1772 2154 1839 ejusdem
2193 1774 2403 1826 canobii
2438 1771 2638 1839 Pater;
2658 1771 2869 1829 Itu'disse
2909 1794 2962 1830 se
3006 1780 3241 1832 eumdem
3288 1783 3521 1838 abbatem

240 1841 530 1924 proﬁtente
568 1841 765 1923 (Epist.
795 1843 1047 1938 illnunc
1078 1845 1164 1938 lib,
1194 1860 1241 1925 ετ
1280 1844 1388 1938 llI)_,
1414 1845 1631 1938 ab‘s'iltnut
1661 1861 1819 1915 quam
1854 1878 1897 1938 Β
1931 1841 2207 1938 Eulpgium
2239 1844 3039 1938 Alexandrinum.patriarcham,
3065 1850 3317 1930 dicentem
3343 1868 3361 1905 :
3393 1853 3519 1908 Cum

237 1914 296 1968 in
324 1930 429 1969 uno
456 1930 708 1986 generor,
738 1916 791 1968 in
812 1914 1022 1968 caeteris
1048 1915 1241 1969 calcnri
1269 1916 1451 1969 velim.
1478 1916 1630 1971 Ultro
1658 1914 1819 1986 agno.

234 1986 439 2039 scimus
466 1984 766 2039 Romanum
793 1986 1099 2054 pontiﬁcem
1124 2000 1221 2055 pro
1254 1986 1509 2055 legitimo,
1542 2002 1604 2041 ac
1625 1989 1667 2041 si
1696 1984 1817 2043 cum

231 2056 464 2125 singulis
493 2058 761 2127 episcopis
789 2069 1157 2127 comparetur,
1190 2072 1285 2125 pro
1310 2059 1579 2127 praecipuo
1603 2069 1814 2113 contro-

234 2126 1041 2199 versiarumecclesiasticarum
1070 2126 1280 2197 judice;
1309 2128 1401 2183 sed
1429 2133 1547 2199 quis
1576 2140 1817 2198 prepter-

232 2211 295 2252 ea
334 2198 475 2253 {erat
516 2198 849 2269 Flavianum,
892 2213 1051 2267 quem
1090 2207 1145 2253 et
1188 2200 1331 2255 sedis
1360 2198 1731 2269 praerogativa,
1765 2214 1819 2257 et

229 2268 589 2344 sanctimonia
616 2269 926 2340 singularis,
960 2282 1013 2323 et
1045 2269 1170 2325 ﬁdei
1191 2275 1491 2325 constantia
1522 2273 1587 2326 ad
1620 2283 1818 2344 marty-

229 2340 373 2412 rium
406 2355 578 2412 usque
614 2354 968 2412 perseverans
1010 2351 1292 2410 tantopere
1317 2344 1695 2398 commendare
1725 2340 1821 2399 de-

230 2409 636 2478 buerant,'cum
662 2410 871 2477 rebelli,
903 2409 1174 2482 imperito,
1198 2413 1426 2467 obscuro
1446 2428 1509 2469 ac
1530 2416 1682 2469 malai
1712 2414 1820 2470 lru-

228 2483 310 2551 gis
355 2482 629 2537 monacho
673 2482 923 2551 componi
968 2484 1356 2554 conuuittique,
1412 2496 1815 2543 exauctoratum

229 2554 615 2627 presbyterum
643 2569 763 2609 cum
793 2568 891 2608 suo
914 2569 976 2609 ac
1003 2562 1163 2609 tantae
1186 2556 1328 2609 sedis
1356 2554 1516 2627 457
1544 2559 1814 2627 episcopo,

225 2623 471 2690 iudicem
525 2640 649 2681 cum
702 2638 824 2689 reo;
871 2634 925 2681 et
970 2636 1255 2695 utrumque
1284 2623 1518 2681 velot'do
1546 2623 1816 2685 communi

230 2696 529 2770 dividendo
570 2698 916 2770 altercantem
943 2710 1138 2770 coram
1184 2697 1361 2752 Leone
1392 2700 1527 2763 sisti,
1571 2703 1721 2770 quasi
1748 2703 1816 2756 de

228 2766 443 2823 incerto
460 2782 638 2822 causa:
659 2767 803 2823 exitu
826 2766 1224 2823 dimicaturum.
1246 2770 1397 2824 Absit
1414 2778 1557 2824 tanta
1587 2766 1612 2822 Ξι
1639 2788 1817 2827 sacra-

231 2839 446 2909 tissimo
480 2840 854 2909 episcoporum
901 2850 1040 2893 cuitu
1072 2838 1283 2909 injuria.
1336 2840 1451 2895 Non
1500 2857 1629 2898 sane
1666 2855 1817 2898 actor

230 2908 549 2981 Flavianus,
596 2909 883 2981 cardinalis
936 2908 1318 2976 illustrissime,
1348 2912 1441 2967 sed
1478 2912 1672 2981 judex;
1710 2931 1816 2971 non

231 2980 601 3036 damnandum
634 2980 862 3036 traducit
892 2981 1188 3051 Eutychen,
1240 2989 1333 3038 sed
1362 2984 1667 3038 damnatum
1698 3001 1726 3038 a
1758 3002 1814 3040 se

233 3054 516 3120 producit;
566 3067 665 3108 nec
710 3067 904 3107 novum
944 3066 975 3105 a
1016 3054 1196 3108 Leone
1231 3053 1489 3121 judicium
1537 3056 1689 3121 petit,
1721 3058 1815 3111 scd

236 3124 396 3197 latam
420 3140 448 3179 a
477 3139 541 3197 se
556 3126 880 3197 sententiam
902 3138 1026 3197 cura
1051 3124 1316 3197 pontiﬁcis
1345 3124 1569 3179 Ruinani
1595 3127 1815 3195 collegis

242 3193 671 3250 Occidentalibus
699 3204 881 3249 notant
907 3193 1022 3248 ﬁeri
1056 3195 1319 3262 postulat:
1357 3203 1414 3248 ut
1443 3210 1629 3251 omnes
1669 3193 1815 3252 coin-

1926 1913 2183 1989 profectus
2212 1913 2917 1989 essemﬂonslantinopolim,
2968 1920 3158 1988 [ruitus
3199 1937 3309 1974 sum
3342 1936 3522 1978 contn-

1926 1984 2320 2062 lbernio-domini
2353 1986 2588 2058 Gregorii
2621 1984 2841 2062 Romani
2887 1984 3237 2045 archidiaconi
3263 2004 3311 2045 et
3339 1999 3520 2062 singu-

1925 2053 2049 2107 laris
2071 2057 2187 2119 viri,
2212 2058 2299 2123 qui
2321 2053 2546 2111 narravit
2568 2061 2691 2112 mihi
2716 2060 2782 2113 de
2805 2064 3127 2115 sanctissimo
3147 2079 3207 2115 ac
3229 2053 3517 2121 beatissimo

1923 2123 2094 2205 Leone
2120 2126 2358 2205 liomano
2381 2130 2639 2205 pontiﬁce,
2664 2132 2839 2185 dicens
2854 2132 3037 2205 haberi
3063 2135 3309 2205 scriptum
3335 2139 3387 2190 in
3416 2136 3515 2190 Ec-

1922 2195 2345 2273 clestaliomana
2370 2195 2508 2273 quod
2525 2195 2646 2255 cum
2678 2204 2961 2271 scripsisset
2995 2195 3265 2273 epistolam
3298 2210 3367 2260 ad
3395 2225 3518 2262 san-

1922 2277 2057 2347 etum
2072 2262 3319 2347 Rapina-um'lionstantinopolitanumepiscopum
3337 2289 3517 2336 contra

1925 2338 2112 2419 impios
2140 2338 2442 2419 Eutyltetem
2483 2354 2530 2397 et
2564 2338 2879 2419 Nestorium,
2925 2338 3150 2416 posuerit
3190 2338 3334 2403 illam
3366 2368 3517 2419 super

1922 2410 2176 2486 tumulum
2201 2410 2447 2484 principis
2473 2417 2819 2486 apostolorum
2844 2410 2985 2471 Petri
3001 2436 3019 2481 ;
3042 2430 3088 2472 et
3115 2410 3437 2475 orationibus
3454 2439 3518 2476 ac

1920 2482 2109 2561 vigiliis
2128 2498 2189 2561 ac
2211 2482 2439 2561 jejuniis
2456 2482 2639 2561 vacans
2668 2490 2885 2561 oraverit
2908 2490 3073 2556 ipsum
3101 2507 3357 2546 summum
3382 2511 3517 2561 upo-

1919 2552 2111 2634 stolum
2136 2552 2352 2634 dicens:
2380 2556 2454 2634 Si
2466 2560 2588 2634 quid
2616 2568 2669 2611 ut
2696 2560 2845 2612 homo
2875 2552 3150 2634 vel_minus
3169 2575 3315 2617 caute
3340 2552 3512 2634 posui,

1922 2632 1975 2675 tu
2005 2626 2144 2678 cuia
2174 2624 2392 2680 Domino
2415 2628 2685 2683 Saluatore
2732 2642 2902 2685 nostro
2932 2630 3059 2685 .lesu
3090 2630 3293 2687 Christo
3330 2624 3377 2688 et
3407 2624 3517 2690 lucc

1917 2695 2069 2775 sedes,
2094 2706 2147 2775 _e_t
2177 2695 2409 2751 Ecclesia
2436 2703 2707 2775 commissa
2731 2713 2843 2775 est,_
2871 2703 3102 2756 emenda.
3146 2703 3271 2758 Post
3292 2716 3513 2775 quatuor

1918 2766 2165 2845 dies
2197 2778 2319 2845 post
2347 2771 2689 2845 quadraginta
2714 2773 2846 2845 dies]
2877 2778 3125 2843 apparuit
3155 2776 3201 2827 ei
3250 2766 3515 2845 apostolus

1918 2845 1963 2889 et
1996 2839 2124 2914 diuit
2152 2854 2171 2890 :
2194 2839 2337 2914 Legi
2364 2851 2411 2894 et
2436 2839 2743 2914 emendavi.
2788 2839 3113 2914 sumensque
3149 2839 3417 2912 epistolam
3452 2848 3516 2902 de

1916 2910 2148 2973 sepulcro
2190 2909 2443 2986 B.:Petri
2480 2916 2680 2986 aperuit
2726 2932 2859 2977 eam,
2907 2926 2954 2969 et
3002 2909 3189 2969 invenit
3230 2919 3515 2986 apostolica

1918 2994 2071 3056 manu
2103 2982 2420 3033 emendatam
2452 2983 2625 3053 (Prat.
2660 2986 2831 3049 spirit.
2865 3002 2980 3055 cap.
3016 2986 3136 3047 147,
3192 2982 3327 3054 quod
3354 2999 3513 3056 caput

1918 3048 2103 3103 Latine
2130 3058 2327 3104 tantum
2355 3048 2565 3121 exstat).
2591 3048 2719 3118 Sed,
2749 3066 2804 3108 ut
2826 3048 2960 3109 scite
2985 3058 3171 3108 scribit
3195 3048 3511 3115 eminentis-

1920 3120 2088 3193 simus
2115 3122 2404 3193 cafdinalis
2422 3124 2705 3188 Baronius,
2740 3135 2953 3191 praestat
2982 3127 3167 3179 audire
3187 3129 3360 3193 potius
3385 3144 3511 3185 sen-

1924 3191 2144 3262 tentiam
2177 3192 2319 3245 Pelrt
2356 3208 2513 3260 quam
2556 3194 2816 3249 visionem
2863 3196 3043 3249 Petri:
3070 3191 3400 3262 Firmiorem,
3435 3201 3516 3256 in-

247 3266 390 3319 muni
420 3265 535 3321 ﬁdei
558 3280 736 3321 causa:
758 3260 1132 3321 communibus
1158 3266 1320 3330 curis,
1356 3267 1624 3321 communi
1655 3282 1814 3337 opera

1928 3261 2324 3337 tptit,_ltabemus
2358 3265 2712 3337 propheticum
2749 3282 3032 3319 sermonem
3068 3270 3254 3332 quavis
3285 3260 3515 3329 visione.

244 3350 302 3390 ac
325 3337 688 3393 sollicitudine
714 3337 1049 3392 adlaborent.

309 3407 395 3465 Vl.
421 3408 667 3476 Acceptis
694 3408 887 3479 litteris
912 3407 1150 3463 Flaviani
1182 3408 1290 3463 Leo
1318 3422 1475 3479 opem
1497 3424 1824 3479 operamque

234 3494 382 3535 suam
414 3482 675 3536 adversus
692 3478 967 3551 Eutychen
993 3480 1311 3549 pollicetur:
1337 3478 1543 3550 perque
1561 3478 1820 3537 illustrem

234 3552 404 3607 virum
430 3551 749 3606 Rhodanum
780 3551 1061 3621 epistolam
1094 3551 1276 3614 mittit,
1310 3568 1469 3621 quam
1504 3552 1731 3622 primum
1755 3571 1821 3609 ex

232 3625 421 3679 codice
466 3623 757 3679 cardinalis
805 3622 1045 3677 Grimani
1096 3623 1147 3677 in
1190 3622 1456 3693 publicum
1503 3626 1819 3690 emittimus,

268 3711 391 3751 nam
429 3706 483 3750 et
519 3704 701 3750 secuta
746 3702 832 3750 est
866 3694 947 3763 (b)
986 3694 1086 3748 alia
1110 3694 1177 3765 ad
1216 3694 1578 3751 Theodosium
1622 3696 1817 3765 (Epist.

268 3711 391 3751 nam
429 3709 483 3750 et
519 3709 701 3750 secuta
746 3709 832 3750 ess
866 3709 947 3763 to)
986 3709 1086 3748 ana
1110 3709 1177 3748 au
1216 3709 1578 3751 't‘tteoaostum
1622 3709 1817 3765 (epist.

231 3709 315 3835 35,
345 3783 493 3820 nunc
518 3765 629 3835 54),
677 3766 728 3821 in
756 3780 858 3833 qua
889 3765 1118 3821 Nicacna:
1156 3764 1276 3820 ﬁdei
1307 3781 1365 3821 se
1406 3766 1670 3823 inhaerere
1697 3782 1820 3836 pro-

234 3836 439 3901 ﬁtetur,
462 3836 697 3893 Nestorii
724 3846 777 3891 et
808 3836 1060 3908 Eutycltis
1086 3837 1333 3908 dogmata
1361 3838 1703 3905 condemnat,
1731 3854 1824 3905 po-

230 3911 503 3992 stulatque
546 3908 809 3992 synodum
860 3910 997 3991 intra
1045 3909 1250 3991 italiam
1268 3910 1625 3992 "congregari.
1671 3909 1727 3992 ln
1759 3926 1822 3964 ea

231 3982 525 4051 ampliores
566 3980 772 4051 litteras
822 3980 1083 4049 promittit
1130 3995 1223 4050 per
1256 3980 1503 4051 iFlaviani
1547 3982 1820 4047 nuntium;

230 4049 441 4125 luitque
480 4051 570 4107 illa
618 4050 888 4108 celebrata
931 4052 1066 4107 adeo
1116 4049 1183 4107 ad
1231 4050 1542 4107 Flavianum
1593 4052 1821 4123 epistola

1932 3332 2142 3407 Etenim
2175 3332 2433 3403 majorem
2481 3336 2582 3389 sibi
2612 3336 2682 3407 (ε)
2710 3353 2770 3391 ea
2817 3339 3040 3405 epistola
3076 3340 3232 3395 tidem
3282 3342 3516 3398 vindicat

1930 3420 1993 3460 ex
2026 3404 2219 3481 divinis
2247 3404 2974 3481 Scriptut'isttraditionibus
3005 3423 3204 3466 sanctae
3231 3412 3509 3481 Ecclesiae,

1928 3478 2197 3554 communi
2227 3480 2778 3554 sanetorum‘Patrum
2808 3497 3097 3546 consensu,
3125 3493 3179 3538 et
3208 3500 3273 3538 ex
3302 3478 3511 3554 publica

1927 3551 2136 3625 concilii
2160 3551 2477 3605 (BCllﬂlenlCl
2502 3551 2960 3609 Chalcedonensis
2980 3558 3281 3611 assertione
3304 3551 3356 3611 et
3377 3573 3514 3625 pra:-

1926 3620 2213 3681 dicatione,
2258 3636 2415 3690 quam
2449 3637 2513 3676 ex
2560 3626 2825 3680 recensita
2873 3627 3031 3680 modo
3078 3628 3299 3681 visione.
3355 3620 3510 3685 Istam

1924 3692 2120 3761 quippe
2136 3694 2415 3765 epistolam
2442 3695 2652 3749 actione
2685 3698 2715 3749 5
2742 3697 3059 3765 approbavit
3082 3717 3095 3751 :
3118 3697 3235 3755 Ὀτι
3263 3698 3324 3759 δὴ
3346 3709 3407 3765 τῆ
3428 3710 3515 3756 τοῦ

1923 3765 2140 3841 μεγᾲλον
2166 3766 2354 3841 πέτρον
2382 3764 2617 3841 ὁμολογία
2651 3764 3051 3841 συμπέαινούσῂαν,
3092 3775 3178 3825 καὶ
3208 3764 3390 3829 dataria.
3403 3794 3518 3828 τινα

1928 3836 2113 3912 opulnto
2154 3836 2659 3912 ὐπὰλυκομϐᾳνηιὶατμά
2685 3836 2789 3894 τῶν
2827 3840 3287 3906 κακοδοξοουντων;
3323 3844 3372 3895 id
3402 3854 3516 3897 est:

1930 3904 2116 3974 Utpotc
2145 3916 2192 3961 et
2224 3904 2394 3977 magni
2438 3909 2575 3962 illius
2608 3909 2749 3963 Petri
2791 3904 3097 3979 confessioni
3134 3923 3515 3983 congruentem,

1926 3988 1973 4032 et
2002 3994 2319 4031 communem
2344 3983 2620 4047 quamdam
2642 3983 2933 4034 columnam
2958 3984 3252 4036 cxistentem
3277 3986 3519 4037 adversus

1928 4065 2154 4119 perverse
2180 4051 2472 4104 sentientes.
2497 4051 2635 4105 Olim
2667 4052 2783 4106 haec
2813 4052 3017 4122 integra
3054 4054 3281 4120 epistola
3315 4054 3393 4123 (d)
3425 4070 3520 4123 pu-

1293 4166 1857 4224 BALLERlNlORUM
1894 4157 2434 4221 ANNOTATIONES.

296 4261 373 4332 (a)
413 4258 746 4333 Communem
770 4260 985 4333 quidem
1014 4259 1321 4333 dignitatem
1366 4260 1693 4332 episcopalis
1721 4261 1819 4314 ho-

230 4330 375 4388 noris
409 4332 523 4387 Leo
551 4330 850 4387 admisit‘in
881 4330 1147 4403 episcopis
1176 4342 1229 4387 et
1260 4330 1504 4385 Romano
1537 4333 1815 4401 pontiﬁce;

229 4414 281 4459 at
299 4404 469 4460 simul
483 4404 716 4458 ordinem
739 4404 1127 4459 hierarchicum
1150 4404 1438 4475 generalem
1453 4419 1557 4475 non
1574 4420 1681 4457 esse
1705 4417 1818 4457 mo-

231 4477 365 4543 nuit,
402 4490 527 4530 cum
560 4492 654 4544 pro
681 4476 996 4531 diversitate
1021 4474 1218 4545 gradus
1249 4474 1565 4530 hierarchici
1591 4475 1820 4529 auctori-

233 4554 336 4601 tate
373 4547 799 4616 distinguantur,
840 4546 1199 4616 omnibusque
1238 4547 1504 4615 episcopis
1544 4546 1819 4601 Romanus

233 4617 476 4687 pontifex
516 4633 582 4673 eo
614 4620 841 4688 primatu
886 4617 1087 4688 praesit,
1120 4618 1210 4687 qui
1252 4633 1356 4672 non
1398 4617 1533 4672 meri
1573 4616 1815 4685 honoris,

1923 4276 1977 4313 n.
2010 4257 2056 4325 ί)
2087 4258 2139 4311 in
2168 4258 2325 4327 epist.
2355 4258 2444 4312 54.
2490 4258 2625 4312 llinc
2663 4258 2730 4313 de
2769 4258 2998 4313 concilio
3033 4259 3085 4315 in
3126 4259 3274 4315 italia
3312 4276 3517 4317 convo-

1923 4330 2096 4383 cando
2130 4338 2237 4381 tum
2269 4328 2441 4381 solum
2490 4328 2725 4396 pontifex
2770 4329 2914 4397 egit,
2968 4344 3090 4385 cum
3142 4335 3191 4385 in
3240 4332 3520 4390 latrocinio

1924 4399 2201 4469 Ephesino
2232 4399 2410 4471 omnia
2435 4414 2530 4468 per
2555 4403 2659 4453 vim
2688 4410 2741 4454 ct
2768 4404 3175 4471 przepotentiam
3203 4415 3349 4471 gesta
3379 4406 3516 4462 libe-

1925 4486 2043 4525 rum
2091 4470 2379 4525 concilium
2423 4472 2768 4540 postularent,
2824 4484 2882 4527 ut
2933 4474 3093 4531 illatis
3124 4470 3277 4532 malis
3309 4477 3519 4536 facilius

1925 4542 2227 4599 remedimn
2255 4543 2557 4597 alierretur.

1999 4614 2068 4685 (ε)
2106 4615 2271 4684 Hujus
2312 4614 2554 4687 cpistola
2593 4615 2966 4671 celebritatem
3014 4618 3254 4687 pluribus
3287 4622 3516 4677 demou-

231 4678 327 4765 sed
364 4678 655 4765 precipuie
695 4678 1083 4765 jurisdi'ctiottis
1112 4678 1367 4765 primatus
1400 4698 1505 4765 est,
1540 4698 1599 4744 ut
1632 4678 1817 4765 omnes
1847 4678 1895 4737 Ι)
1922 4678 2211 4765 rigavimus
2241 4687 2292 4740 in
2320 4678 2593 4765 admonit.
2638 4688 2703 4742 ad
2755 4689 2926 4765 ipsam
2959 4678 3117 4759 epist.
3145 4694 3235 4757 28,
3289 4709 3517 4765 eamqnc

232 4760 486 4816 catholici
523 4761 861 4829 proﬁtentur.
893 4760 1027 4815 Vide
1062 4775 1183 4827 qua:
1217 4761 1268 4814 in
1306 4760 1447 4815 hunc
1486 4762 1660 4816 locum
1703 4763 1817 4830 cpio

229 4833 382 4887 stolre
432 4832 499 4885 η
534 4830 1227 4902 animadvertimus_annot.
1266 4832 1336 4885 52
1382 4831 1555 4902 (Tom.
1595 4835 1816 4902 praeced.

230 4903 328 4958 col.
362 4902 505 4971 675,
534 4917 587 4957 n.
622 4902 695 4974 ο).
725 4902 893 4959 Porro
928 4902 993 4957 ad
1025 4900 1324 4974 Romanum
1356 4900 1659 4971 pontiﬁcem
1692 4921 1820 4958 con—

232 4975 621 5031 troversiarum
657 4973 993 5045 praecipuum
1031 4973 1277 5045 judicent
1308 4974 1445 5028 hanc
1486 4989 1701 5045 causam
1753 4976 1819 5030 ab

230 5045 480 5117 Eutyche
526 5044 759 5101 delatam
804 5046 1181 5116 appellationis
1228 5044 1431 5110 libello,
1480 5044 1642 5116 idque
1694 5060 1815 5101 cum

230 5116 535 5188 accepisset
564 5116 870 5184 Flavianus,
907 5118 1047 5171 hunc
1085 5131 1296 5186 quoque
1333 5118 1584 5172 secundis
1626 5118 1819 5174 litteris

232 5189 374 5242 idem
421 5188 681 5256 judicium
727 5189 1286 5259 postulasse,,contra
1342 5189 1614 5254 Quesnelli
1670 5189 1819 5244 nisus

233 5260 513 5325 probaturi
537 5276 720 5316 sumus
753 5261 806 5315 in
835 5260 1302 5316 observationibus
1322 5263 1388 5314 ad
1414 5260 1631 5314 dissert.
1664 5260 1720 5321 6.
1752 5276 1816 5315 ex

233 5331 430 5396 quibus
463 5345 525 5385 ea
562 5348 680 5401 qua:
712 5331 800 5387 hic
835 5332 1195 5387 obtruduntur
1231 5332 1489 5387 adversus
1528 5331 1819 5387 Baronium

232 5414 396 5473 quam
431 5402 608 5473 inania
629 5406 738 5459 sint
760 5404 1136 5473 perapicietur.

306 5470 383 5544 (b)
414 5472 733 5540 Quesnellus
760 5470 1015 5545 deceptus
1039 5473 1289 5545 chronica
1322 5481 1445 5529 nota
1475 5473 1598 5529 huic
1621 5475 1821 5543 episto-

234 5540 567 5612 laa'subjecta
598 5548 649 5600 in
678 5540 909 5616 vulgatis
934 5561 1021 5601 vnt
1052 5546 1156 5600 kal.
1186 5544 1395 5610 Junius,
1418 5540 1819 5601 earndem'scri-

233 5624 387 5742 ἔξω
421 5616 507 5670 hic
530 5617 763 5687 prodidit
786 5618 1187 5687 autejudicium
1211 5617 1409 5672 Leonis
1430 5617 1629 5671 editum
1659 5617 1818 5687 epist.

313 5732 328 5742 .
364 5687 429 5741 ad
456 5687 787 5742 Flavianum.
837 5689 955 5742 lose
985 5704 1113 5742 vero
1142 5690 1209 5742 de
1240 5704 1429 5742 errore
1470 5689 1627 5742 huius
1657 5692 1818 5742 chro-

313 5732 328 5754 ,
364 5687 429 5741 ad
456 5687 787 5745 Flavianum.
837 5689 955 5759 Ipse
985 5704 1113 5744 vero
1142 5690 1209 5743 de
1240 5704 1429 5745 errore
1470 5689 1627 5757 hujus
1657 5692 1821 5744 chro-

234 5760 379 5831 nicze
398 5769 537 5814 notas
562 5763 860 5831 suspicatus
888 5771 971 5816 est
1002 5762 1053 5815 in
1080 5760 1313 5816 secunda
1343 5759 1598 5814 editiOne.
1620 5760 1727 5815 Nos
1749 5776 1818 5814 ex

276 5830 618 5903 robatissimo
659 5830 765 5889 ms.
817 5833 1195 5903 Ratisponensj
1242 5830 1823 5903 emendavimus,vttt

310 5902 349 5958 l.
379 5901 676 5965 Ianuarias.
709 5906 837 5963 Vide
867 5901 1051 5966 annot.
1077 5904 1110 5960 8
1130 5902 1303 5975 (Tom.
1329 5902 1549 5973 prceced.
1577 5902 1822 5971 col.85ti,

1927 4757 2216 4833 Flavianus
2260 4760 2421 4833 etiam
2474 4757 2785 4833 antequam;
2812 4757 3063 4816 ederetur
3110 4779 3174 4818 ex
3206 4757 3518 4833 apostolicae

1925 4829 2068 4883 sedis
2099 4830 2421 4905 auctoritate
2451 4845 2544 4905 per
2576 4845 2696 4905 sese
2738 4830 2983 4886 idoneam
3022 4829 3254 4889 loturam
3294 4840 3514 4905 putavit,

1926 4916 2044 4968 qua:
2078 4903 2170 4955 loti
2198 4904 2581 4955 controversia:
2612 4900 2772 4956 ﬁnem
2808 4905 3128 4971 imponeret,
3164 4900 3307 4960 adeo
3334 4917 3387 4960 ct
3423 4900 3516 4963 ne;

1926 4973 2220 5043 cessarium
2246 4988 2348 5027 non
2377 4981 2518 5027 esset
2544 4974 2827 5027 concilium
2850 4977 3129 5043 generale;
3164 4988 3210 5031 et
3238 4978 3294 5031 S.
3326 4978 3518 5033 Petrus

1926 5042 2288 5114 ChrySologus
2304 5043 2553 5117 epis_t._25
2574 5044 2748 5099 eidem
2772 5042 3215 5116 acquiescendum
3243 5050 3515 5117 liutychen

1927 5116 2153 5180 monuit,
2188 5131 2253 5170 eo
2283 5114 2424 5185 quod
2454 5114 2671 5170 Petrum
2705 5118 2756 5171 in
2782 5114 2891 5170 suis
2910 5118 3317 5171 successoribus
3335 5114 3515 5175 vivere

1926 5195 1979 5239 et
2024 5186 2219 5241 docere
2264 5190 2633 5255 quaerentibus
2681 5190 2960 5243 veritatem
3014 5197 3218 5243 certum
3269 5189 3513 5245 haberet.

1928 5258 2216 5325 Postquam
2250 5274 2377 5313 vero
2402 5258 2542 5312 edita
2575 5260 2691 5321 luit,
2725 5262 2887 5314 etiam
2918 5268 3204 5328 antequam
3234 5270 3518 5328 cogeretur

1927 5329 2168 5398 synodus
2182 5329 2651 5394 Chalcedonensis,
2678 5339 2785 5383 tota
2809 5330 3048 5384 Ecclesia
3082 5331 3227 5383 illam
3252 5333 3511 5400 suscepit,

1927 5401 2212 5473 eidemque
2253 5400 2686 5469 subscripserunt
2720 5401 3202 5473 omncscatltolici
3253 5404 3514 5473 episcopi,

1928 5487 2034 5526 non
2070 5483 2127 5525 ut
2155 5471 2261 5525 vim
2293 5481 2347 5526 et
2372 5473 2744 5527 auctoritatem
2775 5471 2849 5526 illi
2881 5471 3198 5539 adjicerent,
3244 5473 3337 5526 sed
3372 5482 3431 5527 ut
3459 5471 3520 5530 se

1928 5545 2223 5598 catholicos
2271 5544 2582 5613 probarent.
2612 5550 2666 5595 et
2692 5558 2780 5603 ne,
2825 5542 2871 5595 si
2920 5552 3227 5609 renuerent,
3278 5543 3519 5602 haeretici

1928 5615 2274 5669 haberentur.
2324 5614 2455 5668 Vide
2501 5615 2649 5680 plura
2696 5615 2750 5665 in
2785 5613 2971 5666 eadem
3010 5613 3397 5671 admonitione.
3444 5618 3519 5672 De

1930 5686 2191 5754 subjectis
2217 5694 2393 5739 autem
2423 5682 2916 5754 comparationibus
2944 5694 3000 5737 et
3024 5687 3520 5743 conﬁrmationibus

1929 5751 2187 5811 doctrinae
2214 5772 2244 5810 a
2277 5756 2455 5809 Leone
2480 5751 2712 5807 deﬁnitae
2753 5754 2940 5809 confer
2970 5756 3193 5812 dicenda
3235 5768 3421 5814 annnt.
3447 5758 3520 5811 22

1932 5829 2108 5898 (inlr.,
2143 5828 2242 5898 col.
2270 5826 2395 5889 263,
2425 5842 2478 5898 ην.
2508 5821 2557 5891 ⁸)
2588 5822 2655 5898 ad
2683 5840 2770 5879 an.
2801 5824 2927 5880 451.

2003 5892 2087 5969 (ά)
2101 5896 2303 5957 Confer
2316 5897 2564 5973 eamdem
2585 5892 3005 5958 admonitionem
3027 5901 3082 5957 in
3096 5902 3257 5976 epist.
3278 5901 3367 5972 28,
3387 5917 3445 5959 u.
3464 5904 3537 5979 5‘
