3968 6308
420 346 528 407 227

896 343 1134 403 PASCH.
1177 339 1563 409 OUESNELLI
1606 334 2185 394 DlSSERTATIONES
2215 335 2281 391 IN
2321 338 2378 392 ὃ.
2424 332 2668 393 LEONIS
2706 332 2921 391 MAGNI
2960 332 3209 391 OPEBA.

3582 331 3673 392 228

424 468 585 532 blice,
629 465 773 537 quod
817 480 878 520 ex
924 478 1027 519 ms.
1062 464 1247 518 codice
1272 459 1514 537 Rotttano
1543 455 2008 537 Baroniusrnotat,
2041 459 2093 517 Α
2117 450 2735 537 Jerosolymitapumque
2759 453 3017 526 appellat,
3041 440 3291 536 ratusfut
3312 466 3375 507 ea
3394 458 3675 537 eranttean

425 541 481 597 in
514 528 749 593 Ecclesia
783 538 1016 591 Romana
1048 546 1290 608 tempore
1316 532 1592 608 Adventus
1618 528 2013 608 legebatur;__ex

431 626 534 667 ms.
567 613 752 665 codice
788 609 1130 663 Bibliotheca:
1159 604 1337 674 Regia:
1378 604 1685 672 accepimus
1715 600 1856 654 idem
1885 599 2013 653 olim

431 684 721 738 factitatum
758 683 807 734 in
844 680 1097 734 Ecclesiis
1126 678 1441 733 Galliarum.

500 753 662 824 559
692 754 898 807 Interea
927 753 1053 805 dntn
1085 751 1191 824 Leo
1223 747 1614 824 Flavianusque
1660 742 2017 824 bono_Eccle—

429 815 755 893 size-ﬁnium
788 826 1091 888 consulunt,
1121 822 1382 895 [Sittycltes
1403 819 1482 895 (α)
1518 832 1685 895 novas
1712 815 2016 895 tttrbasex-

431 884 591 960 citat';
639 896 851 948 decreta
900 884 1089 965 synodi
1114 884 2019 965 uConstanti‘n{ipolitanalperfrin-

429 956 589 1037 gendi
616 967 808 1035 cupido
836 956 1049 1021 incessit
1079 962 1294 1037 (Baron.
1325 978 1446 1014 ann.
1473 960 1601 1037 μθ.
1628 976 1680 1012 η.
1706 957 1820 1027 '59).
1856 958 1929 1010 Ea
1952 956 2018 1037 de

436 1028 497 1094 ie
527 1028 734 1092 libellos
766 1037 1034 1105 supplices
1056 1028 1148 1089 dat
1192 1034 1523 1108 imperatori,
1569 1040 1797 1108 actaque
1825 1028 2017 1108 synodi

433 1110 694 1183 diminuta
733 1099 1026 1183 falsamque
1073 1099 1282 1183 arguitf
1310 1103 1667 1183 Tlteodosius.
1694 1099 2016 1183 Chgrysaphii

432 1180 662 1237 eunuchi
691 1172 1035 1251 sermonibus
1057 1172 1337 1251 deceptus,
1389 1173 1671 1251 retractari
1694 1180 1816 1251 acta
1830 1172 2016 1251 jubet,

433 1254 719 1321 omniaque
748 1251 813 1305 ad
842 1250 1097 1305 amussim
1125 1246 1444 1321 examinari,
1488 1244 1707 1321 aliquid
1736 1244 2017 1321 omissum,

431 1312 677 1379 mutilum
700 1323 1164 1391 adulteratumque
1192 1317 1511 1386 reperiatur.
1547 1312 1675 1371 Eam
1705 1316 1774 1391 ob
1806 1328 1919 1391 rem
1942 1312 2019 1381 (ὁ)

432 1396 651 1450 eosdem
684 1395 988 1463 ρμὶεοονοε,
1014 1385 1103 1462 qui
1127 1385 1568 1463 superim‘eanno
1586 1387 1857 1463 synodum
1882 1385 2023 1463 fece-

431 1476 572 1526 rant.
589 1458 741 1534 jubet
760 1458 950 1519 iterum
968 1458 1109 1531 cogi,
1126 1458 1219 1516 sed
1238 1460 1340 1534 illis
1355 1459 1691 1534 Thalassium
1712 1458 2021 1534 episcopum

430 1528 693 1592 Caesareae
712 1540 761 1591 in
775 1528 1113 1608 Cappadocia
1140 1548 1235 1601 pra
1251 1531 1381 1599 licit,
1409 1540 1588 1608 amoto
1610 1528 1865 1608 Flaviano
1884 1530 2025 1608 (Jon-

432 1596 933 1675 stantinopolitano,
958 1606 1043 1660 cui
1060 1596 1155 1673 jus
1164 1612 1217 1658 et
1237 1596 1583 1675 praerogativa
1605 1598 1827 1653 sedendi
1845 1596 2024 1651 aufer-

434 1689 541 1733 tur.
566 1674 864 1732 Concilium
892 1693 927 1733 tt
950 1674 1601 1743 Constantitmpnlitanum
1626 1683 1844 1743 vocatur
1860 1684 2025 1743 acar-

436 1750 600 1804 dinalt
622 1750 850 1803 Baronio
865 1766 878 1815 ;
896 1762 1216 1819 quamquam
1230 1740 1433 1819 vixisti)
1446 1740 2020 1819 nominedignantlum.

437 1826 480 1876 A
492 1821 803 1889 ppendicetn
818 1811 1159 1889 ego'dixerim
1174 1818 1362 1887 synodi
1375 1818 1647 1889 superiori
1666 1830 1814 1889 anno
1827 1811 2021 1889 habitae

436 1882 539 1947 Cl":
553 1933 568 1959 ,
586 1894 668 1947 vel
689 1882 897 1947 concilii
912 1882 1230 1948 (ecumettici
1262 1887 1576 1959 prmlttdiutn
1595 1886 1735 1959 quod
1754 1885 1817 1936 ad
1836 1882 2023 1959 kalen-

438 1962 531 2036 das
546 1956 769 2033 Augusti
788 1964 1046 2036 indictum
1068 1956 1313 2029 legimus.
1332 1958 1498 2027 Aprili
1523 1960 1682 2027 igitur
1698 1956 2025 2036 ineunte-ba-

434 2034 591 2090 betur
608 2026 936 2091 conventus:
957 2034 1021 2088 ad
1040 2026 1263 2089 examen
1287 2026 1769 2107 acta_revoCatttur;
1794 2026 2027 2107 nihilde—

437 2118 738 2176 pravatum,
758 2117 852 2160 aut
877 2109 1217 2159 immutatum
1242 2102 1540 2178 reperitur;
1571 2102 1749 2178 omnia
1771 2102 1853 2178 ’ριί
1877 2109 2025 2178 gesta

433 2168 588 2233 erant
613 2179 683 2231 ita
705 2168 903 2248 scripta
926 2192 1046 2231 esse
1062 2190 1260 2249 omnes
1276 2168 1596 2249 approbant.
1618 2172 1753 2249 Tum
1771 2168 2027 2249 Eutycius

434 2240 833 2319 procuratores'
863 2264 999 2303 vana
1038 2263 1133 2317 spe
1180 2240 1463 2319 delusi’_(c)
1505 2240 1916 2319 appellationem
1959 2240 2024 2292 ad

438 2316 623 2376 sedem
656 2320 1007 2389 apostolicam
1039 2316 1335 2389 proferunt.
1362 2316 1746 2389 constantinus
1774 2327 2026 2389 reveren-

435 2391 538 2466 dus
579 2385 835 2466 diaconus
863 2392 999 2445 dixit
1024 2385 1341 2466 :Fntyches,
1384 2388 1507 2440 dum
1537 2388 1785 2466 legeretur
1807 2385 2029 2466 damna:

438 2463 531 2528 tio,
572 2462 851 2531 appellavit
878 2473 1107 2516 sanctum
1150 2457 1424 2516 concilium
1464 2457 1796 2531 sanctissimi
1801 2457 2028 2531 episcopi

435 2526 683 2599 Romani,
713 2536 1075 2597 Alexandrini,
1116 2544 1163 2587 et
1190 2531 1636 2601 Jerosolymitani,
1682 2538 1729 2581 et
1756 2526 2030 2601 Thessalo-

436 2598 686 2671 nicensis,-
713 2607 931 2676 haecque
962 2606 1170 2661 actibus
1193 2620 1299 2659 non
1329 2598 1597 2676 contineri
1621 2598 2027 2676 conquereban-

438 2687 545 2731 tur.
597 2671 859 2731 l’atritius'
896 2677 1202 2731 Florentius
1240 2676 1290 2728 id
1321 2672 1704 2736 conﬁrmabat;
1738 2671 1866 2724 dttttt
1900 2685 2028 2723 con-

439 2748 623 2802 cilium
649 2750 965 2817 solveretur,
993 2748 1133 2802 inter
1156 2746 1413 2815 strepitus
1436 2743 1765 2817 surgentium
1790 2743 2023 2817 locutum

439 2820 543 2874 sibi
573 2818 851 2889 Eutychen
884 2812 961 2873 de
993 2812 1375 2888 provocatione
1404 2816 1469 2869 ad
1510 2812 1794 2889 cencilium
1828 2812 2027 2889 Roma-

437 2906 593 2953 num,
642 2884 802 2960 idque
831 2884 1085 2945 Flaviano
1115 2889 1413 2944 discedenti
1442 2886 1824 2960 renuntiatum.
1879 2884 2028 2940 Unde

439 2962 556 3016 haec
588 2958 814 3016 Basilius
856 2966 1140 3032 episcopus
1178 2978 1192 3014 :
1236 2961 1301 3015 Et
1316 2960 1454 3032 Ahwc
1492 2958 1726 3032 ingestis
1772 2971 1889 3032 non_
1911 2965 2027 3032 sunt

435 3033 644 3086 inserta.
709 3027 1255 3104 Magniﬁcentissimus
1306 3027 1741 3104 Patritius'diait
1783 3044 1800 3081 :
1850 3027 2024 3081 Turba

437 3106 576 3173 facta
602 3116 649 3159 et
676 3102 923 3160 dissoluto
951 3114 1218 3168 conventu,
1261 3104 1391 3157 dicit
1423 3104 1492 3156 ad
1516 3118 1593 3173 me
1623 3102 1828 3155 silenter
1851 3104 2031 3171 appelo

437 3172 551 3248 lgna
582 3186 630 3230 et
660 3176 972 3239 Romanum,
1005 3189 1051 3232 et
1081 3176 1411 3248 Aigyptium,
1452 3186 1498 3228 et
1542 3172 2029 3248 Jerosolyntitanutn

2054 1850 2102 1910 B

2121 541 2273 596 pora,
2305 524 2624 582 auctoritate
2648 524 3025 596 episcoporum
3058 526 3350 594 primarum
3381 524 3575 579 sediutn
3602 535 3680 581 aut

2120 604 2493 655 numerosiora
2536 600 2743 670 synodo
2782 598 3105 652 sententiam
3133 598 3357 651 alterius
3399 597 3681 670 possein-i-

2121 678 2227 725 tatu
2252 671 2495 726 ﬁeri.'De
2521 668 2857 726 Ahtioclteno
2879 670 3175 734 silentium,
3201 670 3323 738 quia
3349 668 3578 737 episcopi
3602 669 3682 724 hu-

2116 741 2204 812 jus
2240 742 2535 798 dimceseos
2565 741 2975 799 Nestorianismi
3006 744 3242 810 suspecti
3269 750 3443 797 erant.

2197 814 2332 869 Vlll.
2366 814 2635 887 Eutyches
2669 817 2795 869 dum
2827 814 2928 869 hac
2951 813 3031 867 via
3054 829 3238 887 omnes
3261 814 3435 867 aditus
3457 814 3683 873 interclu-

2121 899 2212 940 sus
2255 885 2521 956 intelligit,
2570 889 2675 941 alio
2710 902 2769 941 se
2814 888 2991 952 vertit,
3043 886 3107 939 ad
3148 885 3463 940 Dioscorum
3506 887 3684 944 scilicet

2121 957 2541 1012 Alexandrinum
2572 960 2906 1025 episcopum.
2942 959 3092 1011 Hunc
3118 960 3293 1011 audax
3316 957 3566 1027 ferosque
3588 962 3681 1014 ani-

2122 1044 2242 1083 mus
2270 1031 2497 1096 odiaque
2530 1032 2732 1098 privata
2764 1031 2815 1083 in
2853 1028 3189 1094 Flavianum,
3223 1040 3419 1097 praeter
3458 1030 3682 1085 invidiam

2123 1100 2629 1174 simulationemque
2660 1101 2890 1165 sedtum,
2939 1100 3365 1174 Clitrysaphiique
3398 1102 3685 1167 potentiam,

2129 1170 2283 1225 facile
2312 1170 2637 1237 impulerunt
2664 1175 2716 1227 in
2760 1181 2937 1242 partes
2969 1170 3241 1243 Euiychis.
3287 1172 3370 1225 Ab
3409 1175 3474 1225 iis
3506 1174 3553 1225 in
3586 1189 3687 1239 per-

2126 1243 2319 1297 niciem
2362 1243 2604 1303 Flaviani
2633 1256 2687 1299 et
2732 1243 2944 1298 Eusebii
2976 1245 3201 1315 llurylati
3237 1244 3567 1315 conjuratur.
3595 1244 3690 1298 Pri-

2126 1329 2270 1368 tnunt
2294 1317 2472 1393 itaque
2490 1316 2862 1393 Dioscorttsad
2882 1316 3258 1393 imperatorem
3280 1316 3499 1393 scribit;
3527 1314 3690 1393 aliam-

2126 1399 2230 1454 que
2287 1387 2552 1457 synodum
2623 1389 2879 1452 posmlat.
2950 1387 3246 1455 Imperator
3292 1387 3540 1453 petitioni
3581 1387 3689 1440 sith-

2126 1457 2334 1523 scribit,
2360 1473 2587 1525 eamque
2617 1459 2682 1513 ad
2711 1459 2928 1514 kalend.
2954 1459 3176 1529 Augusti
3209 1458 3480 1527 Ephesum
3505 1458 3691 1521 indicit;

2126 1529 2305 1600 omnia
2336 1543 2401 1582 ex
2432 1532 2736 1599 Composito
2762 1532 2838 1585 sic
2868 1528 3111 1584 ordinata
3138 1540 3262 1584 sunt
3290 1543 3456 1600 opera
3484 1528 3691 1599 Chrysa-

2128 1598 2258 1670 phii.
2286 1598 2574 1657 Dioscorus
2601 1603 2817 1669 iubetur
2849 1617 2941 1670 per
2968 1602 3172 1656 litteras
3216 1598 3561 1670 imperatoris
3584 1598 3695 1655 eon-

2127 1669 2253 1723 cilio
2275 1672 2347 1741 (ρ)
2374 1674 2697 1741 praesidere;
2731 1669 2962 1743 abegere
3006 1674 3069 1726 ad
3097 1669 3361 1744 synodum
3398 1672 3582 1744 decem
3604 1686 3695 1725 me-

2131 1745 2483 1805 trottolitanos
2512 1760 2624 1799 sua:
2646 1742 2965 1808 dioeceseos,
3008 1742 3249 1813 alioéqtte
3279 1744 3500 1798 aliunde
3536 1742 3697 1797 decem

2129 1814 2434 1884 episcopOs,
2465 1817 2551 1884 qui
2584 1818 2867 1871 sanctitate
2895 1826 2947 1870 et
2973 1817 3215 1871 doctrina
3247 1814 3542 1885 plurimum
3563 1814 3698 1868 ﬂore-

2132 1896 2279 1956 rent;
2325 1888 2526 1956 rejecto
2557 1889 2868 1942 nominatim
2901 1887 3265 1948 Theodoreto,
3314 1889 3439 1954 quia
3495 1888 3545 1940 in
3581 1891 3700 1942 Ana-

2132 1955 2505 2014 thematismos
2527 1960 2695 2015 sancti
2712 1960 2896 2030 Cyrilli
2924 1960 3273 2013 Alexandrini
3295 1962 3603 2027 scripserat,
3625 1966 3701 2011 aut

2130 2031 2298 2098 magis
2328 2030 2448 2100 quia
2476 2031 2729 2086 Dioscoro
2758 2029 2919 2102 [.61
2952 2030 3211 2095 infensus,
3248 2030 3596 2101 Entychiantc
3619 2029 3702 2083 do-

2130 2104 2317 2174 ctrina:
2342 2111 2530 2170 aperte
2558 2106 2879 2157 contrarius.
2915 2102 3190 2174 Synodum
3218 2102 3363 2174 prius
3389 2103 3585 2172 opinor
3608 2115 3704 2154 me-

2130 2171 2371 2235 ditatam,
2387 2176 2547 2227 etiam
2563 2184 2686 2229 ante
2698 2171 3021 2229 conventum
3037 2171 3699 2241 Constantinop’olttanttm.

2131 2242 2263 2316 Nam
2307 2247 2432 2297 dum
2465 2247 2839 2301 consuleretur
2880 2247 2945 2299 de
2987 2244 3427 2316 procuratoribus
3472 2243 3703 2315 Eutychis

2130 2314 2498 2383 admittendis,
2520 2320 2609 2387 qui
2632 2319 2838 2373 scilicet
2862 2314 3102 2372 criminis
3126 2317 3506 2383 accusabatur,
3533 2314 3585 2370 et
3603 2329 3703 2369 eam

2130 2387 2210 2460 ob
2230 2401 2343 2442 rem
2387 2391 2558 2457 ipsum
2588 2390 2825 2460 episcopi
2852 2390 3045 2444 adesse
3075 2390 3293 2451 vellent,
3329 2388 3704 2459 Meliphtongns

2131 2459 2415 2529 episcopus
2444 2462 2566 2513 dum
2599 2462 2804 2516 diceret
2830 2475 2992 2531 super
3019 2475 3080 2516 ea
3108 2476 3165 2515 re
3202 2460 3551 2526 sententiam,
3576 2471 3703 2513 reum

2131 2532 2349 2599 quidem
2384 2546 2703 2600 praesentem
2737 2534 2969 2599 volebat,
3014 2546 3170 2601 posse
3198 2539 3376 2586 tamen
3407 2545 3513 2601 per
3538 2544 3707 2601 procu-

2131 2609 2338 2657 ratores
2364 2604 2557 2670 audiri,
2591 2606 2632 2658 si
2664 2606 2732 2658 ita
2760 2606 3000 2675 Augusto
3026 2606 3221 2671 visum,
3250 2617 3367 2657 rem
3395 2602 3706 2675 scilicetite-

2133 2688 2248 2727 rum
2283 2677 2514 2728 examini
2547 2674 2956 2746 subjiciendam,
2989 2676 3240 2745 quoniam
3287 2675 3585 2744 imperator
3606 2674 3705 2746 jus-

2131 2757 2275 2799 scrat
2305 2745 2663 2819 universalent
2721 2749 2982 2819 synodum
3014 2747 3149 2813 ﬁeri,
3200 2746 3291 2801 ubi
3333 2746 3401 2799 de
3434 2745 3707 2819 majoribus

2132 2820 2306 2870 causis
2335 2815 2783 2872 decernendum}
2814 2822 2870 2873 Εἰ
2914 2822 2994 2875 καί
3021 2821 3249 2889 μάλιστα
3279 2815 3587 2889 οἱκονμὲνιήκη
3615 2815 3707 2871 ἔχει

2132 2889 2335 2967 λεύσθρ,
2362 2894 2596 2961 γενέσται
2622 2889 2857 2951 σύνοδος,
2890 2895 2969 2945 καὶ
2994 2893 3394 2967 περ-»ἦνται-ῖὰ
3422 2894 3710 2967 tumidi-rapa

2156 2967 2245 3019 τήν
2276 2960 2349 3035 ὧνγ
2372 2960 2677 3033 πραγμάτων
2702 2965 2749 3015 ἐν
2772 2964 2926 3021 ἐκείνη
2952 2971 3014 3035 τῇ
3047 2960 3276 3035 adundat;
3313 2960 3364 3035 id
3387 2972 3469 3016 est
3496 2960 3520 3017 ε’
3541 2960 3711 3035 [ξτωᾶ-

2137 3048 2236 3101 puc
2265 3034 2385 3102 quia
2409 3032 2743 3086 univcrsale-tt
2766 3032 3001 3104 pracepit
3027 3033 3139 3101 ﬁeri
3165 3032 3442 3103 synodum,
3468 3042 3515 3086 et
3538 3032 3606 3101 (f)
3635 3046 3710 3083 ne-

2136 3119 2272 3157 cesse
2303 3117 2373 3157 est
2408 3107 2628 3174 majores
2659 3120 2840 3158 causas
2868 3107 2921 3158 in
2953 3104 3086 3157 illud
3110 3120 3368 3158 reservare
3396 3104 3675 3174 concilium,

2210 3175 2301 3229 lx.
2339 3176 2463 3229 llzec
2486 3172 2557 3230 de
2585 3176 2793 3247 synodo
2816 3177 2924 3243 jam
2956 3175 3153 3247 indicta
3182 3172 3709 3247 disserebattteliph-

436 3246 602 3319 ἀ,δο
630 3252 920 3303 concilium.
957 3249 1022 3302 Et
1051 3264 1141 3319 ego
1159 3244 1445 3301 arbitratus
1476 3247 1844 3319 indecensesse
1872 3246 2032 3298 latere
2057 3244 2103 3307 C
2139 3256 2327 3317 longus
2357 3262 2388 3300 v
2417 3248 2535 3301 idus
2559 3244 2776 3317 Aprilis.
2812 3248 2985 3302 Immo
3008 3246 3295 3301 Flavianus
3317 3248 3383 3301 ad
3405 3246 3463 3302 S.
3489 3246 3706 3319 Leonem

441 3317 535 3370 hoc
571 3322 946 3373 sanctissimum
985 3330 1029 3371 et
1073 3317 1543 3373 reverendisstmum
1587 3317 2028 3384 archiepiswpunt

438 3385 769 3453 Flavianum,
799 3392 1071 3443 abscedens
1095 3392 1204 3443 dixi
1226 3394 1272 3443 ei
1295 3406 1311 3441 :
1337 3389 1558 3441 Basilius
1580 3389 2026 3440 reverendissimus

438 3460 707 3528 episcopus
751 3462 879 3514 dixit
910 3477 928 3514 :
958 3460 1079 3514 lam
1108 3463 1161 3513 in
1190 3462 1397 3513 veritate
1425 3459 1537 3512 dico
1567 3461 1735 3510 adhuc
1767 3460 1878 3526 ipso
1904 3474 2029 3511 con-

438 3540 587 3583 ventu
617 3532 822 3585 sedente
860 3543 904 3585 et
934 3542 1244 3603 proponente
1276 3533 1369 3584 hoc
1398 3540 1578 3584 sancta
1617 3532 1835 3603 synodo,
1869 3539 1922 3582 ut
1954 3530 2033 3603 di-

440 3611 571 3655 ceret
610 3604 705 3655 iste
736 3605 865 3657 duas
892 3601 1103 3656 naturas
1150 3604 1512 3671 inseparabiles
1554 3611 1600 3655 et
1638 3602 1933 3668 inconfusus
1978 3601 2028 3653 in

440 3687 541 3746 uno
572 3672 812 3746 Domino,
860 3675 1012 3743 idque
1038 3684 1147 3746 post
1177 3675 1567 3746 adunationem,
1603 3674 1711 3746 scio
1740 3674 1863 3742 quia
1901 3673 2030 3746 dixit

439 3744 713 3815 religiosus
758 3744 1163 3799 archimandrita
1212 3744 1471 3815 Eutyche:
1520 3760 1539 3797 :
1588 3744 1649 3799 Si
1697 3744 2031 3814 praceperint

438 3813 564 3885 mihi
588 3813 771 3870 Patres
793 3817 1052 3871 Romanus
1078 3826 1126 3871 et
1148 3813 1548 3883 Alexandrinus,
1574 3813 1807 3869 dicoltoc
1828 3816 2030 3885 ipsum;

437 3883 535 3939 hoc
558 3896 730 3941 autem
755 3905 854 3942 non
884 3889 1027 3958 quasi
1054 3888 1321 3959 appellans
1351 3888 1502 3951 dixit,
1534 3888 1623 3941 sed
1655 3888 1826 3941 dicens
1850 3883 1876 3959 ξ
1910 3886 2030 3940 Non

438 3972 553 4030 sunt
582 3974 740 4013 ausus
764 3960 931 4014 dicere
960 3958 1166 4030 propter
1191 3959 1390 4013 Patres.
1420 3959 1609 4028 Rogati
1636 3959 1821 4012 Patres
1847 3958 1913 4013 de
1938 3973 2033 4027 ap-

513 4028 730 4085 llatione
780 4032 912 4087 nihil
960 4028 1203 4086 auditum
1252 4045 1440 4086 omnes
1491 4030 1905 4099 responderunt.
1947 4030 2030 4099 (ά)

489 4101 710 4172 utyches
752 4103 821 4159 ad
880 4104 1166 4159 concilium
1212 4104 1544 4171 Romanum,
1606 4102 2028 4157 Alexandrinum

2138 3315 2379 3373 scribens
2400 3320 2577 3372 statim
2608 3315 2730 3389 post
2757 3330 3005 3388 acceptas
3028 3319 3227 3387 primas
3251 3319 3366 3388 ejus
3390 3319 3581 3372 litteras
3598 3315 3701 3383 jam

2136 3399 2246 3445 tum
2278 3391 2344 3445 de
2374 3392 2603 3445 concilio
2629 3391 2869 3462 cogendo
2898 3405 3169 3445 rumorem
3203 3390 3516 3460 divulgatum
3545 3393 3694 3462 testa-

2138 3470 2245 3516 tur.
2291 3462 2457 3515 Porro
2488 3462 2626 3517 data:
2656 3456 2908 3517 videntur
2937 3462 3181 3516 Flaviani
3213 3456 3395 3517 littera:
3422 3466 3535 3512 ante
3556 3456 3691 3509 Con-

2137 3532 2675 3601 stantinOpolitanum
2698 3543 3025 3590 conventum
3056 3533 3261 3589 mensis
3282 3531 3488 3604 Aprilis,
3514 3527 3560 3583 ι’
3581 3525 3698 3604 quia

2137 3612 2264 3659 ante
2297 3596 2799 3678 istum_pervenisse
2832 3605 3028 3660 Leonis
3052 3604 3288 3678 litteras,
3320 3596 3506 3678 quibus
3533 3596 3706 3678 statim

2138 3676 2415 3745 respondit
2446 3675 2756 3742 Flavianus,
2811 3686 2997 3731 narrat
3044 3675 3309 3732 Seleucus
3340 3675 3709 3745 'episc0pusin

2135 3762 2202 3802 eo
2228 3739 2527 3812 conventu;
2577 3748 2635 3803 ‘2'
2665 3739 2787 3819 quia
2818 3749 2885 3803 de
2922 3748 3040 3803 solo
3066 3749 3257 3819 priore
3298 3739 3564 3803 conventu
3595 3739 3710 3819 Fla—_

2134 3819 2324 3892 vianus
2352 3820 2417 3873 ad
2450 3810 3024 3875 Leonem-sermonem
3054 3810 3215 3892 facit;
3245 3820 3313 3875 de
3343 3820 3513 3892 altero
3538 3810 3713 3892 procul

2134 3890 2298 3945 dubio
2326 3907 2430 3945 non
2454 3892 2736 3957 taciturus,
2762 3892 2807 3946 si
2828 3894 2937 3961 jam
2964 3891 3228 3947 conﬂatus
3252 3900 3426 3955 esset;
3456 3889 3512 3943 5⁸
3538 3889 3723 3961 litteris

2137 3961 2374 4038 Flaviani
2408 3965 2695 4038 respondet
2739 3960 2845 4017 Leo
2874 3962 2938 4016 2t
2972 3962 3114 4038 Maii,
3153 3979 3259 4038 non
3290 3966 3473 4038 statim
3510 3960 3611 4038 illis
3640 3971 3724 4038 a9-

2136 4036 2330 4101 ceptis,
2360 4035 2451 4089 sed
2482 4045 2791 4103 exspectata
2820 4036 3137 4089 occasione:
3176 4034 3500 4101 Pervenisse,
3533 4032 3725 4103 inquit,

2136 4106 2204 4159 ad
2233 4122 2326 4160 nos
2358 4116 2458 4161 tua:
2489 4102 2777 4161 dilectionis
2806 4107 3053 4175 epistolas
3072 4151 3085 4173 ,
3131 4115 3186 4160 ut
3231 4107 3454 4175 primum
3484 4102 3728 4159 venientis

1490 4257 2056 4319 BALLERINIORUM
2093 4260 2642 4319 ANNOTATIONES.

511 4377 585 4449 (α)
613 4378 705 4433 Hae
745 4391 899 4432 nove
929 4377 1101 4433 turbae
1145 4378 1392 4449 excitata:
1440 4377 1659 4433 fuerunt
1686 4378 1753 4433 ab
1785 4377 2025 4448 Eutyche

437 4448 627 4505 mense
665 4450 857 4519 Aprili,
904 4458 1191 4519 antequam
1240 4448 1598 4519 dogmaticam
1634 4449 1912 4518 epistolam
1952 4449 2023 4504 28

437 4519 494 4575 S.
530 4521 763 4588 pontifex
792 4519 1072 4575 scriberet.
1121 4520 1198 4574 De
1228 4519 1312 4572 his
1338 4527 1514 4575 autem
1546 4519 1715 4575 turbis
1745 4520 1896 4589 plura
1929 4534 2023 4574 an-

439 4600 555 4646 not.
587 4590 831 4660 t(supra,
863 4590 965 4643 col.
994 4589 1122 4655 220,
1154 4608 1208 4644 η.
1238 4592 1312 4658 ε).

514 4660 590 4732 (b)
619 4660 701 4715 Ex
733 4662 945 4731 triginta
962 4669 1188 4729 quatuor
1209 4661 1456 4715 Patribus
1474 4662 1563 4732 qui
1591 4661 1715 4716 huic
1735 4661 2022 4716 conventui

440 4732 754 4798 interfuere,
808 4732 1115 4802 quindecim
1158 4742 1359 4786 tantum
1392 4735 1665 4802 pertinent
1692 4734 1757 4787 ad
1800 4742 2018 4787 antece-

440 4804 655 4859 dentem
684 4805 968 4874 synodutu,
1013 4805 1068 4858 itt
1097 4819 1199 4873 qua
1229 4804 1494 4875 Eutyches
1523 4804 1947 4859 damnatusfuit.

512 4874 582 4945 (c)
613 4878 782 4943 Quam
809 4877 1017 4948 scilicet
1046 4876 1317 4947 Eutycltes
1340 4874 1407 4932 ’se
1434 4876 1487 4931 in
1515 4877 1769 4931 anteriori
1814 4876 2022 4948 synodo

439 4946 829 5016 interposuisse
860 4946 1197 5016 praeferebat.

513 5019 589 5091 (ά)
621 5019 875 5090 Eutychis
914 5020 1329 5091 appellationem
1364 5022 1430 5073 ad
1472 5019 1770 5075 Romanum
1812 5020 2023 5090 pontiﬁ-

440 5090 581 5152 cem.
614 5106 773 5160 quam
812 5090 1010 5161 duplici
1042 5105 1107 5145 ex
1144 5091 1320 5158 capite
1358 5092 1678 5159 Quesnellus
1712 5093 2025 5148 subvertere

441 5162 644 5217 studuit
667 5162 885 5219 dissert.
915 5164 969 5231 6,
994 5178 1094 5217 nos
1124 5164 1176 5216 in
1202 5162 1665 5218 observationibus
1687 5164 1754 5219 ad
1777 5164 2021 5220 eamdem

440 5233 871 5290 dissertationem
900 5234 1302 5300 constituimus;
1335 5236 1517 5305 ibique
1540 5237 1699 5289 etiam
1724 5237 1930 5305 egimus
1956 5235 2024 5290 de

441 5306 673 5361 hominis
697 5321 912 5362 causam
940 5306 1276 5377 desperatam
1299 5309 1505 5376 agentis
1530 5306 1770 5377 perfugio
1799 5307 1865 5361 ad
1888 5306 2023 5361 alios

439 5385 599 5446 atque
626 5379 759 5433 alios
786 5379 1091 5449 episcopos,
1118 5385 1171 5433 et
1189 5377 1255 5433 ad
1284 5378 1525 5433 diversas
1551 5380 1806 5449 synodos,
1827 5389 1885 5433 ut
1909 5392 2026 5449 rno-

440 5463 529 5503 ras
564 5449 832 5520 longiores
855 5448 1112 5514 necteret,
1137 5459 1193 5505 et
1216 5450 1437 5515 alicubi,
1460 5450 1505 5503 si
1530 5448 1644 5504 ﬁeri
1676 5459 1877 5519 posset,
1905 5448 2025 5503 Fla-

438 5520 582 5574 viani
613 5524 933 5578 sententiam
954 5520 1367 5577 rescindendatn
1397 5530 1631 5575 curaret.

514 5592 585 5661 (ε)
619 5593 714 5647 llic
742 5594 1026 5662 respicitur
1062 5594 1164 5647 alia
1205 5592 1493 5647 Theodosii
1531 5593 1872 5661 imperatoris
1910 5592 2025 5660 epi-

440 5664 578 5717 stola
609 5665 707 5720 sub
752 5665 925 5734 ipsum
972 5664 1182 5720 concilii
1225 5672 1435 5733 tempus
1460 5663 1585 5717 data
1614 5664 1680 5717 ad
1706 5662 2019 5718 Dioscorum

440 5734 883 5802 Alexandrinum,
913 5738 965 5791 in
992 5752 1093 5807 qua
1128 5736 1326 5792 idcirco
1355 5736 1606 5806 primatus
1637 5735 1895 5807 eidemin
1925 5735 2025 5790 hac

439 5820 598 5877 caus;t
625 5808 851 5861 tributus
878 5806 1109 5875 videtur,
1145 5808 1265 5876 quia
1294 5812 1587 5875 imperator
1611 5806 1863 5877 Eutychis
1887 5806 2027 5863 dolis

441 5876 722 5948 demptus,
740 5898 857 5935 cum
875 5884 987 5952 ejus
1006 5880 1360 5952 patrocinium
1384 5876 1733 5952 suscepisset,
1754 5895 1881 5940 eunt
1897 5893 2029 5939 cou-

2133 4377 2277 4439 cilio,
2330 4392 2425 4431 seu
2474 4378 2650 4431 verius
2700 4376 2980 4431 latrocinio
3020 4376 3293 4444 Ephesino
3321 4374 3732 4446 praeﬁciendum

2133 4450 2378 4513 credidit,
2401 4464 2559 4518 quem
2579 4449 2834 4519 Eutychis
2859 4448 3198 4519 defensorem
3227 4458 3550 4517 agnoverat,
3580 4449 3735 4518 eique

2132 4521 2292 4575 etiam
2319 4521 2544 4575 comites
2573 4518 2777 4574 addidit
2798 4520 3111 4575 Juvenalem
3129 4518 3604 4589 lerosolymorum
3624 4520 3737 4589 epi-

2132 4604 2375 4660 scopum,
2409 4602 2461 4645 et
2490 4592 2827 4645 Thalassium
2877 4592 3189 4662 episcopum
3226 4593 3492 4645 Caesareae
3525 4592 3740 4661 Cappa-

2133 4662 2325 4728 d0t:i:e,
2362 4674 2638 4731 propterea
2670 4664 2812 4733 quod
2846 4663 2944 4717 hos
2975 4665 3180 4717 sciebat
3231 4663 3488 4717 Dioscoro
3519 4679 3738 4717 consen-

2132 4741 2305 4788 taneas
2339 4736 2560 4804 futuros.
2582 4735 2677 4789 Hic
2704 4745 2988 4804 ttsurpattts
3012 4749 3040 4787 a
3069 4735 3321 4788 Dioscoro
3350 4735 3625 4803 primatus
3654 4750 3738 4790 re-

2049 4798 2100 4859 D
2128 4798 2481 4874 prehenditur
2527 4822 2553 4858 a
2601 4806 2657 4861 ὃ.
2706 4798 2969 4873 Prospero
3014 4806 3064 4858 in
3104 4798 3373 4859 Cltronico
3418 4806 3663 4877 integro,
3706 4820 3735 4860 a

2126 4878 2347 4932 Rustico
2387 4879 2614 4931 diacono
2666 4879 2718 4931 in
2773 4879 3045 4931 notatione
3090 4877 3156 4929 ad
3203 4877 3338 4930 hanc
3382 4878 3736 4948 imperatoris

2127 4950 2429 5019 epistolam,
2460 4960 2513 5003 et
2542 4964 2571 5001 a
2610 4949 2826 5003 Victore
2866 4948 3177 5003 Tunonensi
3218 4950 3269 5001 in
3304 4949 3604 5005 Chmttico.
3651 4949 3737 5004 Li-

2127 5022 2347 5077 beratus
2395 5022 2555 5074 etiam
2608 5022 2658 5073 in
2690 5020 2963 5075 Breviario
3001 5020 3165 5074 tradit
3206 5021 3475 5088 pontilicis
3519 5022 3738 5092 legatos

2130 5092 2255 5147 huic
2283 5093 2533 5161 primatui
2552 5092 2786 5146 Dioscori
2808 5093 3101 5156 restitisse;
3132 5092 3225 5147 sed
3246 5101 3434 5145 contra
3465 5092 3582 5146 vim
3609 5092 3739 5163 quid

2128 5163 2410 5234 poterant?
2440 5163 2624 5218 S.Leo
2652 5164 2701 5217 id
2732 5179 2837 5218 non
2862 5164 3090 5217 obscure
3114 5163 3425 5232 improbans
3454 5166 3625 5234 epist.
3645 5165 3737 5231 89,

2134 5234 2202 5289 ad
2242 5235 2586 5299 Marcianum,
2618 5237 2846 5302 legatum
2878 5249 3031 5288 suum
3062 5234 3487 5289 Chalcedonensi
3542 5237 3743 5305 praesi-

2130 5306 2259 5361 dere
2284 5307 2469 5360 voluit.
2519 5306 2647 5361 Vide
2684 5312 2867 5360 annm.
2902 5308 2935 5361 9
2978 5305 3149 5377 (Tom.
3192 5307 3409 5377 prwced.
3456 5309 3565 5361 col.
3603 5308 3739 5371 951,

2128 5394 2179 5431 n.
2219 5379 2267 5445 ο)
2314 5378 2364 5431 ἱιι
2417 5380 2659 5432 eamdem
2706 5380 3009 5447 epistolam,
3064 5378 3153 5431 ubi
3193 5389 3247 5432 et
3289 5380 3427 5433 hanc
3459 5393 3745 5448 primatus

2129 5451 2529 5517 usurpationem
2564 5450 2614 5503 in
2656 5449 3079 5504 Chalcedonensi
3117 5449 3219 5518 ipsi
3262 5449 3521 5505 Dioscoro
3563 5466 3597 5505 a
3634 5451 3743 5505 Lu-

2127 5521 2305 5575 centio
2334 5520 2596 5589 objectant
2632 5521 2881 5574 vidimus.

2200 5592 2278 5662 (ί)
2305 5592 2427 5646 Hzec
2449 5591 2840 5662 Meliphtongus
2867 5590 3149 5661 episcOpus
3171 5606 3238 5648 eo
3256 5594 3483 5648 consilio
3504 5593 3661 5649 dixit
3684 5602 3744 5648 ut

2126 5677 2344 5719 causam
2374 5665 2441 5718 ad
2483 5665 2843 5718 universalem
2887 5664 3149 5734 synodum
3185 5666 3334 5733 jussu
3375 5666 3741 5734 imperatoris

2129 5736 2384 5801 delatam,
2424 5750 2454 5789 a
2484 5745 2749 5790 conventu
2777 5734 3375 5805 Constantitmpolitano
3414 5738 3741 5803 eximeret;

2130 5822 2237 5879 non
2262 5822 2390 5879 vero
2412 5821 2477 5861 eo
2503 5817 2559 5860 ut
2582 5823 2688 5861 non
2716 5807 2838 5861 alibi
2861 5821 3020 5877 quam
3053 5808 3108 5860 in
3135 5811 3369 5879 generali
3400 5810 3648 5868 cont-ili»
3676 5814 3746 5869 de

2130 5878 2432 5947 majoribus
2450 5880 2630 5937 causis
2650 5879 2871 5937 decerni
2896 5888 3103 5951 posset.
