  <div class='ocr_page' id='page_1' title='image "/cluster/home/n/w/nwhite01/storage/ocr_20150623/55/hvd.32044015471592/121.png"; bbox 0 0 3968 6308; ppageno 0'>
   <div class='ocr_carea' id='block_1_1' title="bbox 532 360 638 427">
    <p class='ocr_par' dir='ltr' id='par_1_1' title="bbox 532 360 638 427">
     <span class='ocr_line' id='line_1_1' title="bbox 532 360 638 427; baseline -0.038 1"><span class='ocrx_word' id='word_1_1' title='bbox 532 360 638 427; x_wconf 65' lang='grc'><strong>931</strong></span> 
     </span>
    </p>
   </div>
   <div class='ocr_carea' id='block_1_2' title="bbox 999 350 3307 435">
    <p class='ocr_par' dir='ltr' id='par_1_2' title="bbox 999 350 3307 435">
     <span class='ocr_line' id='line_1_2' title="bbox 999 350 3307 435; baseline -0.005 -14"><span class='ocrx_word' id='word_1_2' title='bbox 999 358 1243 423; x_wconf 78' lang='lat' dir='ltr'><strong>PASCH.</strong></span> <span class='ocrx_word' id='word_1_3' title='bbox 1282 356 1671 433; x_wconf 83' lang='lat' dir='ltr'><strong>QUESNELLI</strong></span> <span class='ocrx_word' id='word_1_4' title='bbox 1706 355 2285 435; x_wconf 75' lang='lat' dir='ltr'><strong>DISSERTATIONES</strong></span> <span class='ocrx_word' id='word_1_5' title='bbox 2322 356 2389 417; x_wconf 79' lang='lat' dir='ltr'><strong>IN</strong></span> <span class='ocrx_word' id='word_1_6' title='bbox 2426 357 2485 416; x_wconf 88' lang='lat' dir='ltr'><strong>S.</strong></span> <span class='ocrx_word' id='word_1_7' title='bbox 2526 353 2770 415; x_wconf 83' lang='lat' dir='ltr'><strong>LEONIS</strong></span> <span class='ocrx_word' id='word_1_8' title='bbox 2805 352 3024 413; x_wconf 73' lang='lat' dir='ltr'><strong>MAGNI</strong></span> <span class='ocrx_word' id='word_1_9' title='bbox 3059 350 3307 411; x_wconf 79' lang='lat' dir='ltr'><strong>OPERA.</strong></span> 
     </span>
    </p>
   </div>
   <div class='ocr_carea' id='block_1_3' title="bbox 3700 345 3791 409">
    <p class='ocr_par' dir='ltr' id='par_1_3' title="bbox 3700 345 3791 409">
     <span class='ocr_line' id='line_1_3' title="bbox 3700 345 3791 409; baseline -0.033 0"><span class='ocrx_word' id='word_1_10' title='bbox 3700 345 3791 409; x_wconf 67' lang='grc'><strong>252</strong></span> 
     </span>
    </p>
   </div>
   <div class='ocr_carea' id='block_1_4' title="bbox 535 471 3789 553">
    <p class='ocr_par' dir='ltr' id='par_1_4' title="bbox 535 471 3789 553">
     <span class='ocr_line' id='line_1_4' title="bbox 535 471 3789 553; baseline -0.002 -18"><span class='ocrx_word' id='word_1_11' title='bbox 535 493 645 553; x_wconf 90' lang='lat' dir='ltr'><strong>que</strong></span> <span class='ocrx_word' id='word_1_12' title='bbox 682 476 925 553; x_wconf 79' lang='lat' dir='ltr'><strong>synodi,_</strong></span> <span class='ocrx_word' id='word_1_13' title='bbox 949 476 1092 553; x_wconf 76' lang='lat' dir='ltr'><strong>mitti</strong></span> <span class='ocrx_word' id='word_1_14' title='bbox 1134 477 1186 531; x_wconf 91' lang='lat' dir='ltr'><strong>in</strong></span> <span class='ocrx_word' id='word_1_15' title='bbox 1224 476 1435 553; x_wconf 79' lang='lat' dir='ltr'><strong>vincula</strong></span> <span class='ocrx_word' id='word_1_16' title='bbox 1478 475 1788 553; x_wconf 75' lang='lat' dir='ltr'><strong>turbatores</strong></span> <span class='ocrx_word' id='word_1_17' title='bbox 1819 477 2123 553; x_wconf 68' lang='lat' dir='ltr'><strong>concordiae</strong></span> <span class='ocrx_word' id='word_1_18' title='bbox 2151 483 2199 541; x_wconf 76' lang='grc' dir='ltr'>Α</span> <span class='ocrx_word' id='word_1_19' title='bbox 2228 476 2626 553; x_wconf 82' lang='lat' dir='ltr'><strong>Antiochenns,</strong></span> <span class='ocrx_word' id='word_1_20' title='bbox 2671 476 2766 553; x_wconf 81' lang='lat' dir='ltr'><strong>sed</strong></span> <span class='ocrx_word' id='word_1_21' title='bbox 2793 486 2860 553; x_wconf 92' lang='lat' dir='ltr'><strong>et_</strong></span> <span class='ocrx_word' id='word_1_22' title='bbox 2879 476 3198 553; x_wconf 78' lang='lat' dir='ltr'><strong>quicumque</strong></span> <span class='ocrx_word' id='word_1_23' title='bbox 3221 475 3403 553; x_wconf 77' lang='lat' dir='ltr'><strong>jurarc</strong></span> <span class='ocrx_word' id='word_1_24' title='bbox 3432 471 3487 527; x_wconf 91' lang='lat' dir='ltr'><strong>in</strong></span> <span class='ocrx_word' id='word_1_25' title='bbox 3510 471 3673 528; x_wconf 87' lang='lat' dir='ltr'><strong>verba</strong></span> <span class='ocrx_word' id='word_1_26' title='bbox 3699 472 3789 553; x_wconf 68' lang='lat' dir='ltr'><strong>hae-</strong></span> 
     </span>
    </p>
   </div>
   <div class='ocr_carea' id='block_1_5' title="bbox 538 546 2121 621">
    <p class='ocr_par' dir='ltr' id='par_1_5' title="bbox 538 546 2121 621">
     <span class='ocr_line' id='line_1_5' title="bbox 538 546 2121 621; baseline -0.002 -14"><span class='ocrx_word' id='word_1_27' title='bbox 538 546 833 621; x_wconf 74' lang='lat' dir='ltr'><strong>intperans.</strong></span> <span class='ocrx_word' id='word_1_28' title='bbox 882 548 1009 621; x_wconf 65' lang='lat' dir='ltr'><strong>Hatc</strong></span> <span class='ocrx_word' id='word_1_29' title='bbox 1043 550 1095 603; x_wconf 90' lang='lat' dir='ltr'><strong>in</strong></span> <span class='ocrx_word' id='word_1_30' title='bbox 1129 548 1363 621; x_wconf 81' lang='lat' dir='ltr'><strong>speciem</strong></span> <span class='ocrx_word' id='word_1_31' title='bbox 1397 547 1652 621; x_wconf 83' lang='lat' dir='ltr'><strong>honesta,</strong></span> <span class='ocrx_word' id='word_1_32' title='bbox 1696 546 1790 603; x_wconf 90' lang='lat' dir='ltr'><strong>sed</strong></span> <span class='ocrx_word' id='word_1_33' title='bbox 1820 552 2013 619; x_wconf 85' lang='lat' dir='ltr'><strong>:reipsa</strong></span> <span class='ocrx_word' id='word_1_34' title='bbox 2042 550 2121 621; x_wconf 86' lang='lat' dir='ltr'><strong>ad</strong></span> 
     </span>
    </p>
   </div>
   <div class='ocr_carea' id='block_1_6' title="bbox 538 618 2120 694">
    <p class='ocr_par' dir='ltr' id='par_1_6' title="bbox 538 618 2120 694">
     <span class='ocr_line' id='line_1_6' title="bbox 538 618 2120 694; baseline -0.001 -18"><span class='ocrx_word' id='word_1_35' title='bbox 538 618 926 694; x_wconf 83' lang='lat' dir='ltr'><strong>profligandam</strong></span> <span class='ocrx_word' id='word_1_36' title='bbox 960 618 1167 694; x_wconf 80' lang='lat' dir='ltr'><strong>ﬁdem,</strong></span> <span class='ocrx_word' id='word_1_37' title='bbox 1193 618 1684 694; x_wconf 77' lang='lat' dir='ltr'><strong>opprimendosque</strong></span> <span class='ocrx_word' id='word_1_38' title='bbox 1711 618 1991 694; x_wconf 75' lang='lat' dir='ltr'><strong>catholicae</strong></span> <span class='ocrx_word' id='word_1_39' title='bbox 2020 620 2120 675; x_wconf 84' lang='lat' dir='ltr'><strong>do-</strong></span> 
     </span>
    </p>
   </div>
   <div class='ocr_carea' id='block_1_7' title="bbox 539 690 2120 760">
    <p class='ocr_par' dir='ltr' id='par_1_7' title="bbox 539 690 2120 760">
     <span class='ocr_line' id='line_1_7' title="bbox 539 690 2120 760; baseline -0.002 -12"><span class='ocrx_word' id='word_1_40' title='bbox 539 690 730 749; x_wconf 53' lang='lat' dir='ltr'><strong>ctrinae.</strong></span> <span class='ocrx_word' id='word_1_41' title='bbox 755 691 1016 747; x_wconf 85' lang='lat' dir='ltr'><strong>vindices.</strong></span> <span class='ocrx_word' id='word_1_42' title='bbox 1064 692 1322 746; x_wconf 81' lang='lat' dir='ltr'><strong>Vetantur</strong></span> <span class='ocrx_word' id='word_1_43' title='bbox 1356 690 1627 759; x_wconf 90' lang='lat' dir='ltr'><strong>episcopi,</strong></span> <span class='ocrx_word' id='word_1_44' title='bbox 1668 691 1758 760; x_wconf 89' lang='lat' dir='ltr'><strong>qui</strong></span> <span class='ocrx_word' id='word_1_45' title='bbox 1805 693 1949 759; x_wconf 89' lang='lat' dir='ltr'><strong>prius</strong></span> <span class='ocrx_word' id='word_1_46' title='bbox 1988 706 2120 747; x_wconf 87' lang='lat' dir='ltr'><strong>con-</strong></span> 
     </span>
    </p>
   </div>
   <div class='ocr_carea' id='block_1_8' title="bbox 541 761 2121 834">
    <p class='ocr_par' dir='ltr' id='par_1_8' title="bbox 541 761 2121 834">
     <span class='ocr_line' id='line_1_8' title="bbox 541 761 2121 834; baseline -0.001 -14"><span class='ocrx_word' id='word_1_47' title='bbox 541 765 927 821; x_wconf 89' lang='lat' dir='ltr'><strong>demnaverant</strong></span> <span class='ocrx_word' id='word_1_48' title='bbox 956 762 1286 834; x_wconf 86' lang='lat' dir='ltr'><strong>Eutychem,</strong></span> <span class='ocrx_word' id='word_1_49' title='bbox 1331 763 1649 834; x_wconf 83' lang='lat' dir='ltr'><strong>sententiam</strong></span> <span class='ocrx_word' id='word_1_50' title='bbox 1688 761 1911 819; x_wconf 88' lang='lat' dir='ltr'><strong>dicere:</strong></span> <span class='ocrx_word' id='word_1_51' title='bbox 1958 764 2121 819; x_wconf 89' lang='lat' dir='ltr'><strong>immo</strong></span> 
     </span>
    </p>
   </div>
   <div class='ocr_carea' id='block_1_9' title="bbox 532 832 2120 908">
    <p class='ocr_par' dir='ltr' id='par_1_9' title="bbox 532 832 2120 908">
     <span class='ocr_line' id='line_1_9' title="bbox 532 832 2120 908; baseline -0.001 -17"><span class='ocrx_word' id='word_1_52' title='bbox 532 835 792 908; x_wconf 87' lang='lat' dir='ltr'><strong>judicium</strong></span> <span class='ocrx_word' id='word_1_53' title='bbox 828 835 897 908; x_wconf 73' lang='lat' dir='ltr'><strong>de</strong></span> <span class='ocrx_word' id='word_1_54' title='bbox 919 850 1033 908; x_wconf 7' lang='lat' dir='ltr'><strong>(suo</strong></span> <span class='ocrx_word' id='word_1_55' title='bbox 1063 832 1115 889; x_wconf 82' lang='lat' dir='ltr'><strong>in</strong></span> <span class='ocrx_word' id='word_1_56' title='bbox 1152 834 1449 908; x_wconf 83' lang='lat' dir='ltr'><strong>Eutychem</strong></span> <span class='ocrx_word' id='word_1_57' title='bbox 1469 832 1672 901; x_wconf 86' lang='lat' dir='ltr'><strong>judicio</strong></span> <span class='ocrx_word' id='word_1_58' title='bbox 1694 845 1986 908; x_wconf 76' lang='lat' dir='ltr'><strong>_expemare</strong></span> <span class='ocrx_word' id='word_1_59' title='bbox 2016 835 2120 908; x_wconf 46' lang='lat' dir='ltr'><strong>im:</strong></span> 
     </span>
    </p>
   </div>
   <div class='ocr_carea' id='block_1_10' title="bbox 544 903 2120 975">
    <p class='ocr_par' dir='ltr' id='par_1_10' title="bbox 544 903 2120 975">
     <span class='ocr_line' id='line_1_10' title="bbox 544 903 2120 975; baseline -0.002 -12"><span class='ocrx_word' id='word_1_60' title='bbox 544 903 819 974; x_wconf 79' lang='lat' dir='ltr'><strong>perantur.</strong></span> <span class='ocrx_word' id='word_1_61' title='bbox 880 907 1055 961; x_wconf 71' lang='lat' dir='ltr'><strong>Missa:</strong></span> <span class='ocrx_word' id='word_1_62' title='bbox 1106 903 1366 975; x_wconf 68' lang='lat' dir='ltr'><strong>praeterea</strong></span> <span class='ocrx_word' id='word_1_63' title='bbox 1419 904 1612 959; x_wconf 65' lang='lat' dir='ltr'><strong>litterae</strong></span> <span class='ocrx_word' id='word_1_64' title='bbox 1659 903 1727 957; x_wconf 90' lang='lat' dir='ltr'><strong>ab</strong></span> <span class='ocrx_word' id='word_1_65' title='bbox 1770 910 2011 975; x_wconf 87' lang='lat' dir='ltr'><strong>Augusto</strong></span> <span class='ocrx_word' id='word_1_66' title='bbox 2056 906 2120 961; x_wconf 91' lang='lat' dir='ltr'><strong>ad</strong></span> 
     </span>
    </p>
   </div>
   <div class='ocr_carea' id='block_1_11' title="bbox 540 974 2121 1047">
    <p class='ocr_par' dir='ltr' id='par_1_11' title="bbox 540 974 2121 1047">
     <span class='ocr_line' id='line_1_11' title="bbox 540 974 2121 1047; baseline -0.002 -13"><span class='ocrx_word' id='word_1_67' title='bbox 540 977 927 1034; x_wconf 86' lang='lat' dir='ltr'><strong>Proconsulem</strong></span> <span class='ocrx_word' id='word_1_68' title='bbox 986 977 1305 1047; x_wconf 80' lang='lat' dir='ltr'><strong>provinciae,</strong></span> <span class='ocrx_word' id='word_1_69' title='bbox 1357 974 1424 1029; x_wconf 89' lang='lat' dir='ltr'><strong>ad</strong></span> <span class='ocrx_word' id='word_1_70' title='bbox 1475 974 1820 1047; x_wconf 76' lang='lat' dir='ltr'><strong>magistratus</strong></span> <span class='ocrx_word' id='word_1_71' title='bbox 1863 974 1918 1032; x_wconf 86' lang='lat' dir='ltr'><strong>et</strong></span> <span class='ocrx_word' id='word_1_72' title='bbox 1957 977 2121 1032; x_wconf 88' lang='lat' dir='ltr'><strong>duces</strong></span> 
     </span>
    </p>
   </div>
   <div class='ocr_carea' id='block_1_12' title="bbox 539 1044 2117 1115">
    <p class='ocr_par' dir='ltr' id='par_1_12' title="bbox 539 1044 2117 1115">
     <span class='ocr_line' id='line_1_12' title="bbox 539 1044 2117 1115; baseline -0.001 -10"><span class='ocrx_word' id='word_1_73' title='bbox 539 1050 834 1115; x_wconf 85' lang='lat' dir='ltr'><strong>exercitus,</strong></span> <span class='ocrx_word' id='word_1_74' title='bbox 882 1056 941 1103; x_wconf 90' lang='lat' dir='ltr'><strong>ut</strong></span> <span class='ocrx_word' id='word_1_75' title='bbox 968 1044 1299 1104; x_wconf 83' lang='lat' dir='ltr'><strong>exsecutioni</strong></span> <span class='ocrx_word' id='word_1_76' title='bbox 1340 1044 1596 1101; x_wconf 77' lang='lat' dir='ltr'><strong>mandem</strong></span> <span class='ocrx_word' id='word_1_77' title='bbox 1624 1044 1841 1101; x_wconf 88' lang='lat' dir='ltr'><strong>decreta</strong></span> <span class='ocrx_word' id='word_1_78' title='bbox 1881 1049 2117 1105; x_wconf 89' lang='lat' dir='ltr'><strong>concilii.</strong></span> 
     </span>
    </p>
   </div>
   <div class='ocr_carea' id='block_1_13' title="bbox 540 1117 2122 1191">
    <p class='ocr_par' dir='ltr' id='par_1_13' title="bbox 540 1117 2122 1191">
     <span class='ocr_line' id='line_1_13' title="bbox 540 1117 2122 1191; baseline -0.001 -15"><span class='ocrx_word' id='word_1_79' title='bbox 540 1120 767 1176; x_wconf 91' lang='lat' dir='ltr'><strong>Demum</strong></span> <span class='ocrx_word' id='word_1_80' title='bbox 795 1121 860 1175; x_wconf 88' lang='lat' dir='ltr'><strong>ad</strong></span> <span class='ocrx_word' id='word_1_81' title='bbox 888 1120 1054 1190; x_wconf 88' lang='lat' dir='ltr'><strong>ipsam</strong></span> <span class='ocrx_word' id='word_1_82' title='bbox 1078 1119 1367 1191; x_wconf 84' lang='lat' dir='ltr'><strong>synodum,</strong></span> <span class='ocrx_word' id='word_1_83' title='bbox 1391 1118 1479 1172; x_wconf 91' lang='lat' dir='ltr'><strong>ubi</strong></span> <span class='ocrx_word' id='word_1_84' title='bbox 1502 1117 1905 1191; x_wconf 78' lang='lat' dir='ltr'><strong>Flavianum__nt</strong></span> <span class='ocrx_word' id='word_1_85' title='bbox 1931 1120 2122 1175; x_wconf 89' lang='lat' dir='ltr'><strong>turbu-</strong></span> 
     </span>
    </p>
   </div>
   <div class='ocr_carea' id='block_1_14' title="bbox 541 1188 2120 1262">
    <p class='ocr_par' dir='ltr' id='par_1_14' title="bbox 541 1188 2120 1262">
     <span class='ocr_line' id='line_1_14' title="bbox 541 1188 2120 1262; baseline -0.001 -14"><span class='ocrx_word' id='word_1_86' title='bbox 541 1191 741 1248; x_wconf 90' lang='lat' dir='ltr'><strong>lentum</strong></span> <span class='ocrx_word' id='word_1_87' title='bbox 761 1201 812 1247; x_wconf 93' lang='lat' dir='ltr'><strong>et</strong></span> <span class='ocrx_word' id='word_1_88' title='bbox 830 1188 992 1262; x_wconf 71' lang='lat' dir='ltr'><strong>novas</strong></span> <span class='ocrx_word' id='word_1_89' title='bbox 1013 1188 1169 1247; x_wconf 83' lang='lat' dir='ltr'><strong>resin</strong></span> <span class='ocrx_word' id='word_1_90' title='bbox 1188 1189 1449 1258; x_wconf 89' lang='lat' dir='ltr'><strong>religione</strong></span> <span class='ocrx_word' id='word_1_91' title='bbox 1466 1189 1799 1262; x_wconf 85' lang='lat' dir='ltr'><strong>molientem,</strong></span> <span class='ocrx_word' id='word_1_92' title='bbox 1820 1188 2120 1262; x_wconf 84' lang='lat' dir='ltr'><strong>Eutychem</strong></span> 
     </span>
    </p>
   </div>
   <div class='ocr_carea' id='block_1_15' title="bbox 542 1260 2120 1331">
    <p class='ocr_par' dir='ltr' id='par_1_15' title="bbox 542 1260 2120 1331">
     <span class='ocr_line' id='line_1_15' title="bbox 542 1260 2120 1331; baseline 0 -13"><span class='ocrx_word' id='word_1_93' title='bbox 542 1278 671 1319; x_wconf 90' lang='lat' dir='ltr'><strong>vero</strong></span> <span class='ocrx_word' id='word_1_94' title='bbox 710 1261 1005 1318; x_wconf 81' lang='lat' dir='ltr'><strong>honorifice</strong></span> <span class='ocrx_word' id='word_1_95' title='bbox 1035 1262 1343 1331; x_wconf 89' lang='lat' dir='ltr'><strong>compellat,</strong></span> <span class='ocrx_word' id='word_1_96' title='bbox 1381 1268 1439 1314; x_wconf 94' lang='lat' dir='ltr'><strong>ut</strong></span> <span class='ocrx_word' id='word_1_97' title='bbox 1466 1261 1640 1315; x_wconf 85' lang='lat' dir='ltr'><strong>virum</strong></span> <span class='ocrx_word' id='word_1_98' title='bbox 1673 1260 1897 1330; x_wconf 88' lang='lat' dir='ltr'><strong>probum</strong></span> <span class='ocrx_word' id='word_1_99' title='bbox 1928 1260 1992 1317; x_wconf 82' lang='lat' dir='ltr'><strong>et</strong></span> <span class='ocrx_word' id='word_1_100' title='bbox 2027 1278 2120 1318; x_wconf 87' lang='lat' dir='ltr'><strong>ca-</strong></span> 
     </span>
    </p>
   </div>
   <div class='ocr_carea' id='block_1_16' title="bbox 540 1334 1316 1390">
    <p class='ocr_par' dir='ltr' id='par_1_16' title="bbox 540 1334 1316 1390">
     <span class='ocr_line' id='line_1_16' title="bbox 540 1334 1316 1390; baseline -0.008 0"><span class='ocrx_word' id='word_1_101' title='bbox 540 1334 752 1390; x_wconf 64' lang='lat' dir='ltr'><strong>tholicae</strong></span> <span class='ocrx_word' id='word_1_102' title='bbox 779 1335 1020 1390; x_wconf 82' lang='lat' dir='ltr'><strong>veritatis</strong></span> <span class='ocrx_word' id='word_1_103' title='bbox 1052 1343 1316 1388; x_wconf 88' lang='lat' dir='ltr'><strong>tenacem.</strong></span> 
     </span>
    </p>
   </div>
   <div class='ocr_carea' id='block_1_17' title="bbox 610 1401 2120 1474">
    <p class='ocr_par' dir='ltr' id='par_1_17' title="bbox 610 1401 2120 1474">
     <span class='ocr_line' id='line_1_17' title="bbox 610 1401 2120 1474; baseline -0.001 -15"><span class='ocrx_word' id='word_1_104' title='bbox 610 1406 791 1461; x_wconf 85' lang='lat' dir='ltr'><strong>Rebus</strong></span> <span class='ocrx_word' id='word_1_105' title='bbox 841 1405 914 1459; x_wconf 89' lang='lat' dir='ltr'><strong>ita</strong></span> <span class='ocrx_word' id='word_1_106' title='bbox 958 1403 1271 1474; x_wconf 83' lang='lat' dir='ltr'><strong>compositis</strong></span> <span class='ocrx_word' id='word_1_107' title='bbox 1305 1401 1543 1474; x_wconf 83' lang='lat' dir='ltr'><strong>habetur</strong></span> <span class='ocrx_word' id='word_1_108' title='bbox 1578 1402 1813 1474; x_wconf 88' lang='lat' dir='ltr'><strong>synodus</strong></span> <span class='ocrx_word' id='word_1_109' title='bbox 1857 1403 1924 1458; x_wconf 88' lang='lat' dir='ltr'><strong>ab</strong></span> <span class='ocrx_word' id='word_1_110' title='bbox 1981 1419 2120 1459; x_wconf 86' lang='lat' dir='ltr'><strong>cxxx</strong></span> 
     </span>
    </p>
   </div>
   <div class='ocr_carea' id='block_1_18' title="bbox 540 1473 2123 1546">
    <p class='ocr_par' dir='ltr' id='par_1_18' title="bbox 540 1473 2123 1546">
     <span class='ocr_line' id='line_1_18' title="bbox 540 1473 2123 1546; baseline -0.001 -14"><span class='ocrx_word' id='word_1_111' title='bbox 540 1477 829 1546; x_wconf 78' lang='lat' dir='ltr'><strong>episcopis,</strong></span> <span class='ocrx_word' id='word_1_112' title='bbox 862 1490 996 1546; x_wconf 90' lang='lat' dir='ltr'><strong>quos</strong></span> <span class='ocrx_word' id='word_1_113' title='bbox 1033 1473 1175 1530; x_wconf 90' lang='lat' dir='ltr'><strong>inter</strong></span> <span class='ocrx_word' id='word_1_114' title='bbox 1210 1473 1515 1530; x_wconf 88' lang='lat' dir='ltr'><strong>eminebant</strong></span> <span class='ocrx_word' id='word_1_115' title='bbox 1543 1473 1797 1546; x_wconf 88' lang='lat' dir='ltr'><strong>_Domnus</strong></span> <span class='ocrx_word' id='word_1_116' title='bbox 1826 1474 2123 1546; x_wconf 76' lang='lat' dir='ltr'><strong>Antioche-</strong></span> 
     </span>
    </p>
   </div>
   <div class='ocr_carea' id='block_1_19' title="bbox 541 1543 2123 1627">
    <p class='ocr_par' dir='ltr' id='par_1_19' title="bbox 541 1543 2123 1627">
     <span class='ocr_line' id='line_1_19' title="bbox 541 1543 2123 1627; baseline -0.001 -25"><span class='ocrx_word' id='word_1_117' title='bbox 541 1543 669 1627; x_wconf 71' lang='lat' dir='ltr'><strong>illis,</strong></span> <span class='ocrx_word' id='word_1_118' title='bbox 708 1543 1508 1627; x_wconf 38' lang='lat' dir='ltr'><strong>{uvenalisierosolymita‘nus,</strong></span> <span class='ocrx_word' id='word_1_119' title='bbox 1543 1543 1830 1627; x_wconf 69' lang='lat' dir='ltr'><strong>Flavianus</strong></span> <span class='ocrx_word' id='word_1_120' title='bbox 1861 1544 2123 1627; x_wconf 77' lang='lat' dir='ltr'><strong>Constan-</strong></span> 
     </span>
    </p>
   </div>
   <div class='ocr_carea' id='block_1_20' title="bbox 540 1614 2119 1689">
    <p class='ocr_par' dir='ltr' id='par_1_20' title="bbox 540 1614 2119 1689">
     <span class='ocr_line' id='line_1_20' title="bbox 540 1614 2119 1689; baseline -0.002 -16"><span class='ocrx_word' id='word_1_121' title='bbox 540 1618 948 1689; x_wconf 89' lang='lat' dir='ltr'><strong>tin0politanus,</strong></span> <span class='ocrx_word' id='word_1_122' title='bbox 995 1614 1307 1689; x_wconf 79' lang='lat' dir='ltr'><strong>Thalassius</strong></span> <span class='ocrx_word' id='word_1_123' title='bbox 1355 1614 1615 1689; x_wconf 60' lang='lat' dir='ltr'><strong>Caesarea:</strong></span> <span class='ocrx_word' id='word_1_124' title='bbox 1664 1616 1717 1671; x_wconf 92' lang='lat' dir='ltr'><strong>in</strong></span> <span class='ocrx_word' id='word_1_125' title='bbox 1764 1616 2119 1686; x_wconf 86' lang='lat' dir='ltr'><strong>Cappadocia.</strong></span> 
     </span>
    </p>
   </div>
   <div class='ocr_carea' id='block_1_21' title="bbox 543 1686 2119 1758">
    <p class='ocr_par' dir='ltr' id='par_1_21' title="bbox 543 1686 2119 1758">
     <span class='ocr_line' id='line_1_21' title="bbox 543 1686 2119 1758; baseline -0.003 -14"><span class='ocrx_word' id='word_1_126' title='bbox 543 1686 797 1744; x_wconf 67' lang='lat' dir='ltr'><strong>Flaviano</strong></span> <span class='ocrx_word' id='word_1_127' title='bbox 820 1689 970 1743; x_wconf 90' lang='lat' dir='ltr'><strong>locus</strong></span> <span class='ocrx_word' id='word_1_128' title='bbox 991 1688 1088 1742; x_wconf 91' lang='lat' dir='ltr'><strong>fuit</strong></span> <span class='ocrx_word' id='word_1_129' title='bbox 1108 1695 1229 1758; x_wconf 90' lang='lat' dir='ltr'><strong>post</strong></span> <span class='ocrx_word' id='word_1_130' title='bbox 1248 1686 1757 1756; x_wconf 82' lang='lat' dir='ltr'><strong>Jerosolymitanum</strong></span> <span class='ocrx_word' id='word_1_131' title='bbox 1786 1690 2119 1758; x_wconf 89' lang='lat' dir='ltr'><strong>episcopum.</strong></span> 
     </span>
    </p>
   </div>
   <div class='ocr_carea' id='block_1_22' title="bbox 543 1758 2113 1831">
    <p class='ocr_par' dir='ltr' id='par_1_22' title="bbox 543 1758 2113 1831">
     <span class='ocr_line' id='line_1_22' title="bbox 543 1758 2113 1831; baseline -0.001 -16"><span class='ocrx_word' id='word_1_132' title='bbox 543 1760 807 1815; x_wconf 84' lang='lat' dir='ltr'><strong>Eusebius</strong></span> <span class='ocrx_word' id='word_1_133' title='bbox 834 1759 1088 1831; x_wconf 78' lang='lat' dir='ltr'><strong>Dorylaei.</strong></span> <span class='ocrx_word' id='word_1_134' title='bbox 1117 1774 1225 1813; x_wconf 88' lang='lat' dir='ltr'><strong>non</strong></span> <span class='ocrx_word' id='word_1_135' title='bbox 1252 1770 1308 1813; x_wconf 92' lang='lat' dir='ltr'><strong>ut</strong></span> <span class='ocrx_word' id='word_1_136' title='bbox 1331 1758 1518 1831; x_wconf 76' lang='lat' dir='ltr'><strong>judex,</strong></span> <span class='ocrx_word' id='word_1_137' title='bbox 1546 1758 1640 1813; x_wconf 91' lang='lat' dir='ltr'><strong>sed</strong></span> <span class='ocrx_word' id='word_1_138' title='bbox 1671 1766 1728 1812; x_wconf 90' lang='lat' dir='ltr'><strong>ut</strong></span> <span class='ocrx_word' id='word_1_139' title='bbox 1760 1772 1883 1831; x_wconf 76' lang='lat' dir='ltr'><strong>_re_us</strong></span> <span class='ocrx_word' id='word_1_140' title='bbox 1909 1760 2113 1813; x_wconf 86' lang='lat' dir='ltr'><strong>admis-</strong></span> 
     </span>
    </p>
   </div>
   <div class='ocr_carea' id='block_1_23' title="bbox 541 1828 2121 1898">
    <p class='ocr_par' dir='ltr' id='par_1_23' title="bbox 541 1828 2121 1898">
     <span class='ocr_line' id='line_1_23' title="bbox 541 1828 2121 1898; baseline -0.003 -12"><span class='ocrx_word' id='word_1_141' title='bbox 541 1845 653 1886; x_wconf 89' lang='lat' dir='ltr'><strong>sus.</strong></span> <span class='ocrx_word' id='word_1_142' title='bbox 684 1828 1011 1886; x_wconf 69' lang='lat' dir='ltr'><strong>Praesidebat</strong></span> <span class='ocrx_word' id='word_1_143' title='bbox 1039 1830 1345 1884; x_wconf 85' lang='lat' dir='ltr'><strong>Dioscorus.</strong></span> <span class='ocrx_word' id='word_1_144' title='bbox 1389 1828 1573 1898; x_wconf 82' lang='lat' dir='ltr'><strong>Legati</strong></span> <span class='ocrx_word' id='word_1_145' title='bbox 1602 1829 1773 1883; x_wconf 84' lang='lat' dir='ltr'><strong>sancti</strong></span> <span class='ocrx_word' id='word_1_146' title='bbox 1804 1828 1999 1884; x_wconf 93' lang='lat' dir='ltr'><strong>Leonis</strong></span> <span class='ocrx_word' id='word_1_147' title='bbox 2028 1831 2121 1883; x_wconf 88' lang='lat' dir='ltr'><strong>ah-</strong></span> 
     </span>
    </p>
   </div>
   <div class='ocr_carea' id='block_1_24' title="bbox 541 1874 2204 1971">
    <p class='ocr_par' dir='ltr' id='par_1_24' title="bbox 541 1874 2204 1971">
     <span class='ocr_line' id='line_1_24' title="bbox 541 1874 2204 1971; baseline -0.002 -14"><span class='ocrx_word' id='word_1_148' title='bbox 541 1904 769 1957; x_wconf 82' lang='lat' dir='ltr'><strong>sentiam</strong></span> <span class='ocrx_word' id='word_1_149' title='bbox 799 1902 914 1971; x_wconf 89' lang='lat' dir='ltr'><strong>ejus</strong></span> <span class='ocrx_word' id='word_1_150' title='bbox 941 1903 1120 1957; x_wconf 87' lang='lat' dir='ltr'><strong>causis</strong></span> <span class='ocrx_word' id='word_1_151' title='bbox 1145 1910 1199 1955; x_wconf 90' lang='lat' dir='ltr'><strong>et</strong></span> <span class='ocrx_word' id='word_1_152' title='bbox 1226 1874 1530 1955; x_wconf 68' lang='lat' dir='ltr'><strong>rationibos</strong></span> <span class='ocrx_word' id='word_1_153' title='bbox 1557 1900 1944 1969; x_wconf 85' lang='lat' dir='ltr'><strong>deprecantur:</strong></span> <span class='ocrx_word' id='word_1_154' title='bbox 1975 1916 2127 1955; x_wconf 89' lang='lat' dir='ltr'><strong>cum-</strong></span> <span class='ocrx_word' id='word_1_155' title='bbox 2157 1874 2204 1934; x_wconf 78' lang='grc' dir='ltr'><strong>Β</strong></span> 
     </span>
    </p>
   </div>
   <div class='ocr_carea' id='block_1_25' title="bbox 541 1971 2129 2043">
    <p class='ocr_par' dir='ltr' id='par_1_25' title="bbox 541 1971 2129 2043">
     <span class='ocr_line' id='line_1_25' title="bbox 541 1971 2129 2043; baseline -0.003 -13"><span class='ocrx_word' id='word_1_156' title='bbox 541 1980 647 2043; x_wconf 88' lang='lat' dir='ltr'><strong>que</strong></span> <span class='ocrx_word' id='word_1_157' title='bbox 695 1974 760 2028; x_wconf 89' lang='lat' dir='ltr'><strong>ad</strong></span> <span class='ocrx_word' id='word_1_158' title='bbox 811 1973 1096 2029; x_wconf 84' lang='lat' dir='ltr'><strong>lectionem</strong></span> <span class='ocrx_word' id='word_1_159' title='bbox 1146 1972 1266 2042; x_wconf 89' lang='lat' dir='ltr'><strong>ejus</strong></span> <span class='ocrx_word' id='word_1_160' title='bbox 1310 1971 1609 2026; x_wconf 87' lang='lat' dir='ltr'><strong>litterarum</strong></span> <span class='ocrx_word' id='word_1_161' title='bbox 1659 1982 1819 2042; x_wconf 90' lang='lat' dir='ltr'><strong>atque</strong></span> <span class='ocrx_word' id='word_1_162' title='bbox 1865 1971 2129 2043; x_wconf 85' lang='lat' dir='ltr'><strong>imprimis</strong></span> 
     </span>
    </p>
   </div>
   <div class='ocr_carea' id='block_1_26' title="bbox 540 2042 2126 2115">
    <p class='ocr_par' dir='ltr' id='par_1_26' title="bbox 540 2042 2126 2115">
     <span class='ocr_line' id='line_1_26' title="bbox 540 2042 2126 2115; baseline -0.002 -16"><span class='ocrx_word' id='word_1_163' title='bbox 540 2042 703 2115; x_wconf 81' lang='lat' dir='ltr'><strong>epist.</strong></span> <span class='ocrx_word' id='word_1_164' title='bbox 731 2044 794 2099; x_wconf 88' lang='lat' dir='ltr'><strong>ad</strong></span> <span class='ocrx_word' id='word_1_165' title='bbox 823 2044 974 2099; x_wconf 86' lang='lat' dir='ltr'><strong>Flav.</strong></span> <span class='ocrx_word' id='word_1_166' title='bbox 1014 2059 1072 2099; x_wconf 88' lang='lat' dir='ltr'><strong>se</strong></span> <span class='ocrx_word' id='word_1_167' title='bbox 1102 2045 1407 2114; x_wconf 75' lang='lat' dir='ltr'><strong>accingunt,</strong></span> <span class='ocrx_word' id='word_1_168' title='bbox 1436 2042 1759 2098; x_wconf 91' lang='lat' dir='ltr'><strong>deluduntur</strong></span> <span class='ocrx_word' id='word_1_169' title='bbox 1789 2058 1817 2096; x_wconf 89' lang='lat' dir='ltr'><strong>a</strong></span> <span class='ocrx_word' id='word_1_170' title='bbox 1849 2042 2126 2115; x_wconf 77' lang='lat' dir='ltr'><strong>Dioscoro.</strong></span> 
     </span>
    </p>
   </div>
   <div class='ocr_carea' id='block_1_27' title="bbox 541 2113 2131 2185">
    <p class='ocr_par' dir='ltr' id='par_1_27' title="bbox 541 2113 2131 2185">
     <span class='ocr_line' id='line_1_27' title="bbox 541 2113 2131 2185; baseline -0.003 -12"><span class='ocrx_word' id='word_1_171' title='bbox 541 2113 680 2173; x_wconf 81' lang='lat' dir='ltr'><strong>Aliis</strong></span> <span class='ocrx_word' id='word_1_172' title='bbox 726 2116 885 2171; x_wconf 89' lang='lat' dir='ltr'><strong>rebus</strong></span> <span class='ocrx_word' id='word_1_173' title='bbox 926 2115 1167 2185; x_wconf 80' lang='lat' dir='ltr'><strong>legendis</strong></span> <span class='ocrx_word' id='word_1_174' title='bbox 1204 2113 1582 2183; x_wconf 87' lang='lat' dir='ltr'><strong>consumptum</strong></span> <span class='ocrx_word' id='word_1_175' title='bbox 1624 2123 1863 2185; x_wconf 89' lang='lat' dir='ltr'><strong>tempus;</strong></span> <span class='ocrx_word' id='word_1_176' title='bbox 1916 2113 1984 2169; x_wconf 90' lang='lat' dir='ltr'><strong>de</strong></span> <span class='ocrx_word' id='word_1_177' title='bbox 2025 2113 2131 2168; x_wconf 88' lang='lat' dir='ltr'><strong>ﬁde</strong></span> 
     </span>
    </p>
   </div>
   <div class='ocr_carea' id='block_1_28' title="bbox 544 2184 2131 2257">
    <p class='ocr_par' dir='ltr' id='par_1_28' title="bbox 544 2184 2131 2257">
     <span class='ocr_line' id='line_1_28' title="bbox 544 2184 2131 2257; baseline -0.002 -15"><span class='ocrx_word' id='word_1_178' title='bbox 544 2203 652 2242; x_wconf 90' lang='lat' dir='ltr'><strong>non</strong></span> <span class='ocrx_word' id='word_1_179' title='bbox 700 2187 879 2242; x_wconf 85' lang='lat' dir='ltr'><strong>statim</strong></span> <span class='ocrx_word' id='word_1_180' title='bbox 926 2184 1127 2242; x_wconf 81' lang='lat' dir='ltr'><strong>actum.</strong></span> <span class='ocrx_word' id='word_1_181' title='bbox 1180 2185 1454 2257; x_wconf 86' lang='lat' dir='ltr'><strong>Eutyches</strong></span> <span class='ocrx_word' id='word_1_182' title='bbox 1500 2184 1835 2257; x_wconf 79' lang='lat' dir='ltr'><strong>introductus</strong></span> <span class='ocrx_word' id='word_1_183' title='bbox 1874 2184 2131 2257; x_wconf 80' lang='lat' dir='ltr'><strong>continuo</strong></span> 
     </span>
    </p>
   </div>
   <div class='ocr_carea' id='block_1_29' title="bbox 544 2254 2129 2328">
    <p class='ocr_par' dir='ltr' id='par_1_29' title="bbox 544 2254 2129 2328">
     <span class='ocr_line' id='line_1_29' title="bbox 544 2254 2129 2328; baseline -0.003 -15"><span class='ocrx_word' id='word_1_184' title='bbox 544 2257 711 2328; x_wconf 72' lang='lat' dir='ltr'><strong>cmpit</strong></span> <span class='ocrx_word' id='word_1_185' title='bbox 732 2258 940 2313; x_wconf 86' lang='lat' dir='ltr'><strong>diluere</strong></span> <span class='ocrx_word' id='word_1_186' title='bbox 963 2257 1138 2312; x_wconf 88' lang='lat' dir='ltr'><strong>labem</strong></span> <span class='ocrx_word' id='word_1_187' title='bbox 1164 2254 1984 2328; x_wconf 7' lang='lat' dir='ltr'><strong>haereseos,(confessionemque</strong></span> <span class='ocrx_word' id='word_1_188' title='bbox 2006 2255 2129 2328; x_wconf 85' lang='lat' dir='ltr'><strong>ﬁdei</strong></span> 
     </span>
    </p>
   </div>
   <div class='ocr_carea' id='block_1_30' title="bbox 544 2326 2133 2400">
    <p class='ocr_par' dir='ltr' id='par_1_30' title="bbox 544 2326 2133 2400">
     <span class='ocr_line' id='line_1_30' title="bbox 544 2326 2133 2400; baseline -0.001 -17"><span class='ocrx_word' id='word_1_189' title='bbox 544 2326 874 2400; x_wconf 80' lang='lat' dir='ltr'><strong>proponere.</strong></span> <span class='ocrx_word' id='word_1_190' title='bbox 911 2330 1091 2384; x_wconf 88' lang='lat' dir='ltr'><strong>Palam</strong></span> <span class='ocrx_word' id='word_1_191' title='bbox 1115 2328 1384 2400; x_wconf 12' lang='lat' dir='ltr'><strong>lectaiest,</strong></span> <span class='ocrx_word' id='word_1_192' title='bbox 1410 2326 1659 2400; x_wconf 80' lang='lat' dir='ltr'><strong>falsitatis</strong></span> <span class='ocrx_word' id='word_1_193' title='bbox 1687 2336 1744 2383; x_wconf 92' lang='lat' dir='ltr'><strong>et</strong></span> <span class='ocrx_word' id='word_1_194' title='bbox 1772 2326 2133 2400; x_wconf 82' lang='lat' dir='ltr'><strong>simulationis</strong></span> 
     </span>
    </p>
   </div>
   <div class='ocr_carea' id='block_1_31' title="bbox 545 2399 2132 2471">
    <p class='ocr_par' dir='ltr' id='par_1_31' title="bbox 545 2399 2132 2471">
     <span class='ocr_line' id='line_1_31' title="bbox 545 2399 2132 2471; baseline -0.001 -18"><span class='ocrx_word' id='word_1_195' title='bbox 545 2399 728 2471; x_wconf 80' lang='lat' dir='ltr'><strong>plena,</strong></span> <span class='ocrx_word' id='word_1_196' title='bbox 783 2410 837 2456; x_wconf 91' lang='lat' dir='ltr'><strong>et</strong></span> <span class='ocrx_word' id='word_1_197' title='bbox 893 2400 1117 2470; x_wconf 90' lang='lat' dir='ltr'><strong>ambage</strong></span> <span class='ocrx_word' id='word_1_198' title='bbox 1159 2399 1449 2471; x_wconf 80' lang='lat' dir='ltr'><strong>verborum</strong></span> <span class='ocrx_word' id='word_1_199' title='bbox 1500 2399 1775 2471; x_wconf 68' lang='lat' dir='ltr'><strong>perplexa.</strong></span> <span class='ocrx_word' id='word_1_200' title='bbox 1824 2399 2132 2453; x_wconf 83' lang='lat' dir='ltr'><strong>Retractata</strong></span> 
     </span>
    </p>
   </div>
   <div class='ocr_carea' id='block_1_32' title="bbox 547 2469 2133 2541">
    <p class='ocr_par' dir='ltr' id='par_1_32' title="bbox 547 2469 2133 2541">
     <span class='ocr_line' id='line_1_32' title="bbox 547 2469 2133 2541; baseline -0.002 -14"><span class='ocrx_word' id='word_1_201' title='bbox 547 2469 742 2528; x_wconf 81' lang='lat' dir='ltr'><strong>deinde</strong></span> <span class='ocrx_word' id='word_1_202' title='bbox 773 2480 891 2527; x_wconf 90' lang='lat' dir='ltr'><strong>acta</strong></span> <span class='ocrx_word' id='word_1_203' title='bbox 924 2472 1042 2541; x_wconf 91' lang='lat' dir='ltr'><strong>ejus</strong></span> <span class='ocrx_word' id='word_1_204' title='bbox 1063 2469 1554 2525; x_wconf 35' lang='lat' dir='ltr'><strong>’condemnationis.</strong></span> <span class='ocrx_word' id='word_1_205' title='bbox 1608 2469 1827 2541; x_wconf 77' lang='lat' dir='ltr'><strong>Frustra</strong></span> <span class='ocrx_word' id='word_1_206' title='bbox 1873 2472 2133 2524; x_wconf 89' lang='lat' dir='ltr'><strong>interces-</strong></span> 
     </span>
    </p>
   </div>
   <div class='ocr_carea' id='block_1_33' title="bbox 547 2540 2130 2614">
    <p class='ocr_par' dir='ltr' id='par_1_33' title="bbox 547 2540 2130 2614">
     <span class='ocr_line' id='line_1_33' title="bbox 547 2540 2130 2614; baseline -0.003 -15"><span class='ocrx_word' id='word_1_207' title='bbox 547 2559 671 2599; x_wconf 88' lang='lat' dir='ltr'><strong>sere</strong></span> <span class='ocrx_word' id='word_1_208' title='bbox 701 2543 879 2614; x_wconf 82' lang='lat' dir='ltr'><strong>legati,</strong></span> <span class='ocrx_word' id='word_1_209' title='bbox 914 2540 1218 2610; x_wconf 80' lang='lat' dir='ltr'><strong>frustraque</strong></span> <span class='ocrx_word' id='word_1_210' title='bbox 1246 2540 1521 2608; x_wconf 88' lang='lat' dir='ltr'><strong>obtestati,</strong></span> <span class='ocrx_word' id='word_1_211' title='bbox 1553 2547 1612 2614; x_wconf 76' lang='lat' dir='ltr'><strong>ut</strong></span> <span class='ocrx_word' id='word_1_212' title='bbox 1648 2540 1844 2614; x_wconf 76' lang='lat' dir='ltr'><strong>Leonis</strong></span> <span class='ocrx_word' id='word_1_213' title='bbox 1884 2542 2130 2614; x_wconf 74' lang='lat' dir='ltr'><strong>epistolae</strong></span> 
     </span>
    </p>
   </div>
   <div class='ocr_carea' id='block_1_34' title="bbox 547 2610 2139 2684">
    <p class='ocr_par' dir='ltr' id='par_1_34' title="bbox 547 2610 2139 2684">
     <span class='ocr_line' id='line_1_34' title="bbox 547 2610 2139 2684; baseline -0.003 -15"><span class='ocrx_word' id='word_1_214' title='bbox 547 2610 874 2684; x_wconf 76' lang='lat' dir='ltr'><strong>legerentur.</strong></span> <span class='ocrx_word' id='word_1_215' title='bbox 908 2614 1067 2669; x_wconf 88' lang='lat' dir='ltr'><strong>Lecta</strong></span> <span class='ocrx_word' id='word_1_216' title='bbox 1093 2614 1297 2684; x_wconf 88' lang='lat' dir='ltr'><strong>aliquot</strong></span> <span class='ocrx_word' id='word_1_217' title='bbox 1324 2614 1523 2679; x_wconf 90' lang='lat' dir='ltr'><strong>scripta</strong></span> <span class='ocrx_word' id='word_1_218' title='bbox 1554 2611 1620 2684; x_wconf 81' lang='lat' dir='ltr'><strong>S.</strong></span> <span class='ocrx_word' id='word_1_219' title='bbox 1644 2610 1852 2683; x_wconf 82' lang='lat' dir='ltr'><strong>Cyrilli.</strong></span> <span class='ocrx_word' id='word_1_220' title='bbox 1887 2612 2021 2666; x_wconf 89' lang='lat' dir='ltr'><strong>Dum</strong></span> <span class='ocrx_word' id='word_1_221' title='bbox 2058 2612 2139 2666; x_wconf 89' lang='lat' dir='ltr'><strong>le-</strong></span> 
     </span>
    </p>
   </div>
   <div class='ocr_carea' id='block_1_35' title="bbox 546 2683 2135 2754">
    <p class='ocr_par' dir='ltr' id='par_1_35' title="bbox 546 2683 2135 2754">
     <span class='ocr_line' id='line_1_35' title="bbox 546 2683 2135 2754; baseline -0.003 -13"><span class='ocrx_word' id='word_1_222' title='bbox 546 2683 659 2741; x_wconf 80' lang='lat' dir='ltr'><strong>otio</strong></span> <span class='ocrx_word' id='word_1_223' title='bbox 702 2686 892 2754; x_wconf 80' lang='lat' dir='ltr'><strong>fiebat,</strong></span> <span class='ocrx_word' id='word_1_224' title='bbox 934 2683 1248 2739; x_wconf 86' lang='lat' dir='ltr'><strong>Eustathius</strong></span> <span class='ocrx_word' id='word_1_225' title='bbox 1293 2684 1494 2738; x_wconf 88' lang='lat' dir='ltr'><strong>Beritbi</strong></span> <span class='ocrx_word' id='word_1_226' title='bbox 1539 2683 1826 2753; x_wconf 88' lang='lat' dir='ltr'><strong>episcopus</strong></span> <span class='ocrx_word' id='word_1_227' title='bbox 1882 2690 2135 2738; x_wconf 90' lang='lat' dir='ltr'><strong>contenta</strong></span> 
     </span>
    </p>
   </div>
   <div class='ocr_carea' id='block_1_36' title="bbox 550 2754 2137 2824">
    <p class='ocr_par' dir='ltr' id='par_1_36' title="bbox 550 2754 2137 2824">
     <span class='ocr_line' id='line_1_36' title="bbox 550 2754 2137 2824; baseline -0.001 -14"><span class='ocrx_word' id='word_1_228' title='bbox 550 2772 705 2824; x_wconf 90' lang='lat' dir='ltr'><strong>voce,</strong></span> <span class='ocrx_word' id='word_1_229' title='bbox 746 2769 805 2811; x_wconf 92' lang='lat' dir='ltr'><strong>ut</strong></span> <span class='ocrx_word' id='word_1_230' title='bbox 843 2770 1033 2811; x_wconf 88' lang='lat' dir='ltr'><strong>omnes</strong></span> <span class='ocrx_word' id='word_1_231' title='bbox 1076 2757 1359 2818; x_wconf 87' lang='lat' dir='ltr'><strong>audirent,</strong></span> <span class='ocrx_word' id='word_1_232' title='bbox 1410 2754 1576 2819; x_wconf 91' lang='lat' dir='ltr'><strong>dixit,</strong></span> <span class='ocrx_word' id='word_1_233' title='bbox 1622 2768 1727 2808; x_wconf 90' lang='lat' dir='ltr'><strong>non</strong></span> <span class='ocrx_word' id='word_1_234' title='bbox 1767 2769 1890 2809; x_wconf 91' lang='lat' dir='ltr'><strong>esse</strong></span> <span class='ocrx_word' id='word_1_235' title='bbox 1920 2764 2137 2809; x_wconf 89' lang='lat' dir='ltr'><strong>senten-</strong></span> 
     </span>
    </p>
   </div>
   <div class='ocr_carea' id='block_1_37' title="bbox 550 2825 2138 2900">
    <p class='ocr_par' dir='ltr' id='par_1_37' title="bbox 550 2825 2138 2900">
     <span class='ocr_line' id='line_1_37' title="bbox 550 2825 2138 2900; baseline -0.001 -19"><span class='ocrx_word' id='word_1_236' title='bbox 550 2828 680 2900; x_wconf 80' lang='lat' dir='ltr'><strong>tiam</strong></span> <span class='ocrx_word' id='word_1_237' title='bbox 710 2828 766 2883; x_wconf 91' lang='lat' dir='ltr'><strong>S.</strong></span> <span class='ocrx_word' id='word_1_238' title='bbox 798 2827 1080 2900; x_wconf 65' lang='lat' dir='ltr'><strong>Cyrilliet</strong></span> <span class='ocrx_word' id='word_1_239' title='bbox 1119 2826 1177 2882; x_wconf 93' lang='lat' dir='ltr'><strong>S.</strong></span> <span class='ocrx_word' id='word_1_240' title='bbox 1209 2827 1492 2900; x_wconf 78' lang='lat' dir='ltr'><strong>Athanasii</strong></span> <span class='ocrx_word' id='word_1_241' title='bbox 1543 2834 1599 2879; x_wconf 91' lang='lat' dir='ltr'><strong>ut</strong></span> <span class='ocrx_word' id='word_1_242' title='bbox 1623 2825 1768 2900; x_wconf 5' lang='lat' dir='ltr'><strong>(dua;</strong></span> <span class='ocrx_word' id='word_1_243' title='bbox 1816 2826 1868 2879; x_wconf 93' lang='lat' dir='ltr'><strong>in</strong></span> <span class='ocrx_word' id='word_1_244' title='bbox 1919 2825 2138 2900; x_wconf 85' lang='lat' dir='ltr'><strong>Christo</strong></span> 
     </span>
    </p>
   </div>
   <div class='ocr_carea' id='block_1_38' title="bbox 549 2895 2136 2970">
    <p class='ocr_par' dir='ltr' id='par_1_38' title="bbox 549 2895 2136 2970">
     <span class='ocr_line' id='line_1_38' title="bbox 549 2895 2136 2970; baseline -0.002 -16"><span class='ocrx_word' id='word_1_245' title='bbox 549 2895 859 2954; x_wconf 77' lang='lat' dir='ltr'><strong>dicerentur</strong></span> <span class='ocrx_word' id='word_1_246' title='bbox 881 2898 1041 2970; x_wconf 62' lang='lat'><strong>“5</strong></span> <span class='ocrx_word' id='word_1_247' title='bbox 1069 2908 1295 2953; x_wconf 79' lang='lat' dir='ltr'><strong>naturae.</strong></span> <span class='ocrx_word' id='word_1_248' title='bbox 1339 2896 1413 2953; x_wconf 76' lang='grc' dir='ltr'>ού</span> <span class='ocrx_word' id='word_1_249' title='bbox 1450 2895 1571 2960; x_wconf 82' lang='grc' dir='ltr'><strong>δον,</strong></span> <span class='ocrx_word' id='word_1_250' title='bbox 1595 2897 1812 2970; x_wconf 90' lang='lat' dir='ltr'><strong>_inquit,</strong></span> <span class='ocrx_word' id='word_1_251' title='bbox 1870 2899 2136 2970; x_wconf 78' lang='grc' dir='ltr'><strong>τοιγαρονύ</strong></span> 
     </span>
    </p>
   </div>
   <div class='ocr_carea' id='block_1_39' title="bbox 546 2967 2131 3045">
    <p class='ocr_par' dir='ltr' id='par_1_39' title="bbox 546 2967 2131 3045">
     <span class='ocr_line' id='line_1_39' title="bbox 546 2967 2131 3045; baseline -0.005 -18"><span class='ocrx_word' id='word_1_252' title='bbox 546 2980 675 3045; x_wconf 57' lang='lat' dir='ltr'><strong>goria</strong></span> <span class='ocrx_word' id='word_1_253' title='bbox 695 2967 1067 3045; x_wconf 42' lang='lat' dir='ltr'><strong>coccum—cilia?</strong></span> <span class='ocrx_word' id='word_1_254' title='bbox 1097 2971 1392 3045; x_wconf 28' lang='lat' dir='ltr'><strong>piaa‘pda&#39;w</strong></span> <span class='ocrx_word' id='word_1_255' title='bbox 1422 2975 1512 3045; x_wconf 52' lang='grc' dir='ltr'><strong>τεῦ</strong></span> <span class='ocrx_word' id='word_1_256' title='bbox 1546 2967 1692 3042; x_wconf 80' lang='grc' dir='ltr'>λόγον</span> <span class='ocrx_word' id='word_1_257' title='bbox 1725 2967 2131 3045; x_wconf 59' lang='grc' dir='ltr'><strong>σᾳσακώμένην.</strong></span> 
     </span>
    </p>
   </div>
   <div class='ocr_carea' id='block_1_40' title="bbox 551 3039 2138 3111">
    <p class='ocr_par' dir='ltr' id='par_1_40' title="bbox 551 3039 2138 3111">
     <span class='ocr_line' id='line_1_40' title="bbox 551 3039 2138 3111; baseline -0.003 -14"><span class='ocrx_word' id='word_1_258' title='bbox 551 3043 667 3097; x_wconf 85' lang='grc' dir='ltr'><strong>Νοη</strong></span> <span class='ocrx_word' id='word_1_259' title='bbox 698 3039 943 3111; x_wconf 78' lang='lat' dir='ltr'><strong>capiebat</strong></span> <span class='ocrx_word' id='word_1_260' title='bbox 970 3039 1204 3095; x_wconf 85' lang='lat' dir='ltr'><strong>mentem</strong></span> <span class='ocrx_word' id='word_1_261' title='bbox 1230 3039 1436 3094; x_wconf 85' lang='lat' dir='ltr'><strong>illorum</strong></span> <span class='ocrx_word' id='word_1_262' title='bbox 1462 3039 1699 3102; x_wconf 87' lang='lat' dir='ltr'><strong>Patrum,</strong></span> <span class='ocrx_word' id='word_1_263' title='bbox 1721 3040 1810 3109; x_wconf 90' lang='lat' dir='ltr'><strong>qui</strong></span> <span class='ocrx_word' id='word_1_264' title='bbox 1835 3040 2138 3111; x_wconf 83' lang='lat' dir='ltr'><strong>promiscue</strong></span> 
     </span>
    </p>
   </div>
   <div class='ocr_carea' id='block_1_41' title="bbox 548 3110 2141 3189">
    <p class='ocr_par' dir='ltr' id='par_1_41' title="bbox 548 3110 2141 3189">
     <span class='ocr_line' id='line_1_41' title="bbox 548 3110 2141 3189; baseline -0.002 -21"><span class='ocrx_word' id='word_1_265' title='bbox 548 3135 698 3189; x_wconf 62' lang='grc' dir='ltr'><strong>φυσιν</strong></span> <span class='ocrx_word' id='word_1_266' title='bbox 743 3110 987 3189; x_wconf 66' lang='lat' dir='ltr'><strong>naturam</strong></span> <span class='ocrx_word' id='word_1_267' title='bbox 1018 3126 1113 3189; x_wconf 76' lang='lat' dir='ltr'><strong>pro</strong></span> <span class='ocrx_word' id='word_1_268' title='bbox 1152 3112 1450 3189; x_wconf 67' lang='lat' dir='ltr'><strong>hypostasi</strong></span> <span class='ocrx_word' id='word_1_269' title='bbox 1472 3119 1810 3189; x_wconf 85' lang='lat' dir='ltr'><strong>et_p_ersona_</strong></span> <span class='ocrx_word' id='word_1_270' title='bbox 1843 3110 2141 3189; x_wconf 73' lang='lat' dir='ltr'><strong>aliquando</strong></span> 
     </span>
    </p>
   </div>
   <div class='ocr_carea' id='block_1_42' title="bbox 553 3182 2141 3254">
    <p class='ocr_par' dir='ltr' id='par_1_42' title="bbox 553 3182 2141 3254">
     <span class='ocr_line' id='line_1_42' title="bbox 553 3182 2141 3254; baseline -0.002 -14"><span class='ocrx_word' id='word_1_271' title='bbox 553 3182 832 3254; x_wconf 81' lang='lat' dir='ltr'><strong>usurpant.</strong></span> <span class='ocrx_word' id='word_1_272' title='bbox 864 3183 1058 3239; x_wconf 70' lang='lat' dir='ltr'><strong>Caeteri</strong></span> <span class='ocrx_word' id='word_1_273' title='bbox 1102 3184 1337 3252; x_wconf 86' lang='lat' dir='ltr'><strong>episcopi</strong></span> <span class='ocrx_word' id='word_1_274' title='bbox 1369 3183 1452 3239; x_wconf 91' lang='lat' dir='ltr'><strong>vel</strong></span> <span class='ocrx_word' id='word_1_275' title='bbox 1476 3182 1640 3254; x_wconf 82' lang='lat' dir='ltr'><strong>minis</strong></span> <span class='ocrx_word' id='word_1_276' title='bbox 1673 3182 1878 3254; x_wconf 85' lang='lat' dir='ltr'><strong>territi,</strong></span> <span class='ocrx_word' id='word_1_277' title='bbox 1904 3183 1987 3254; x_wconf 80' lang='lat' dir='ltr'><strong>vel</strong></span> <span class='ocrx_word' id='word_1_278' title='bbox 2018 3196 2141 3251; x_wconf 84' lang='lat' dir='ltr'><strong>pro-</strong></span> 
     </span>
    </p>
   </div>
   <div class='ocr_carea' id='block_1_43' title="bbox 2227 544 3786 617">
    <p class='ocr_par' dir='ltr' id='par_1_43' title="bbox 2227 544 3786 617">
     <span class='ocr_line' id='line_1_43' title="bbox 2227 544 3786 617; baseline -0.001 -13"><span class='ocrx_word' id='word_1_279' title='bbox 2227 550 2380 605; x_wconf 90' lang='lat' dir='ltr'><strong>retici</strong></span> <span class='ocrx_word' id='word_1_280' title='bbox 2412 544 2625 615; x_wconf 87' lang='lat' dir='ltr'><strong>abnuit,</strong></span> <span class='ocrx_word' id='word_1_281' title='bbox 2677 544 3030 617; x_wconf 85' lang='lat' dir='ltr'><strong>depositionis</strong></span> <span class='ocrx_word' id='word_1_282' title='bbox 3071 544 3226 613; x_wconf 68' lang='lat' dir='ltr'><strong>pinna</strong></span> <span class='ocrx_word' id='word_1_283' title='bbox 3274 547 3566 601; x_wconf 90' lang='lat' dir='ltr'><strong>mulctatus</strong></span> <span class='ocrx_word' id='word_1_284' title='bbox 3600 554 3701 601; x_wconf 74' lang='lat' dir='ltr'><strong>est.</strong></span> <span class='ocrx_word' id='word_1_285' title='bbox 3734 544 3786 602; x_wconf 82' lang='lat' dir='ltr'><strong>In</strong></span> 
     </span>
    </p>
   </div>
   <div class='ocr_carea' id='block_1_44' title="bbox 2225 618 3788 693">
    <p class='ocr_par' dir='ltr' id='par_1_44' title="bbox 2225 618 3788 693">
     <span class='ocr_line' id='line_1_44' title="bbox 2225 618 3788 693; baseline -0.001 -20"><span class='ocrx_word' id='word_1_286' title='bbox 2225 625 2374 693; x_wconf 76' lang='lat' dir='ltr'><strong>cujus</strong></span> <span class='ocrx_word' id='word_1_287' title='bbox 2389 623 2575 692; x_wconf 80' lang='lat' dir='ltr'><strong>synodi</strong></span> <span class='ocrx_word' id='word_1_288' title='bbox 2594 629 2760 693; x_wconf 35' lang='lat' dir='ltr'><strong>gesta:</strong></span> <span class='ocrx_word' id='word_1_289' title='bbox 2787 630 2841 673; x_wconf 91' lang='lat' dir='ltr'><strong>ut</strong></span> <span class='ocrx_word' id='word_1_290' title='bbox 2863 619 3048 693; x_wconf 85' lang='lat' dir='ltr'><strong>scribit</strong></span> <span class='ocrx_word' id='word_1_291' title='bbox 3069 618 3367 693; x_wconf 80' lang='lat' dir='ltr'><strong>Liberatus,</strong></span> <span class='ocrx_word' id='word_1_292' title='bbox 3386 620 3566 670; x_wconf 87' lang='lat' dir='ltr'><strong>timore</strong></span> <span class='ocrx_word' id='word_1_293' title='bbox 3588 618 3788 693; x_wconf 65' lang='lat' dir='ltr'><strong>episcopi</strong></span> 
     </span>
    </p>
   </div>
   <div class='ocr_carea' id='block_1_45' title="bbox 2224 687 3787 762">
    <p class='ocr_par' dir='ltr' id='par_1_45' title="bbox 2224 687 3787 762">
     <span class='ocr_line' id='line_1_45' title="bbox 2224 687 3787 762; baseline -0.004 -14"><span class='ocrx_word' id='word_1_294' title='bbox 2224 687 2631 760; x_wconf 63' lang='lat' dir='ltr'><strong>subscripserunt</strong></span> <span class='ocrx_word' id='word_1_295' title='bbox 2645 695 2698 746; x_wconf 87' lang='lat' dir='ltr'><strong>in</strong></span> <span class='ocrx_word' id='word_1_296' title='bbox 2715 690 3015 762; x_wconf 73' lang='lat' dir='ltr'><strong>Eutychetis</strong></span> <span class='ocrx_word' id='word_1_297' title='bbox 3036 690 3411 762; x_wconf 82' lang='lat' dir='ltr'><strong>absolutionem</strong></span> <span class='ocrx_word' id='word_1_298' title='bbox 3430 699 3475 743; x_wconf 88' lang='lat' dir='ltr'><strong>et</strong></span> <span class='ocrx_word' id='word_1_299' title='bbox 3495 687 3787 762; x_wconf 64' lang='lat' dir='ltr'><strong>orthodoso-</strong></span> 
     </span>
    </p>
   </div>
   <div class='ocr_carea' id='block_1_46' title="bbox 2225 760 3786 836">
    <p class='ocr_par' dir='ltr' id='par_1_46' title="bbox 2225 760 3786 836">
     <span class='ocr_line' id='line_1_46' title="bbox 2225 760 3786 836; baseline -0.001 -20"><span class='ocrx_word' id='word_1_300' title='bbox 2225 780 2342 817; x_wconf 88' lang='lat' dir='ltr'><strong>rum</strong></span> <span class='ocrx_word' id='word_1_301' title='bbox 2374 766 2726 836; x_wconf 82' lang='lat' dir='ltr'><strong>episcoporum</strong></span> <span class='ocrx_word' id='word_1_302' title='bbox 2769 760 3403 836; x_wconf 7' lang='lat' dir='ltr'><strong>depositionemthresim</strong></span> <span class='ocrx_word' id='word_1_303' title='bbox 3431 777 3536 813; x_wconf 87' lang='lat' dir='ltr'><strong>non</strong></span> <span class='ocrx_word' id='word_1_304' title='bbox 3566 760 3786 836; x_wconf 71' lang='lat' dir='ltr'><strong>recipien-</strong></span> 
     </span>
    </p>
   </div>
   <div class='ocr_carea' id='block_1_47' title="bbox 2226 832 3786 904">
    <p class='ocr_par' dir='ltr' id='par_1_47' title="bbox 2226 832 3786 904">
     <span class='ocr_line' id='line_1_47' title="bbox 2226 832 3786 904; baseline -0.004 -15"><span class='ocrx_word' id='word_1_305' title='bbox 2226 836 2383 898; x_wconf 90' lang='lat' dir='ltr'><strong>tium,</strong></span> <span class='ocrx_word' id='word_1_306' title='bbox 2425 844 2472 889; x_wconf 85' lang='lat' dir='ltr'><strong>et</strong></span> <span class='ocrx_word' id='word_1_307' title='bbox 2496 832 2747 902; x_wconf 80' lang='lat' dir='ltr'><strong>quomodo</strong></span> <span class='ocrx_word' id='word_1_308' title='bbox 2780 834 3013 887; x_wconf 79' lang='lat' dir='ltr'><strong>omnibus</strong></span> <span class='ocrx_word' id='word_1_309' title='bbox 3034 834 3186 904; x_wconf 77' lang='lat' dir='ltr'><strong>gestis</strong></span> <span class='ocrx_word' id='word_1_310' title='bbox 3216 834 3330 901; x_wconf 75' lang='lat' dir='ltr'><strong>eius</strong></span> <span class='ocrx_word' id='word_1_311' title='bbox 3359 832 3786 904; x_wconf 73' lang='lat' dir='ltr'><strong>contradixerunt,</strong></span> 
     </span>
    </p>
   </div>
   <div class='ocr_carea' id='block_1_48' title="bbox 2229 903 3788 977">
    <p class='ocr_par' dir='ltr' id='par_1_48' title="bbox 2229 903 3788 977">
     <span class='ocr_line' id='line_1_48' title="bbox 2229 903 3788 977; baseline -0.002 -17"><span class='ocrx_word' id='word_1_312' title='bbox 2229 907 2348 971; x_wconf 90' lang='lat' dir='ltr'><strong>vel,</strong></span> <span class='ocrx_word' id='word_1_313' title='bbox 2394 916 2451 960; x_wconf 90' lang='lat' dir='ltr'><strong>ut</strong></span> <span class='ocrx_word' id='word_1_314' title='bbox 2494 907 2771 977; x_wconf 88' lang='lat' dir='ltr'><strong>legendum</strong></span> <span class='ocrx_word' id='word_1_315' title='bbox 2803 903 3063 974; x_wconf 28' lang='lat' dir='ltr'><strong>conjicio’,</strong></span> <span class='ocrx_word' id='word_1_316' title='bbox 3095 914 3143 959; x_wconf 88' lang='lat' dir='ltr'><strong>et</strong></span> <span class='ocrx_word' id='word_1_317' title='bbox 3185 903 3543 976; x_wconf 76' lang='lat' dir='ltr'><strong>quoquomodo</strong></span> <span class='ocrx_word' id='word_1_318' title='bbox 3586 903 3788 957; x_wconf 70' lang='lat' dir='ltr'><strong>omnibus</strong></span> 
     </span>
    </p>
   </div>
   <div class='ocr_carea' id='block_1_49' title="bbox 2226 978 3027 1050">
    <p class='ocr_par' dir='ltr' id='par_1_49' title="bbox 2226 978 3027 1050">
     <span class='ocr_line' id='line_1_49' title="bbox 2226 978 3027 1050; baseline 0 -20"><span class='ocrx_word' id='word_1_319' title='bbox 2226 978 2386 1050; x_wconf 64' lang='lat' dir='ltr'><strong>gestis</strong></span> <span class='ocrx_word' id='word_1_320' title='bbox 2400 980 2520 1050; x_wconf 72' lang='lat' dir='ltr'><strong>_est</strong></span> <span class='ocrx_word' id='word_1_321' title='bbox 2551 978 3027 1050; x_wconf 77' lang='lat' dir='ltr'><strong>contradicentium.</strong></span> 
     </span>
    </p>
   </div>
   <div class='ocr_carea' id='block_1_50' title="bbox 2300 1046 3789 1119">
    <p class='ocr_par' dir='ltr' id='par_1_50' title="bbox 2300 1046 3789 1119">
     <span class='ocr_line' id='line_1_50' title="bbox 2300 1046 3789 1119; baseline -0.001 -16"><span class='ocrx_word' id='word_1_322' title='bbox 2300 1046 2441 1103; x_wconf 74' lang='lat' dir='ltr'><strong>XIIII</strong></span> <span class='ocrx_word' id='word_1_323' title='bbox 2464 1047 2750 1103; x_wconf 89' lang='lat' dir='ltr'><strong>Flavianus</strong></span> <span class='ocrx_word' id='word_1_324' title='bbox 2775 1049 2959 1104; x_wconf 86' lang='lat' dir='ltr'><strong>audito</strong></span> <span class='ocrx_word' id='word_1_325' title='bbox 2976 1048 3178 1119; x_wconf 90' lang='lat' dir='ltr'><strong>judicio</strong></span> <span class='ocrx_word' id='word_1_326' title='bbox 3203 1049 3622 1119; x_wconf 77' lang='lat' dir='ltr'><strong>appellationem</strong></span> <span class='ocrx_word' id='word_1_327' title='bbox 3652 1046 3789 1119; x_wconf 87' lang='lat' dir='ltr'><strong>in_tcr-</strong></span> 
     </span>
    </p>
   </div>
   <div class='ocr_carea' id='block_1_51' title="bbox 2227 1116 3785 1189">
    <p class='ocr_par' dir='ltr' id='par_1_51' title="bbox 2227 1116 3785 1189">
     <span class='ocr_line' id='line_1_51' title="bbox 2227 1116 3785 1189; baseline 0 -16"><span class='ocrx_word' id='word_1_328' title='bbox 2227 1120 2437 1189; x_wconf 87' lang='lat' dir='ltr'><strong>posuit:</strong></span> <span class='ocrx_word' id='word_1_329' title='bbox 2468 1130 2549 1175; x_wconf 83' lang='lat' dir='ltr'><strong>est</strong></span> <span class='ocrx_word' id='word_1_330' title='bbox 2578 1123 2721 1175; x_wconf 90' lang='lat' dir='ltr'><strong>enim</strong></span> <span class='ocrx_word' id='word_1_331' title='bbox 2753 1119 2806 1173; x_wconf 92' lang='lat' dir='ltr'><strong>in</strong></span> <span class='ocrx_word' id='word_1_332' title='bbox 2842 1116 3073 1175; x_wconf 80' lang='lat' dir='ltr'><strong>Liberali</strong></span> <span class='ocrx_word' id='word_1_333' title='bbox 3110 1116 3390 1175; x_wconf 76' lang='lat' dir='ltr'><strong>Breviario</strong></span> <span class='ocrx_word' id='word_1_334' title='bbox 3419 1121 3602 1175; x_wconf 84' lang='lat' dir='ltr'><strong>statim</strong></span> <span class='ocrx_word' id='word_1_335' title='bbox 3627 1132 3655 1170; x_wconf 85' lang='lat' dir='ltr'><strong>a</strong></span> <span class='ocrx_word' id='word_1_336' title='bbox 3688 1116 3785 1172; x_wconf 81' lang='lat' dir='ltr'><strong>Fla-</strong></span> 
     </span>
    </p>
   </div>
   <div class='ocr_carea' id='block_1_52' title="bbox 2226 1190 3790 1261">
    <p class='ocr_par' dir='ltr' id='par_1_52' title="bbox 2226 1190 3790 1261">
     <span class='ocr_line' id='line_1_52' title="bbox 2226 1190 3790 1261; baseline 0 -18"><span class='ocrx_word' id='word_1_337' title='bbox 2226 1191 2384 1261; x_wconf 85' lang='lat' dir='ltr'><strong>viano</strong></span> <span class='ocrx_word' id='word_1_338' title='bbox 2413 1191 2595 1245; x_wconf 90' lang='lat' dir='ltr'><strong>datum</strong></span> <span class='ocrx_word' id='word_1_339' title='bbox 2631 1191 2942 1261; x_wconf 66' lang='lat' dir='ltr'><strong>apostolicae</strong></span> <span class='ocrx_word' id='word_1_340' title='bbox 2975 1190 3119 1246; x_wconf 88' lang='lat' dir='ltr'><strong>sedis</strong></span> <span class='ocrx_word' id='word_1_341' title='bbox 3144 1191 3334 1261; x_wconf 79' lang='lat' dir='ltr'><strong>legatis</strong></span> <span class='ocrx_word' id='word_1_342' title='bbox 3363 1192 3606 1248; x_wconf 89' lang='lat' dir='ltr'><strong>libellum</strong></span> <span class='ocrx_word' id='word_1_343' title='bbox 3629 1190 3790 1258; x_wconf 84' lang='lat' dir='ltr'><strong>appel-</strong></span> 
     </span>
    </p>
   </div>
   <div class='ocr_carea' id='block_1_53' title="bbox 2227 1260 3788 1333">
    <p class='ocr_par' dir='ltr' id='par_1_53' title="bbox 2227 1260 3788 1333">
     <span class='ocr_line' id='line_1_53' title="bbox 2227 1260 3788 1333; baseline 0.001 -19"><span class='ocrx_word' id='word_1_344' title='bbox 2227 1260 2473 1333; x_wconf 86' lang='lat' dir='ltr'><strong>lationis;</strong></span> <span class='ocrx_word' id='word_1_345' title='bbox 2497 1262 2564 1317; x_wconf 89' lang='lat' dir='ltr'><strong>de</strong></span> <span class='ocrx_word' id='word_1_346' title='bbox 2585 1279 2686 1333; x_wconf 90' lang='lat' dir='ltr'><strong>qua</strong></span> <span class='ocrx_word' id='word_1_347' title='bbox 2703 1263 2839 1316; x_wconf 87' lang='lat' dir='ltr'><strong>alius</strong></span> <span class='ocrx_word' id='word_1_348' title='bbox 2864 1263 2968 1317; x_wconf 92' lang='lat' dir='ltr'><strong>erit</strong></span> <span class='ocrx_word' id='word_1_349' title='bbox 2993 1260 3402 1319; x_wconf 28' lang='lat' dir='ltr'><strong>dicendi’locus.</strong></span> <span class='ocrx_word' id='word_1_350' title='bbox 3422 1264 3560 1318; x_wconf 90' lang='lat' dir='ltr'><strong>Tum</strong></span> <span class='ocrx_word' id='word_1_351' title='bbox 3581 1261 3788 1333; x_wconf 69' lang='lat' dir='ltr'><strong>haeretici</strong></span> 
     </span>
    </p>
   </div>
   <div class='ocr_carea' id='block_1_54' title="bbox 2230 1330 3792 1403">
    <p class='ocr_par' dir='ltr' id='par_1_54' title="bbox 2230 1330 3792 1403">
     <span class='ocr_line' id='line_1_54' title="bbox 2230 1330 3792 1403; baseline 0 -19"><span class='ocrx_word' id='word_1_352' title='bbox 2230 1331 2460 1387; x_wconf 88' lang='lat' dir='ltr'><strong>fremere</strong></span> <span class='ocrx_word' id='word_1_353' title='bbox 2490 1330 2668 1403; x_wconf 85' lang='lat' dir='ltr'><strong>itaque</strong></span> <span class='ocrx_word' id='word_1_354' title='bbox 2688 1334 2828 1388; x_wconf 90' lang='lat' dir='ltr'><strong>ultra</strong></span> <span class='ocrx_word' id='word_1_355' title='bbox 2856 1333 3073 1388; x_wconf 92' lang='lat' dir='ltr'><strong>modum</strong></span> <span class='ocrx_word' id='word_1_356' title='bbox 3096 1334 3374 1400; x_wconf 88' lang='lat' dir='ltr'><strong>succendi,</strong></span> <span class='ocrx_word' id='word_1_357' title='bbox 3398 1344 3683 1403; x_wconf 86' lang='lat' dir='ltr'><strong>percutere</strong></span> <span class='ocrx_word' id='word_1_358' title='bbox 3696 1330 3792 1385; x_wconf 84' lang='lat' dir='ltr'><strong>Fla-</strong></span> 
     </span>
    </p>
   </div>
   <div class='ocr_carea' id='block_1_55' title="bbox 2230 1404 3787 1475">
    <p class='ocr_par' dir='ltr' id='par_1_55' title="bbox 2230 1404 3787 1475">
     <span class='ocr_line' id='line_1_55' title="bbox 2230 1404 3787 1475; baseline -0.001 -18"><span class='ocrx_word' id='word_1_359' title='bbox 2230 1404 2468 1465; x_wconf 88' lang='lat' dir='ltr'><strong>vianum.</strong></span> <span class='ocrx_word' id='word_1_360' title='bbox 2500 1412 2557 1459; x_wconf 89' lang='lat' dir='ltr'><strong>et</strong></span> <span class='ocrx_word' id='word_1_361' title='bbox 2584 1404 2815 1475; x_wconf 77' lang='lat' dir='ltr'><strong>indignis</strong></span> <span class='ocrx_word' id='word_1_362' title='bbox 2843 1404 3017 1459; x_wconf 91' lang='lat' dir='ltr'><strong>modis</strong></span> <span class='ocrx_word' id='word_1_363' title='bbox 3047 1419 3297 1475; x_wconf 86' lang='lat' dir='ltr'><strong>magnum</strong></span> <span class='ocrx_word' id='word_1_364' title='bbox 3332 1406 3642 1475; x_wconf 85' lang='lat' dir='ltr'><strong>pontificem</strong></span> <span class='ocrx_word' id='word_1_365' title='bbox 3674 1406 3787 1475; x_wconf 82' lang='lat' dir='ltr'><strong>acci-</strong></span> 
     </span>
    </p>
   </div>
   <div class='ocr_carea' id='block_1_56' title="bbox 2229 1474 3792 1547">
    <p class='ocr_par' dir='ltr' id='par_1_56' title="bbox 2229 1474 3792 1547">
     <span class='ocr_line' id='line_1_56' title="bbox 2229 1474 3792 1547; baseline -0.002 -18"><span class='ocrx_word' id='word_1_366' title='bbox 2229 1490 2387 1547; x_wconf 80' lang='lat' dir='ltr'><strong>pere:</strong></span> <span class='ocrx_word' id='word_1_367' title='bbox 2443 1477 2579 1530; x_wconf 88' lang='lat' dir='ltr'><strong>adeo</strong></span> <span class='ocrx_word' id='word_1_368' title='bbox 2620 1474 2776 1530; x_wconf 35' lang='lat' dir='ltr'><strong>ut’vi</strong></span> <span class='ocrx_word' id='word_1_369' title='bbox 2822 1476 3068 1531; x_wconf 91' lang='lat' dir='ltr'><strong>dolorum</strong></span> <span class='ocrx_word' id='word_1_370' title='bbox 3116 1474 3504 1547; x_wconf 81' lang='lat' dir='ltr'><strong>plagarumque</strong></span> <span class='ocrx_word' id='word_1_371' title='bbox 3556 1474 3792 1531; x_wconf 82' lang='lat' dir='ltr'><strong>exhalarit</strong></span> 
     </span>
    </p>
   </div>
   <div class='ocr_carea' id='block_1_57' title="bbox 2227 1546 3790 1620">
    <p class='ocr_par' dir='ltr' id='par_1_57' title="bbox 2227 1546 3790 1620">
     <span class='ocr_line' id='line_1_57' title="bbox 2227 1546 3790 1620; baseline 0.001 -22"><span class='ocrx_word' id='word_1_372' title='bbox 2227 1546 2493 1620; x_wconf 76' lang='lat' dir='ltr'><strong>animam;</strong></span> <span class='ocrx_word' id='word_1_373' title='bbox 2520 1556 2681 1620; x_wconf 74' lang='lat' dir='ltr'><strong>atque</strong></span> <span class='ocrx_word' id='word_1_374' title='bbox 2698 1548 2772 1620; x_wconf 81' lang='lat' dir='ltr'><strong>ita</strong></span> <span class='ocrx_word' id='word_1_375' title='bbox 2788 1562 2883 1620; x_wconf 82' lang='lat' dir='ltr'><strong>pro</strong></span> <span class='ocrx_word' id='word_1_376' title='bbox 2904 1547 3007 1602; x_wconf 88' lang='lat' dir='ltr'><strong>fide</strong></span> <span class='ocrx_word' id='word_1_377' title='bbox 3026 1546 3233 1620; x_wconf 81' lang='lat' dir='ltr'><strong>martyr</strong></span> <span class='ocrx_word' id='word_1_378' title='bbox 3256 1556 3483 1620; x_wconf 86' lang='lat' dir='ltr'><strong>mortem</strong></span> <span class='ocrx_word' id='word_1_379' title='bbox 3506 1546 3790 1618; x_wconf 88' lang='lat' dir='ltr'><strong>oppetierit.</strong></span> 
     </span>
    </p>
   </div>
   <div class='ocr_carea' id='block_1_58' title="bbox 2230 1616 3792 1690">
    <p class='ocr_par' dir='ltr' id='par_1_58' title="bbox 2230 1616 3792 1690">
     <span class='ocr_line' id='line_1_58' title="bbox 2230 1616 3792 1690; baseline 0.001 -20"><span class='ocrx_word' id='word_1_380' title='bbox 2230 1616 2425 1690; x_wconf 78' lang='lat' dir='ltr'><strong>verum</strong></span> <span class='ocrx_word' id='word_1_381' title='bbox 2462 1618 2603 1690; x_wconf 76' lang='lat' dir='ltr'><strong>varia</strong></span> <span class='ocrx_word' id='word_1_382' title='bbox 2630 1618 2801 1690; x_wconf 55' lang='lat' dir='ltr'><strong>ﬁas</strong></span> <span class='ocrx_word' id='word_1_383' title='bbox 2833 1618 2900 1674; x_wconf 90' lang='lat' dir='ltr'><strong>de</strong></span> <span class='ocrx_word' id='word_1_384' title='bbox 2927 1620 3041 1688; x_wconf 85' lang='lat' dir='ltr'><strong>ejus</strong></span> <span class='ocrx_word' id='word_1_385' title='bbox 3073 1616 3246 1673; x_wconf 80' lang='lat' dir='ltr'><strong>morte</strong></span> <span class='ocrx_word' id='word_1_386' title='bbox 3273 1619 3410 1674; x_wconf 86' lang='lat' dir='ltr'><strong>fama</strong></span> <span class='ocrx_word' id='word_1_387' title='bbox 3455 1616 3561 1675; x_wconf 71' lang='lat' dir='ltr'><strong>est.</strong></span> <span class='ocrx_word' id='word_1_388' title='bbox 3588 1620 3792 1687; x_wconf 81' lang='lat' dir='ltr'><strong>Prosper</strong></span> 
     </span>
    </p>
   </div>
   <div class='ocr_carea' id='block_1_59' title="bbox 2226 1688 3789 1760">
    <p class='ocr_par' dir='ltr' id='par_1_59' title="bbox 2226 1688 3789 1760">
     <span class='ocr_line' id='line_1_59' title="bbox 2226 1688 3789 1760; baseline 0 -19"><span class='ocrx_word' id='word_1_389' title='bbox 2226 1689 2319 1760; x_wconf 81' lang='lat' dir='ltr'><strong>ait,</strong></span> <span class='ocrx_word' id='word_1_390' title='bbox 2349 1688 2488 1757; x_wconf 89' lang='lat' dir='ltr'><strong>quod</strong></span> <span class='ocrx_word' id='word_1_391' title='bbox 2519 1688 2724 1743; x_wconf 67' lang='lat' dir='ltr'><strong>sanctus</strong></span> <span class='ocrx_word' id='word_1_392' title='bbox 2754 1688 3038 1744; x_wconf 76' lang='lat' dir='ltr'><strong>Flavianus</strong></span> <span class='ocrx_word' id='word_1_393' title='bbox 3066 1690 3200 1744; x_wconf 82' lang='lat' dir='ltr'><strong>inter</strong></span> <span class='ocrx_word' id='word_1_394' title='bbox 3221 1707 3403 1745; x_wconf 78' lang='lat' dir='ltr'><strong>manus</strong></span> <span class='ocrx_word' id='word_1_395' title='bbox 3432 1707 3611 1745; x_wconf 86' lang='lat' dir='ltr'><strong>eorum</strong></span> <span class='ocrx_word' id='word_1_396' title='bbox 3644 1706 3676 1742; x_wconf 85' lang='grc' dir='ltr'><em>α</em></span> <span class='ocrx_word' id='word_1_397' title='bbox 3698 1690 3789 1760; x_wconf 77' lang='lat' dir='ltr'><strong>qui-</strong></span> 
     </span>
    </p>
   </div>
   <div class='ocr_carea' id='block_1_60' title="bbox 2226 1759 3795 1833">
    <p class='ocr_par' dir='ltr' id='par_1_60' title="bbox 2226 1759 3795 1833">
     <span class='ocr_line' id='line_1_60' title="bbox 2226 1759 3795 1833; baseline 0.001 -22"><span class='ocrx_word' id='word_1_398' title='bbox 2226 1759 2316 1813; x_wconf 81' lang='lat' dir='ltr'><strong>bus</strong></span> <span class='ocrx_word' id='word_1_399' title='bbox 2340 1760 2396 1833; x_wconf 83' lang='lat' dir='ltr'><strong>in</strong></span> <span class='ocrx_word' id='word_1_400' title='bbox 2424 1761 2657 1833; x_wconf 71' lang='lat' dir='ltr'><strong>exsilium</strong></span> <span class='ocrx_word' id='word_1_401' title='bbox 2682 1762 2997 1833; x_wconf 83' lang='lat' dir='ltr'><strong>ducebatur,</strong></span> <span class='ocrx_word' id='word_1_402' title='bbox 3043 1763 3267 1833; x_wconf 83' lang='lat' dir='ltr'><strong>gloriosa</strong></span> <span class='ocrx_word' id='word_1_403' title='bbox 3309 1763 3376 1815; x_wconf 85' lang='lat' dir='ltr'><strong>ad</strong></span> <span class='ocrx_word' id='word_1_404' title='bbox 3422 1761 3685 1817; x_wconf 80' lang='lat' dir='ltr'><strong>Christum</strong></span> <span class='ocrx_word' id='word_1_405' title='bbox 3711 1759 3795 1830; x_wconf 67' lang='lat' dir='ltr'><strong>ﬂete</strong></span> 
     </span>
    </p>
   </div>
   <div class='ocr_carea' id='block_1_61' title="bbox 2230 1830 3790 1901">
    <p class='ocr_par' dir='ltr' id='par_1_61' title="bbox 2230 1830 3790 1901">
     <span class='ocr_line' id='line_1_61' title="bbox 2230 1830 3790 1901; baseline 0.001 -18"><span class='ocrx_word' id='word_1_406' title='bbox 2230 1831 2483 1884; x_wconf 79' lang='lat' dir='ltr'><strong>transivit.</strong></span> <span class='ocrx_word' id='word_1_407' title='bbox 2533 1830 2866 1901; x_wconf 83' lang='lat' dir='ltr'><strong>Nicephorus</strong></span> <span class='ocrx_word' id='word_1_408' title='bbox 2918 1830 3081 1887; x_wconf 74' lang='lat' dir='ltr'><strong>refert</strong></span> <span class='ocrx_word' id='word_1_409' title='bbox 3112 1834 3286 1887; x_wconf 85' lang='lat' dir='ltr'><strong>triduo</strong></span> <span class='ocrx_word' id='word_1_410' title='bbox 3336 1844 3454 1900; x_wconf 86' lang='lat' dir='ltr'><strong>post</strong></span> <span class='ocrx_word' id='word_1_411' title='bbox 3499 1833 3790 1888; x_wconf 73' lang='lat' dir='ltr'><strong>deorssisse.</strong></span> 
     </span>
    </p>
   </div>
   <div class='ocr_carea' id='block_1_62' title="bbox 2234 1901 3794 1975">
    <p class='ocr_par' dir='ltr' id='par_1_62' title="bbox 2234 1901 3794 1975">
     <span class='ocr_line' id='line_1_62' title="bbox 2234 1901 3794 1975; baseline 0 -20"><span class='ocrx_word' id='word_1_412' title='bbox 2234 1901 2385 1970; x_wconf 82' lang='lat' dir='ltr'><strong>Apud</strong></span> <span class='ocrx_word' id='word_1_413' title='bbox 2407 1902 2783 1975; x_wconf 79' lang='lat' dir='ltr'><strong>Marcellinum</strong></span> <span class='ocrx_word' id='word_1_414' title='bbox 2813 1903 3076 1958; x_wconf 90' lang='lat' dir='ltr'><strong>Comitem</strong></span> <span class='ocrx_word' id='word_1_415' title='bbox 3100 1915 3155 1958; x_wconf 86' lang='lat' dir='ltr'><strong>et</strong></span> <span class='ocrx_word' id='word_1_416' title='bbox 3191 1906 3242 1958; x_wconf 88' lang='lat' dir='ltr'><strong>in</strong></span> <span class='ocrx_word' id='word_1_417' title='bbox 3272 1904 3577 1975; x_wconf 82' lang='lat' dir='ltr'><strong>Menologio</strong></span> <span class='ocrx_word' id='word_1_418' title='bbox 3606 1902 3794 1975; x_wconf 70' lang='lat' dir='ltr'><strong>Graeco—</strong></span> 
     </span>
    </p>
   </div>
   <div class='ocr_carea' id='block_1_63' title="bbox 2233 1973 3795 2046">
    <p class='ocr_par' dir='ltr' id='par_1_63' title="bbox 2233 1973 3795 2046">
     <span class='ocr_line' id='line_1_63' title="bbox 2233 1973 3795 2046; baseline 0.001 -21"><span class='ocrx_word' id='word_1_419' title='bbox 2233 1986 2356 2046; x_wconf 85' lang='lat' dir='ltr'><strong>rum</strong></span> <span class='ocrx_word' id='word_1_420' title='bbox 2404 1973 2617 2046; x_wconf 77' lang='lat' dir='ltr'><strong>invenio</strong></span> <span class='ocrx_word' id='word_1_421' title='bbox 2648 1975 2712 2028; x_wconf 90' lang='lat' dir='ltr'><strong>ad</strong></span> <span class='ocrx_word' id='word_1_422' title='bbox 2747 1975 3214 2046; x_wconf 9' lang='lat' dir='ltr'><strong>EpypamgLydia:</strong></span> <span class='ocrx_word' id='word_1_423' title='bbox 3262 1973 3594 2046; x_wconf 77' lang='lat' dir='ltr'><strong>relegatum,</strong></span> <span class='ocrx_word' id='word_1_424' title='bbox 3645 1974 3795 2043; x_wconf 84' lang='lat' dir='ltr'><strong>ibique</strong></span> 
     </span>
    </p>
   </div>
   <div class='ocr_carea' id='block_1_64' title="bbox 2235 2043 3794 2109">
    <p class='ocr_par' dir='ltr' id='par_1_64' title="bbox 2235 2043 3794 2109">
     <span class='ocr_line' id='line_1_64' title="bbox 2235 2043 3794 2109; baseline 0.001 -13"><span class='ocrx_word' id='word_1_425' title='bbox 2235 2043 2417 2107; x_wconf 65' lang='lat' dir='ltr'><strong>taedio,</strong></span> <span class='ocrx_word' id='word_1_426' title='bbox 2448 2044 2658 2109; x_wconf 84' lang='lat' dir='ltr'><strong>dolore,</strong></span> <span class='ocrx_word' id='word_1_427' title='bbox 2683 2056 2737 2100; x_wconf 90' lang='lat' dir='ltr'><strong>et</strong></span> <span class='ocrx_word' id='word_1_428' title='bbox 2766 2043 3047 2100; x_wconf 85' lang='lat' dir='ltr'><strong>tormentis</strong></span> <span class='ocrx_word' id='word_1_429' title='bbox 3075 2043 3399 2109; x_wconf 56' lang='lat' dir='ltr'><strong>conlectum:</strong></span> <span class='ocrx_word' id='word_1_430' title='bbox 3429 2048 3794 2102; x_wconf 82' lang='lat' dir='ltr'><strong>exanimatum-</strong></span> 
     </span>
    </p>
   </div>
   <div class='ocr_carea' id='block_1_65' title="bbox 2234 2115 3795 2189">
    <p class='ocr_par' dir='ltr' id='par_1_65' title="bbox 2234 2115 3795 2189">
     <span class='ocr_line' id='line_1_65' title="bbox 2234 2115 3795 2189; baseline 0.001 -22"><span class='ocrx_word' id='word_1_431' title='bbox 2234 2128 2367 2182; x_wconf 89' lang='lat' dir='ltr'><strong>que:</strong></span> <span class='ocrx_word' id='word_1_432' title='bbox 2400 2115 2591 2189; x_wconf 74' lang='lat' dir='ltr'><strong>quibus</strong></span> <span class='ocrx_word' id='word_1_433' title='bbox 2620 2116 2813 2189; x_wconf 90' lang='lat' dir='ltr'><strong>similia</strong></span> <span class='ocrx_word' id='word_1_434' title='bbox 2854 2117 3013 2172; x_wconf 87' lang='lat' dir='ltr'><strong>habet</strong></span> <span class='ocrx_word' id='word_1_435' title='bbox 3056 2117 3369 2189; x_wconf 82' lang='lat' dir='ltr'><strong>Brevicu_lns</strong></span> <span class='ocrx_word' id='word_1_436' title='bbox 3398 2117 3795 2189; x_wconf 39' lang='lat' dir='ltr'><strong>Eutychianistaj</strong></span> 
     </span>
    </p>
   </div>
   <div class='ocr_carea' id='block_1_66' title="bbox 2237 2184 3795 2256">
    <p class='ocr_par' dir='ltr' id='par_1_66' title="bbox 2237 2184 3795 2256">
     <span class='ocr_line' id='line_1_66' title="bbox 2237 2184 3795 2256; baseline 0 -18"><span class='ocrx_word' id='word_1_437' title='bbox 2237 2199 2375 2256; x_wconf 92' lang='lat' dir='ltr'><strong>r_um.</strong></span> <span class='ocrx_word' id='word_1_438' title='bbox 2401 2184 2650 2253; x_wconf 83' lang='lat' dir='ltr'><strong>Ducitur,</strong></span> <span class='ocrx_word' id='word_1_439' title='bbox 2682 2188 2881 2256; x_wconf 90' lang='lat' dir='ltr'><strong>inquit,</strong></span> <span class='ocrx_word' id='word_1_440' title='bbox 2910 2189 2964 2241; x_wconf 89' lang='lat' dir='ltr'><strong>in</strong></span> <span class='ocrx_word' id='word_1_441' title='bbox 2993 2190 3229 2242; x_wconf 69' lang='lat' dir='ltr'><strong>exsilium</strong></span> <span class='ocrx_word' id='word_1_442' title='bbox 3259 2184 3572 2253; x_wconf 74' lang='lat' dir='ltr'><strong>Flavianus,</strong></span> <span class='ocrx_word' id='word_1_443' title='bbox 3600 2198 3651 2242; x_wconf 82' lang='lat' dir='ltr'><strong>et</strong></span> <span class='ocrx_word' id='word_1_444' title='bbox 3686 2187 3795 2255; x_wconf 77' lang='lat' dir='ltr'><strong>apud</strong></span> 
     </span>
    </p>
   </div>
   <div class='ocr_carea' id='block_1_67' title="bbox 2235 2254 3796 2330">
    <p class='ocr_par' dir='ltr' id='par_1_67' title="bbox 2235 2254 3796 2330">
     <span class='ocr_line' id='line_1_67' title="bbox 2235 2254 3796 2330; baseline 0.002 -21"><span class='ocrx_word' id='word_1_445' title='bbox 2235 2254 2496 2330; x_wconf 74' lang='lat' dir='ltr'><strong>Epypam,</strong></span> <span class='ocrx_word' id='word_1_446' title='bbox 2528 2274 2642 2327; x_wconf 73' lang='lat' dir='ltr'><strong>qua:</strong></span> <span class='ocrx_word' id='word_1_447' title='bbox 2664 2270 2737 2312; x_wconf 83' lang='lat' dir='ltr'><strong>est</strong></span> <span class='ocrx_word' id='word_1_448' title='bbox 2756 2254 2945 2328; x_wconf 24' lang='lat' dir='ltr'><strong>‘Lgdiw</strong></span> <span class='ocrx_word' id='word_1_449' title='bbox 2969 2261 3163 2323; x_wconf 83' lang='lat' dir='ltr'><strong>civitas,</strong></span> <span class='ocrx_word' id='word_1_450' title='bbox 3194 2276 3282 2314; x_wconf 84' lang='lat' dir='ltr'><strong>seu</strong></span> <span class='ocrx_word' id='word_1_451' title='bbox 3305 2254 3796 2330; x_wconf 75' lang='lat' dir='ltr'><strong>superueniente,m</strong></span> 
     </span>
    </p>
   </div>
   <div class='ocr_carea' id='block_1_68' title="bbox 2236 2328 3795 2402">
    <p class='ocr_par' dir='ltr' id='par_1_68' title="bbox 2236 2328 3795 2402">
     <span class='ocr_line' id='line_1_68' title="bbox 2236 2328 3795 2402; baseline 0.001 -23"><span class='ocrx_word' id='word_1_452' title='bbox 2236 2328 2434 2402; x_wconf 70' lang='lat' dir='ltr'><strong>ingesta</strong></span> <span class='ocrx_word' id='word_1_453' title='bbox 2464 2339 2626 2402; x_wconf 72' lang='lat' dir='ltr'><strong>morte</strong></span> <span class='ocrx_word' id='word_1_454' title='bbox 2654 2330 2927 2402; x_wconf 69' lang='lat' dir='ltr'><strong>defunctus</strong></span> <span class='ocrx_word' id='word_1_455' title='bbox 2948 2331 3308 2402; x_wconf 79' lang='lat' dir='ltr'><strong>est._Libellus</strong></span> <span class='ocrx_word' id='word_1_456' title='bbox 3337 2328 3629 2402; x_wconf 77' lang='lat' dir='ltr'><strong>synodicus</strong></span> <span class='ocrx_word' id='word_1_457' title='bbox 3650 2373 3663 2395; x_wconf 93' lang='lat'><strong>,</strong></span> <span class='ocrx_word' id='word_1_458' title='bbox 3702 2344 3795 2402; x_wconf 80' lang='lat' dir='ltr'><strong>cap.</strong></span> 
     </span>
    </p>
   </div>
   <div class='ocr_carea' id='block_1_69' title="bbox 2237 2399 3797 2457">
    <p class='ocr_par' dir='ltr' id='par_1_69' title="bbox 2237 2399 3797 2457">
     <span class='ocr_line' id='line_1_69' title="bbox 2237 2399 3797 2457; baseline -0.001 -4"><span class='ocrx_word' id='word_1_459' title='bbox 2237 2399 2306 2453; x_wconf 89' lang='grc'><strong>85</strong></span> <span class='ocrx_word' id='word_1_460' title='bbox 2333 2399 2567 2454; x_wconf 83' lang='lat' dir='ltr'><strong>calcibus</strong></span> <span class='ocrx_word' id='word_1_461' title='bbox 2594 2400 2828 2454; x_wconf 83' lang='lat' dir='ltr'><strong>occisum</strong></span> <span class='ocrx_word' id='word_1_462' title='bbox 2853 2402 3002 2454; x_wconf 85' lang='lat' dir='ltr'><strong>dicit.</strong></span> <span class='ocrx_word' id='word_1_463' title='bbox 3030 2400 3203 2457; x_wconf 71' lang='lat' dir='ltr'><strong>Credis</strong></span> <span class='ocrx_word' id='word_1_464' title='bbox 3233 2399 3507 2457; x_wconf 83' lang='lat' dir='ltr'><strong>auctorem</strong></span> <span class='ocrx_word' id='word_1_465' title='bbox 3532 2411 3651 2457; x_wconf 81' lang='lat' dir='ltr'><strong>acta</strong></span> <span class='ocrx_word' id='word_1_466' title='bbox 3675 2400 3797 2455; x_wconf 83' lang='lat' dir='ltr'><strong>Chal-</strong></span> 
     </span>
    </p>
   </div>
   <div class='ocr_carea' id='block_1_70' title="bbox 2236 2469 3793 2543">
    <p class='ocr_par' dir='ltr' id='par_1_70' title="bbox 2236 2469 3793 2543">
     <span class='ocr_line' id='line_1_70' title="bbox 2236 2469 3793 2543; baseline -0.001 -21"><span class='ocrx_word' id='word_1_467' title='bbox 2236 2469 2559 2543; x_wconf 62' lang='lat' dir='ltr'><strong>cedonensis</strong></span> <span class='ocrx_word' id='word_1_468' title='bbox 2590 2472 2792 2543; x_wconf 80' lang='lat' dir='ltr'><strong>synodi</strong></span> <span class='ocrx_word' id='word_1_469' title='bbox 2841 2472 3153 2527; x_wconf 88' lang='lat' dir='ltr'><strong>Barsumam</strong></span> <span class='ocrx_word' id='word_1_470' title='bbox 3202 2474 3526 2528; x_wconf 83' lang='lat' dir='ltr'><strong>monachum</strong></span> <span class='ocrx_word' id='word_1_471' title='bbox 3574 2480 3793 2543; x_wconf 81' lang='lat' dir='ltr'><strong>arguunt.</strong></span> 
     </span>
    </p>
   </div>
   <div class='ocr_carea' id='block_1_71' title="bbox 2239 2539 3797 2613">
    <p class='ocr_par' dir='ltr' id='par_1_71' title="bbox 2239 2539 3797 2613">
     <span class='ocr_line' id='line_1_71' title="bbox 2239 2539 3797 2613; baseline 0.001 -21"><span class='ocrx_word' id='word_1_472' title='bbox 2239 2539 2501 2613; x_wconf 74' lang='lat' dir='ltr'><strong>Evagrins</strong></span> <span class='ocrx_word' id='word_1_473' title='bbox 2547 2539 2648 2598; x_wconf 54' lang='lat' dir='ltr'><strong>libi</strong></span> <span class='ocrx_word' id='word_1_474' title='bbox 2674 2558 2727 2596; x_wconf 71' lang='grc' dir='ltr'><strong>χι</strong></span> <span class='ocrx_word' id='word_1_475' title='bbox 2759 2544 2891 2598; x_wconf 90' lang='lat' dir='ltr'><strong>Hist.</strong></span> <span class='ocrx_word' id='word_1_476' title='bbox 2923 2558 3040 2613; x_wconf 87' lang='lat' dir='ltr'><strong>cap.</strong></span> <span class='ocrx_word' id='word_1_477' title='bbox 3084 2544 3143 2600; x_wconf 77' lang='lat' dir='ltr'><strong>ll</strong></span> <span class='ocrx_word' id='word_1_478' title='bbox 3169 2586 3183 2609; x_wconf 91' lang='lat'><strong>,</strong></span> <span class='ocrx_word' id='word_1_479' title='bbox 3228 2560 3293 2600; x_wconf 86' lang='lat' dir='ltr'><strong>ex</strong></span> <span class='ocrx_word' id='word_1_480' title='bbox 3326 2544 3549 2600; x_wconf 85' lang='lat' dir='ltr'><strong>Eusebii</strong></span> <span class='ocrx_word' id='word_1_481' title='bbox 3596 2539 3797 2613; x_wconf 78' lang='lat' dir='ltr'><strong>Dorylzei</strong></span> 
     </span>
    </p>
   </div>
   <div class='ocr_carea' id='block_1_72' title="bbox 2240 2610 3798 2693">
    <p class='ocr_par' dir='ltr' id='par_1_72' title="bbox 2240 2610 3798 2693">
     <span class='ocr_line' id='line_1_72' title="bbox 2240 2610 3798 2693; baseline 0.001 -29"><span class='ocrx_word' id='word_1_482' title='bbox 2240 2610 2346 2693; x_wconf 70' lang='lat' dir='ltr'><strong>fide</strong></span> <span class='ocrx_word' id='word_1_483' title='bbox 2376 2614 2633 2693; x_wconf 71' lang='lat' dir='ltr'><strong>Dioscoro</strong></span> <span class='ocrx_word' id='word_1_484' title='bbox 2650 2615 2798 2693; x_wconf 78' lang='lat' dir='ltr'><strong>_ejus</strong></span> <span class='ocrx_word' id='word_1_485' title='bbox 2841 2610 3069 2693; x_wconf 86' lang='lat' dir='ltr'><strong>mortem</strong></span> <span class='ocrx_word' id='word_1_486' title='bbox 3119 2616 3337 2693; x_wconf 80' lang='lat' dir='ltr'><strong>tribuit,</strong></span> <span class='ocrx_word' id='word_1_487' title='bbox 3382 2630 3562 2693; x_wconf 86' lang='lat' dir='ltr'><strong>a_quo</strong></span> <span class='ocrx_word' id='word_1_488' title='bbox 3591 2610 3798 2693; x_wconf 72' lang='lat' dir='ltr'><strong>calcibus</strong></span> 
     </span>
    </p>
   </div>
   <div class='ocr_carea' id='block_1_73' title="bbox 2239 2683 3797 2751">
    <p class='ocr_par' dir='ltr' id='par_1_73' title="bbox 2239 2683 3797 2751">
     <span class='ocr_line' id='line_1_73' title="bbox 2239 2683 3797 2751; baseline 0.001 -16"><span class='ocrx_word' id='word_1_489' title='bbox 2239 2683 2534 2751; x_wconf 90' lang='lat' dir='ltr'><strong>impetitus,</strong></span> <span class='ocrx_word' id='word_1_490' title='bbox 2554 2684 2621 2737; x_wconf 89' lang='lat' dir='ltr'><strong>ab</strong></span> <span class='ocrx_word' id='word_1_491' title='bbox 2648 2685 2884 2741; x_wconf 80' lang='lat' dir='ltr'><strong>Ecclesia</strong></span> <span class='ocrx_word' id='word_1_492' title='bbox 2910 2694 3161 2742; x_wconf 88' lang='lat' dir='ltr'><strong>extrusus</strong></span> <span class='ocrx_word' id='word_1_493' title='bbox 3184 2698 3239 2741; x_wconf 92' lang='lat' dir='ltr'><strong>et</strong></span> <span class='ocrx_word' id='word_1_494' title='bbox 3268 2683 3587 2742; x_wconf 82' lang='lat' dir='ltr'><strong>interfectus</strong></span> <span class='ocrx_word' id='word_1_495' title='bbox 3612 2687 3797 2741; x_wconf 85' lang='lat' dir='ltr'><strong>dicitur.</strong></span> 
     </span>
    </p>
   </div>
   <div class='ocr_carea' id='block_1_74' title="bbox 2238 2752 3797 2827">
    <p class='ocr_par' dir='ltr' id='par_1_74' title="bbox 2238 2752 3797 2827">
     <span class='ocr_line' id='line_1_74' title="bbox 2238 2752 3797 2827; baseline 0 -21"><span class='ocrx_word' id='word_1_496' title='bbox 2238 2752 2386 2827; x_wconf 74' lang='lat' dir='ltr'><strong>Sane</strong></span> <span class='ocrx_word' id='word_1_497' title='bbox 2410 2754 2526 2823; x_wconf 87' lang='lat' dir='ltr'><strong>ejus</strong></span> <span class='ocrx_word' id='word_1_498' title='bbox 2572 2756 2802 2825; x_wconf 90' lang='lat' dir='ltr'><strong>impulsu</strong></span> <span class='ocrx_word' id='word_1_499' title='bbox 2836 2757 3069 2827; x_wconf 90' lang='lat' dir='ltr'><strong>pessime</strong></span> <span class='ocrx_word' id='word_1_500' title='bbox 3117 2758 3369 2813; x_wconf 76' lang='lat' dir='ltr'><strong>affectum</strong></span> <span class='ocrx_word' id='word_1_501' title='bbox 3404 2773 3566 2813; x_wconf 91' lang='lat' dir='ltr'><strong>nemo</strong></span> <span class='ocrx_word' id='word_1_502' title='bbox 3599 2756 3797 2811; x_wconf 83' lang='lat' dir='ltr'><strong>dubitat.</strong></span> 
     </span>
    </p>
   </div>
   <div class='ocr_carea' id='block_1_75' title="bbox 2245 2822 3798 2899">
    <p class='ocr_par' dir='ltr' id='par_1_75' title="bbox 2245 2822 3798 2899">
     <span class='ocr_line' id='line_1_75' title="bbox 2245 2822 3798 2899; baseline 0.003 -23"><span class='ocrx_word' id='word_1_503' title='bbox 2245 2822 2467 2878; x_wconf 88' lang='lat' dir='ltr'><strong>Plurimi</strong></span> <span class='ocrx_word' id='word_1_504' title='bbox 2492 2826 2544 2879; x_wconf 90' lang='lat' dir='ltr'><strong>in</strong></span> <span class='ocrx_word' id='word_1_505' title='bbox 2562 2822 2801 2899; x_wconf 76' lang='lat' dir='ltr'><strong>concilio</strong></span> <span class='ocrx_word' id='word_1_506' title='bbox 2821 2822 3244 2885; x_wconf 81' lang='lat' dir='ltr'><strong>Chalcedonensi</strong></span> <span class='ocrx_word' id='word_1_507' title='bbox 3272 2830 3585 2884; x_wconf 89' lang='lat' dir='ltr'><strong>Dioscorum</strong></span> <span class='ocrx_word' id='word_1_508' title='bbox 3610 2839 3798 2899; x_wconf 88' lang='lat' dir='ltr'><strong>percus-</strong></span> 
     </span>
    </p>
   </div>
   <div class='ocr_carea' id='block_1_76' title="bbox 2240 2896 3796 2970">
    <p class='ocr_par' dir='ltr' id='par_1_76' title="bbox 2240 2896 3796 2970">
     <span class='ocr_line' id='line_1_76' title="bbox 2240 2896 3796 2970; baseline 0.001 -22"><span class='ocrx_word' id='word_1_509' title='bbox 2240 2909 2419 2970; x_wconf 81' lang='lat' dir='ltr'><strong>sorem</strong></span> <span class='ocrx_word' id='word_1_510' title='bbox 2463 2906 2518 2951; x_wconf 92' lang='lat' dir='ltr'><strong>et</strong></span> <span class='ocrx_word' id='word_1_511' title='bbox 2559 2896 2878 2954; x_wconf 87' lang='lat' dir='ltr'><strong>homicidam</strong></span> <span class='ocrx_word' id='word_1_512' title='bbox 2910 2898 3183 2970; x_wconf 83' lang='lat' dir='ltr'><strong>Flaviani,</strong></span> <span class='ocrx_word' id='word_1_513' title='bbox 3235 2911 3288 2957; x_wconf 91' lang='lat' dir='ltr'><strong>et</strong></span> <span class='ocrx_word' id='word_1_514' title='bbox 3330 2902 3563 2956; x_wconf 89' lang='lat' dir='ltr'><strong>alterum</strong></span> <span class='ocrx_word' id='word_1_515' title='bbox 3606 2896 3796 2955; x_wconf 86' lang='lat' dir='ltr'><strong>Cainunt</strong></span> 
     </span>
    </p>
   </div>
   <div class='ocr_carea' id='block_1_77' title="bbox 2243 2967 2664 3035">
    <p class='ocr_par' dir='ltr' id='par_1_77' title="bbox 2243 2967 2664 3035">
     <span class='ocr_line' id='line_1_77' title="bbox 2243 2967 2664 3035; baseline 0.012 -17"><span class='ocrx_word' id='word_1_516' title='bbox 2243 2967 2664 3035; x_wconf 88' lang='lat' dir='ltr'><strong>appellaverunt.</strong></span> 
     </span>
    </p>
   </div>
   <div class='ocr_carea' id='block_1_78' title="bbox 2315 3038 3801 3120">
    <p class='ocr_par' dir='ltr' id='par_1_78' title="bbox 2315 3038 3801 3120">
     <span class='ocr_line' id='line_1_78' title="bbox 2315 3038 3801 3120; baseline 0 -27"><span class='ocrx_word' id='word_1_517' title='bbox 2315 3038 2578 3120; x_wconf 73' lang='lat' dir='ltr'><strong>Caeterum</strong></span> <span class='ocrx_word' id='word_1_518' title='bbox 2618 3041 2669 3095; x_wconf 91' lang='lat' dir='ltr'><strong>in</strong></span> <span class='ocrx_word' id='word_1_519' title='bbox 2695 3052 2862 3120; x_wconf 62' lang='lat' dir='ltr'><strong>tanta</strong></span> <span class='ocrx_word' id='word_1_520' title='bbox 2881 3057 3067 3120; x_wconf 84' lang='lat' dir='ltr'><strong>rerum</strong></span> <span class='ocrx_word' id='word_1_521' title='bbox 3090 3043 3470 3120; x_wconf 80' lang='lat' dir='ltr'><strong>desperatione</strong></span> <span class='ocrx_word' id='word_1_522' title='bbox 3498 3044 3651 3114; x_wconf 89' lang='lat' dir='ltr'><strong>legati</strong></span> <span class='ocrx_word' id='word_1_523' title='bbox 3678 3040 3801 3120; x_wconf 74' lang='lat' dir='ltr'><strong>sedis</strong></span> 
     </span>
    </p>
   </div>
   <div class='ocr_carea' id='block_1_79' title="bbox 2244 3110 3805 3181">
    <p class='ocr_par' dir='ltr' id='par_1_79' title="bbox 2244 3110 3805 3181">
     <span class='ocr_line' id='line_1_79' title="bbox 2244 3110 3805 3181; baseline 0.003 -21"><span class='ocrx_word' id='word_1_524' title='bbox 2244 3110 2555 3178; x_wconf 68' lang='lat' dir='ltr'><strong>apostolicm</strong></span> <span class='ocrx_word' id='word_1_525' title='bbox 2579 3126 2685 3167; x_wconf 89' lang='lat' dir='ltr'><strong>non</strong></span> <span class='ocrx_word' id='word_1_526' title='bbox 2714 3113 2961 3169; x_wconf 84' lang='lat' dir='ltr'><strong>cecidere</strong></span> <span class='ocrx_word' id='word_1_527' title='bbox 2984 3116 3163 3169; x_wconf 87' lang='lat' dir='ltr'><strong>animo</strong></span> <span class='ocrx_word' id='word_1_528' title='bbox 3181 3110 3205 3181; x_wconf 75' lang='grc'><strong>;’</strong></span> <span class='ocrx_word' id='word_1_529' title='bbox 3244 3117 3337 3169; x_wconf 87' lang='lat' dir='ltr'><strong>sed</strong></span> <span class='ocrx_word' id='word_1_530' title='bbox 3366 3110 3643 3169; x_wconf 72' lang='lat' dir='ltr'><strong>obﬁrmate</strong></span> <span class='ocrx_word' id='word_1_531' title='bbox 3668 3110 3805 3168; x_wconf 44' lang='lat' dir='ltr'><strong>resti‘</strong></span> 
     </span>
    </p>
   </div>
   <div class='ocr_carea' id='block_1_80' title="bbox 2247 3183 3803 3242">
    <p class='ocr_par' dir='ltr' id='par_1_80' title="bbox 2247 3183 3803 3242">
     <span class='ocr_line' id='line_1_80' title="bbox 2247 3183 3803 3242; baseline 0.002 -10"><span class='ocrx_word' id='word_1_532' title='bbox 2247 3189 2425 3234; x_wconf 89' lang='lat' dir='ltr'><strong>terunt</strong></span> <span class='ocrx_word' id='word_1_533' title='bbox 2448 3183 2728 3239; x_wconf 90' lang='lat' dir='ltr'><strong>conatibus</strong></span> <span class='ocrx_word' id='word_1_534' title='bbox 2750 3184 3124 3241; x_wconf 69' lang='lat' dir='ltr'><strong>haereticorum</strong></span> <span class='ocrx_word' id='word_1_535' title='bbox 3149 3187 3412 3242; x_wconf 87' lang='lat' dir='ltr'><strong>adversus</strong></span> <span class='ocrx_word' id='word_1_536' title='bbox 3429 3185 3803 3242; x_wconf 83' lang='lat' dir='ltr'><strong>condemnatio-</strong></span> 
     </span>
    </p>
   </div>
   <div class='ocr_carea' id='block_1_81' title="bbox 552 3252 3803 3327">
    <p class='ocr_par' dir='ltr' id='par_1_81' title="bbox 552 3252 3803 3327">
     <span class='ocr_line' id='line_1_81' title="bbox 552 3252 3803 3327; baseline -0.001 -16"><span class='ocrx_word' id='word_1_537' title='bbox 552 3252 733 3311; x_wconf 85' lang='lat' dir='ltr'><strong>missis</strong></span> <span class='ocrx_word' id='word_1_538' title='bbox 757 3256 1016 3325; x_wconf 90' lang='lat' dir='ltr'><strong>corrupti,</strong></span> <span class='ocrx_word' id='word_1_539' title='bbox 1050 3271 1119 3309; x_wconf 89' lang='lat' dir='ltr'><strong>ne</strong></span> <span class='ocrx_word' id='word_1_540' title='bbox 1149 3255 1377 3327; x_wconf 91' lang='lat' dir='ltr'><strong>hiscere_</strong></span> <span class='ocrx_word' id='word_1_541' title='bbox 1397 3252 1636 3327; x_wconf 83' lang='lat' dir='ltr'><strong>quidem,</strong></span> <span class='ocrx_word' id='word_1_542' title='bbox 1671 3253 1951 3327; x_wconf 66' lang='lat' dir='ltr'><strong>immovel</strong></span> <span class='ocrx_word' id='word_1_543' title='bbox 1984 3265 2135 3327; x_wconf 75' lang='lat' dir='ltr'><strong>nutu,</strong></span> <span class='ocrx_word' id='word_1_544' title='bbox 2169 3264 2214 3327; x_wconf 72' lang='grc' dir='ltr'>ο</span> <span class='ocrx_word' id='word_1_545' title='bbox 2248 3266 2369 3327; x_wconf 69' lang='lat' dir='ltr'><strong>nem</strong></span> <span class='ocrx_word' id='word_1_546' title='bbox 2394 3252 2666 3327; x_wconf 77' lang='lat' dir='ltr'><strong>Flaviani;</strong></span> <span class='ocrx_word' id='word_1_547' title='bbox 2693 3272 2919 3326; x_wconf 84' lang='lat' dir='ltr'><strong>quaeque</strong></span> <span class='ocrx_word' id='word_1_548' title='bbox 2948 3268 3096 3325; x_wconf 89' lang='lat' dir='ltr'><strong>gesta</strong></span> <span class='ocrx_word' id='word_1_549' title='bbox 3127 3267 3282 3313; x_wconf 90' lang='lat' dir='ltr'><strong>erant</strong></span> <span class='ocrx_word' id='word_1_550' title='bbox 3312 3259 3486 3325; x_wconf 86' lang='lat' dir='ltr'><strong>palam</strong></span> <span class='ocrx_word' id='word_1_551' title='bbox 3518 3253 3803 3327; x_wconf 80' lang='lat' dir='ltr'><strong>contestati.</strong></span> 
     </span>
    </p>
   </div>
   <div class='ocr_carea' id='block_1_82' title="bbox 550 3323 2139 3394">
    <p class='ocr_par' dir='ltr' id='par_1_82' title="bbox 550 3323 2139 3394">
     <span class='ocr_line' id='line_1_82' title="bbox 550 3323 2139 3394; baseline 0.001 -16"><span class='ocrx_word' id='word_1_552' title='bbox 550 3327 636 3381; x_wconf 88' lang='lat' dir='ltr'><strong>vel</strong></span> <span class='ocrx_word' id='word_1_553' title='bbox 676 3323 1023 3391; x_wconf 37' lang='lat' dir='ltr'><strong>silentio,’vel</strong></span> <span class='ocrx_word' id='word_1_554' title='bbox 1061 3340 1195 3381; x_wconf 87' lang='lat' dir='ltr'><strong>voce</strong></span> <span class='ocrx_word' id='word_1_555' title='bbox 1248 3323 1477 3394; x_wconf 84' lang='lat' dir='ltr'><strong>prodere</strong></span> <span class='ocrx_word' id='word_1_556' title='bbox 1524 3324 1685 3379; x_wconf 81' lang='lat' dir='ltr'><strong>tidem</strong></span> <span class='ocrx_word' id='word_1_557' title='bbox 1737 3323 2015 3379; x_wconf 85' lang='lat' dir='ltr'><strong>Ecclesiae.</strong></span> <span class='ocrx_word' id='word_1_558' title='bbox 2050 3324 2139 3380; x_wconf 90' lang='lat' dir='ltr'><strong>Sic</strong></span> 
     </span>
    </p>
   </div>
   <div class='ocr_carea' id='block_1_83' title="bbox 552 3394 2138 3468">
    <p class='ocr_par' dir='ltr' id='par_1_83' title="bbox 552 3394 2138 3468">
     <span class='ocr_line' id='line_1_83' title="bbox 552 3394 2138 3468; baseline -0.001 -16"><span class='ocrx_word' id='word_1_559' title='bbox 552 3397 828 3468; x_wconf 84' lang='lat' dir='ltr'><strong>Eutyches</strong></span> <span class='ocrx_word' id='word_1_560' title='bbox 851 3396 1202 3466; x_wconf 85' lang='lat' dir='ltr'><strong>triumphanti</strong></span> <span class='ocrx_word' id='word_1_561' title='bbox 1226 3396 1418 3468; x_wconf 83' lang='lat' dir='ltr'><strong>similis</strong></span> <span class='ocrx_word' id='word_1_562' title='bbox 1444 3396 1516 3468; x_wconf 82' lang='lat' dir='ltr'><strong>ab</strong></span> <span class='ocrx_word' id='word_1_563' title='bbox 1532 3395 1781 3450; x_wconf 88' lang='lat' dir='ltr'><strong>omnibus</strong></span> <span class='ocrx_word' id='word_1_564' title='bbox 1809 3394 2138 3468; x_wconf 81' lang='lat' dir='ltr'><strong>admittitur:</strong></span> 
     </span>
    </p>
   </div>
   <div class='ocr_carea' id='block_1_84' title="bbox 551 3465 2141 3534">
    <p class='ocr_par' dir='ltr' id='par_1_84' title="bbox 551 3465 2141 3534">
     <span class='ocr_line' id='line_1_84' title="bbox 551 3465 2141 3534; baseline -0.001 -12"><span class='ocrx_word' id='word_1_565' title='bbox 551 3465 860 3523; x_wconf 82' lang='lat' dir='ltr'><strong>declaratur</strong></span> <span class='ocrx_word' id='word_1_566' title='bbox 892 3465 1174 3534; x_wconf 88' lang='lat' dir='ltr'><strong>innocens,</strong></span> <span class='ocrx_word' id='word_1_567' title='bbox 1208 3467 1434 3522; x_wconf 85' lang='lat' dir='ltr'><strong>solvitur</strong></span> <span class='ocrx_word' id='word_1_568' title='bbox 1470 3467 1539 3522; x_wconf 91' lang='lat' dir='ltr'><strong>ab</strong></span> <span class='ocrx_word' id='word_1_569' title='bbox 1569 3465 2141 3521; x_wconf 86' lang='lat' dir='ltr'><strong>excommunicationis</strong></span> 
     </span>
    </p>
   </div>
   <div class='ocr_carea' id='block_1_85' title="bbox 552 3534 799 3595">
    <p class='ocr_par' dir='ltr' id='par_1_85' title="bbox 552 3534 799 3595">
     <span class='ocr_line' id='line_1_85' title="bbox 552 3534 799 3595; baseline -0.004 0"><span class='ocrx_word' id='word_1_570' title='bbox 552 3534 799 3595; x_wconf 60' lang='lat' dir='ltr'><strong>v‘inculo.</strong></span> 
     </span>
    </p>
   </div>
   <div class='ocr_carea' id='block_1_86' title="bbox 635 3607 2138 3693">
    <p class='ocr_par' dir='ltr' id='par_1_86' title="bbox 635 3607 2138 3693">
     <span class='ocr_line' id='line_1_86' title="bbox 635 3607 2138 3693; baseline -0.001 -28"><span class='ocrx_word' id='word_1_571' title='bbox 635 3610 750 3665; x_wconf 80' lang='lat' dir='ltr'><strong>XII.</strong></span> <span class='ocrx_word' id='word_1_572' title='bbox 774 3610 959 3693; x_wconf 84' lang='lat' dir='ltr'><strong>N_eque</strong></span> <span class='ocrx_word' id='word_1_573' title='bbox 978 3610 1067 3667; x_wconf 89' lang='lat' dir='ltr'><strong>hic</strong></span> <span class='ocrx_word' id='word_1_574' title='bbox 1087 3610 1236 3666; x_wconf 87' lang='lat' dir='ltr'><strong>stetit</strong></span> <span class='ocrx_word' id='word_1_575' title='bbox 1257 3610 1408 3693; x_wconf 66' lang='lat' dir='ltr'><strong>furor</strong></span> <span class='ocrx_word' id='word_1_576' title='bbox 1434 3609 1693 3693; x_wconf 54' lang='lat' dir='ltr'><strong>Dioscuri:</strong></span> <span class='ocrx_word' id='word_1_577' title='bbox 1714 3607 1885 3663; x_wconf 88' lang='lat' dir='ltr'><strong>Pudet</strong></span> <span class='ocrx_word' id='word_1_578' title='bbox 1906 3609 2138 3693; x_wconf 57' lang='lat' dir='ltr'><strong>referre:</strong></span> 
     </span>
    </p>
   </div>
   <div class='ocr_carea' id='block_1_87' title="bbox 555 3679 2143 3751">
    <p class='ocr_par' dir='ltr' id='par_1_87' title="bbox 555 3679 2143 3751">
     <span class='ocr_line' id='line_1_87' title="bbox 555 3679 2143 3751; baseline -0.001 -14"><span class='ocrx_word' id='word_1_579' title='bbox 555 3696 663 3737; x_wconf 89' lang='lat' dir='ltr'><strong>non</strong></span> <span class='ocrx_word' id='word_1_580' title='bbox 689 3683 849 3737; x_wconf 90' lang='lat' dir='ltr'><strong>modo</strong></span> <span class='ocrx_word' id='word_1_581' title='bbox 872 3679 1131 3738; x_wconf 89' lang='lat' dir='ltr'><strong>innocens</strong></span> <span class='ocrx_word' id='word_1_582' title='bbox 1154 3680 1477 3750; x_wconf 74' lang='lat' dir='ltr'><strong>praedicatur</strong></span> <span class='ocrx_word' id='word_1_583' title='bbox 1496 3679 1785 3751; x_wconf 85' lang='lat' dir='ltr'><strong>Eutyches,</strong></span> <span class='ocrx_word' id='word_1_584' title='bbox 1813 3691 1999 3736; x_wconf 89' lang='lat' dir='ltr'><strong>contra</strong></span> <span class='ocrx_word' id='word_1_585' title='bbox 2023 3681 2143 3736; x_wconf 90' lang='lat' dir='ltr'><strong>Fla-</strong></span> 
     </span>
    </p>
   </div>
   <div class='ocr_carea' id='block_1_88' title="bbox 554 3752 2145 3822">
    <p class='ocr_par' dir='ltr' id='par_1_88' title="bbox 554 3752 2145 3822">
     <span class='ocr_line' id='line_1_88' title="bbox 554 3752 2145 3822; baseline -0.001 -14"><span class='ocrx_word' id='word_1_586' title='bbox 554 3754 747 3808; x_wconf 87' lang='lat' dir='ltr'><strong>vianus</strong></span> <span class='ocrx_word' id='word_1_587' title='bbox 772 3753 864 3809; x_wconf 88' lang='lat' dir='ltr'><strong>ille</strong></span> <span class='ocrx_word' id='word_1_588' title='bbox 891 3752 1083 3808; x_wconf 79' lang='lat' dir='ltr'><strong>vindex</strong></span> <span class='ocrx_word' id='word_1_589' title='bbox 1114 3752 1263 3817; x_wconf 82' lang='lat' dir='ltr'><strong>ﬁdei,</strong></span> <span class='ocrx_word' id='word_1_590' title='bbox 1285 3754 1532 3809; x_wconf 90' lang='lat' dir='ltr'><strong>columen</strong></span> <span class='ocrx_word' id='word_1_591' title='bbox 1562 3752 1864 3822; x_wconf 88' lang='lat' dir='ltr'><strong>religionis,</strong></span> <span class='ocrx_word' id='word_1_592' title='bbox 1888 3753 2145 3807; x_wconf 90' lang='lat' dir='ltr'><strong>condem-</strong></span> 
     </span>
    </p>
   </div>
   <div class='ocr_carea' id='block_1_89' title="bbox 553 3824 2142 3895">
    <p class='ocr_par' dir='ltr' id='par_1_89' title="bbox 553 3824 2142 3895">
     <span class='ocr_line' id='line_1_89' title="bbox 553 3824 2142 3895; baseline 0.001 -16"><span class='ocrx_word' id='word_1_593' title='bbox 553 3835 714 3879; x_wconf 87' lang='lat' dir='ltr'><strong>natur</strong></span> <span class='ocrx_word' id='word_1_594' title='bbox 742 3839 864 3879; x_wconf 86' lang='lat' dir='ltr'><strong>cum</strong></span> <span class='ocrx_word' id='word_1_595' title='bbox 912 3824 1145 3879; x_wconf 85' lang='lat' dir='ltr'><strong>Eusebio</strong></span> <span class='ocrx_word' id='word_1_596' title='bbox 1188 3824 1450 3895; x_wconf 71' lang='lat' dir='ltr'><strong>Dorylazi:</strong></span> <span class='ocrx_word' id='word_1_597' title='bbox 1507 3834 1731 3895; x_wconf 84' lang='lat' dir='ltr'><strong>uterque</strong></span> <span class='ocrx_word' id='word_1_598' title='bbox 1762 3825 1880 3879; x_wconf 90' lang='lat' dir='ltr'><strong>loco</strong></span> <span class='ocrx_word' id='word_1_599' title='bbox 1922 3833 1987 3895; x_wconf 88' lang='lat' dir='ltr'><strong>ct</strong></span> <span class='ocrx_word' id='word_1_600' title='bbox 2014 3825 2142 3881; x_wconf 91' lang='lat' dir='ltr'><strong>sede</strong></span> 
     </span>
    </p>
   </div>
   <div class='ocr_carea' id='block_1_90' title="bbox 556 3894 2140 3964">
    <p class='ocr_par' dir='ltr' id='par_1_90' title="bbox 556 3894 2140 3964">
     <span class='ocr_line' id='line_1_90' title="bbox 556 3894 2140 3964; baseline 0 -14"><span class='ocrx_word' id='word_1_601' title='bbox 556 3896 689 3950; x_wconf 87' lang='lat' dir='ltr'><strong>moti</strong></span> <span class='ocrx_word' id='word_1_602' title='bbox 718 3903 861 3964; x_wconf 90' lang='lat' dir='ltr'><strong>sunt,</strong></span> <span class='ocrx_word' id='word_1_603' title='bbox 889 3904 944 3950; x_wconf 90' lang='lat' dir='ltr'><strong>et</strong></span> <span class='ocrx_word' id='word_1_604' title='bbox 971 3902 1032 3950; x_wconf 90' lang='lat' dir='ltr'><strong>ut</strong></span> <span class='ocrx_word' id='word_1_605' title='bbox 1058 3895 1203 3949; x_wconf 89' lang='lat' dir='ltr'><strong>faces</strong></span> <span class='ocrx_word' id='word_1_606' title='bbox 1228 3894 1510 3950; x_wconf 84' lang='lat' dir='ltr'><strong>seditionis</strong></span> <span class='ocrx_word' id='word_1_607' title='bbox 1536 3904 1589 3951; x_wconf 89' lang='lat' dir='ltr'><strong>et</strong></span> <span class='ocrx_word' id='word_1_608' title='bbox 1614 3894 1843 3949; x_wconf 65' lang='lat' dir='ltr'><strong>Nicasna:</strong></span> <span class='ocrx_word' id='word_1_609' title='bbox 1870 3894 1995 3949; x_wconf 86' lang='lat' dir='ltr'><strong>fidei</strong></span> <span class='ocrx_word' id='word_1_610' title='bbox 2024 3910 2140 3951; x_wconf 91' lang='lat' dir='ltr'><strong>cor-</strong></span> 
     </span>
    </p>
   </div>
   <div class='ocr_carea' id='block_1_91' title="bbox 555 3964 2143 4037">
    <p class='ocr_par' dir='ltr' id='par_1_91' title="bbox 555 3964 2143 4037">
     <span class='ocr_line' id='line_1_91' title="bbox 555 3964 2143 4037; baseline -0.001 -16"><span class='ocrx_word' id='word_1_611' title='bbox 555 3975 835 4037; x_wconf 85' lang='lat' dir='ltr'><strong>ruptores.</strong></span> <span class='ocrx_word' id='word_1_612' title='bbox 874 3964 949 4037; x_wconf 82' lang='lat' dir='ltr'><strong>Ita</strong></span> <span class='ocrx_word' id='word_1_613' title='bbox 970 4006 984 4031; x_wconf 90' lang='lat'><strong>,</strong></span> <span class='ocrx_word' id='word_1_614' title='bbox 1024 3976 1083 4037; x_wconf 68' lang='lat' dir='ltr'><strong>ut</strong></span> <span class='ocrx_word' id='word_1_615' title='bbox 1112 3966 1221 4021; x_wconf 90' lang='lat' dir='ltr'><strong>Leo</strong></span> <span class='ocrx_word' id='word_1_616' title='bbox 1246 3976 1431 4022; x_wconf 88' lang='lat' dir='ltr'><strong>noster</strong></span> <span class='ocrx_word' id='word_1_617' title='bbox 1462 3969 1620 4023; x_wconf 87' lang='lat' dir='ltr'><strong>habet</strong></span> <span class='ocrx_word' id='word_1_618' title='bbox 1648 3966 1843 4037; x_wconf 79' lang='lat' dir='ltr'><strong>(Epist.</strong></span> <span class='ocrx_word' id='word_1_619' title='bbox 1866 3965 1937 4022; x_wconf 75' lang='grc'><strong>45</strong></span> <span class='ocrx_word' id='word_1_620' title='bbox 1956 4007 1969 4031; x_wconf 85' lang='grc'><strong><em>,</em></strong></span> <span class='ocrx_word' id='word_1_621' title='bbox 2009 3983 2143 4020; x_wconf 86' lang='lat' dir='ltr'><strong>nunc</strong></span> 
     </span>
    </p>
   </div>
   <div class='ocr_carea' id='block_1_92' title="bbox 552 4035 2145 4109">
    <p class='ocr_par' dir='ltr' id='par_1_92' title="bbox 552 4035 2145 4109">
     <span class='ocr_line' id='line_1_92' title="bbox 552 4035 2145 4109; baseline -0.001 -17"><span class='ocrx_word' id='word_1_622' title='bbox 552 4037 647 4105; x_wconf 74' lang='grc'><strong>47,</strong></span> <span class='ocrx_word' id='word_1_623' title='bbox 676 4054 791 4109; x_wconf 84' lang='lat' dir='ltr'><strong>cap.</strong></span> <span class='ocrx_word' id='word_1_624' title='bbox 819 4036 897 4108; x_wconf 82' lang='grc'><strong>1),</strong></span> <span class='ocrx_word' id='word_1_625' title='bbox 924 4036 990 4091; x_wconf 82' lang='grc' dir='ltr'><strong>1η</strong></span> <span class='ocrx_word' id='word_1_626' title='bbox 1018 4035 1329 4109; x_wconf 59' lang='grc' dir='ltr'><strong>Ιῖίαυὶαιριηι</strong></span> <span class='ocrx_word' id='word_1_627' title='bbox 1356 4048 1543 4109; x_wconf 74' lang='lat' dir='ltr'><strong>ueteres</strong></span> <span class='ocrx_word' id='word_1_628' title='bbox 1576 4035 2004 4109; x_wconf 12' lang='lat' dir='ltr'><strong>wmulationesiet</strong></span> <span class='ocrx_word' id='word_1_629' title='bbox 2037 4038 2145 4109; x_wconf 77' lang='lat' dir='ltr'><strong>pri-</strong></span> 
     </span>
    </p>
   </div>
   <div class='ocr_carea' id='block_1_93' title="bbox 553 4102 2177 4177">
    <p class='ocr_par' dir='ltr' id='par_1_93' title="bbox 553 4102 2177 4177">
     <span class='ocr_line' id='line_1_93' title="bbox 553 4102 2177 4177; baseline 0 -14"><span class='ocrx_word' id='word_1_630' title='bbox 553 4102 673 4163; x_wconf 77' lang='lat' dir='ltr'><strong>vata</strong></span> <span class='ocrx_word' id='word_1_631' title='bbox 706 4102 826 4163; x_wconf 72' lang='lat' dir='ltr'><strong>odia</strong></span> <span class='ocrx_word' id='word_1_632' title='bbox 848 4102 1146 4164; x_wconf 71' lang='lat' dir='ltr'><strong>itecwviunt.</strong></span> <span class='ocrx_word' id='word_1_633' title='bbox 1190 4108 1574 4163; x_wconf 60' lang='lat' dir='ltr'><strong>xEmulationes</strong></span> <span class='ocrx_word' id='word_1_634' title='bbox 1602 4116 1824 4177; x_wconf 86' lang='lat' dir='ltr'><strong>propter</strong></span> <span class='ocrx_word' id='word_1_635' title='bbox 1861 4108 2007 4163; x_wconf 89' lang='lat' dir='ltr'><strong>sedis</strong></span> <span class='ocrx_word' id='word_1_636' title='bbox 2034 4102 2140 4163; x_wconf 68' lang='grc' dir='ltr'><strong>(ΣΡ.</strong></span> <span class='ocrx_word' id='word_1_637' title='bbox 2168 4102 2177 4106; x_wconf 55' lang='grc'><em>”</em></span> 
     </span>
    </p>
   </div>
   <div class='ocr_carea' id='block_1_94' title="bbox 555 4179 2142 4250">
    <p class='ocr_par' dir='ltr' id='par_1_94' title="bbox 555 4179 2142 4250">
     <span class='ocr_line' id='line_1_94' title="bbox 555 4179 2142 4250; baseline -0.001 -15"><span class='ocrx_word' id='word_1_638' title='bbox 555 4181 901 4250; x_wconf 88' lang='lat' dir='ltr'><strong>splendorem</strong></span> <span class='ocrx_word' id='word_1_639' title='bbox 928 4180 982 4235; x_wconf 94' lang='lat' dir='ltr'><strong>in</strong></span> <span class='ocrx_word' id='word_1_640' title='bbox 1011 4180 1126 4236; x_wconf 90' lang='lat' dir='ltr'><strong>dies</strong></span> <span class='ocrx_word' id='word_1_641' title='bbox 1147 4191 1481 4235; x_wconf 87' lang='lat' dir='ltr'><strong>crescentem</strong></span> <span class='ocrx_word' id='word_1_642' title='bbox 1509 4197 1523 4234; x_wconf 95' lang='lat'>:</span> <span class='ocrx_word' id='word_1_643' title='bbox 1552 4180 1670 4233; x_wconf 84' lang='lat' dir='ltr'><strong>odia</strong></span> <span class='ocrx_word' id='word_1_644' title='bbox 1700 4179 1918 4249; x_wconf 83' lang='lat' dir='ltr'><strong>privata,</strong></span> <span class='ocrx_word' id='word_1_645' title='bbox 1948 4194 2068 4248; x_wconf 86' lang='lat' dir='ltr'><strong>quae</strong></span> <span class='ocrx_word' id='word_1_646' title='bbox 2092 4180 2142 4233; x_wconf 93' lang='lat' dir='ltr'><strong>in</strong></span> 
     </span>
    </p>
   </div>
   <div class='ocr_carea' id='block_1_95' title="bbox 553 4250 2143 4323">
    <p class='ocr_par' dir='ltr' id='par_1_95' title="bbox 553 4250 2143 4323">
     <span class='ocr_line' id='line_1_95' title="bbox 553 4250 2143 4323; baseline -0.001 -16"><span class='ocrx_word' id='word_1_647' title='bbox 553 4263 799 4307; x_wconf 79' lang='lat' dir='ltr'><strong>sanctum</strong></span> <span class='ocrx_word' id='word_1_648' title='bbox 854 4253 1163 4321; x_wconf 88' lang='lat' dir='ltr'><strong>episcopum</strong></span> <span class='ocrx_word' id='word_1_649' title='bbox 1204 4251 1575 4323; x_wconf 65' lang='lat' dir='ltr'><strong>Chrysaphius</strong></span> <span class='ocrx_word' id='word_1_650' title='bbox 1620 4250 1925 4323; x_wconf 82' lang='lat' dir='ltr'><strong>exercebat.</strong></span> <span class='ocrx_word' id='word_1_651' title='bbox 1978 4250 2143 4323; x_wconf 80' lang='lat' dir='ltr'><strong>Iconii</strong></span> 
     </span>
    </p>
   </div>
   <div class='ocr_carea' id='block_1_96' title="bbox 556 4320 2142 4393">
    <p class='ocr_par' dir='ltr' id='par_1_96' title="bbox 556 4320 2142 4393">
     <span class='ocr_line' id='line_1_96' title="bbox 556 4320 2142 4393; baseline -0.001 -15"><span class='ocrx_word' id='word_1_652' title='bbox 556 4324 864 4393; x_wconf 89' lang='lat' dir='ltr'><strong>episcopus,</strong></span> <span class='ocrx_word' id='word_1_653' title='bbox 894 4320 1116 4393; x_wconf 82' lang='lat' dir='ltr'><strong>quodin</strong></span> <span class='ocrx_word' id='word_1_654' title='bbox 1138 4320 1363 4391; x_wconf 84' lang='lat' dir='ltr'><strong>gratiam</strong></span> <span class='ocrx_word' id='word_1_655' title='bbox 1390 4322 1633 4393; x_wconf 86' lang='lat' dir='ltr'><strong>Flaviani</strong></span> <span class='ocrx_word' id='word_1_656' title='bbox 1658 4320 1923 4376; x_wconf 90' lang='lat' dir='ltr'><strong>accedens</strong></span> <span class='ocrx_word' id='word_1_657' title='bbox 1950 4320 2016 4375; x_wconf 88' lang='lat' dir='ltr'><strong>ad</strong></span> <span class='ocrx_word' id='word_1_658' title='bbox 2051 4336 2142 4388; x_wconf 87' lang='lat' dir='ltr'><strong>pe-</strong></span> 
     </span>
    </p>
   </div>
   <div class='ocr_carea' id='block_1_97' title="bbox 555 4392 2141 4463">
    <p class='ocr_par' dir='ltr' id='par_1_97' title="bbox 555 4392 2141 4463">
     <span class='ocr_line' id='line_1_97' title="bbox 555 4392 2141 4463; baseline -0.002 -14"><span class='ocrx_word' id='word_1_659' title='bbox 555 4392 652 4449; x_wconf 86' lang='lat' dir='ltr'><strong>des</strong></span> <span class='ocrx_word' id='word_1_660' title='bbox 676 4392 955 4459; x_wconf 36' lang='lat' dir='ltr'><strong>Dioscori’,</strong></span> <span class='ocrx_word' id='word_1_661' title='bbox 990 4394 1108 4463; x_wconf 90' lang='lat' dir='ltr'><strong>ejus</strong></span> <span class='ocrx_word' id='word_1_662' title='bbox 1148 4394 1479 4448; x_wconf 89' lang='lat' dir='ltr'><strong>iracundiam</strong></span> <span class='ocrx_word' id='word_1_663' title='bbox 1528 4392 1775 4461; x_wconf 83' lang='lat' dir='ltr'><strong>frangere</strong></span> <span class='ocrx_word' id='word_1_664' title='bbox 1820 4395 2141 4456; x_wconf 90' lang='lat' dir='ltr'><strong>tentaverit,</strong></span> 
     </span>
    </p>
   </div>
   <div class='ocr_carea' id='block_1_98' title="bbox 560 4463 2145 4535">
    <p class='ocr_par' dir='ltr' id='par_1_98' title="bbox 560 4463 2145 4535">
     <span class='ocr_line' id='line_1_98' title="bbox 560 4463 2145 4535; baseline 0 -17"><span class='ocrx_word' id='word_1_665' title='bbox 560 4480 667 4518; x_wconf 92' lang='lat' dir='ltr'><strong>non</strong></span> <span class='ocrx_word' id='word_1_666' title='bbox 698 4466 857 4520; x_wconf 91' lang='lat' dir='ltr'><strong>modo</strong></span> <span class='ocrx_word' id='word_1_667' title='bbox 887 4465 1161 4535; x_wconf 90' lang='lat' dir='ltr'><strong>repulsam</strong></span> <span class='ocrx_word' id='word_1_668' title='bbox 1188 4478 1378 4535; x_wconf 88' lang='lat' dir='ltr'><strong>passus</strong></span> <span class='ocrx_word' id='word_1_669' title='bbox 1400 4474 1501 4528; x_wconf 89' lang='lat' dir='ltr'><strong>est,</strong></span> <span class='ocrx_word' id='word_1_670' title='bbox 1538 4464 1631 4519; x_wconf 87' lang='lat' dir='ltr'><strong>sed</strong></span> <span class='ocrx_word' id='word_1_671' title='bbox 1656 4467 1833 4535; x_wconf 68' lang='lat' dir='ltr'><strong>furens</strong></span> <span class='ocrx_word' id='word_1_672' title='bbox 1858 4463 2145 4518; x_wconf 87' lang='lat' dir='ltr'><strong>Dioscorus</strong></span> 
     </span>
    </p>
   </div>
   <div class='ocr_carea' id='block_1_99' title="bbox 558 4533 2146 4605">
    <p class='ocr_par' dir='ltr' id='par_1_99' title="bbox 558 4533 2146 4605">
     <span class='ocr_line' id='line_1_99' title="bbox 558 4533 2146 4605; baseline -0.002 -14"><span class='ocrx_word' id='word_1_673' title='bbox 558 4537 788 4601; x_wconf 88' lang='lat' dir='ltr'><strong>milites,</strong></span> <span class='ocrx_word' id='word_1_674' title='bbox 822 4536 912 4605; x_wconf 92' lang='lat' dir='ltr'><strong>qui</strong></span> <span class='ocrx_word' id='word_1_675' title='bbox 940 4533 1098 4591; x_wconf 81' lang='lat' dir='ltr'><strong>erant</strong></span> <span class='ocrx_word' id='word_1_676' title='bbox 1136 4534 1201 4588; x_wconf 91' lang='lat' dir='ltr'><strong>ad</strong></span> <span class='ocrx_word' id='word_1_677' title='bbox 1232 4535 1374 4588; x_wconf 88' lang='lat' dir='ltr'><strong>fores</strong></span> <span class='ocrx_word' id='word_1_678' title='bbox 1396 4575 1411 4598; x_wconf 91' lang='lat'><strong>,</strong></span> <span class='ocrx_word' id='word_1_679' title='bbox 1455 4544 1629 4589; x_wconf 88' lang='lat' dir='ltr'><strong>vocat.</strong></span> <span class='ocrx_word' id='word_1_680' title='bbox 1668 4533 1806 4589; x_wconf 82' lang='lat' dir='ltr'><strong>Ecce</strong></span> <span class='ocrx_word' id='word_1_681' title='bbox 1838 4534 2146 4603; x_wconf 86' lang='lat' dir='ltr'><strong>complures</strong></span> 
     </span>
    </p>
   </div>
   <div class='ocr_carea' id='block_1_100' title="bbox 558 4606 2148 4676">
    <p class='ocr_par' dir='ltr' id='par_1_100' title="bbox 558 4606 2148 4676">
     <span class='ocr_line' id='line_1_100' title="bbox 558 4606 2148 4676; baseline -0.002 -14"><span class='ocrx_word' id='word_1_682' title='bbox 558 4606 704 4662; x_wconf 88' lang='lat' dir='ltr'><strong>illico</strong></span> <span class='ocrx_word' id='word_1_683' title='bbox 736 4622 929 4676; x_wconf 87' lang='lat' dir='ltr'><strong>magno</strong></span> <span class='ocrx_word' id='word_1_684' title='bbox 954 4619 1181 4676; x_wconf 82' lang='lat' dir='ltr'><strong>numero</strong></span> <span class='ocrx_word' id='word_1_685' title='bbox 1202 4612 1255 4659; x_wconf 92' lang='lat' dir='ltr'><strong>et</strong></span> <span class='ocrx_word' id='word_1_686' title='bbox 1276 4606 1481 4673; x_wconf 89' lang='lat' dir='ltr'><strong>majore</strong></span> <span class='ocrx_word' id='word_1_687' title='bbox 1507 4606 1736 4659; x_wconf 93' lang='lat' dir='ltr'><strong>tumultu</strong></span> <span class='ocrx_word' id='word_1_688' title='bbox 1759 4606 1933 4659; x_wconf 92' lang='lat' dir='ltr'><strong>locum</strong></span> <span class='ocrx_word' id='word_1_689' title='bbox 1960 4606 2148 4676; x_wconf 88' lang='lat' dir='ltr'><strong>imple-</strong></span> 
     </span>
    </p>
   </div>
   <div class='ocr_carea' id='block_1_101' title="bbox 2248 3321 3804 3398">
    <p class='ocr_par' dir='ltr' id='par_1_101' title="bbox 2248 3321 3804 3398">
     <span class='ocr_line' id='line_1_101' title="bbox 2248 3321 3804 3398; baseline -0.001 -20"><span class='ocrx_word' id='word_1_690' title='bbox 2248 3321 2400 3378; x_wconf 90' lang='lat' dir='ltr'><strong>Unde</strong></span> <span class='ocrx_word' id='word_1_691' title='bbox 2417 3334 2474 3398; x_wconf 69' lang='lat' dir='ltr'><strong>et</strong></span> <span class='ocrx_word' id='word_1_692' title='bbox 2487 3323 2578 3398; x_wconf 85' lang='lat' dir='ltr'><strong>(a)</strong></span> <span class='ocrx_word' id='word_1_693' title='bbox 2608 3326 2687 3398; x_wconf 91' lang='lat' dir='ltr'><strong>illi</strong></span> <span class='ocrx_word' id='word_1_694' title='bbox 2712 3321 2909 3382; x_wconf 77' lang='lat' dir='ltr'><strong>violata</strong></span> <span class='ocrx_word' id='word_1_695' title='bbox 2937 3321 3041 3383; x_wconf 76' lang='lat' dir='ltr'><strong>fide</strong></span> <span class='ocrx_word' id='word_1_696' title='bbox 3062 3328 3271 3398; x_wconf 89' lang='lat' dir='ltr'><strong>publica</strong></span> <span class='ocrx_word' id='word_1_697' title='bbox 3299 3321 3352 3385; x_wconf 82' lang='lat' dir='ltr'><strong>in</strong></span> <span class='ocrx_word' id='word_1_698' title='bbox 3375 3328 3657 3385; x_wconf 79' lang='lat' dir='ltr'><strong>custodiam</strong></span> <span class='ocrx_word' id='word_1_699' title='bbox 3682 3325 3804 3386; x_wconf 87' lang='lat' dir='ltr'><strong>dati,</strong></span> 
     </span>
    </p>
   </div>
   <div class='ocr_carea' id='block_1_102' title="bbox 2246 3394 3804 3468">
    <p class='ocr_par' dir='ltr' id='par_1_102' title="bbox 2246 3394 3804 3468">
     <span class='ocr_line' id='line_1_102' title="bbox 2246 3394 3804 3468; baseline -0.001 -21"><span class='ocrx_word' id='word_1_700' title='bbox 2246 3408 2385 3468; x_wconf 79' lang='lat' dir='ltr'><strong>unus</strong></span> <span class='ocrx_word' id='word_1_701' title='bbox 2415 3394 2626 3450; x_wconf 87' lang='lat' dir='ltr'><strong>Hilarus</strong></span> <span class='ocrx_word' id='word_1_702' title='bbox 2656 3397 2777 3467; x_wconf 89' lang='lat' dir='ltr'><strong>fuga</strong></span> <span class='ocrx_word' id='word_1_703' title='bbox 2820 3400 3035 3467; x_wconf 84' lang='lat' dir='ltr'><strong>elapsus</strong></span> <span class='ocrx_word' id='word_1_704' title='bbox 3056 3394 3177 3468; x_wconf 80' lang='lat' dir='ltr'><strong>post</strong></span> <span class='ocrx_word' id='word_1_705' title='bbox 3204 3405 3379 3455; x_wconf 81' lang='lat' dir='ltr'><strong>varias</strong></span> <span class='ocrx_word' id='word_1_706' title='bbox 3413 3400 3734 3453; x_wconf 87' lang='lat' dir='ltr'><strong>circnitiones</strong></span> <span class='ocrx_word' id='word_1_707' title='bbox 3753 3404 3804 3449; x_wconf 89' lang='lat' dir='ltr'><strong>et</strong></span> 
     </span>
    </p>
   </div>
   <div class='ocr_carea' id='block_1_103' title="bbox 2245 3463 3794 3539">
    <p class='ocr_par' dir='ltr' id='par_1_103' title="bbox 2245 3463 3794 3539">
     <span class='ocr_line' id='line_1_103' title="bbox 2245 3463 3794 3539; baseline -0.001 -21"><span class='ocrx_word' id='word_1_708' title='bbox 2245 3463 2489 3539; x_wconf 82' lang='lat' dir='ltr'><strong>fortunas</strong></span> <span class='ocrx_word' id='word_1_709' title='bbox 2512 3463 2739 3523; x_wconf 54' lang='lat' dir='ltr'><strong>tandem&#39;</strong></span> <span class='ocrx_word' id='word_1_710' title='bbox 2756 3463 3096 3539; x_wconf 81' lang='lat' dir='ltr'><strong>adnavigavit</strong></span> <span class='ocrx_word' id='word_1_711' title='bbox 3123 3470 3365 3526; x_wconf 84' lang='lat' dir='ltr'><strong>Romam.</strong></span> <span class='ocrx_word' id='word_1_712' title='bbox 3391 3472 3460 3525; x_wconf 75' lang='lat' dir='ltr'><strong>Ira</strong></span> <span class='ocrx_word' id='word_1_713' title='bbox 3481 3470 3604 3523; x_wconf 79' lang='lat' dir='ltr'><strong>sicut</strong></span> <span class='ocrx_word' id='word_1_714' title='bbox 3635 3468 3794 3519; x_wconf 85' lang='lat' dir='ltr'><strong>latro-</strong></span> 
     </span>
    </p>
   </div>
   <div class='ocr_carea' id='block_1_104' title="bbox 2244 3535 3495 3612">
    <p class='ocr_par' dir='ltr' id='par_1_104' title="bbox 2244 3535 3495 3612">
     <span class='ocr_line' id='line_1_104' title="bbox 2244 3535 3495 3612; baseline 0.002 -21"><span class='ocrx_word' id='word_1_715' title='bbox 2244 3535 2448 3612; x_wconf 72' lang='lat' dir='ltr'><strong>cinium</strong></span> <span class='ocrx_word' id='word_1_716' title='bbox 2472 3538 2716 3612; x_wconf 83' lang='lat' dir='ltr'><strong>absoluta</strong></span> <span class='ocrx_word' id='word_1_717' title='bbox 2748 3535 3191 3612; x_wconf 78' lang='lat' dir='ltr'><strong>pseudosynodus</strong></span> <span class='ocrx_word' id='word_1_718' title='bbox 3217 3542 3495 3612; x_wconf 83' lang='lat' dir='ltr'><strong>Ephesina.</strong></span> 
     </span>
    </p>
   </div>
   <div class='ocr_carea' id='block_1_105' title="bbox 2320 3605 3810 3681">
    <p class='ocr_par' dir='ltr' id='par_1_105' title="bbox 2320 3605 3810 3681">
     <span class='ocr_line' id='line_1_105' title="bbox 2320 3605 3810 3681; baseline 0 -20"><span class='ocrx_word' id='word_1_719' title='bbox 2320 3605 2460 3681; x_wconf 74' lang='lat' dir='ltr'><strong>XIV.</strong></span> <span class='ocrx_word' id='word_1_720' title='bbox 2506 3608 2715 3665; x_wconf 87' lang='lat' dir='ltr'><strong>Interea</strong></span> <span class='ocrx_word' id='word_1_721' title='bbox 2748 3605 3113 3667; x_wconf 66' lang='lat' dir='ltr'><strong>vehementer</strong></span> <span class='ocrx_word' id='word_1_722' title='bbox 3143 3605 3371 3681; x_wconf 75' lang='lat' dir='ltr'><strong>angebat</strong></span> <span class='ocrx_word' id='word_1_723' title='bbox 3409 3611 3631 3667; x_wconf 85' lang='lat' dir='ltr'><strong>Leonem</strong></span> <span class='ocrx_word' id='word_1_724' title='bbox 3683 3620 3810 3662; x_wconf 82' lang='lat' dir='ltr'><strong>cura</strong></span> 
     </span>
    </p>
   </div>
   <div class='ocr_carea' id='block_1_106' title="bbox 2246 3680 3815 3751">
    <p class='ocr_par' dir='ltr' id='par_1_106' title="bbox 2246 3680 3815 3751">
     <span class='ocr_line' id='line_1_106' title="bbox 2246 3680 3815 3751; baseline -0.001 -18"><span class='ocrx_word' id='word_1_725' title='bbox 2246 3680 2458 3751; x_wconf 86' lang='lat' dir='ltr'><strong>synodi,</strong></span> <span class='ocrx_word' id='word_1_726' title='bbox 2492 3683 2651 3736; x_wconf 92' lang='lat' dir='ltr'><strong>anxie</strong></span> <span class='ocrx_word' id='word_1_727' title='bbox 2676 3686 2858 3737; x_wconf 90' lang='lat' dir='ltr'><strong>nuntia</strong></span> <span class='ocrx_word' id='word_1_728' title='bbox 2890 3692 2943 3738; x_wconf 90' lang='lat' dir='ltr'><strong>et</strong></span> <span class='ocrx_word' id='word_1_729' title='bbox 2986 3684 3193 3739; x_wconf 90' lang='lat' dir='ltr'><strong>litteras</strong></span> <span class='ocrx_word' id='word_1_730' title='bbox 3220 3680 3459 3739; x_wconf 72' lang='lat' dir='ltr'><strong>Flaviani</strong></span> <span class='ocrx_word' id='word_1_731' title='bbox 3488 3689 3815 3751; x_wconf 85' lang='lat' dir='ltr'><strong>exspectans,</strong></span> 
     </span>
    </p>
   </div>
   <div class='ocr_carea' id='block_1_107' title="bbox 2248 3750 3817 3825">
    <p class='ocr_par' dir='ltr' id='par_1_107' title="bbox 2248 3750 3817 3825">
     <span class='ocr_line' id='line_1_107' title="bbox 2248 3750 3817 3825; baseline -0.001 -21"><span class='ocrx_word' id='word_1_732' title='bbox 2248 3750 2495 3825; x_wconf 76' lang='lat' dir='ltr'><strong>vclvebat</strong></span> <span class='ocrx_word' id='word_1_733' title='bbox 2518 3753 2700 3825; x_wconf 85' lang='lat' dir='ltr'><strong>animo</strong></span> <span class='ocrx_word' id='word_1_734' title='bbox 2721 3795 2735 3818; x_wconf 95' lang='lat'><strong>,</strong></span> <span class='ocrx_word' id='word_1_735' title='bbox 2768 3754 2894 3825; x_wconf 92' lang='lat' dir='ltr'><strong>quid</strong></span> <span class='ocrx_word' id='word_1_736' title='bbox 2934 3764 3115 3824; x_wconf 90' lang='lat' dir='ltr'><strong>posset</strong></span> <span class='ocrx_word' id='word_1_737' title='bbox 3142 3757 3437 3811; x_wconf 88' lang='lat' dir='ltr'><strong>monachus</strong></span> <span class='ocrx_word' id='word_1_738' title='bbox 3467 3754 3817 3825; x_wconf 82' lang='lat' dir='ltr'><strong>factiosus,_et</strong></span> 
     </span>
    </p>
   </div>
   <div class='ocr_carea' id='block_1_108' title="bbox 2248 3822 3817 3898">
    <p class='ocr_par' dir='ltr' id='par_1_108' title="bbox 2248 3822 3817 3898">
     <span class='ocr_line' id='line_1_108' title="bbox 2248 3822 3817 3898; baseline 0 -21"><span class='ocrx_word' id='word_1_739' title='bbox 2248 3822 2418 3898; x_wconf 69' lang='lat' dir='ltr'><strong>spado</strong></span> <span class='ocrx_word' id='word_1_740' title='bbox 2440 3823 2608 3898; x_wconf 79' lang='lat' dir='ltr'><strong>gratia</strong></span> <span class='ocrx_word' id='word_1_741' title='bbox 2635 3822 3034 3898; x_wconf 28' lang='lat' dir='ltr'><strong>et‘a_uctorit‘at_e</strong></span> <span class='ocrx_word' id='word_1_742' title='bbox 3062 3835 3275 3895; x_wconf 91' lang='lat' dir='ltr'><strong>potens.</strong></span> <span class='ocrx_word' id='word_1_743' title='bbox 3304 3826 3479 3898; x_wconf 90' lang='lat' dir='ltr'><strong>Super</strong></span> <span class='ocrx_word' id='word_1_744' title='bbox 3505 3826 3617 3898; x_wconf 73' lang='lat' dir='ltr'><strong>meo</strong></span> <span class='ocrx_word' id='word_1_745' title='bbox 3642 3822 3817 3898; x_wconf 78' lang='lat' dir='ltr'><strong>scribit</strong></span> 
     </span>
    </p>
   </div>
   <div class='ocr_carea' id='block_1_109' title="bbox 2250 3893 3818 3967">
    <p class='ocr_par' dir='ltr' id='par_1_109' title="bbox 2250 3893 3818 3967">
     <span class='ocr_line' id='line_1_109' title="bbox 2250 3893 3818 3967; baseline -0.001 -20"><span class='ocrx_word' id='word_1_746' title='bbox 2250 3894 2316 3947; x_wconf 85' lang='lat' dir='ltr'><strong>ad</strong></span> <span class='ocrx_word' id='word_1_747' title='bbox 2346 3893 2655 3949; x_wconf 86' lang='lat' dir='ltr'><strong>Flavianum</strong></span> <span class='ocrx_word' id='word_1_748' title='bbox 2682 3894 2889 3967; x_wconf 74' lang='lat' dir='ltr'><strong>(Epist.</strong></span> <span class='ocrx_word' id='word_1_749' title='bbox 2934 3896 3034 3962; x_wconf 80' lang='lat'><strong>55,</strong></span> <span class='ocrx_word' id='word_1_750' title='bbox 3063 3893 3203 3952; x_wconf 68' lang='lat' dir='ltr'><strong>nunc</strong></span> <span class='ocrx_word' id='word_1_751' title='bbox 3228 3898 3328 3967; x_wconf 74' lang='lat'><strong>59)</strong></span> <span class='ocrx_word' id='word_1_752' title='bbox 3356 3893 3398 3951; x_wconf 73' lang='grc' dir='ltr'><em>τ’</em></span> <span class='ocrx_word' id='word_1_753' title='bbox 3418 3899 3535 3965; x_wconf 88' lang='lat' dir='ltr'><strong>ejus</strong></span> <span class='ocrx_word' id='word_1_754' title='bbox 3562 3893 3818 3967; x_wconf 82' lang='lat' dir='ltr'><strong>silentium</strong></span> 
     </span>
    </p>
   </div>
   <div class='ocr_carea' id='block_1_110' title="bbox 2249 3966 3820 4033">
    <p class='ocr_par' dir='ltr' id='par_1_110' title="bbox 2249 3966 3820 4033">
     <span class='ocr_line' id='line_1_110' title="bbox 2249 3966 3820 4033; baseline -0.002 -14"><span class='ocrx_word' id='word_1_755' title='bbox 2249 3967 2616 4033; x_wconf 89' lang='lat' dir='ltr'><strong>conqueritur.</strong></span> <span class='ocrx_word' id='word_1_756' title='bbox 2646 3966 2992 4023; x_wconf 36' lang='lat' dir='ltr'><strong>sed&#39;demum</strong></span> <span class='ocrx_word' id='word_1_757' title='bbox 3035 3967 3256 4024; x_wconf 86' lang='lat' dir='ltr'><strong>edoctus</strong></span> <span class='ocrx_word' id='word_1_758' title='bbox 3292 3966 3359 4023; x_wconf 88' lang='lat' dir='ltr'><strong>ab</strong></span> <span class='ocrx_word' id='word_1_759' title='bbox 3387 3969 3566 4023; x_wconf 79' lang='lat' dir='ltr'><strong>Hilaro</strong></span> <span class='ocrx_word' id='word_1_760' title='bbox 3603 3966 3820 4023; x_wconf 81' lang='lat' dir='ltr'><strong>diacono</strong></span> 
     </span>
    </p>
   </div>
   <div class='ocr_carea' id='block_1_111' title="bbox 2248 4036 3819 4105">
    <p class='ocr_par' dir='ltr' id='par_1_111' title="bbox 2248 4036 3819 4105">
     <span class='ocr_line' id='line_1_111' title="bbox 2248 4036 3819 4105; baseline 0 -16"><span class='ocrx_word' id='word_1_761' title='bbox 2248 4045 2307 4089; x_wconf 92' lang='lat' dir='ltr'><strong>ut</strong></span> <span class='ocrx_word' id='word_1_762' title='bbox 2336 4049 2457 4091; x_wconf 91' lang='lat' dir='ltr'><strong>sese</strong></span> <span class='ocrx_word' id='word_1_763' title='bbox 2484 4051 2571 4091; x_wconf 89' lang='lat' dir='ltr'><strong>res</strong></span> <span class='ocrx_word' id='word_1_764' title='bbox 2598 4036 2889 4105; x_wconf 88' lang='lat' dir='ltr'><strong>haberent,</strong></span> <span class='ocrx_word' id='word_1_765' title='bbox 2916 4054 3023 4093; x_wconf 90' lang='lat' dir='ltr'><strong>non</strong></span> <span class='ocrx_word' id='word_1_766' title='bbox 3048 4039 3120 4094; x_wconf 90' lang='lat' dir='ltr'><strong>ita</strong></span> <span class='ocrx_word' id='word_1_767' title='bbox 3149 4040 3321 4095; x_wconf 88' lang='lat' dir='ltr'><strong>dolori</strong></span> <span class='ocrx_word' id='word_1_768' title='bbox 3352 4038 3603 4104; x_wconf 89' lang='lat' dir='ltr'><strong>indulsit,</strong></span> <span class='ocrx_word' id='word_1_769' title='bbox 3642 4046 3701 4092; x_wconf 87' lang='lat' dir='ltr'><strong>ut</strong></span> <span class='ocrx_word' id='word_1_770' title='bbox 3732 4050 3819 4089; x_wconf 86' lang='lat' dir='ltr'><strong>ne-</strong></span> 
     </span>
    </p>
   </div>
   <div class='ocr_carea' id='block_1_112' title="bbox 2287 4105 3824 4180">
    <p class='ocr_par' dir='ltr' id='par_1_112' title="bbox 2287 4105 3824 4180">
     <span class='ocr_line' id='line_1_112' title="bbox 2287 4105 3824 4180; baseline -0.003 -17"><span class='ocrx_word' id='word_1_771' title='bbox 2287 4105 2477 4180; x_wconf 74' lang='lat' dir='ltr'><strong>ligeret</strong></span> <span class='ocrx_word' id='word_1_772' title='bbox 2503 4108 2820 4180; x_wconf 82' lang='lat' dir='ltr'><strong>remedium.</strong></span> <span class='ocrx_word' id='word_1_773' title='bbox 2845 4111 3138 4167; x_wconf 88' lang='lat' dir='ltr'><strong>Confestim</strong></span> <span class='ocrx_word' id='word_1_774' title='bbox 3172 4112 3333 4180; x_wconf 88' lang='lat' dir='ltr'><strong>igitur</strong></span> <span class='ocrx_word' id='word_1_775' title='bbox 3356 4111 3641 4166; x_wconf 87' lang='lat' dir='ltr'><strong>concilium</strong></span> <span class='ocrx_word' id='word_1_776' title='bbox 3672 4107 3824 4180; x_wconf 82' lang='lat' dir='ltr'><strong>cogit.</strong></span> 
     </span>
    </p>
   </div>
   <div class='ocr_carea' id='block_1_113' title="bbox 2251 4120 3821 4248">
    <p class='ocr_par' dir='ltr' id='par_1_113' title="bbox 2251 4120 3821 4248">
     <span class='ocr_line' id='line_1_113' title="bbox 2289 4120 3821 4180; baseline -0.001 -20"><span class='ocrx_word' id='word_1_777' title='bbox 2289 4120 2477 4176; x_wconf 87' lang='lat' dir='ltr'><strong>ngeret</strong></span> <span class='ocrx_word' id='word_1_778' title='bbox 2503 4120 2820 4164; x_wconf 80' lang='lat' dir='ltr'><strong>remedium.</strong></span> <span class='ocrx_word' id='word_1_779' title='bbox 2845 4120 3138 4167; x_wconf 62' lang='lat' dir='ltr'><strong>Conl’estim</strong></span> <span class='ocrx_word' id='word_1_780' title='bbox 3172 4120 3333 4180; x_wconf 86' lang='lat' dir='ltr'><strong>igitur</strong></span> <span class='ocrx_word' id='word_1_781' title='bbox 3356 4120 3641 4166; x_wconf 85' lang='lat' dir='ltr'><strong>conctltutn</strong></span> <span class='ocrx_word' id='word_1_782' title='bbox 3672 4120 3821 4176; x_wconf 82' lang='lat' dir='ltr'><strong>cogit.</strong></span> 
     </span>
     <span class='ocr_line' id='line_1_114' title="bbox 2251 4120 3821 4248; baseline 0.004 -18"><span class='ocrx_word' id='word_1_783' title='bbox 2251 4120 2329 4248; x_wconf 56' lang='grc' dir='ltr'><strong>ῗὸ)</strong></span> <span class='ocrx_word' id='word_1_784' title='bbox 2365 4176 2541 4232; x_wconf 81' lang='lat' dir='ltr'><strong>Visum</strong></span> <span class='ocrx_word' id='word_1_785' title='bbox 2590 4179 2836 4236; x_wconf 86' lang='lat' dir='ltr'><strong>Patribus</strong></span> <span class='ocrx_word' id='word_1_786' title='bbox 2867 4191 2923 4235; x_wconf 90' lang='lat' dir='ltr'><strong>ut</strong></span> <span class='ocrx_word' id='word_1_787' title='bbox 2957 4181 3068 4238; x_wconf 91' lang='lat' dir='ltr'><strong>Leo</strong></span> <span class='ocrx_word' id='word_1_788' title='bbox 3091 4184 3156 4237; x_wconf 90' lang='lat' dir='ltr'><strong>ad</strong></span> <span class='ocrx_word' id='word_1_789' title='bbox 3199 4183 3560 4237; x_wconf 87' lang='lat' dir='ltr'><strong>Theodosium</strong></span> <span class='ocrx_word' id='word_1_790' title='bbox 3608 4179 3821 4237; x_wconf 78' lang='lat' dir='ltr'><strong>scribat.</strong></span> 
     </span>
    </p>
   </div>
   <div class='ocr_carea' id='block_1_114' title="bbox 2253 4253 3826 4320">
    <p class='ocr_par' dir='ltr' id='par_1_114' title="bbox 2253 4253 3826 4320">
     <span class='ocr_line' id='line_1_115' title="bbox 2253 4253 3826 4320; baseline 0.005 -20"><span class='ocrx_word' id='word_1_791' title='bbox 2253 4257 2522 4320; x_wconf 79' lang='lat' dir='ltr'><strong>portatque</strong></span> <span class='ocrx_word' id='word_1_792' title='bbox 2552 4261 2677 4305; x_wconf 90' lang='lat' dir='ltr'><strong>ante</strong></span> <span class='ocrx_word' id='word_1_793' title='bbox 2705 4254 2890 4308; x_wconf 89' lang='lat' dir='ltr'><strong>oculos</strong></span> <span class='ocrx_word' id='word_1_794' title='bbox 2911 4253 3159 4309; x_wconf 89' lang='lat' dir='ltr'><strong>miseram</strong></span> <span class='ocrx_word' id='word_1_795' title='bbox 3187 4254 3440 4309; x_wconf 67' lang='lat' dir='ltr'><strong>Ecclesia</strong></span> <span class='ocrx_word' id='word_1_796' title='bbox 3468 4254 3659 4308; x_wconf 85' lang='lat' dir='ltr'><strong>faciem</strong></span> <span class='ocrx_word' id='word_1_797' title='bbox 3680 4291 3693 4315; x_wconf 86' lang='lat'><strong>.</strong></span> <span class='ocrx_word' id='word_1_798' title='bbox 3720 4262 3826 4320; x_wconf 66' lang='lat' dir='ltr'><strong>qua:</strong></span> 
     </span>
    </p>
   </div>
   <div class='ocr_carea' id='block_1_115' title="bbox 2250 4318 3823 4395">
    <p class='ocr_par' dir='ltr' id='par_1_115' title="bbox 2250 4318 3823 4395">
     <span class='ocr_line' id='line_1_116' title="bbox 2250 4318 3823 4395; baseline 0.003 -23"><span class='ocrx_word' id='word_1_799' title='bbox 2250 4318 2484 4395; x_wconf 74' lang='lat' dir='ltr'><strong>vulnera</strong></span> <span class='ocrx_word' id='word_1_800' title='bbox 2498 4322 2685 4391; x_wconf 87' lang='lat' dir='ltr'><strong>religio</strong></span> <span class='ocrx_word' id='word_1_801' title='bbox 2700 4325 2907 4394; x_wconf 90' lang='lat' dir='ltr'><strong>accepit</strong></span> <span class='ocrx_word' id='word_1_802' title='bbox 2932 4341 2995 4379; x_wconf 85' lang='lat' dir='ltr'><strong>ex</strong></span> <span class='ocrx_word' id='word_1_803' title='bbox 3020 4325 3301 4380; x_wconf 88' lang='lat' dir='ltr'><strong>latrocinio</strong></span> <span class='ocrx_word' id='word_1_804' title='bbox 3333 4326 3630 4395; x_wconf 87' lang='lat' dir='ltr'><strong>Ephesino,</strong></span> <span class='ocrx_word' id='word_1_805' title='bbox 3663 4318 3763 4391; x_wconf 86' lang='lat' dir='ltr'><strong>quo</strong></span> <span class='ocrx_word' id='word_1_806' title='bbox 3781 4320 3823 4372; x_wconf 84' lang='lat' dir='ltr'><strong>in</strong></span> 
     </span>
    </p>
   </div>
   <div class='ocr_carea' id='block_1_116' title="bbox 2249 4390 3825 4461">
    <p class='ocr_par' dir='ltr' id='par_1_116' title="bbox 2249 4390 3825 4461">
     <span class='ocr_line' id='line_1_117' title="bbox 2249 4390 3825 4461; baseline -0.001 -16"><span class='ocrx_word' id='word_1_807' title='bbox 2249 4390 2558 4447; x_wconf 89' lang='lat' dir='ltr'><strong>discrimine</strong></span> <span class='ocrx_word' id='word_1_808' title='bbox 2602 4390 2846 4448; x_wconf 78' lang='lat' dir='ltr'><strong>versatur</strong></span> <span class='ocrx_word' id='word_1_809' title='bbox 2874 4395 3008 4450; x_wconf 83' lang='lat' dir='ltr'><strong>ﬁdes</strong></span> <span class='ocrx_word' id='word_1_810' title='bbox 3041 4397 3303 4452; x_wconf 88' lang='lat' dir='ltr'><strong>catholica</strong></span> <span class='ocrx_word' id='word_1_811' title='bbox 3324 4440 3337 4461; x_wconf 88' lang='lat'><strong>,</strong></span> <span class='ocrx_word' id='word_1_812' title='bbox 3379 4390 3429 4451; x_wconf 75' lang='lat' dir='ltr'><strong>si</strong></span> <span class='ocrx_word' id='word_1_813' title='bbox 3463 4396 3754 4451; x_wconf 89' lang='lat' dir='ltr'><strong>Dioscorus</strong></span> <span class='ocrx_word' id='word_1_814' title='bbox 3780 4400 3825 4443; x_wconf 88' lang='lat' dir='ltr'><strong>et</strong></span> 
     </span>
    </p>
   </div>
   <div class='ocr_carea' id='block_1_117' title="bbox 2251 4461 3827 4537">
    <p class='ocr_par' dir='ltr' id='par_1_117' title="bbox 2251 4461 3827 4537">
     <span class='ocr_line' id='line_1_118' title="bbox 2251 4461 3827 4537; baseline 0 -22"><span class='ocrx_word' id='word_1_815' title='bbox 2251 4461 2525 4537; x_wconf 74' lang='lat' dir='ltr'><strong>Eutyclies</strong></span> <span class='ocrx_word' id='word_1_816' title='bbox 2558 4464 2919 4537; x_wconf 19' lang='lat' dir='ltr'><strong>pro‘libidine</strong></span> <span class='ocrx_word' id='word_1_817' title='bbox 2963 4468 3142 4523; x_wconf 88' lang='lat' dir='ltr'><strong>omnia</strong></span> <span class='ocrx_word' id='word_1_818' title='bbox 3182 4475 3373 4537; x_wconf 87' lang='lat' dir='ltr'><strong>gerant</strong></span> <span class='ocrx_word' id='word_1_819' title='bbox 3415 4466 3827 4532; x_wconf 83' lang='lat' dir='ltr'><strong>decernantquc.</strong></span> 
     </span>
    </p>
   </div>
   <div class='ocr_carea' id='block_1_118' title="bbox 2251 4532 3827 4607">
    <p class='ocr_par' dir='ltr' id='par_1_118' title="bbox 2251 4532 3827 4607">
     <span class='ocr_line' id='line_1_119' title="bbox 2251 4532 3827 4607; baseline 0 -21"><span class='ocrx_word' id='word_1_820' title='bbox 2251 4532 2402 4607; x_wconf 80' lang='lat' dir='ltr'><strong>Quod</strong></span> <span class='ocrx_word' id='word_1_821' title='bbox 2425 4536 2468 4587; x_wconf 90' lang='lat' dir='ltr'><strong>si</strong></span> <span class='ocrx_word' id='word_1_822' title='bbox 2498 4535 2801 4590; x_wconf 86' lang='lat' dir='ltr'><strong>consultum</strong></span> <span class='ocrx_word' id='word_1_823' title='bbox 2836 4538 2959 4591; x_wconf 82' lang='lat' dir='ltr'><strong>velit</strong></span> <span class='ocrx_word' id='word_1_824' title='bbox 2988 4539 3109 4594; x_wconf 90' lang='lat' dir='ltr'><strong>huic</strong></span> <span class='ocrx_word' id='word_1_825' title='bbox 3134 4532 3305 4604; x_wconf 71' lang='lat' dir='ltr'><strong>malo,</strong></span> <span class='ocrx_word' id='word_1_826' title='bbox 3337 4538 3641 4604; x_wconf 58' lang='lat' dir='ltr'><strong>coxendam</strong></span> <span class='ocrx_word' id='word_1_827' title='bbox 3687 4548 3827 4607; x_wconf 78' lang='lat' dir='ltr'><strong>syno-</strong></span> 
     </span>
    </p>
   </div>
   <div class='ocr_carea' id='block_1_119' title="bbox 2252 4604 3831 4680">
    <p class='ocr_par' dir='ltr' id='par_1_119' title="bbox 2252 4604 3831 4680">
     <span class='ocr_line' id='line_1_120' title="bbox 2252 4604 3831 4680; baseline 0.004 -24"><span class='ocrx_word' id='word_1_828' title='bbox 2252 4604 2377 4657; x_wconf 90' lang='lat' dir='ltr'><strong>dum</strong></span> <span class='ocrx_word' id='word_1_829' title='bbox 2408 4610 2713 4673; x_wconf 87' lang='lat' dir='ltr'><strong>generalem</strong></span> <span class='ocrx_word' id='word_1_830' title='bbox 2741 4624 2752 4659; x_wconf 90' lang='lat'><strong>:</strong></span> <span class='ocrx_word' id='word_1_831' title='bbox 2789 4609 2889 4664; x_wconf 92' lang='lat' dir='ltr'><strong>hoc</strong></span> <span class='ocrx_word' id='word_1_832' title='bbox 2911 4620 3090 4663; x_wconf 88' lang='lat' dir='ltr'><strong>votum</strong></span> <span class='ocrx_word' id='word_1_833' title='bbox 3130 4625 3249 4665; x_wconf 89' lang='lat' dir='ltr'><strong>esse</strong></span> <span class='ocrx_word' id='word_1_834' title='bbox 3280 4611 3518 4665; x_wconf 84' lang='lat' dir='ltr'><strong>omnium</strong></span> <span class='ocrx_word' id='word_1_835' title='bbox 3562 4604 3831 4680; x_wconf 79' lang='lat' dir='ltr'><strong>episcopo-</strong></span> 
     </span>
    </p>
   </div>
   <div class='ocr_carea' id='block_1_120' title="bbox 452 5523 2145 5595">
    <p class='ocr_par' dir='ltr' id='par_1_120' title="bbox 452 5523 2145 5595">
     <span class='ocr_line' id='line_1_121' title="bbox 452 5523 2145 5595; baseline -0.002 -14"><span class='ocrx_word' id='word_1_836' title='bbox 452 5556 466 5570; x_wconf 85' lang='lat'><strong>-</strong></span> <span class='ocrx_word' id='word_1_837' title='bbox 561 5523 697 5593; x_wconf 59' lang='lat' dir='ltr'><strong>t&#39;utn,</strong></span> <span class='ocrx_word' id='word_1_838' title='bbox 731 5523 801 5582; x_wconf 72' lang='lat' dir='ltr'><strong>ex</strong></span> <span class='ocrx_word' id='word_1_839' title='bbox 825 5525 1105 5581; x_wconf 83' lang='lat' dir='ltr'><strong>Breviculo</strong></span> <span class='ocrx_word' id='word_1_840' title='bbox 1140 5525 1391 5580; x_wconf 76' lang='lat' dir='ltr'><strong>Historiae</strong></span> <span class='ocrx_word' id='word_1_841' title='bbox 1423 5524 1944 5595; x_wconf 86' lang='lat' dir='ltr'><strong>Eutychianistarum</strong></span> <span class='ocrx_word' id='word_1_842' title='bbox 1976 5523 2145 5578; x_wconf 83' lang='lat' dir='ltr'><strong>mani-</strong></span> 
     </span>
    </p>
   </div>
   <div class='ocr_carea' id='block_1_121' title="bbox 554 4645 3834 4750">
    <p class='ocr_par' dir='ltr' id='par_1_121' title="bbox 554 4645 3834 4750">
     <span class='ocr_line' id='line_1_122' title="bbox 554 4645 3834 4750; baseline -0.001 -18"><span class='ocrx_word' id='word_1_843' title='bbox 554 4692 717 4743; x_wconf 86' lang='lat' dir='ltr'><strong>vere,</strong></span> <span class='ocrx_word' id='word_1_844' title='bbox 762 4645 996 4750; x_wconf 56' lang='lat' dir='ltr'><strong>mibnaces</strong></span> <span class='ocrx_word' id='word_1_845' title='bbox 1041 4674 1192 4750; x_wconf 85' lang='lat' dir='ltr'><strong>vultu</strong></span> <span class='ocrx_word' id='word_1_846' title='bbox 1218 4685 1296 4750; x_wconf 89' lang='lat' dir='ltr'><strong>_et</strong></span> <span class='ocrx_word' id='word_1_847' title='bbox 1349 4645 1580 4741; x_wconf 69' lang='lat' dir='ltr'><strong>oatenis,</strong></span> <span class='ocrx_word' id='word_1_848' title='bbox 1626 4690 1758 4745; x_wconf 85' lang='lat' dir='ltr'><strong>quas</strong></span> <span class='ocrx_word' id='word_1_849' title='bbox 1799 4645 2147 4750; x_wconf 62' lang='lat' dir='ltr'><strong>ostentabant</strong></span> <span class='ocrx_word' id='word_1_850' title='bbox 2174 4645 2226 4709; x_wconf 79' lang='lat' dir='ltr'><strong>D</strong></span> <span class='ocrx_word' id='word_1_851' title='bbox 2255 4690 2372 4750; x_wconf 83' lang='lat' dir='ltr'><strong>r_um</strong></span> <span class='ocrx_word' id='word_1_852' title='bbox 2399 4645 2611 4730; x_wconf 52' lang='lat' dir='ltr'><strong>cunarum</strong></span> <span class='ocrx_word' id='word_1_853' title='bbox 2646 4645 3106 4750; x_wconf 35' lang='lat' dir='ltr'><strong>partiztoié&#39;neijiie</strong></span> 
     </span>
    </p>
   </div>
   <div class='ocr_carea' id='block_1_122' title="bbox 494 4744 3836 4822">
    <p class='ocr_par' dir='ltr' id='par_1_122' title="bbox 494 4744 3836 4822">
     <span class='ocr_line' id='line_1_123' title="bbox 494 4744 3836 4822; baseline 0.001 -19"><span class='ocrx_word' id='word_1_854' title='bbox 494 4764 507 4771; x_wconf 38' lang='grc' dir='ltr'><strong>κ</strong></span> <span class='ocrx_word' id='word_1_855' title='bbox 558 4749 866 4803; x_wconf 92' lang='lat' dir='ltr'><strong>truculenti.</strong></span> <span class='ocrx_word' id='word_1_856' title='bbox 890 4748 1026 4822; x_wconf 85' lang='lat' dir='ltr'><strong>&#39;I‘u_m_</strong></span> <span class='ocrx_word' id='word_1_857' title='bbox 1060 4744 1330 4822; x_wconf 64' lang='lat' dir='ltr'><strong>trepidare</strong></span> <span class='ocrx_word' id='word_1_858' title='bbox 1356 4760 1546 4822; x_wconf 85' lang='lat' dir='ltr'><strong>omnes</strong></span> <span class='ocrx_word' id='word_1_859' title='bbox 1575 4744 1832 4822; x_wconf 82' lang='lat' dir='ltr'><strong>episcopi,</strong></span> <span class='ocrx_word' id='word_1_860' title='bbox 1861 4746 2146 4822; x_wconf 81' lang='lat' dir='ltr'><strong>formidine</strong></span> <span class='ocrx_word' id='word_1_861' title='bbox 2254 4745 2421 4813; x_wconf 91' lang='lat' dir='ltr'><strong>dium,</strong></span> <span class='ocrx_word' id='word_1_862' title='bbox 2450 4744 2729 4819; x_wconf 81' lang='lat' dir='ltr'><strong>postquam</strong></span> <span class='ocrx_word' id='word_1_863' title='bbox 2757 4766 2851 4820; x_wconf 90' lang='lat' dir='ltr'><strong>per</strong></span> <span class='ocrx_word' id='word_1_864' title='bbox 2882 4752 2985 4804; x_wconf 85' lang='lat' dir='ltr'><strong>vim</strong></span> <span class='ocrx_word' id='word_1_865' title='bbox 3011 4744 3191 4822; x_wconf 84' lang='lat' dir='ltr'><strong>omnia</strong></span> <span class='ocrx_word' id='word_1_866' title='bbox 3218 4744 3443 4806; x_wconf 80' lang='lat' dir='ltr'><strong>tractata</strong></span> <span class='ocrx_word' id='word_1_867' title='bbox 3473 4752 3699 4822; x_wconf 84' lang='lat' dir='ltr'><strong>Ephesi,</strong></span> <span class='ocrx_word' id='word_1_868' title='bbox 3731 4752 3836 4820; x_wconf 65' lang='lat' dir='ltr'><strong>post</strong></span> 
     </span>
    </p>
   </div>
   <div class='ocr_carea' id='block_1_123' title="bbox 556 4817 3837 4894">
    <p class='ocr_par' dir='ltr' id='par_1_123' title="bbox 556 4817 3837 4894">
     <span class='ocr_line' id='line_1_124' title="bbox 556 4817 3837 4894; baseline -0 -19"><span class='ocrx_word' id='word_1_869' title='bbox 556 4830 613 4875; x_wconf 88' lang='lat' dir='ltr'><strong>et</strong></span> <span class='ocrx_word' id='word_1_870' title='bbox 639 4829 784 4894; x_wconf 85' lang='lat' dir='ltr'><strong>metu</strong></span> <span class='ocrx_word' id='word_1_871' title='bbox 811 4817 1130 4894; x_wconf 68' lang='lat' dir='ltr'><strong>percel_|i,_et</strong></span> <span class='ocrx_word' id='word_1_872' title='bbox 1155 4818 1207 4871; x_wconf 92' lang='lat' dir='ltr'><strong>in</strong></span> <span class='ocrx_word' id='word_1_873' title='bbox 1230 4817 1470 4873; x_wconf 86' lang='lat' dir='ltr'><strong>Flaviani</strong></span> <span class='ocrx_word' id='word_1_874' title='bbox 1492 4820 1994 4894; x_wconf 79' lang='lat' dir='ltr'><strong>condemnationem</strong></span> <span class='ocrx_word' id='word_1_875' title='bbox 2021 4818 2147 4873; x_wconf 90' lang='lat' dir='ltr'><strong>sub-</strong></span> <span class='ocrx_word' id='word_1_876' title='bbox 2254 4817 2732 4894; x_wconf 87' lang='lat' dir='ltr'><strong>constestationem</strong></span> <span class='ocrx_word' id='word_1_877' title='bbox 2758 4817 3064 4894; x_wconf 60' lang='lat' dir='ltr'><strong>legatorum</strong></span> <span class='ocrx_word' id='word_1_878' title='bbox 3084 4863 3098 4887; x_wconf 94' lang='lat'><strong>,</strong></span> <span class='ocrx_word' id='word_1_879' title='bbox 3139 4821 3486 4894; x_wconf 78' lang='lat' dir='ltr'><strong>Flavianique</strong></span> <span class='ocrx_word' id='word_1_880' title='bbox 3520 4817 3837 4894; x_wconf 54' lang='lat' dir='ltr'><strong>&#39;appelljtio-</strong></span> 
     </span>
    </p>
   </div>
   <div class='ocr_carea' id='block_1_124' title="bbox 557 4839 3841 4965">
    <p class='ocr_par' dir='ltr' id='par_1_124' title="bbox 557 4839 3841 4965">
     <span class='ocr_line' id='line_1_125' title="bbox 557 4839 3837 4894; baseline 0.001 -20"><span class='ocrx_word' id='word_1_881' title='bbox 557 4839 613 4875; x_wconf 77' lang='grc' dir='ltr'><strong>ει</strong></span> <span class='ocrx_word' id='word_1_882' title='bbox 639 4839 784 4873; x_wconf 74' lang='lat' dir='ltr'><strong>[DCIII</strong></span> <span class='ocrx_word' id='word_1_883' title='bbox 811 4839 1049 4886; x_wconf 76' lang='lat' dir='ltr'><strong>percelli,</strong></span> <span class='ocrx_word' id='word_1_884' title='bbox 1076 4839 1130 4872; x_wconf 69' lang='grc' dir='ltr'><strong>ει</strong></span> <span class='ocrx_word' id='word_1_885' title='bbox 1155 4839 1207 4871; x_wconf 89' lang='lat' dir='ltr'><strong>III</strong></span> <span class='ocrx_word' id='word_1_886' title='bbox 1230 4839 1470 4873; x_wconf 69' lang='lat' dir='ltr'><strong>l‘laVlaIll</strong></span> <span class='ocrx_word' id='word_1_887' title='bbox 1492 4839 1994 4874; x_wconf 71' lang='grc' dir='ltr'><strong>εοηυεηηωιιυιιθιη</strong></span> <span class='ocrx_word' id='word_1_888' title='bbox 2021 4839 2147 4873; x_wconf 76' lang='grc' dir='ltr'><strong>δυυ·</strong></span> <span class='ocrx_word' id='word_1_889' title='bbox 2254 4839 2732 4876; x_wconf 69' lang='lat' dir='ltr'><strong>conmesmuonem</strong></span> <span class='ocrx_word' id='word_1_890' title='bbox 2773 4839 3064 4889; x_wconf 81' lang='lat' dir='ltr'><strong>legatorum</strong></span> <span class='ocrx_word' id='word_1_891' title='bbox 3084 4863 3098 4887; x_wconf 90' lang='lat'><strong>,</strong></span> <span class='ocrx_word' id='word_1_892' title='bbox 3139 4839 3375 4877; x_wconf 65' lang='grc' dir='ltr'><strong>ιειεγεειηι</strong></span> <span class='ocrx_word' id='word_1_893' title='bbox 3416 4839 3486 4879; x_wconf 75' lang='lat' dir='ltr'><strong>lle</strong></span> <span class='ocrx_word' id='word_1_894' title='bbox 3530 4839 3837 4894; x_wconf 61' lang='lat' dir='ltr'><strong>appellatur</strong></span> 
     </span>
     <span class='ocr_line' id='line_1_126' title="bbox 557 4839 3841 4965; baseline -0.001 -20"><span class='ocrx_word' id='word_1_895' title='bbox 557 4892 816 4965; x_wconf 82' lang='lat' dir='ltr'><strong>scribere.</strong></span> <span class='ocrx_word' id='word_1_896' title='bbox 851 4888 1071 4965; x_wconf 80' lang='lat' dir='ltr'><strong>Plurimi</strong></span> <span class='ocrx_word' id='word_1_897' title='bbox 1103 4904 1223 4944; x_wconf 93' lang='lat' dir='ltr'><strong>cum</strong></span> <span class='ocrx_word' id='word_1_898' title='bbox 1263 4904 1353 4965; x_wconf 78' lang='lat' dir='ltr'><strong>eo__</strong></span> <span class='ocrx_word' id='word_1_899' title='bbox 1375 4889 1651 4965; x_wconf 56' lang='lat' dir='ltr'><strong>pontifices</strong></span> <span class='ocrx_word' id='word_1_900' title='bbox 1684 4889 1966 4965; x_wconf 90' lang='lat' dir='ltr'><strong>proscripti</strong></span> <span class='ocrx_word' id='word_1_901' title='bbox 2011 4903 2143 4943; x_wconf 88' lang='lat' dir='ltr'><strong>con-</strong></span> <span class='ocrx_word' id='word_1_902' title='bbox 2252 4904 2373 4944; x_wconf 91' lang='lat' dir='ltr'><strong>nem</strong></span> <span class='ocrx_word' id='word_1_903' title='bbox 2395 4930 2408 4955; x_wconf 94' lang='lat'><strong>,</strong></span> <span class='ocrx_word' id='word_1_904' title='bbox 2439 4893 2734 4947; x_wconf 85' lang='lat' dir='ltr'><strong>secundum</strong></span> <span class='ocrx_word' id='word_1_905' title='bbox 2784 4892 2939 4963; x_wconf 67' lang='grc'><strong>467</strong></span> <span class='ocrx_word' id='word_1_906' title='bbox 2966 4893 3196 4948; x_wconf 67' lang='lat' dir='ltr'><strong>Nicaanae</strong></span> <span class='ocrx_word' id='word_1_907' title='bbox 3243 4839 3432 4965; x_wconf 61' lang='lat' dir='ltr'><strong>synoﬂi</strong></span> <span class='ocrx_word' id='word_1_908' title='bbox 3475 4896 3739 4949; x_wconf 87' lang='lat' dir='ltr'><strong>decreta:</strong></span> <span class='ocrx_word' id='word_1_909' title='bbox 3774 4890 3841 4943; x_wconf 70' lang='lat' dir='ltr'><strong>sic</strong></span> 
     </span>
    </p>
   </div>
   <div class='ocr_carea' id='block_1_125' title="bbox 558 4960 3833 5036">
    <p class='ocr_par' dir='ltr' id='par_1_125' title="bbox 558 4960 3833 5036">
     <span class='ocr_line' id='line_1_127' title="bbox 558 4960 3833 5036; baseline -0 -22"><span class='ocrx_word' id='word_1_910' title='bbox 558 4962 935 5036; x_wconf 61' lang='lat' dir='ltr'><strong>geumatique:</strong></span> <span class='ocrx_word' id='word_1_911' title='bbox 977 4960 1119 5036; x_wconf 75' lang='lat' dir='ltr'><strong>inter</strong></span> <span class='ocrx_word' id='word_1_912' title='bbox 1144 4975 1277 5030; x_wconf 90' lang='lat' dir='ltr'><strong>quos</strong></span> <span class='ocrx_word' id='word_1_913' title='bbox 1315 4960 1791 5036; x_wconf 83' lang='lat' dir='ltr'><strong>lbas_Edessenus</strong></span> <span class='ocrx_word' id='word_1_914' title='bbox 1823 4962 2141 5036; x_wconf 80' lang='lat' dir='ltr'><strong>episcopus,</strong></span> <span class='ocrx_word' id='word_1_915' title='bbox 2252 4976 2349 5036; x_wconf 85' lang='lat' dir='ltr'><strong>per</strong></span> <span class='ocrx_word' id='word_1_916' title='bbox 2386 4976 2447 5036; x_wconf 74' lang='lat' dir='ltr'><strong>ea</strong></span> <span class='ocrx_word' id='word_1_917' title='bbox 2492 4971 2740 5036; x_wconf 9' lang='lat' dir='ltr'><strong>tempora!</strong></span> <span class='ocrx_word' id='word_1_918' title='bbox 2790 4960 3138 5036; x_wconf 58' lang='lat' dir='ltr'><strong>Sa&#39;rdicenses</strong></span> <span class='ocrx_word' id='word_1_919' title='bbox 3191 4960 3424 5021; x_wconf 79' lang='lat' dir='ltr'><strong>canones</strong></span> <span class='ocrx_word' id='word_1_920' title='bbox 3470 4966 3833 5036; x_wconf 83' lang='lat' dir='ltr'><strong>appellabant.</strong></span> 
     </span>
    </p>
   </div>
   <div class='ocr_carea' id='block_1_126' title="bbox 558 5032 3842 5110">
    <p class='ocr_par' dir='ltr' id='par_1_126' title="bbox 558 5032 3842 5110">
     <span class='ocr_line' id='line_1_128' title="bbox 558 5032 3842 5110; baseline -0 -21"><span class='ocrx_word' id='word_1_921' title='bbox 558 5033 930 5089; x_wconf 87' lang='lat' dir='ltr'><strong>Theodoretus</strong></span> <span class='ocrx_word' id='word_1_922' title='bbox 970 5032 1248 5103; x_wconf 58' lang='lat' dir='ltr'><strong>Cﬂensis,</strong></span> <span class='ocrx_word' id='word_1_923' title='bbox 1279 5042 1335 5090; x_wconf 89' lang='lat' dir='ltr'><strong>et</strong></span> <span class='ocrx_word' id='word_1_924' title='bbox 1371 5033 1591 5089; x_wconf 90' lang='lat' dir='ltr'><strong>ultimus</strong></span> <span class='ocrx_word' id='word_1_925' title='bbox 1621 5032 1857 5087; x_wconf 91' lang='lat' dir='ltr'><strong>omnium</strong></span> <span class='ocrx_word' id='word_1_926' title='bbox 1906 5033 2144 5088; x_wconf 88' lang='lat' dir='ltr'><strong>Domnus</strong></span> <span class='ocrx_word' id='word_1_927' title='bbox 2251 5032 2686 5101; x_wconf 88' lang='lat' dir='ltr'><strong>Appellationem</strong></span> <span class='ocrx_word' id='word_1_928' title='bbox 2728 5034 2845 5106; x_wconf 91' lang='lat' dir='ltr'><strong>ipse</strong></span> <span class='ocrx_word' id='word_1_929' title='bbox 2873 5035 2983 5091; x_wconf 93' lang='lat' dir='ltr'><strong>Leo</strong></span> <span class='ocrx_word' id='word_1_930' title='bbox 3022 5036 3252 5108; x_wconf 86' lang='lat' dir='ltr'><strong>explicat</strong></span> <span class='ocrx_word' id='word_1_931' title='bbox 3278 5037 3352 5108; x_wconf 77' lang='grc' dir='ltr'><strong>(ε)</strong></span> <span class='ocrx_word' id='word_1_932' title='bbox 3387 5038 3453 5092; x_wconf 92' lang='lat' dir='ltr'><strong>de</strong></span> <span class='ocrx_word' id='word_1_933' title='bbox 3482 5032 3842 5110; x_wconf 69' lang='lat' dir='ltr'><strong>appellatione</strong></span> 
     </span>
    </p>
   </div>
   <div class='ocr_carea' id='block_1_127' title="bbox 1607 5142 2761 5203">
    <p class='ocr_par' dir='ltr' id='par_1_127' title="bbox 1607 5142 2761 5203">
     <span class='ocr_line' id='line_1_129' title="bbox 1607 5142 2761 5203; baseline 0.003 -4"><span class='ocrx_word' id='word_1_934' title='bbox 1607 5142 2174 5201; x_wconf 79' lang='lat' dir='ltr'><strong>BALLERINIORUM</strong></span> <span class='ocrx_word' id='word_1_935' title='bbox 2213 5143 2761 5203; x_wconf 80' lang='lat' dir='ltr'><strong>ANNOTATIONES.</strong></span> 
     </span>
    </p>
   </div>
   <div class='ocr_carea' id='block_1_128' title="bbox 630 5235 3693 5311">
    <p class='ocr_par' dir='ltr' id='par_1_128' title="bbox 630 5235 3693 5311">
     <span class='ocr_line' id='line_1_130' title="bbox 630 5235 3693 5311; baseline 0.002 -18"><span class='ocrx_word' id='word_1_936' title='bbox 630 5237 706 5311; x_wconf 89' lang='lat' dir='ltr'><strong>(a)</strong></span> <span class='ocrx_word' id='word_1_937' title='bbox 734 5238 995 5295; x_wconf 88' lang='lat' dir='ltr'><strong>Hilarium</strong></span> <span class='ocrx_word' id='word_1_938' title='bbox 1043 5239 1277 5311; x_wconf 87' lang='lat' dir='ltr'><strong>legatum</strong></span> <span class='ocrx_word' id='word_1_939' title='bbox 1312 5237 1564 5310; x_wconf 79' lang='lat' dir='ltr'><strong>eﬂ‘ugisse</strong></span> <span class='ocrx_word' id='word_1_940' title='bbox 1585 5237 1815 5311; x_wconf 77' lang='lat' dir='ltr'><strong>scimus:</strong></span> <span class='ocrx_word' id='word_1_941' title='bbox 1843 5235 1969 5311; x_wconf 82' lang='lat' dir='ltr'><strong>quid</strong></span> <span class='ocrx_word' id='word_1_942' title='bbox 2000 5236 2142 5311; x_wconf 84' lang='lat' dir='ltr'><strong>Julio</strong></span> <span class='ocrx_word' id='word_1_943' title='bbox 2249 5240 2880 5311; x_wconf 83' lang='lat' dir='ltr'><strong>scoporumpetitionem</strong></span> <span class='ocrx_word' id='word_1_944' title='bbox 2910 5254 2974 5296; x_wconf 88' lang='lat' dir='ltr'><strong>ac</strong></span> <span class='ocrx_word' id='word_1_945' title='bbox 3005 5239 3275 5311; x_wconf 86' lang='lat' dir='ltr'><strong>lacrymas</strong></span> <span class='ocrx_word' id='word_1_946' title='bbox 3300 5252 3693 5310; x_wconf 67' lang='lat' dir='ltr'><strong>repraesentat.</strong></span> 
     </span>
    </p>
   </div>
   <div class='ocr_carea' id='block_1_129' title="bbox 560 5307 3844 5383">
    <p class='ocr_par' dir='ltr' id='par_1_129' title="bbox 560 5307 3844 5383">
     <span class='ocr_line' id='line_1_131' title="bbox 560 5307 3844 5383; baseline -0.001 -16"><span class='ocrx_word' id='word_1_947' title='bbox 560 5307 878 5380; x_wconf 82' lang='lat' dir='ltr'><strong>Puteolano,</strong></span> <span class='ocrx_word' id='word_1_948' title='bbox 909 5319 965 5368; x_wconf 91' lang='lat' dir='ltr'><strong>et</strong></span> <span class='ocrx_word' id='word_1_949' title='bbox 990 5307 1220 5367; x_wconf 82' lang='lat' dir='ltr'><strong>Duloitio</strong></span> <span class='ocrx_word' id='word_1_950' title='bbox 1244 5307 1554 5381; x_wconf 74' lang='lat' dir='ltr'><strong>apostolicae</strong></span> <span class='ocrx_word' id='word_1_951' title='bbox 1581 5307 1969 5383; x_wconf 81' lang='lat' dir='ltr'><strong>sedisnotario</strong></span> <span class='ocrx_word' id='word_1_952' title='bbox 2002 5310 2143 5363; x_wconf 90' lang='lat' dir='ltr'><strong>acci-</strong></span> <span class='ocrx_word' id='word_1_953' title='bbox 2320 5310 2389 5381; x_wconf 78' lang='grc' dir='ltr'><strong>(ε)</strong></span> <span class='ocrx_word' id='word_1_954' title='bbox 2407 5310 2503 5365; x_wconf 92' lang='lat' dir='ltr'><strong>Hic</strong></span> <span class='ocrx_word' id='word_1_955' title='bbox 2529 5307 2849 5383; x_wconf 82' lang='lat' dir='ltr'><strong>Quesnellus</strong></span> <span class='ocrx_word' id='word_1_956' title='bbox 2880 5307 3151 5381; x_wconf 82' lang='lat' dir='ltr'><strong>postillam</strong></span> <span class='ocrx_word' id='word_1_957' title='bbox 3177 5307 3595 5383; x_wconf 12' lang='lat' dir='ltr'><strong>apposuit,iqua</strong></span> <span class='ocrx_word' id='word_1_958' title='bbox 3621 5316 3844 5383; x_wconf 76' lang='lat' dir='ltr'><strong>lectores</strong></span> 
     </span>
    </p>
   </div>
   <div class='ocr_carea' id='block_1_130' title="bbox 558 5380 3852 5454">
    <p class='ocr_par' dir='ltr' id='par_1_130' title="bbox 558 5380 3852 5454">
     <span class='ocr_line' id='line_1_132' title="bbox 558 5380 3852 5454; baseline -0 -16"><span class='ocrx_word' id='word_1_959' title='bbox 558 5384 731 5452; x_wconf 91' lang='lat' dir='ltr'><strong>derit,</strong></span> <span class='ocrx_word' id='word_1_960' title='bbox 765 5384 1097 5453; x_wconf 90' lang='lat' dir='ltr'><strong>ignoramus.</strong></span> <span class='ocrx_word' id='word_1_961' title='bbox 1134 5380 1398 5437; x_wconf 36' lang='lat' dir='ltr'><strong>Rena’tum</strong></span> <span class='ocrx_word' id='word_1_962' title='bbox 1429 5396 1575 5454; x_wconf 75' lang='lat' dir='ltr'><strong>vero</strong></span> <span class='ocrx_word' id='word_1_963' title='bbox 1606 5380 1978 5454; x_wconf 87' lang='lat' dir='ltr'><strong>presbyterum</strong></span> <span class='ocrx_word' id='word_1_964' title='bbox 2018 5389 2143 5435; x_wconf 88' lang='lat' dir='ltr'><strong>ante</strong></span> <span class='ocrx_word' id='word_1_965' title='bbox 2251 5380 2474 5454; x_wconf 83' lang='lat' dir='ltr'><strong>remittit</strong></span> <span class='ocrx_word' id='word_1_966' title='bbox 2504 5385 2571 5436; x_wconf 87' lang='lat' dir='ltr'><strong>ad</strong></span> <span class='ocrx_word' id='word_1_967' title='bbox 2603 5382 2819 5437; x_wconf 89' lang='lat' dir='ltr'><strong>dissert.</strong></span> <span class='ocrx_word' id='word_1_968' title='bbox 2864 5380 2897 5437; x_wconf 83' lang='lat'><strong>8</strong></span> <span class='ocrx_word' id='word_1_969' title='bbox 2937 5384 3003 5439; x_wconf 91' lang='lat' dir='ltr'><strong>de</strong></span> <span class='ocrx_word' id='word_1_970' title='bbox 3038 5380 3401 5454; x_wconf 84' lang='lat' dir='ltr'><strong>appellatione</strong></span> <span class='ocrx_word' id='word_1_971' title='bbox 3431 5380 3690 5440; x_wconf 80' lang='lat' dir='ltr'><strong>Flaviani</strong></span> <span class='ocrx_word' id='word_1_972' title='bbox 3720 5403 3733 5439; x_wconf 91' lang='lat'><strong>:</strong></span> <span class='ocrx_word' id='word_1_973' title='bbox 3773 5380 3852 5437; x_wconf 72' lang='lat' dir='ltr'><strong>ubi</strong></span> 
     </span>
    </p>
   </div>
   <div class='ocr_carea' id='block_1_131' title="bbox 558 5452 3852 5527">
    <p class='ocr_par' dir='ltr' id='par_1_131' title="bbox 558 5452 3852 5527">
     <span class='ocr_line' id='line_1_133' title="bbox 558 5452 3852 5527; baseline -0.001 -14"><span class='ocrx_word' id='word_1_974' title='bbox 558 5457 729 5526; x_wconf 87' lang='lat' dir='ltr'><strong>ipsam</strong></span> <span class='ocrx_word' id='word_1_975' title='bbox 756 5452 1023 5527; x_wconf 68' lang='lat' dir='ltr'><strong>synodum</strong></span> <span class='ocrx_word' id='word_1_976' title='bbox 1052 5456 1108 5527; x_wconf 77' lang='lat' dir='ltr'><strong>_in</strong></span> <span class='ocrx_word' id='word_1_977' title='bbox 1138 5454 1274 5527; x_wconf 67' lang='lat' dir='ltr'><strong>Delo</strong></span> <span class='ocrx_word' id='word_1_978' title='bbox 1304 5453 1474 5527; x_wconf 61' lang='lat' dir='ltr'><strong>insuba</strong></span> <span class='ocrx_word' id='word_1_979' title='bbox 1506 5463 1681 5527; x_wconf 78' lang='lat' dir='ltr'><strong>morte</strong></span> <span class='ocrx_word' id='word_1_980' title='bbox 1711 5452 1872 5527; x_wconf 75' lang='lat' dir='ltr'><strong>fuisse</strong></span> <span class='ocrx_word' id='word_1_981' title='bbox 1901 5467 2145 5527; x_wconf 80' lang='lat' dir='ltr'><strong>praeven-</strong></span> <span class='ocrx_word' id='word_1_982' title='bbox 2250 5464 2307 5508; x_wconf 88' lang='lat' dir='ltr'><strong>ut</strong></span> <span class='ocrx_word' id='word_1_983' title='bbox 2332 5452 2515 5507; x_wconf 89' lang='lat' dir='ltr'><strong>eludat</strong></span> <span class='ocrx_word' id='word_1_984' title='bbox 2542 5454 2956 5527; x_wconf 87' lang='lat' dir='ltr'><strong>appellationem</strong></span> <span class='ocrx_word' id='word_1_985' title='bbox 2992 5452 3146 5509; x_wconf 82' lang='lat' dir='ltr'><strong>abeo</strong></span> <span class='ocrx_word' id='word_1_986' title='bbox 3185 5453 3526 5527; x_wconf 77' lang='lat' dir='ltr'><strong>interiectam</strong></span> <span class='ocrx_word' id='word_1_987' title='bbox 3561 5458 3635 5510; x_wconf 86' lang='lat' dir='ltr'><strong>ad</strong></span> <span class='ocrx_word' id='word_1_988' title='bbox 3665 5458 3852 5512; x_wconf 72' lang='lat' dir='ltr'><strong>Itoma-</strong></span> 
     </span>
    </p>
   </div>
   <div class='ocr_carea' id='block_1_132' title="bbox 2250 5525 3850 5600">
    <p class='ocr_par' dir='ltr' id='par_1_132' title="bbox 2250 5525 3850 5600">
     <span class='ocr_line' id='line_1_134' title="bbox 2250 5525 3850 5600; baseline -0.002 -21"><span class='ocrx_word' id='word_1_989' title='bbox 2250 5526 2719 5600; x_wconf 79' lang='lat' dir='ltr'><strong>num_pont_ilicen_t</strong></span> <span class='ocrx_word' id='word_1_990' title='bbox 2744 5568 2756 5591; x_wconf 95' lang='lat'><strong>,</strong></span> <span class='ocrx_word' id='word_1_991' title='bbox 2792 5540 3022 5600; x_wconf 84' lang='lat' dir='ltr'><strong>eamque</strong></span> <span class='ocrx_word' id='word_1_992' title='bbox 3052 5527 3121 5579; x_wconf 87' lang='lat' dir='ltr'><strong>ad</strong></span> <span class='ocrx_word' id='word_1_993' title='bbox 3151 5525 3421 5600; x_wconf 83' lang='lat' dir='ltr'><strong>synodum</strong></span> <span class='ocrx_word' id='word_1_994' title='bbox 3458 5528 3850 5600; x_wconf 5' lang='lat' dir='ltr'><strong>(episcoporum</strong></span> 
     </span>
    </p>
   </div>
   <div class='ocr_carea' id='block_1_133' title="bbox 2254 5594 3856 5666">
    <p class='ocr_par' dir='ltr' id='par_1_133' title="bbox 2254 5594 3856 5666">
     <span class='ocr_line' id='line_1_135' title="bbox 2254 5594 3856 5666; baseline 0.001 -17"><span class='ocrx_word' id='word_1_995' title='bbox 2254 5594 2667 5650; x_wconf 85' lang='lat' dir='ltr'><strong>occidentalium</strong></span> <span class='ocrx_word' id='word_1_996' title='bbox 2699 5597 3073 5666; x_wconf 84' lang='lat' dir='ltr'><strong>interpositam</strong></span> <span class='ocrx_word' id='word_1_997' title='bbox 3114 5594 3383 5660; x_wconf 86' lang='lat' dir='ltr'><strong>ostendat,</strong></span> <span class='ocrx_word' id='word_1_998' title='bbox 3418 5594 3687 5666; x_wconf 76' lang='lat' dir='ltr'><strong>pluribus</strong></span> <span class='ocrx_word' id='word_1_999' title='bbox 3716 5600 3856 5653; x_wconf 89' lang='lat' dir='ltr'><strong>labo-</strong></span> 
     </span>
    </p>
   </div>
   <div class='ocr_carea' id='block_1_134' title="bbox 2253 5667 3858 5726">
    <p class='ocr_par' dir='ltr' id='par_1_134' title="bbox 2253 5667 3858 5726">
     <span class='ocr_line' id='line_1_136' title="bbox 2253 5667 3858 5726; baseline -0.001 -5"><span class='ocrx_word' id='word_1_1000' title='bbox 2253 5675 2357 5721; x_wconf 88' lang='lat' dir='ltr'><strong>rat.</strong></span> <span class='ocrx_word' id='word_1_1001' title='bbox 2411 5667 2516 5723; x_wconf 83' lang='lat' dir='ltr'><strong>Sed</strong></span> <span class='ocrx_word' id='word_1_1002' title='bbox 2557 5676 2754 5722; x_wconf 73' lang='lat' dir='ltr'><strong>nostra:</strong></span> <span class='ocrx_word' id='word_1_1003' title='bbox 2800 5668 3202 5724; x_wconf 89' lang='lat' dir='ltr'><strong>observationes</strong></span> <span class='ocrx_word' id='word_1_1004' title='bbox 3254 5668 3427 5723; x_wconf 89' lang='lat' dir='ltr'><strong>eidem</strong></span> <span class='ocrx_word' id='word_1_1005' title='bbox 3478 5667 3858 5726; x_wconf 87' lang='lat' dir='ltr'><strong>dissertationi</strong></span> 
     </span>
    </p>
   </div>
   <div class='ocr_carea' id='block_1_135' title="bbox 2256 5738 3861 5810">
    <p class='ocr_par' dir='ltr' id='par_1_135' title="bbox 2256 5738 3861 5810">
     <span class='ocr_line' id='line_1_137' title="bbox 2256 5738 3861 5810; baseline 0.001 -19"><span class='ocrx_word' id='word_1_1006' title='bbox 2256 5738 2515 5807; x_wconf 63' lang='lat' dir='ltr'><strong>subjectae</strong></span> <span class='ocrx_word' id='word_1_1007' title='bbox 2557 5754 2745 5793; x_wconf 87' lang='lat' dir='ltr'><strong>omnes</strong></span> <span class='ocrx_word' id='word_1_1008' title='bbox 2772 5740 2887 5809; x_wconf 89' lang='lat' dir='ltr'><strong>ejus</strong></span> <span class='ocrx_word' id='word_1_1009' title='bbox 2918 5749 3161 5803; x_wconf 89' lang='lat' dir='ltr'><strong>conatus,</strong></span> <span class='ocrx_word' id='word_1_1010' title='bbox 3206 5748 3264 5794; x_wconf 89' lang='lat' dir='ltr'><strong>ut</strong></span> <span class='ocrx_word' id='word_1_1011' title='bbox 3301 5740 3641 5798; x_wconf 80' lang='lat' dir='ltr'><strong>conﬁdimus</strong></span> <span class='ocrx_word' id='word_1_1012' title='bbox 3664 5786 3680 5809; x_wconf 88' lang='lat'><strong>,</strong></span> <span class='ocrx_word' id='word_1_1013' title='bbox 3716 5740 3861 5810; x_wconf 83' lang='lat' dir='ltr'><strong>disji-</strong></span> 
     </span>
    </p>
   </div>
   <div class='ocr_carea' id='block_1_136' title="bbox 2258 5810 3867 5883">
    <p class='ocr_par' dir='ltr' id='par_1_136' title="bbox 2258 5810 3867 5883">
     <span class='ocr_line' id='line_1_138' title="bbox 2258 5810 3867 5883; baseline 0.002 -19"><span class='ocrx_word' id='word_1_1014' title='bbox 2258 5810 2421 5883; x_wconf 78' lang='lat' dir='ltr'><strong>cient.</strong></span> <span class='ocrx_word' id='word_1_1015' title='bbox 2450 5810 2529 5864; x_wconf 92' lang='lat' dir='ltr'><strong>Ibi</strong></span> <span class='ocrx_word' id='word_1_1016' title='bbox 2557 5812 2718 5883; x_wconf 89' lang='lat' dir='ltr'><strong>etiam</strong></span> <span class='ocrx_word' id='word_1_1017' title='bbox 2738 5826 2859 5882; x_wconf 67' lang='lat' dir='ltr'><strong>qnte</strong></span> <span class='ocrx_word' id='word_1_1018' title='bbox 2888 5810 3305 5883; x_wconf 72' lang='lat' dir='ltr'><strong>lticsubduntur</strong></span> <span class='ocrx_word' id='word_1_1019' title='bbox 3332 5826 3402 5866; x_wconf 82' lang='lat' dir='ltr'><strong>ex</strong></span> <span class='ocrx_word' id='word_1_1020' title='bbox 3427 5814 3658 5883; x_wconf 87' lang='lat' dir='ltr'><strong>synodo</strong></span> <span class='ocrx_word' id='word_1_1021' title='bbox 3685 5812 3867 5870; x_wconf 77' lang='lat' dir='ltr'><strong>Sardi-</strong></span> 
     </span>
    </p>
   </div>
   <div class='ocr_carea' id='block_1_137' title="bbox 2260 5881 3722 5960">
    <p class='ocr_par' dir='ltr' id='par_1_137' title="bbox 2260 5881 3722 5960">
     <span class='ocr_line' id='line_1_139' title="bbox 2260 5881 3722 5960; baseline 0.004 -21"><span class='ocrx_word' id='word_1_1022' title='bbox 2260 5881 2410 5944; x_wconf 86' lang='lat' dir='ltr'><strong>ccnsi</strong></span> <span class='ocrx_word' id='word_1_1023' title='bbox 2433 5896 2494 5938; x_wconf 88' lang='lat' dir='ltr'><strong>ac</strong></span> <span class='ocrx_word' id='word_1_1024' title='bbox 2523 5881 2954 5960; x_wconf 39' lang='lat' dir='ltr'><strong>epistola’Gallm</strong></span> <span class='ocrx_word' id='word_1_1025' title='bbox 2980 5882 3230 5941; x_wconf 76' lang='lat' dir='ltr'><strong>Placidia:</strong></span> <span class='ocrx_word' id='word_1_1026' title='bbox 3255 5881 3722 5959; x_wconf 75' lang='lat' dir='ltr'><strong>explicabuntur.</strong></span> 
     </span>
    </p>
   </div>
   <div class='ocr_carea' id='block_1_138' title="bbox 559 5594 1641 5667">
    <p class='ocr_par' dir='ltr' id='par_1_138' title="bbox 559 5594 1641 5667">
     <span class='ocr_line' id='line_1_140' title="bbox 559 5594 1641 5667; baseline -0.006 -10"><span class='ocrx_word' id='word_1_1027' title='bbox 559 5598 754 5657; x_wconf 75' lang='lat' dir='ltr'><strong>festum</strong></span> <span class='ocrx_word' id='word_1_1028' title='bbox 785 5606 870 5653; x_wconf 89' lang='lat' dir='ltr'><strong>est</strong></span> <span class='ocrx_word' id='word_1_1029' title='bbox 898 5596 1070 5667; x_wconf 83' lang='lat' dir='ltr'><strong>(Tant.</strong></span> <span class='ocrx_word' id='word_1_1030' title='bbox 1103 5594 1144 5650; x_wconf 75' lang='grc' dir='ltr'><strong>ν</strong></span> <span class='ocrx_word' id='word_1_1031' title='bbox 1176 5596 1331 5651; x_wconf 78' lang='lat' dir='ltr'><strong>Cone.</strong></span> <span class='ocrx_word' id='word_1_1032' title='bbox 1359 5595 1459 5650; x_wconf 79' lang='lat' dir='ltr'><strong>col.</strong></span> <span class='ocrx_word' id='word_1_1033' title='bbox 1491 5594 1641 5667; x_wconf 78' lang='grc'><strong>175).</strong></span> 
     </span>
    </p>
   </div>
   <div class='ocr_carea' id='block_1_139' title="bbox 636 5666 2141 5743">
    <p class='ocr_par' dir='ltr' id='par_1_139' title="bbox 636 5666 2141 5743">
     <span class='ocr_line' id='line_1_141' title="bbox 636 5666 2141 5743; baseline -0.002 -20"><span class='ocrx_word' id='word_1_1034' title='bbox 636 5669 801 5743; x_wconf 64' lang='grc' dir='ltr'><strong>(ιμςι</strong></span> <span class='ocrx_word' id='word_1_1035' title='bbox 825 5680 879 5743; x_wconf 85' lang='lat' dir='ltr'><strong>et</strong></span> <span class='ocrx_word' id='word_1_1036' title='bbox 908 5666 1074 5743; x_wconf 85' lang='lat' dir='ltr'><strong>Leoni</strong></span> <span class='ocrx_word' id='word_1_1037' title='bbox 1113 5676 1169 5723; x_wconf 90' lang='lat' dir='ltr'><strong>et</strong></span> <span class='ocrx_word' id='word_1_1038' title='bbox 1201 5666 1636 5743; x_wconf 74' lang='lat' dir='ltr'><strong>Patribussimnl</strong></span> <span class='ocrx_word' id='word_1_1039' title='bbox 1666 5666 1835 5743; x_wconf 81' lang='lat' dir='ltr'><strong>visum</strong></span> <span class='ocrx_word' id='word_1_1040' title='bbox 1864 5678 1965 5743; x_wconf 84' lang='lat' dir='ltr'><strong>est,</strong></span> <span class='ocrx_word' id='word_1_1041' title='bbox 2002 5674 2059 5743; x_wconf 80' lang='lat' dir='ltr'><strong>ut</strong></span> <span class='ocrx_word' id='word_1_1042' title='bbox 2088 5668 2141 5743; x_wconf 81' lang='lat' dir='ltr'><strong>in</strong></span> 
     </span>
    </p>
   </div>
   <div class='ocr_carea' id='block_1_140' title="bbox 564 5738 2148 5808">
    <p class='ocr_par' dir='ltr' id='par_1_140' title="bbox 564 5738 2148 5808">
     <span class='ocr_line' id='line_1_142' title="bbox 564 5738 2148 5808; baseline -0.003 -11"><span class='ocrx_word' id='word_1_1043' title='bbox 564 5738 892 5797; x_wconf 78' lang='lat' dir='ltr'><strong>difﬁcillimis</strong></span> <span class='ocrx_word' id='word_1_1044' title='bbox 929 5740 1090 5808; x_wconf 87' lang='lat' dir='ltr'><strong>hujus</strong></span> <span class='ocrx_word' id='word_1_1045' title='bbox 1120 5739 1377 5806; x_wconf 88' lang='lat' dir='ltr'><strong>temporis</strong></span> <span class='ocrx_word' id='word_1_1046' title='bbox 1423 5738 1838 5794; x_wconf 89' lang='lat' dir='ltr'><strong>circumstantiis</strong></span> <span class='ocrx_word' id='word_1_1047' title='bbox 1870 5739 2148 5793; x_wconf 90' lang='lat' dir='ltr'><strong>latrocinio</strong></span> 
     </span>
    </p>
   </div>
   <div class='ocr_carea' id='block_1_141' title="bbox 565 5808 2155 5880">
    <p class='ocr_par' dir='ltr' id='par_1_141' title="bbox 565 5808 2155 5880">
     <span class='ocr_line' id='line_1_143' title="bbox 565 5808 2155 5880; baseline -0.008 -8"><span class='ocrx_word' id='word_1_1048' title='bbox 565 5814 836 5880; x_wconf 75' lang='lat' dir='ltr'><strong>Ephesino</strong></span> <span class='ocrx_word' id='word_1_1049' title='bbox 866 5809 1165 5880; x_wconf 79' lang='lat' dir='ltr'><strong>remedium</strong></span> <span class='ocrx_word' id='word_1_1050' title='bbox 1187 5808 1500 5877; x_wconf 78' lang='lat' dir='ltr'><strong>ali&#39;erretur;</strong></span> <span class='ocrx_word' id='word_1_1051' title='bbox 1532 5819 1589 5867; x_wconf 91' lang='lat' dir='ltr'><strong>et</strong></span> <span class='ocrx_word' id='word_1_1052' title='bbox 1616 5813 1674 5866; x_wconf 83' lang='lat' dir='ltr'><strong>S.</strong></span> <span class='ocrx_word' id='word_1_1053' title='bbox 1696 5810 1965 5880; x_wconf 79' lang='lat' dir='ltr'><strong>ponitfex,</strong></span> <span class='ocrx_word' id='word_1_1054' title='bbox 1996 5818 2053 5864; x_wconf 90' lang='lat' dir='ltr'><strong>ut</strong></span> <span class='ocrx_word' id='word_1_1055' title='bbox 2076 5809 2155 5861; x_wconf 69' lang='lat' dir='ltr'><strong>fa-</strong></span> 
     </span>
    </p>
   </div>
   <div class='ocr_carea' id='block_1_142' title="bbox 566 5876 2151 5957">
    <p class='ocr_par' dir='ltr' id='par_1_142' title="bbox 566 5876 2151 5957">
     <span class='ocr_line' id='line_1_144' title="bbox 566 5876 2151 5957; baseline -0.004 -12"><span class='ocrx_word' id='word_1_1056' title='bbox 566 5876 722 5946; x_wconf 82' lang='lat' dir='ltr'><strong>cilius</strong></span> <span class='ocrx_word' id='word_1_1057' title='bbox 755 5876 1050 5942; x_wconf 80' lang='lat' dir='ltr'><strong>Theodosii</strong></span> <span class='ocrx_word' id='word_1_1058' title='bbox 1074 5878 1313 5940; x_wconf 76' lang='lat' dir='ltr'><strong>animum</strong></span> <span class='ocrx_word' id='word_1_1059' title='bbox 1360 5876 1733 5957; x_wconf 75' lang='lat' dir='ltr'><strong>permoveret,</strong></span> <span class='ocrx_word' id='word_1_1060' title='bbox 1766 5882 2008 5941; x_wconf 84' lang='lat' dir='ltr'><strong>omnium</strong></span> <span class='ocrx_word' id='word_1_1061' title='bbox 2039 5881 2151 5953; x_wconf 82' lang='lat' dir='ltr'><strong>epi-</strong></span> 
     </span>
    </p>
   </div>
  </div>
