  <div class='ocr_page' id='page_1' title='image "/cluster/home/n/w/nwhite01/storage/ocr_20150623/55/hvd.32044015471592/125.png"; bbox 0 0 3968 6308; ppageno 0'>
   <div class='ocr_carea' id='block_1_1' title="bbox 450 331 557 386">
    <p class='ocr_par' dir='ltr' id='par_1_1' title="bbox 450 331 557 386">
     <span class='ocr_line' id='line_1_1' title="bbox 450 331 557 386; baseline 0 -1"><span class='ocrx_word' id='word_1_1' title='bbox 450 331 557 386; x_wconf 72' lang='lat'><strong>23‘)</strong></span> 
     </span>
    </p>
   </div>
   <div class='ocr_carea' id='block_1_2' title="bbox 923 285 3252 400">
    <p class='ocr_par' dir='ltr' id='par_1_2' title="bbox 923 285 3252 400">
     <span class='ocr_line' id='line_1_2' title="bbox 923 285 3252 400; baseline -0.001 -14"><span class='ocrx_word' id='word_1_2' title='bbox 923 331 1162 388; x_wconf 71' lang='lat' dir='ltr'><strong>PASCH.</strong></span> <span class='ocrx_word' id='word_1_3' title='bbox 1203 327 1589 400; x_wconf 77' lang='lat' dir='ltr'><strong>QUESNELLI</strong></span> <span class='ocrx_word' id='word_1_4' title='bbox 1634 330 2219 389; x_wconf 68' lang='lat' dir='ltr'><strong>DlSSli-flTA&#39;fIONES</strong></span> <span class='ocrx_word' id='word_1_5' title='bbox 2260 331 2323 386; x_wconf 83' lang='grc' dir='ltr'><strong>ΙΝ</strong></span> <span class='ocrx_word' id='word_1_6' title='bbox 2363 332 2419 386; x_wconf 85' lang='lat' dir='ltr'><strong>S.</strong></span> <span class='ocrx_word' id='word_1_7' title='bbox 2466 330 2712 388; x_wconf 80' lang='lat' dir='ltr'><strong>LEONIS</strong></span> <span class='ocrx_word' id='word_1_8' title='bbox 2748 328 2960 386; x_wconf 76' lang='lat' dir='ltr'><strong>MAGNI</strong></span> <span class='ocrx_word' id='word_1_9' title='bbox 3001 285 3252 384; x_wconf 63' lang='lat' dir='ltr'><strong>(lPERA.</strong></span> 
     </span>
    </p>
   </div>
   <div class='ocr_carea' id='block_1_3' title="bbox 3621 333 3722 394">
    <p class='ocr_par' dir='ltr' id='par_1_3' title="bbox 3621 333 3722 394">
     <span class='ocr_line' id='line_1_3' title="bbox 3621 333 3722 394; baseline 0.04 -4"><span class='ocrx_word' id='word_1_10' title='bbox 3621 333 3722 394; x_wconf 67' lang='grc' dir='ltr'><strong>ειο</strong></span> 
     </span>
    </p>
   </div>
   <div class='ocr_carea' id='block_1_4' title="bbox 455 443 3721 527">
    <p class='ocr_par' dir='ltr' id='par_1_4' title="bbox 455 443 3721 527">
     <span class='ocr_line' id='line_1_4' title="bbox 455 443 3721 527; baseline -0.001 -23"><span class='ocrx_word' id='word_1_11' title='bbox 455 451 592 504; x_wconf 85' lang='lat' dir='ltr'><strong>cidia</strong></span> <span class='ocrx_word' id='word_1_12' title='bbox 634 452 868 527; x_wconf 66' lang='lat' dir='ltr'><strong>Augusta</strong></span> <span class='ocrx_word' id='word_1_13' title='bbox 898 451 1000 527; x_wconf 80' lang='lat' dir='ltr'><strong>hoc</strong></span> <span class='ocrx_word' id='word_1_14' title='bbox 1031 459 1232 527; x_wconf 77' lang='lat' dir='ltr'><strong>tantum</strong></span> <span class='ocrx_word' id='word_1_15' title='bbox 1282 451 1417 527; x_wconf 81' lang='lat' dir='ltr'><strong>vult,</strong></span> <span class='ocrx_word' id='word_1_16' title='bbox 1465 450 2029 527; x_wconf 62' lang='lat' dir='ltr'><strong>nullam_een_§endam</strong></span> <span class='ocrx_word' id='word_1_17' title='bbox 2060 453 2111 510; x_wconf 79' lang='grc' dir='ltr'>Α</span> <span class='ocrx_word' id='word_1_18' title='bbox 2137 449 2372 527; x_wconf 75' lang='grc' dir='ltr'><strong>φᾶστιρον</strong></span> <span class='ocrx_word' id='word_1_19' title='bbox 2409 449 2665 527; x_wconf 39' lang='lat' dir='ltr'><strong>sonans,</strong></span> <span class='ocrx_word' id='word_1_20' title='bbox 2689 447 2938 527; x_wconf 78' lang='lat' dir='ltr'><strong>scriptas.</strong></span> <span class='ocrx_word' id='word_1_21' title='bbox 2989 443 3144 513; x_wconf 84' lang='lat' dir='ltr'><strong>Quod</strong></span> <span class='ocrx_word' id='word_1_22' title='bbox 3187 445 3371 515; x_wconf 87' lang='lat' dir='ltr'><strong>procul</strong></span> <span class='ocrx_word' id='word_1_23' title='bbox 3397 445 3575 527; x_wconf 70' lang='lat' dir='ltr'><strong>dubio</strong></span> <span class='ocrx_word' id='word_1_24' title='bbox 3612 449 3721 527; x_wconf 49' lang='lat' dir='ltr'><strong>dest</strong></span> 
     </span>
    </p>
   </div>
   <div class='ocr_carea' id='block_1_5' title="bbox 456 519 2029 592">
    <p class='ocr_par' dir='ltr' id='par_1_5' title="bbox 456 519 2029 592">
     <span class='ocr_line' id='line_1_5' title="bbox 456 519 2029 592; baseline 0 -17"><span class='ocrx_word' id='word_1_25' title='bbox 456 536 578 577; x_wconf 88' lang='lat' dir='ltr'><strong>csse</strong></span> <span class='ocrx_word' id='word_1_26' title='bbox 602 519 766 592; x_wconf 69' lang='lat' dir='ltr'><strong>ejusa</strong></span> <span class='ocrx_word' id='word_1_27' title='bbox 796 522 1096 577; x_wconf 82' lang='lat' dir='ltr'><strong>sacerdotio</strong></span> <span class='ocrx_word' id='word_1_28' title='bbox 1123 522 1511 590; x_wconf 89' lang='lat' dir='ltr'><strong>dejectionem?</strong></span> <span class='ocrx_word' id='word_1_29' title='bbox 1554 521 1690 588; x_wconf 85' lang='lat' dir='ltr'><strong>Quid</strong></span> <span class='ocrx_word' id='word_1_30' title='bbox 1719 523 1760 575; x_wconf 88' lang='lat' dir='ltr'><strong>si</strong></span> <span class='ocrx_word' id='word_1_31' title='bbox 1792 519 2029 575; x_wconf 81' lang='lat' dir='ltr'><strong>Flaviani</strong></span> 
     </span>
    </p>
   </div>
   <div class='ocr_carea' id='block_1_6' title="bbox 456 592 2034 664">
    <p class='ocr_par' dir='ltr' id='par_1_6' title="bbox 456 592 2034 664">
     <span class='ocr_line' id='line_1_6' title="bbox 456 592 2034 664; baseline 0.001 -18"><span class='ocrx_word' id='word_1_32' title='bbox 456 603 684 648; x_wconf 90' lang='lat' dir='ltr'><strong>mortem</strong></span> <span class='ocrx_word' id='word_1_33' title='bbox 709 603 832 649; x_wconf 91' lang='lat' dir='ltr'><strong>tunc</strong></span> <span class='ocrx_word' id='word_1_34' title='bbox 859 593 1032 648; x_wconf 88' lang='lat' dir='ltr'><strong>adhuc</strong></span> <span class='ocrx_word' id='word_1_35' title='bbox 1063 592 1140 664; x_wconf 91' lang='lat' dir='ltr'><strong>(a)</strong></span> <span class='ocrx_word' id='word_1_36' title='bbox 1165 594 1441 664; x_wconf 81' lang='lat' dir='ltr'><strong>ignorabat</strong></span> <span class='ocrx_word' id='word_1_37' title='bbox 1470 597 1728 658; x_wconf 76' lang='lat' dir='ltr'><strong>Augusta,</strong></span> <span class='ocrx_word' id='word_1_38' title='bbox 1762 602 1816 646; x_wconf 89' lang='lat' dir='ltr'><strong>et</strong></span> <span class='ocrx_word' id='word_1_39' title='bbox 1855 593 2034 647; x_wconf 78' lang='lat' dir='ltr'><strong>forsan</strong></span> 
     </span>
    </p>
   </div>
   <div class='ocr_carea' id='block_1_7' title="bbox 403 663 2032 734">
    <p class='ocr_par' dir='ltr' id='par_1_7' title="bbox 403 663 2032 734">
     <span class='ocr_line' id='line_1_7' title="bbox 403 663 2032 734; baseline -0.001 -17"><span class='ocrx_word' id='word_1_40' title='bbox 403 721 408 726; x_wconf 92' lang='lat'><strong><em>_</em></strong></span> <span class='ocrx_word' id='word_1_41' title='bbox 455 664 572 733; x_wconf 84' lang='lat' dir='ltr'><strong>ipse</strong></span> <span class='ocrx_word' id='word_1_42' title='bbox 615 666 889 734; x_wconf 79' lang='lat' dir='ltr'><strong>pontifex?</strong></span> <span class='ocrx_word' id='word_1_43' title='bbox 937 663 1524 730; x_wconf 25' lang='lat' dir='ltr'><strong>Joanttes’Garnerius,</strong></span> <span class='ocrx_word' id='word_1_44' title='bbox 1572 664 1658 732; x_wconf 91' lang='lat' dir='ltr'><strong>qui</strong></span> <span class='ocrx_word' id='word_1_45' title='bbox 1706 663 2032 717; x_wconf 89' lang='lat' dir='ltr'><strong>contrariam</strong></span> 
     </span>
    </p>
   </div>
   <div class='ocr_carea' id='block_1_8' title="bbox 455 734 2032 806">
    <p class='ocr_par' dir='ltr' id='par_1_8' title="bbox 455 734 2032 806">
     <span class='ocr_line' id='line_1_8' title="bbox 455 734 2032 806; baseline 0.001 -19"><span class='ocrx_word' id='word_1_46' title='bbox 455 736 764 803; x_wconf 81' lang='lat' dir='ltr'><strong>opinionem</strong></span> <span class='ocrx_word' id='word_1_47' title='bbox 824 737 1129 806; x_wconf 83' lang='lat' dir='ltr'><strong>amplexus</strong></span> <span class='ocrx_word' id='word_1_48' title='bbox 1161 743 1270 798; x_wconf 86' lang='lat' dir='ltr'><strong>cst,</strong></span> <span class='ocrx_word' id='word_1_49' title='bbox 1323 734 1423 788; x_wconf 91' lang='lat' dir='ltr'><strong>hac</strong></span> <span class='ocrx_word' id='word_1_50' title='bbox 1474 735 1770 802; x_wconf 59' lang='lat' dir='ltr'><strong>praisertim</strong></span> <span class='ocrx_word' id='word_1_51' title='bbox 1820 734 2032 789; x_wconf 78' lang='lat' dir='ltr'><strong>ratione</strong></span> 
     </span>
    </p>
   </div>
   <div class='ocr_carea' id='block_1_9' title="bbox 454 805 2038 878">
    <p class='ocr_par' dir='ltr' id='par_1_9' title="bbox 454 805 2038 878">
     <span class='ocr_line' id='line_1_9' title="bbox 454 805 2038 878; baseline -0.002 -17"><span class='ocrx_word' id='word_1_52' title='bbox 454 817 731 878; x_wconf 88' lang='lat' dir='ltr'><strong>permotus</strong></span> <span class='ocrx_word' id='word_1_53' title='bbox 760 807 902 878; x_wconf 88' lang='lat' dir='ltr'><strong>quod</strong></span> <span class='ocrx_word' id='word_1_54' title='bbox 921 805 1243 878; x_wconf 72' lang='lat' dir='ltr'><strong>incredibile</strong></span> <span class='ocrx_word' id='word_1_55' title='bbox 1272 806 1341 859; x_wconf 91' lang='lat' dir='ltr'><strong>sit</strong></span> <span class='ocrx_word' id='word_1_56' title='bbox 1366 815 1477 873; x_wconf 85' lang='lat' dir='ltr'><strong>post</strong></span> <span class='ocrx_word' id='word_1_57' title='bbox 1500 806 1736 878; x_wconf 79' lang='lat' dir='ltr'><strong>undecim</strong></span> <span class='ocrx_word' id='word_1_58' title='bbox 1766 809 1872 874; x_wconf 81' lang='lat' dir='ltr'><strong>fere</strong></span> <span class='ocrx_word' id='word_1_59' title='bbox 1897 821 2038 859; x_wconf 88' lang='lat' dir='ltr'><strong>men-</strong></span> 
     </span>
    </p>
   </div>
   <div class='ocr_carea' id='block_1_10' title="bbox 453 877 2036 947">
    <p class='ocr_par' dir='ltr' id='par_1_10' title="bbox 453 877 2036 947">
     <span class='ocr_line' id='line_1_10' title="bbox 453 877 2036 947; baseline -0.001 -17"><span class='ocrx_word' id='word_1_60' title='bbox 453 894 531 930; x_wconf 83' lang='lat' dir='ltr'><strong>ses</strong></span> <span class='ocrx_word' id='word_1_61' title='bbox 562 877 690 933; x_wconf 82' lang='lat' dir='ltr'><strong>nihil</strong></span> <span class='ocrx_word' id='word_1_62' title='bbox 735 877 788 932; x_wconf 78' lang='lat' dir='ltr'><strong>in</strong></span> <span class='ocrx_word' id='word_1_63' title='bbox 819 877 1090 932; x_wconf 81' lang='lat' dir='ltr'><strong>Occidente</strong></span> <span class='ocrx_word' id='word_1_64' title='bbox 1126 877 1188 930; x_wconf 87' lang='lat' dir='ltr'><strong>de</strong></span> <span class='ocrx_word' id='word_1_65' title='bbox 1227 890 1386 929; x_wconf 86' lang='lat' dir='ltr'><strong>morte</strong></span> <span class='ocrx_word' id='word_1_66' title='bbox 1429 877 1653 947; x_wconf 84' lang='lat' dir='ltr'><strong>episc0pi</strong></span> <span class='ocrx_word' id='word_1_67' title='bbox 1699 885 1853 931; x_wconf 75' lang='lat' dir='ltr'><strong>tanta:</strong></span> <span class='ocrx_word' id='word_1_68' title='bbox 1895 878 2036 930; x_wconf 85' lang='lat' dir='ltr'><strong>sedis</strong></span> 
     </span>
    </p>
   </div>
   <div class='ocr_carea' id='block_1_11' title="bbox 453 947 2036 1008">
    <p class='ocr_par' dir='ltr' id='par_1_11' title="bbox 453 947 2036 1008">
     <span class='ocr_line' id='line_1_11' title="bbox 453 947 2036 1008; baseline 0.002 -10"><span class='ocrx_word' id='word_1_69' title='bbox 453 950 696 1003; x_wconf 79' lang='lat' dir='ltr'><strong>rescitum</strong></span> <span class='ocrx_word' id='word_1_70' title='bbox 729 966 854 1008; x_wconf 85' lang='lat' dir='ltr'><strong>esse,</strong></span> <span class='ocrx_word' id='word_1_71' title='bbox 886 963 979 1002; x_wconf 92' lang='lat' dir='ltr'><strong>cur</strong></span> <span class='ocrx_word' id='word_1_72' title='bbox 1016 948 1084 1002; x_wconf 91' lang='lat' dir='ltr'><strong>de</strong></span> <span class='ocrx_word' id='word_1_73' title='bbox 1110 947 1379 1000; x_wconf 90' lang='lat' dir='ltr'><strong>mensibus</strong></span> <span class='ocrx_word' id='word_1_74' title='bbox 1417 947 1660 1001; x_wconf 76' lang='lat' dir='ltr'><strong>undecim</strong></span> <span class='ocrx_word' id='word_1_75' title='bbox 1711 947 2036 1002; x_wconf 86' lang='lat' dir='ltr'><strong>mentionem</strong></span> 
     </span>
    </p>
   </div>
   <div class='ocr_carea' id='block_1_12' title="bbox 455 1019 2038 1087">
    <p class='ocr_par' dir='ltr' id='par_1_12' title="bbox 455 1019 2038 1087">
     <span class='ocr_line' id='line_1_12' title="bbox 455 1019 2038 1087; baseline 0.002 -17"><span class='ocrx_word' id='word_1_76' title='bbox 455 1019 635 1081; x_wconf 77' lang='lat' dir='ltr'><strong>faciat,</strong></span> <span class='ocrx_word' id='word_1_77' title='bbox 680 1022 895 1084; x_wconf 83' lang='lat' dir='ltr'><strong>nescio;</strong></span> <span class='ocrx_word' id='word_1_78' title='bbox 941 1020 1118 1087; x_wconf 85' lang='lat' dir='ltr'><strong>plures</strong></span> <span class='ocrx_word' id='word_1_79' title='bbox 1155 1019 1298 1071; x_wconf 91' lang='lat' dir='ltr'><strong>enim</strong></span> <span class='ocrx_word' id='word_1_80' title='bbox 1345 1033 1500 1086; x_wconf 62' lang='lat' dir='ltr'><strong>quam</strong></span> <span class='ocrx_word' id='word_1_81' title='bbox 1550 1027 1776 1085; x_wconf 80' lang='lat' dir='ltr'><strong>quttuor</strong></span> <span class='ocrx_word' id='word_1_82' title='bbox 1825 1033 2038 1073; x_wconf 81' lang='lat' dir='ltr'><strong>menses</strong></span> 
     </span>
    </p>
   </div>
   <div class='ocr_carea' id='block_1_13' title="bbox 455 1089 2035 1145">
    <p class='ocr_par' dir='ltr' id='par_1_13' title="bbox 455 1089 2035 1145">
     <span class='ocr_line' id='line_1_13' title="bbox 455 1089 2035 1145; baseline 0.001 -5"><span class='ocrx_word' id='word_1_83' title='bbox 455 1104 578 1142; x_wconf 88' lang='lat' dir='ltr'><strong>cum</strong></span> <span class='ocrx_word' id='word_1_84' title='bbox 612 1091 796 1145; x_wconf 83' lang='lat' dir='ltr'><strong>decem</strong></span> <span class='ocrx_word' id='word_1_85' title='bbox 826 1092 931 1145; x_wconf 76' lang='lat' dir='ltr'><strong>fere</strong></span> <span class='ocrx_word' id='word_1_86' title='bbox 971 1090 1158 1144; x_wconf 87' lang='lat' dir='ltr'><strong>diebus</strong></span> <span class='ocrx_word' id='word_1_87' title='bbox 1208 1105 1311 1142; x_wconf 89' lang='lat' dir='ltr'><strong>non</strong></span> <span class='ocrx_word' id='word_1_88' title='bbox 1355 1098 1644 1142; x_wconf 80' lang='lat' dir='ltr'><strong>excurrunt</strong></span> <span class='ocrx_word' id='word_1_89' title='bbox 1683 1106 1710 1141; x_wconf 91' lang='lat' dir='ltr'><strong>a</strong></span> <span class='ocrx_word' id='word_1_90' title='bbox 1759 1089 2035 1142; x_wconf 80' lang='lat' dir='ltr'><strong>Februarii</strong></span> 
     </span>
    </p>
   </div>
   <div class='ocr_carea' id='block_1_14' title="bbox 457 1158 2034 1227">
    <p class='ocr_par' dir='ltr' id='par_1_14' title="bbox 457 1158 2034 1227">
     <span class='ocr_line' id='line_1_14' title="bbox 457 1158 2034 1227; baseline -0.001 -15"><span class='ocrx_word' id='word_1_91' title='bbox 457 1160 548 1224; x_wconf 74' lang='lat' dir='ltr'><strong>l8,</strong></span> <span class='ocrx_word' id='word_1_92' title='bbox 593 1163 943 1215; x_wconf 79' lang='lat' dir='ltr'><strong>cuimortem</strong></span> <span class='ocrx_word' id='word_1_93' title='bbox 987 1161 1222 1214; x_wconf 85' lang='lat' dir='ltr'><strong>Flaviani</strong></span> <span class='ocrx_word' id='word_1_94' title='bbox 1272 1160 1526 1227; x_wconf 70' lang='lat' dir='ltr'><strong>assignat,</strong></span> <span class='ocrx_word' id='word_1_95' title='bbox 1567 1159 1630 1212; x_wconf 88' lang='lat' dir='ltr'><strong>ad</strong></span> <span class='ocrx_word' id='word_1_96' title='bbox 1678 1160 1834 1213; x_wconf 90' lang='lat' dir='ltr'><strong>linem</strong></span> <span class='ocrx_word' id='word_1_97' title='bbox 1866 1158 2034 1224; x_wconf 80' lang='lat' dir='ltr'><strong>Junii,</strong></span> 
     </span>
    </p>
   </div>
   <div class='ocr_carea' id='block_1_15' title="bbox 454 1230 2038 1302">
    <p class='ocr_par' dir='ltr' id='par_1_15' title="bbox 454 1230 2038 1302">
     <span class='ocr_line' id='line_1_15' title="bbox 454 1230 2038 1302; baseline 0 -19"><span class='ocrx_word' id='word_1_98' title='bbox 454 1246 566 1299; x_wconf 86' lang='lat' dir='ltr'><strong>quo</strong></span> <span class='ocrx_word' id='word_1_99' title='bbox 607 1231 797 1286; x_wconf 83' lang='lat' dir='ltr'><strong>festum</strong></span> <span class='ocrx_word' id='word_1_100' title='bbox 847 1232 1073 1302; x_wconf 74' lang='lat' dir='ltr'><strong>apostoli</strong></span> <span class='ocrx_word' id='word_1_101' title='bbox 1126 1230 1381 1302; x_wconf 80' lang='lat' dir='ltr'><strong>occurrit.</strong></span> <span class='ocrx_word' id='word_1_102' title='bbox 1422 1230 1607 1302; x_wconf 82' lang='lat' dir='ltr'><strong>Mirum</strong></span> <span class='ocrx_word' id='word_1_103' title='bbox 1656 1240 1834 1283; x_wconf 88' lang='lat' dir='ltr'><strong>autetn</strong></span> <span class='ocrx_word' id='word_1_104' title='bbox 1854 1231 2038 1302; x_wconf 23' lang='lat' dir='ltr'><strong>ivideri</strong></span> 
     </span>
    </p>
   </div>
   <div class='ocr_carea' id='block_1_16' title="bbox 455 1301 2037 1372">
    <p class='ocr_par' dir='ltr' id='par_1_16' title="bbox 455 1301 2037 1372">
     <span class='ocr_line' id='line_1_16' title="bbox 455 1301 2037 1372; baseline 0 -18"><span class='ocrx_word' id='word_1_105' title='bbox 455 1318 562 1355; x_wconf 87' lang='lat' dir='ltr'><strong>non</strong></span> <span class='ocrx_word' id='word_1_106' title='bbox 595 1303 753 1357; x_wconf 89' lang='lat' dir='ltr'><strong>debet</strong></span> <span class='ocrx_word' id='word_1_107' title='bbox 781 1301 1131 1372; x_wconf 24' lang='lat' dir='ltr'><strong>per’quatuor</strong></span> <span class='ocrx_word' id='word_1_108' title='bbox 1153 1301 1251 1355; x_wconf 85' lang='lat' dir='ltr'><strong>hos</strong></span> <span class='ocrx_word' id='word_1_109' title='bbox 1283 1315 1493 1372; x_wconf 71' lang='lat' dir='ltr'><strong>menses</strong></span> <span class='ocrx_word' id='word_1_110' title='bbox 1525 1301 1819 1372; x_wconf 77' lang='lat' dir='ltr'><strong>ignoratam</strong></span> <span class='ocrx_word' id='word_1_111' title='bbox 1853 1301 2037 1354; x_wconf 81' lang='lat' dir='ltr'><strong>Romae</strong></span> 
     </span>
    </p>
   </div>
   <div class='ocr_carea' id='block_1_17' title="bbox 452 1371 2036 1435">
    <p class='ocr_par' dir='ltr' id='par_1_17' title="bbox 452 1371 2036 1435">
     <span class='ocr_line' id='line_1_17' title="bbox 452 1371 2036 1435; baseline 0 -10"><span class='ocrx_word' id='word_1_112' title='bbox 452 1372 618 1427; x_wconf 84' lang='lat' dir='ltr'><strong>fuisse</strong></span> <span class='ocrx_word' id='word_1_113' title='bbox 656 1375 891 1427; x_wconf 77' lang='lat' dir='ltr'><strong>Flaviani</strong></span> <span class='ocrx_word' id='word_1_114' title='bbox 925 1371 1185 1425; x_wconf 10' lang='lat' dir='ltr'><strong>illlltl&#39;lelll.</strong></span> <span class='ocrx_word' id='word_1_115' title='bbox 1235 1371 1494 1435; x_wconf 72' lang='lat' dir='ltr'><strong>Superius</strong></span> <span class='ocrx_word' id='word_1_116' title='bbox 1531 1371 1672 1422; x_wconf 83' lang='lat' dir='ltr'><strong>enim</strong></span> <span class='ocrx_word' id='word_1_117' title='bbox 1723 1371 2036 1425; x_wconf 85' lang='lat' dir='ltr'><strong>observavi-</strong></span> 
     </span>
    </p>
   </div>
   <div class='ocr_carea' id='block_1_18' title="bbox 455 1443 2040 1511">
    <p class='ocr_par' dir='ltr' id='par_1_18' title="bbox 455 1443 2040 1511">
     <span class='ocr_line' id='line_1_18' title="bbox 455 1443 2040 1511; baseline 0 -15"><span class='ocrx_word' id='word_1_118' title='bbox 455 1457 576 1496; x_wconf 92' lang='lat' dir='ltr'><strong>mus</strong></span> <span class='ocrx_word' id='word_1_119' title='bbox 607 1445 836 1499; x_wconf 87' lang='lat' dir='ltr'><strong>Leonem</strong></span> <span class='ocrx_word' id='word_1_120' title='bbox 867 1459 957 1511; x_wconf 87' lang='lat' dir='ltr'><strong>per</strong></span> <span class='ocrx_word' id='word_1_121' title='bbox 986 1444 1220 1510; x_wconf 83' lang='lat' dir='ltr'><strong>quinque</strong></span> <span class='ocrx_word' id='word_1_122' title='bbox 1258 1443 1492 1510; x_wconf 81' lang='lat' dir='ltr'><strong>integros</strong></span> <span class='ocrx_word' id='word_1_123' title='bbox 1526 1457 1734 1494; x_wconf 70' lang='lat' dir='ltr'><strong>menses</strong></span> <span class='ocrx_word' id='word_1_124' title='bbox 1769 1445 2040 1504; x_wconf 68' lang='lat' dir='ltr'><strong>ignorasse</strong></span> 
     </span>
    </p>
   </div>
   <div class='ocr_carea' id='block_1_19' title="bbox 453 1511 2034 1584">
    <p class='ocr_par' dir='ltr' id='par_1_19' title="bbox 453 1511 2034 1584">
     <span class='ocr_line' id='line_1_19' title="bbox 453 1511 2034 1584; baseline -0.001 -19"><span class='ocrx_word' id='word_1_125' title='bbox 453 1531 519 1566; x_wconf 85' lang='lat' dir='ltr'><strong>an</strong></span> <span class='ocrx_word' id='word_1_126' title='bbox 552 1516 742 1568; x_wconf 73' lang='lat' dir='ltr'><strong>littera:</strong></span> <span class='ocrx_word' id='word_1_127' title='bbox 767 1513 1057 1584; x_wconf 81' lang='lat' dir='ltr'><strong>synodales</strong></span> <span class='ocrx_word' id='word_1_128' title='bbox 1087 1512 1152 1565; x_wconf 89' lang='lat' dir='ltr'><strong>ad</strong></span> <span class='ocrx_word' id='word_1_129' title='bbox 1180 1511 1562 1584; x_wconf 77' lang='lat' dir='ltr'><strong>Theodosiun&#39;t,</strong></span> <span class='ocrx_word' id='word_1_130' title='bbox 1589 1513 1651 1563; x_wconf 87' lang='lat' dir='ltr'><strong>ad</strong></span> <span class='ocrx_word' id='word_1_131' title='bbox 1677 1511 2034 1584; x_wconf 83' lang='lat' dir='ltr'><strong>Puleheriam,</strong></span> 
     </span>
    </p>
   </div>
   <div class='ocr_carea' id='block_1_20' title="bbox 451 1582 2042 1654">
    <p class='ocr_par' dir='ltr' id='par_1_20' title="bbox 451 1582 2042 1654">
     <span class='ocr_line' id='line_1_20' title="bbox 451 1582 2042 1654; baseline 0.002 -19"><span class='ocrx_word' id='word_1_132' title='bbox 451 1585 519 1637; x_wconf 87' lang='lat' dir='ltr'><strong>ad</strong></span> <span class='ocrx_word' id='word_1_133' title='bbox 584 1582 1212 1654; x_wconf 72' lang='lat' dir='ltr'><strong>clerutnpopulumtptc</strong></span> <span class='ocrx_word' id='word_1_134' title='bbox 1275 1582 1918 1649; x_wconf 68' lang='lat' dir='ltr'><strong>Constantiimpolitanum</strong></span> <span class='ocrx_word' id='word_1_135' title='bbox 1987 1596 2042 1638; x_wconf 91' lang='lat' dir='ltr'><strong>et</strong></span> 
     </span>
    </p>
   </div>
   <div class='ocr_carea' id='block_1_21' title="bbox 453 1654 2038 1723">
    <p class='ocr_par' dir='ltr' id='par_1_21' title="bbox 453 1654 2038 1723">
     <span class='ocr_line' id='line_1_21' title="bbox 453 1654 2038 1723; baseline 0.002 -19"><span class='ocrx_word' id='word_1_136' title='bbox 453 1655 518 1706; x_wconf 85' lang='lat' dir='ltr'><strong>ad</strong></span> <span class='ocrx_word' id='word_1_137' title='bbox 564 1656 743 1723; x_wconf 86' lang='lat' dir='ltr'><strong>plures</strong></span> <span class='ocrx_word' id='word_1_138' title='bbox 788 1654 922 1707; x_wconf 88' lang='lat' dir='ltr'><strong>alios</strong></span> <span class='ocrx_word' id='word_1_139' title='bbox 970 1655 1214 1721; x_wconf 82' lang='lat' dir='ltr'><strong>scriptae,</strong></span> <span class='ocrx_word' id='word_1_140' title='bbox 1271 1662 1499 1723; x_wconf 70' lang='lat' dir='ltr'><strong>recepta:</strong></span> <span class='ocrx_word' id='word_1_141' title='bbox 1547 1663 1777 1706; x_wconf 83' lang='lat' dir='ltr'><strong>chcnt:</strong></span> <span class='ocrx_word' id='word_1_142' title='bbox 1823 1668 1921 1707; x_wconf 89' lang='lat' dir='ltr'><strong>nec</strong></span> <span class='ocrx_word' id='word_1_143' title='bbox 1959 1654 2038 1707; x_wconf 92' lang='lat' dir='ltr'><strong>vi-</strong></span> 
     </span>
    </p>
   </div>
   <div class='ocr_carea' id='block_1_22' title="bbox 452 1722 2038 1793">
    <p class='ocr_par' dir='ltr' id='par_1_22' title="bbox 452 1722 2038 1793">
     <span class='ocr_line' id='line_1_22' title="bbox 452 1722 2038 1793; baseline 0.003 -20"><span class='ocrx_word' id='word_1_144' title='bbox 452 1722 609 1778; x_wconf 80' lang='lat' dir='ltr'><strong>detur</strong></span> <span class='ocrx_word' id='word_1_145' title='bbox 663 1725 948 1793; x_wconf 87' lang='lat' dir='ltr'><strong>quidquam</strong></span> <span class='ocrx_word' id='word_1_146' title='bbox 1006 1724 1074 1778; x_wconf 88' lang='lat' dir='ltr'><strong>de</strong></span> <span class='ocrx_word' id='word_1_147' title='bbox 1123 1723 1228 1775; x_wconf 87' lang='lat' dir='ltr'><strong>illis</strong></span> <span class='ocrx_word' id='word_1_148' title='bbox 1289 1722 1568 1776; x_wconf 75' lang='lat' dir='ltr'><strong>rest-ivisse</strong></span> <span class='ocrx_word' id='word_1_149' title='bbox 1618 1732 1742 1776; x_wconf 86' lang='lat' dir='ltr'><strong>ante</strong></span> <span class='ocrx_word' id='word_1_150' title='bbox 1798 1739 2038 1778; x_wconf 87' lang='lat' dir='ltr'><strong>mensem</strong></span> 
     </span>
    </p>
   </div>
   <div class='ocr_carea' id='block_1_23' title="bbox 452 1795 2039 1860">
    <p class='ocr_par' dir='ltr' id='par_1_23' title="bbox 452 1795 2039 1860">
     <span class='ocr_line' id='line_1_23' title="bbox 452 1795 2039 1860; baseline 0.002 -14"><span class='ocrx_word' id='word_1_151' title='bbox 452 1795 672 1849; x_wconf 86' lang='lat' dir='ltr'><strong>Julium.</strong></span> <span class='ocrx_word' id='word_1_152' title='bbox 729 1796 908 1850; x_wconf 89' lang='lat' dir='ltr'><strong>Potuit</strong></span> <span class='ocrx_word' id='word_1_153' title='bbox 949 1805 1093 1849; x_wconf 89' lang='lat' dir='ltr'><strong>certe</strong></span> <span class='ocrx_word' id='word_1_154' title='bbox 1135 1795 1324 1860; x_wconf 83' lang='lat' dir='ltr'><strong>potiori</strong></span> <span class='ocrx_word' id='word_1_155' title='bbox 1371 1795 1572 1847; x_wconf 84' lang='lat' dir='ltr'><strong>ratione</strong></span> <span class='ocrx_word' id='word_1_156' title='bbox 1614 1795 1786 1848; x_wconf 80' lang='lat' dir='ltr'><strong>serius</strong></span> <span class='ocrx_word' id='word_1_157' title='bbox 1812 1795 1878 1849; x_wconf 85' lang='lat' dir='ltr'><strong>(le</strong></span> <span class='ocrx_word' id='word_1_158' title='bbox 1920 1796 2039 1849; x_wconf 88' lang='lat' dir='ltr'><strong>Fla-</strong></span> 
     </span>
    </p>
   </div>
   <div class='ocr_carea' id='block_1_24' title="bbox 452 1863 2033 1932">
    <p class='ocr_par' dir='ltr' id='par_1_24' title="bbox 452 1863 2033 1932">
     <span class='ocr_line' id='line_1_24' title="bbox 452 1863 2033 1932; baseline 0.002 -15"><span class='ocrx_word' id='word_1_159' title='bbox 452 1865 593 1918; x_wconf 86' lang='lat' dir='ltr'><strong>viani</strong></span> <span class='ocrx_word' id='word_1_160' title='bbox 638 1866 786 1921; x_wconf 89' lang='lat' dir='ltr'><strong>obitu</strong></span> <span class='ocrx_word' id='word_1_161' title='bbox 825 1867 1022 1920; x_wconf 82' lang='lat' dir='ltr'><strong>certior</strong></span> <span class='ocrx_word' id='word_1_162' title='bbox 1045 1865 1178 1918; x_wconf 89' lang='lat' dir='ltr'><strong>fieri.</strong></span> <span class='ocrx_word' id='word_1_163' title='bbox 1214 1863 1268 1916; x_wconf 94' lang='lat' dir='ltr'><strong>ln</strong></span> <span class='ocrx_word' id='word_1_164' title='bbox 1313 1863 1614 1932; x_wconf 75' lang='lat' dir='ltr'><strong>llypepeusi</strong></span> <span class='ocrx_word' id='word_1_165' title='bbox 1660 1866 1800 1919; x_wconf 91' lang='lat' dir='ltr'><strong>enim</strong></span> <span class='ocrx_word' id='word_1_166' title='bbox 1841 1867 2033 1921; x_wconf 88' lang='lat' dir='ltr'><strong>exsilio</strong></span> 
     </span>
    </p>
   </div>
   <div class='ocr_carea' id='block_1_25' title="bbox 450 1935 2032 2002">
    <p class='ocr_par' dir='ltr' id='par_1_25' title="bbox 450 1935 2032 2002">
     <span class='ocr_line' id='line_1_25' title="bbox 450 1935 2032 2002; baseline 0.003 -15"><span class='ocrx_word' id='word_1_167' title='bbox 450 1935 542 1987; x_wconf 82' lang='lat' dir='ltr'><strong>ille</strong></span> <span class='ocrx_word' id='word_1_168' title='bbox 574 1936 802 2002; x_wconf 89' lang='lat' dir='ltr'><strong>obierat,</strong></span> <span class='ocrx_word' id='word_1_169' title='bbox 834 1938 973 1991; x_wconf 90' lang='lat' dir='ltr'><strong>unde</strong></span> <span class='ocrx_word' id='word_1_170' title='bbox 1000 1951 1104 1990; x_wconf 89' lang='lat' dir='ltr'><strong>non</strong></span> <span class='ocrx_word' id='word_1_171' title='bbox 1139 1935 1316 1988; x_wconf 88' lang='lat' dir='ltr'><strong>statim</strong></span> <span class='ocrx_word' id='word_1_172' title='bbox 1366 1936 1588 1988; x_wconf 80' lang='lat' dir='ltr'><strong>fortasse</strong></span> <span class='ocrx_word' id='word_1_173' title='bbox 1636 1939 1851 1989; x_wconf 89' lang='lat' dir='ltr'><strong>nuntius</strong></span> <span class='ocrx_word' id='word_1_174' title='bbox 1891 1937 2032 1992; x_wconf 89' lang='lat' dir='ltr'><strong>mitti</strong></span> 
     </span>
    </p>
   </div>
   <div class='ocr_carea' id='block_1_26' title="bbox 453 2006 2032 2076">
    <p class='ocr_par' dir='ltr' id='par_1_26' title="bbox 453 2006 2032 2076">
     <span class='ocr_line' id='line_1_26' title="bbox 453 2006 2032 2076; baseline 0.002 -18"><span class='ocrx_word' id='word_1_175' title='bbox 453 2013 622 2069; x_wconf 61' lang='lat' dir='ltr'><strong>rotuit</strong></span> <span class='ocrx_word' id='word_1_176' title='bbox 652 2007 1191 2076; x_wconf 87' lang='lat' dir='ltr'><strong>Constantinopolim.</strong></span> <span class='ocrx_word' id='word_1_177' title='bbox 1221 2006 1350 2059; x_wconf 80' lang='lat' dir='ltr'><strong>Cum</strong></span> <span class='ocrx_word' id='word_1_178' title='bbox 1384 2013 1561 2058; x_wconf 84' lang='lat' dir='ltr'><strong>autem</strong></span> <span class='ocrx_word' id='word_1_179' title='bbox 1596 2006 1646 2060; x_wconf 91' lang='lat' dir='ltr'><strong>in</strong></span> <span class='ocrx_word' id='word_1_180' title='bbox 1682 2022 1742 2060; x_wconf 89' lang='lat' dir='ltr'><strong>ea</strong></span> <span class='ocrx_word' id='word_1_181' title='bbox 1787 2008 1915 2060; x_wconf 90' lang='lat' dir='ltr'><strong>urbe</strong></span> <span class='ocrx_word' id='word_1_182' title='bbox 1950 2024 2032 2062; x_wconf 89' lang='lat' dir='ltr'><strong>re-</strong></span> 
     </span>
    </p>
   </div>
   <div class='ocr_carea' id='block_1_27' title="bbox 449 2075 2033 2150">
    <p class='ocr_par' dir='ltr' id='par_1_27' title="bbox 449 2075 2033 2150">
     <span class='ocr_line' id='line_1_27' title="bbox 449 2075 2033 2150; baseline 0.002 -21"><span class='ocrx_word' id='word_1_183' title='bbox 449 2079 618 2132; x_wconf 79' lang='lat' dir='ltr'><strong>scitus</strong></span> <span class='ocrx_word' id='word_1_184' title='bbox 657 2091 738 2134; x_wconf 86' lang='lat' dir='ltr'><strong>est</strong></span> <span class='ocrx_word' id='word_1_185' title='bbox 767 2075 1020 2150; x_wconf 13' lang='lat' dir='ltr'><strong>episcopi,</strong></span> <span class='ocrx_word' id='word_1_186' title='bbox 1049 2077 1399 2150; x_wconf 45' lang='lat' dir='ltr'><strong>ob‘itus,_no_n</strong></span> <span class='ocrx_word' id='word_1_187' title='bbox 1441 2075 1538 2129; x_wconf 84' lang='lat' dir='ltr'><strong>alia</strong></span> <span class='ocrx_word' id='word_1_188' title='bbox 1593 2078 1738 2150; x_wconf 80' lang='lat' dir='ltr'><strong>prior</strong></span> <span class='ocrx_word' id='word_1_189' title='bbox 1784 2078 2033 2148; x_wconf 75' lang='lat' dir='ltr'><strong>cogitatio</strong></span> 
     </span>
    </p>
   </div>
   <div class='ocr_carea' id='block_1_28' title="bbox 449 2147 2027 2216">
    <p class='ocr_par' dir='ltr' id='par_1_28' title="bbox 449 2147 2027 2216">
     <span class='ocr_line' id='line_1_28' title="bbox 449 2147 2027 2216; baseline 0.002 -17"><span class='ocrx_word' id='word_1_190' title='bbox 449 2150 595 2202; x_wconf 81' lang='lat' dir='ltr'><strong>venit</strong></span> <span class='ocrx_word' id='word_1_191' title='bbox 625 2150 676 2204; x_wconf 91' lang='lat' dir='ltr'><strong>in</strong></span> <span class='ocrx_word' id='word_1_192' title='bbox 711 2147 1067 2205; x_wconf 40' lang='lat' dir='ltr'><strong>metitem&#39;seu</strong></span> <span class='ocrx_word' id='word_1_193' title='bbox 1094 2147 1407 2209; x_wconf 78' lang='lat' dir='ltr'><strong>Theodosii,</strong></span> <span class='ocrx_word' id='word_1_194' title='bbox 1439 2162 1529 2201; x_wconf 70' lang='lat' dir='ltr'><strong>seu</strong></span> <span class='ocrx_word' id='word_1_195' title='bbox 1573 2147 1821 2213; x_wconf 82' lang='lat' dir='ltr'><strong>aliorum,</strong></span> <span class='ocrx_word' id='word_1_196' title='bbox 1860 2147 2027 2216; x_wconf 83' lang='lat' dir='ltr'><strong>quam</strong></span> 
     </span>
    </p>
   </div>
   <div class='ocr_carea' id='block_1_29' title="bbox 449 2218 2032 2289">
    <p class='ocr_par' dir='ltr' id='par_1_29' title="bbox 449 2218 2032 2289">
     <span class='ocr_line' id='line_1_29' title="bbox 449 2218 2032 2289; baseline 0.003 -19"><span class='ocrx_word' id='word_1_197' title='bbox 449 2218 518 2271; x_wconf 83' lang='lat' dir='ltr'><strong>de</strong></span> <span class='ocrx_word' id='word_1_198' title='bbox 549 2220 796 2289; x_wconf 82' lang='lat' dir='ltr'><strong>eligendo</strong></span> <span class='ocrx_word' id='word_1_199' title='bbox 817 2220 1217 2286; x_wconf 85' lang='lat' dir='ltr'><strong>ordinandoque</strong></span> <span class='ocrx_word' id='word_1_200' title='bbox 1252 2218 1414 2287; x_wconf 76' lang='lat' dir='ltr'><strong>regia:</strong></span> <span class='ocrx_word' id='word_1_201' title='bbox 1457 2219 1602 2271; x_wconf 84' lang='lat' dir='ltr'><strong>urbis</strong></span> <span class='ocrx_word' id='word_1_202' title='bbox 1633 2220 1920 2287; x_wconf 87' lang='lat' dir='ltr'><strong>episcopo;</strong></span> <span class='ocrx_word' id='word_1_203' title='bbox 1954 2221 2032 2274; x_wconf 87' lang='lat' dir='ltr'><strong>id-</strong></span> 
     </span>
    </p>
   </div>
   <div class='ocr_carea' id='block_1_30' title="bbox 449 2290 2030 2358">
    <p class='ocr_par' dir='ltr' id='par_1_30' title="bbox 449 2290 2030 2358">
     <span class='ocr_line' id='line_1_30' title="bbox 449 2290 2030 2358; baseline 0.004 -19"><span class='ocrx_word' id='word_1_204' title='bbox 449 2305 555 2358; x_wconf 87' lang='lat' dir='ltr'><strong>que</strong></span> <span class='ocrx_word' id='word_1_205' title='bbox 585 2306 866 2354; x_wconf 87' lang='lat' dir='ltr'><strong>curavere,</strong></span> <span class='ocrx_word' id='word_1_206' title='bbox 901 2293 952 2344; x_wconf 91' lang='lat' dir='ltr'><strong>ni</strong></span> <span class='ocrx_word' id='word_1_207' title='bbox 985 2290 1138 2342; x_wconf 89' lang='lat' dir='ltr'><strong>fallor</strong></span> <span class='ocrx_word' id='word_1_208' title='bbox 1165 2290 1454 2358; x_wconf 84' lang='lat' dir='ltr'><strong>imperator</strong></span> <span class='ocrx_word' id='word_1_209' title='bbox 1498 2297 1553 2343; x_wconf 88' lang='lat' dir='ltr'><strong>et</strong></span> <span class='ocrx_word' id='word_1_210' title='bbox 1581 2290 1864 2344; x_wconf 80' lang='lat' dir='ltr'><strong>Dioseotus</strong></span> <span class='ocrx_word' id='word_1_211' title='bbox 1889 2331 1902 2355; x_wconf 92' lang='lat'><strong>,</strong></span> <span class='ocrx_word' id='word_1_212' title='bbox 1961 2307 2030 2346; x_wconf 89' lang='lat' dir='ltr'><strong>ne</strong></span> 
     </span>
    </p>
   </div>
   <div class='ocr_carea' id='block_1_31' title="bbox 448 2359 2032 2429">
    <p class='ocr_par' dir='ltr' id='par_1_31' title="bbox 448 2359 2032 2429">
     <span class='ocr_line' id='line_1_31' title="bbox 448 2359 2032 2429; baseline 0.004 -19"><span class='ocrx_word' id='word_1_213' title='bbox 448 2364 597 2426; x_wconf 84' lang='lat' dir='ltr'><strong>prius</strong></span> <span class='ocrx_word' id='word_1_214' title='bbox 628 2361 862 2415; x_wconf 77' lang='lat' dir='ltr'><strong>Flaviani</strong></span> <span class='ocrx_word' id='word_1_215' title='bbox 905 2371 1130 2416; x_wconf 89' lang='lat' dir='ltr'><strong>mortem</strong></span> <span class='ocrx_word' id='word_1_216' title='bbox 1165 2360 1272 2413; x_wconf 86' lang='lat' dir='ltr'><strong>Leo</strong></span> <span class='ocrx_word' id='word_1_217' title='bbox 1313 2359 1635 2420; x_wconf 87' lang='lat' dir='ltr'><strong>addisceret,</strong></span> <span class='ocrx_word' id='word_1_218' title='bbox 1689 2376 1845 2429; x_wconf 88' lang='lat' dir='ltr'><strong>quam</strong></span> <span class='ocrx_word' id='word_1_219' title='bbox 1893 2376 2032 2416; x_wconf 90' lang='lat' dir='ltr'><strong>suc-</strong></span> 
     </span>
    </p>
   </div>
   <div class='ocr_carea' id='block_1_32' title="bbox 447 2430 2030 2493">
    <p class='ocr_par' dir='ltr' id='par_1_32' title="bbox 447 2430 2030 2493">
     <span class='ocr_line' id='line_1_32' title="bbox 447 2430 2030 2493; baseline 0.003 -11"><span class='ocrx_word' id='word_1_220' title='bbox 447 2431 681 2486; x_wconf 46' lang='lat' dir='ltr'><strong>ces&#39;oris</strong></span> <span class='ocrx_word' id='word_1_221' title='bbox 711 2433 1132 2493; x_wconf 85' lang='lat' dir='ltr'><strong>ordinationem,</strong></span> <span class='ocrx_word' id='word_1_222' title='bbox 1171 2447 1238 2484; x_wconf 84' lang='lat' dir='ltr'><strong>ne</strong></span> <span class='ocrx_word' id='word_1_223' title='bbox 1266 2430 1494 2484; x_wconf 74' lang='lat' dir='ltr'><strong>Anatolii</strong></span> <span class='ocrx_word' id='word_1_224' title='bbox 1535 2431 1746 2490; x_wconf 72' lang='lat' dir='ltr'><strong>electio,</strong></span> <span class='ocrx_word' id='word_1_225' title='bbox 1798 2432 2030 2487; x_wconf 88' lang='lat' dir='ltr'><strong>hominis</strong></span> 
     </span>
    </p>
   </div>
   <div class='ocr_carea' id='block_1_33' title="bbox 446 2501 2031 2570">
    <p class='ocr_par' dir='ltr' id='par_1_33' title="bbox 446 2501 2031 2570">
     <span class='ocr_line' id='line_1_33' title="bbox 446 2501 2031 2570; baseline 0.003 -19"><span class='ocrx_word' id='word_1_226' title='bbox 446 2517 510 2553; x_wconf 71' lang='lat' dir='ltr'><strong>ex</strong></span> <span class='ocrx_word' id='word_1_227' title='bbox 541 2503 768 2557; x_wconf 79' lang='lat' dir='ltr'><strong>amicitia</strong></span> <span class='ocrx_word' id='word_1_228' title='bbox 800 2504 1040 2557; x_wconf 90' lang='lat' dir='ltr'><strong>Dioscori</strong></span> <span class='ocrx_word' id='word_1_229' title='bbox 1073 2504 1294 2569; x_wconf 78' lang='lat' dir='ltr'><strong>eju-que</strong></span> <span class='ocrx_word' id='word_1_230' title='bbox 1325 2501 1535 2570; x_wconf 81' lang='lat' dir='ltr'><strong>delecut</strong></span> <span class='ocrx_word' id='word_1_231' title='bbox 1578 2502 1835 2570; x_wconf 81' lang='lat' dir='ltr'><strong>suspecti,</strong></span> <span class='ocrx_word' id='word_1_232' title='bbox 1867 2503 2031 2558; x_wconf 89' lang='lat' dir='ltr'><strong>inter-</strong></span> 
     </span>
    </p>
   </div>
   <div class='ocr_carea' id='block_1_34' title="bbox 443 2567 2030 2639">
    <p class='ocr_par' dir='ltr' id='par_1_34' title="bbox 443 2567 2030 2639">
     <span class='ocr_line' id='line_1_34' title="bbox 443 2567 2030 2639; baseline 0.002 -16"><span class='ocrx_word' id='word_1_233' title='bbox 443 2574 770 2627; x_wconf 89' lang='lat' dir='ltr'><strong>turbaretur.</strong></span> <span class='ocrx_word' id='word_1_234' title='bbox 806 2574 1010 2627; x_wconf 84' lang='lat' dir='ltr'><strong>Revera</strong></span> <span class='ocrx_word' id='word_1_235' title='bbox 1043 2567 1323 2639; x_wconf 31' lang='lat' dir='ltr'><strong>utrum-que</strong></span> <span class='ocrx_word' id='word_1_236' title='bbox 1353 2588 1418 2625; x_wconf 74' lang='lat' dir='ltr'><strong>ex</strong></span> <span class='ocrx_word' id='word_1_237' title='bbox 1448 2567 1634 2625; x_wconf 83' lang='lat' dir='ltr'><strong>iisdem</strong></span> <span class='ocrx_word' id='word_1_238' title='bbox 1667 2567 1865 2626; x_wconf 80' lang='lat' dir='ltr'><strong>nuntiis</strong></span> <span class='ocrx_word' id='word_1_239' title='bbox 1892 2573 2030 2628; x_wconf 79' lang='lat' dir='ltr'><strong>didi-</strong></span> 
     </span>
    </p>
   </div>
   <div class='ocr_carea' id='block_1_35' title="bbox 444 2641 2026 2709">
    <p class='ocr_par' dir='ltr' id='par_1_35' title="bbox 444 2641 2026 2709">
     <span class='ocr_line' id='line_1_35' title="bbox 444 2641 2026 2709; baseline 0 -15"><span class='ocrx_word' id='word_1_240' title='bbox 444 2643 585 2696; x_wconf 75' lang='lat' dir='ltr'><strong>oi-se</strong></span> <span class='ocrx_word' id='word_1_241' title='bbox 614 2643 723 2698; x_wconf 84' lang='lat' dir='ltr'><strong>Leo</strong></span> <span class='ocrx_word' id='word_1_242' title='bbox 745 2647 967 2706; x_wconf 86' lang='lat' dir='ltr'><strong>videtur</strong></span> <span class='ocrx_word' id='word_1_243' title='bbox 1009 2657 1107 2697; x_wconf 88' lang='lat' dir='ltr'><strong>nec</strong></span> <span class='ocrx_word' id='word_1_244' title='bbox 1148 2643 1327 2696; x_wconf 88' lang='lat' dir='ltr'><strong>multis</strong></span> <span class='ocrx_word' id='word_1_245' title='bbox 1374 2650 1497 2696; x_wconf 90' lang='lat' dir='ltr'><strong>ante</strong></span> <span class='ocrx_word' id='word_1_246' title='bbox 1544 2643 1605 2696; x_wconf 70' lang='lat' dir='ltr'><strong>lt;</strong></span> <span class='ocrx_word' id='word_1_247' title='bbox 1644 2641 1769 2696; x_wconf 85' lang='lat' dir='ltr'><strong>Julii</strong></span> <span class='ocrx_word' id='word_1_248' title='bbox 1816 2643 2026 2709; x_wconf 72' lang='lat' dir='ltr'><strong>diebus,</strong></span> 
     </span>
    </p>
   </div>
   <div class='ocr_carea' id='block_1_36' title="bbox 443 2712 2030 2782">
    <p class='ocr_par' dir='ltr' id='par_1_36' title="bbox 443 2712 2030 2782">
     <span class='ocr_line' id='line_1_36' title="bbox 443 2712 2030 2782; baseline 0.004 -20"><span class='ocrx_word' id='word_1_249' title='bbox 443 2730 566 2764; x_wconf 73' lang='lat' dir='ltr'><strong>eum</strong></span> <span class='ocrx_word' id='word_1_250' title='bbox 597 2714 688 2767; x_wconf 87' lang='lat' dir='ltr'><strong>illa</strong></span> <span class='ocrx_word' id='word_1_251' title='bbox 718 2715 803 2768; x_wconf 90' lang='lat' dir='ltr'><strong>die</strong></span> <span class='ocrx_word' id='word_1_252' title='bbox 836 2717 1064 2782; x_wconf 90' lang='lat' dir='ltr'><strong>primum</strong></span> <span class='ocrx_word' id='word_1_253' title='bbox 1098 2713 1360 2767; x_wconf 83' lang='lat' dir='ltr'><strong>rescribat</strong></span> <span class='ocrx_word' id='word_1_254' title='bbox 1398 2713 1464 2766; x_wconf 88' lang='lat' dir='ltr'><strong>de</strong></span> <span class='ocrx_word' id='word_1_255' title='bbox 1504 2712 1844 2781; x_wconf 73' lang='lat' dir='ltr'><strong>ordinatione</strong></span> <span class='ocrx_word' id='word_1_256' title='bbox 1889 2715 2030 2769; x_wconf 85' lang='lat' dir='ltr'><strong>Ana-</strong></span> 
     </span>
    </p>
   </div>
   <div class='ocr_carea' id='block_1_37' title="bbox 444 2783 2029 2851">
    <p class='ocr_par' dir='ltr' id='par_1_37' title="bbox 444 2783 2029 2851">
     <span class='ocr_line' id='line_1_37' title="bbox 444 2783 2029 2851; baseline 0.003 -17"><span class='ocrx_word' id='word_1_257' title='bbox 444 2783 579 2836; x_wconf 71' lang='lat' dir='ltr'><strong>tolii.</strong></span> <span class='ocrx_word' id='word_1_258' title='bbox 605 2785 714 2838; x_wconf 76' lang='lat' dir='ltr'><strong>Cur</strong></span> <span class='ocrx_word' id='word_1_259' title='bbox 743 2786 883 2839; x_wconf 84' lang='lat' dir='ltr'><strong>enim</strong></span> <span class='ocrx_word' id='word_1_260' title='bbox 909 2787 1062 2838; x_wconf 87' lang='lat' dir='ltr'><strong>nobis</strong></span> <span class='ocrx_word' id='word_1_261' title='bbox 1103 2801 1210 2838; x_wconf 91' lang='lat' dir='ltr'><strong>non</strong></span> <span class='ocrx_word' id='word_1_262' title='bbox 1259 2783 1416 2837; x_wconf 84' lang='lat' dir='ltr'><strong>liceat</strong></span> <span class='ocrx_word' id='word_1_263' title='bbox 1458 2799 1610 2851; x_wconf 53' lang='lat' dir='ltr'><strong>atque</strong></span> <span class='ocrx_word' id='word_1_264' title='bbox 1655 2799 1716 2837; x_wconf 87' lang='lat' dir='ltr'><strong>ac</strong></span> <span class='ocrx_word' id='word_1_265' title='bbox 1763 2783 2029 2840; x_wconf 86' lang='lat' dir='ltr'><strong>Garnerio</strong></span> 
     </span>
    </p>
   </div>
   <div class='ocr_carea' id='block_1_38' title="bbox 443 2853 2031 2926">
    <p class='ocr_par' dir='ltr' id='par_1_38' title="bbox 443 2853 2031 2926">
     <span class='ocr_line' id='line_1_38' title="bbox 443 2853 2031 2926; baseline 0.004 -22"><span class='ocrx_word' id='word_1_266' title='bbox 443 2857 908 2926; x_wconf 64' lang='lat' dir='ltr'><strong>argumentatione</strong></span> <span class='ocrx_word' id='word_1_267' title='bbox 934 2855 1240 2922; x_wconf 74' lang='lat' dir='ltr'><strong>huiusmodi</strong></span> <span class='ocrx_word' id='word_1_268' title='bbox 1285 2853 1712 2926; x_wconf 51' lang='lat' dir='ltr'><strong>tirgereiﬁ&#39;je</strong></span> <span class='ocrx_word' id='word_1_269' title='bbox 1743 2856 1824 2920; x_wconf 81' lang='lat' dir='ltr'><strong>Si,</strong></span> <span class='ocrx_word' id='word_1_270' title='bbox 1859 2856 2031 2926; x_wconf 86' lang='lat' dir='ltr'><strong>inquit</strong></span> 
     </span>
    </p>
   </div>
   <div class='ocr_carea' id='block_1_39' title="bbox 441 2922 2031 2989">
    <p class='ocr_par' dir='ltr' id='par_1_39' title="bbox 441 2922 2031 2989">
     <span class='ocr_line' id='line_1_39' title="bbox 441 2922 2031 2989; baseline 0.003 -13"><span class='ocrx_word' id='word_1_271' title='bbox 441 2922 560 2988; x_wconf 84' lang='lat' dir='ltr'><strong>ille,</strong></span> <span class='ocrx_word' id='word_1_272' title='bbox 602 2936 718 2980; x_wconf 88' lang='lat' dir='ltr'><strong>ante</strong></span> <span class='ocrx_word' id='word_1_273' title='bbox 760 2925 1099 2981; x_wconf 78' lang='lat' dir='ltr'><strong>Februarium</strong></span> <span class='ocrx_word' id='word_1_274' title='bbox 1131 2941 1264 2978; x_wconf 84' lang='lat' dir='ltr'><strong>mors</strong></span> <span class='ocrx_word' id='word_1_275' title='bbox 1296 2922 1537 2977; x_wconf 74' lang='lat' dir='ltr'><strong>Flaviani</strong></span> <span class='ocrx_word' id='word_1_276' title='bbox 1574 2922 1854 2989; x_wconf 59' lang='lat' dir='ltr'><strong>accidisset,</strong></span> <span class='ocrx_word' id='word_1_277' title='bbox 1905 2922 2031 2989; x_wconf 71' lang='lat' dir='ltr'><strong>quid</strong></span> 
     </span>
    </p>
   </div>
   <div class='ocr_carea' id='block_1_40' title="bbox 443 2995 2032 3062">
    <p class='ocr_par' dir='ltr' id='par_1_40' title="bbox 443 2995 2032 3062">
     <span class='ocr_line' id='line_1_40' title="bbox 443 2995 2032 3062; baseline 0.002 -14"><span class='ocrx_word' id='word_1_278' title='bbox 443 3007 569 3048; x_wconf 79' lang='lat' dir='ltr'><strong>esset</strong></span> <span class='ocrx_word' id='word_1_279' title='bbox 616 3013 784 3052; x_wconf 76' lang='lat' dir='ltr'><strong>causa:</strong></span> <span class='ocrx_word' id='word_1_280' title='bbox 812 3013 900 3051; x_wconf 90' lang='lat' dir='ltr'><strong>cur</strong></span> <span class='ocrx_word' id='word_1_281' title='bbox 927 2997 988 3053; x_wconf 87' lang='lat' dir='ltr'><strong>S.</strong></span> <span class='ocrx_word' id='word_1_282' title='bbox 1035 2997 1134 3051; x_wconf 85' lang='lat' dir='ltr'><strong>Leo</strong></span> <span class='ocrx_word' id='word_1_283' title='bbox 1179 3012 1242 3048; x_wconf 89' lang='lat' dir='ltr'><strong>ne</strong></span> <span class='ocrx_word' id='word_1_284' title='bbox 1284 2995 1488 3048; x_wconf 78' lang='lat' dir='ltr'><strong>verbum</strong></span> <span class='ocrx_word' id='word_1_285' title='bbox 1537 2997 1737 3062; x_wconf 85' lang='lat' dir='ltr'><strong>quidem</strong></span> <span class='ocrx_word' id='word_1_286' title='bbox 1777 3013 1836 3049; x_wconf 88' lang='lat' dir='ltr'><strong>ea</strong></span> <span class='ocrx_word' id='word_1_287' title='bbox 1873 2996 1936 3049; x_wconf 86' lang='lat' dir='ltr'><strong>de</strong></span> <span class='ocrx_word' id='word_1_288' title='bbox 1977 3015 2032 3051; x_wconf 89' lang='lat' dir='ltr'><strong>re</strong></span> 
     </span>
    </p>
   </div>
   <div class='ocr_carea' id='block_1_41' title="bbox 442 3065 2030 3135">
    <p class='ocr_par' dir='ltr' id='par_1_41' title="bbox 442 3065 2030 3135">
     <span class='ocr_line' id='line_1_41' title="bbox 442 3065 2030 3135; baseline 0.002 -17"><span class='ocrx_word' id='word_1_289' title='bbox 442 3066 658 3135; x_wconf 75' lang='lat' dir='ltr'><strong>fecerit,</strong></span> <span class='ocrx_word' id='word_1_290' title='bbox 709 3078 798 3122; x_wconf 84' lang='lat' dir='ltr'><strong>aut</strong></span> <span class='ocrx_word' id='word_1_291' title='bbox 830 3079 962 3122; x_wconf 86' lang='lat' dir='ltr'><strong>certe</strong></span> <span class='ocrx_word' id='word_1_292' title='bbox 1005 3069 1068 3122; x_wconf 89' lang='lat' dir='ltr'><strong>de</strong></span> <span class='ocrx_word' id='word_1_293' title='bbox 1112 3065 1355 3121; x_wconf 79' lang='lat' dir='ltr'><strong>Anatolio</strong></span> <span class='ocrx_word' id='word_1_294' title='bbox 1404 3082 1504 3118; x_wconf 89' lang='lat' dir='ltr'><strong>non</strong></span> <span class='ocrx_word' id='word_1_295' title='bbox 1549 3067 1807 3134; x_wconf 77' lang='lat' dir='ltr'><strong>scripserit</strong></span> <span class='ocrx_word' id='word_1_296' title='bbox 1862 3066 2030 3121; x_wconf 80' lang='lat' dir='ltr'><strong>Theo-</strong></span> 
     </span>
    </p>
   </div>
   <div class='ocr_carea' id='block_1_42' title="bbox 425 3135 2028 3208">
    <p class='ocr_par' dir='ltr' id='par_1_42' title="bbox 425 3135 2028 3208">
     <span class='ocr_line' id='line_1_42' title="bbox 425 3135 2028 3208; baseline 0.003 -21"><span class='ocrx_word' id='word_1_297' title='bbox 425 3135 608 3208; x_wconf 47' lang='lat' dir='ltr'><strong>dosio,</strong></span> <span class='ocrx_word' id='word_1_298' title='bbox 644 3138 956 3205; x_wconf 80' lang='lat' dir='ltr'><strong>Pulrlteriw,</strong></span> <span class='ocrx_word' id='word_1_299' title='bbox 997 3140 1212 3208; x_wconf 74' lang='lat' dir='ltr'><strong>aliisque</strong></span> <span class='ocrx_word' id='word_1_300' title='bbox 1240 3150 1356 3190; x_wconf 87' lang='lat' dir='ltr'><strong>ante</strong></span> <span class='ocrx_word' id='word_1_301' title='bbox 1392 3135 1591 3190; x_wconf 74' lang='lat' dir='ltr'><strong>Iulium</strong></span> <span class='ocrx_word' id='word_1_302' title='bbox 1635 3140 1894 3192; x_wconf 84' lang='lat' dir='ltr'><strong>mensem?</strong></span> <span class='ocrx_word' id='word_1_303' title='bbox 1922 3139 2028 3194; x_wconf 86' lang='lat' dir='ltr'><strong>Cur</strong></span> 
     </span>
    </p>
   </div>
   <div class='ocr_carea' id='block_1_43' title="bbox 2141 517 3715 588">
    <p class='ocr_par' dir='ltr' id='par_1_43' title="bbox 2141 517 3715 588">
     <span class='ocr_line' id='line_1_43' title="bbox 2141 517 3715 588; baseline 0.002 -15"><span class='ocrx_word' id='word_1_304' title='bbox 2141 517 2246 574; x_wconf 85' lang='lat' dir='ltr'><strong>non</strong></span> <span class='ocrx_word' id='word_1_305' title='bbox 2287 517 2488 588; x_wconf 85' lang='lat' dir='ltr'><strong>&#39;potuit,</strong></span> <span class='ocrx_word' id='word_1_306' title='bbox 2550 520 2651 574; x_wconf 89' lang='lat' dir='ltr'><strong>nisi</strong></span> <span class='ocrx_word' id='word_1_307' title='bbox 2706 527 2824 585; x_wconf 91' lang='lat' dir='ltr'><strong>post</strong></span> <span class='ocrx_word' id='word_1_308' title='bbox 2865 519 3046 588; x_wconf 85' lang='lat' dir='ltr'><strong>plures</strong></span> <span class='ocrx_word' id='word_1_309' title='bbox 3101 532 3314 572; x_wconf 82' lang='lat' dir='ltr'><strong>menses</strong></span> <span class='ocrx_word' id='word_1_310' title='bbox 3361 518 3429 571; x_wconf 87' lang='lat' dir='ltr'><strong>ab</strong></span> <span class='ocrx_word' id='word_1_311' title='bbox 3479 517 3715 588; x_wconf 86' lang='lat' dir='ltr'><strong>Octobri,</strong></span> 
     </span>
    </p>
   </div>
   <div class='ocr_carea' id='block_1_44' title="bbox 2140 588 3721 661">
    <p class='ocr_par' dir='ltr' id='par_1_44' title="bbox 2140 588 3721 661">
     <span class='ocr_line' id='line_1_44' title="bbox 2140 588 3721 661; baseline 0.002 -17"><span class='ocrx_word' id='word_1_312' title='bbox 2140 588 2355 661; x_wconf 79' lang='lat' dir='ltr'><strong>quando</strong></span> <span class='ocrx_word' id='word_1_313' title='bbox 2383 593 2613 660; x_wconf 91' lang='lat' dir='ltr'><strong>primum</strong></span> <span class='ocrx_word' id='word_1_314' title='bbox 2637 605 2668 644; x_wconf 88' lang='lat' dir='ltr'><strong>a</strong></span> <span class='ocrx_word' id='word_1_315' title='bbox 2692 590 2872 645; x_wconf 88' lang='lat' dir='ltr'><strong>Leone</strong></span> <span class='ocrx_word' id='word_1_316' title='bbox 2898 592 3155 661; x_wconf 87' lang='lat' dir='ltr'><strong>scriptum</strong></span> <span class='ocrx_word' id='word_1_317' title='bbox 3197 597 3282 643; x_wconf 88' lang='lat' dir='ltr'><strong>est</strong></span> <span class='ocrx_word' id='word_1_318' title='bbox 3307 588 3375 643; x_wconf 89' lang='lat' dir='ltr'><strong>de</strong></span> <span class='ocrx_word' id='word_1_319' title='bbox 3413 592 3623 661; x_wconf 86' lang='lat' dir='ltr'><strong>synodo</strong></span> <span class='ocrx_word' id='word_1_320' title='bbox 3659 595 3721 648; x_wconf 88' lang='lat' dir='ltr'><strong>ad</strong></span> 
     </span>
    </p>
   </div>
   <div class='ocr_carea' id='block_1_45' title="bbox 2140 660 3724 732">
    <p class='ocr_par' dir='ltr' id='par_1_45' title="bbox 2140 660 3724 732">
     <span class='ocr_line' id='line_1_45' title="bbox 2140 660 3724 732; baseline 0.003 -16"><span class='ocrx_word' id='word_1_321' title='bbox 2140 660 2503 717; x_wconf 81' lang='lat' dir='ltr'><strong>TlteodOsium</strong></span> <span class='ocrx_word' id='word_1_322' title='bbox 2549 671 2668 732; x_wconf 91' lang='lat' dir='ltr'><strong>post</strong></span> <span class='ocrx_word' id='word_1_323' title='bbox 2702 672 2982 732; x_wconf 84' lang='lat' dir='ltr'><strong>acceptum</strong></span> <span class='ocrx_word' id='word_1_324' title='bbox 3027 660 3095 714; x_wconf 92' lang='lat' dir='ltr'><strong>de</strong></span> <span class='ocrx_word' id='word_1_325' title='bbox 3140 660 3422 715; x_wconf 88' lang='lat' dir='ltr'><strong>latrocinio</strong></span> <span class='ocrx_word' id='word_1_326' title='bbox 3447 660 3724 726; x_wconf 80' lang='lat' dir='ltr'><strong>Ephesiae</strong></span> 
     </span>
    </p>
   </div>
   <div class='ocr_carea' id='block_1_46' title="bbox 2142 731 3717 802">
    <p class='ocr_par' dir='ltr' id='par_1_46' title="bbox 2142 731 3717 802">
     <span class='ocr_line' id='line_1_46' title="bbox 2142 731 3717 802; baseline 0.003 -16"><span class='ocrx_word' id='word_1_327' title='bbox 2142 735 2403 788; x_wconf 90' lang='lat' dir='ltr'><strong>nuntium.</strong></span> <span class='ocrx_word' id='word_1_328' title='bbox 2437 733 2493 789; x_wconf 90' lang='lat' dir='ltr'><strong>Si</strong></span> <span class='ocrx_word' id='word_1_329' title='bbox 2519 731 2644 802; x_wconf 89' lang='lat' dir='ltr'><strong>quid</strong></span> <span class='ocrx_word' id='word_1_330' title='bbox 2688 747 2846 801; x_wconf 90' lang='lat' dir='ltr'><strong>porro</strong></span> <span class='ocrx_word' id='word_1_331' title='bbox 2895 731 2977 786; x_wconf 92' lang='lat' dir='ltr'><strong>his</strong></span> <span class='ocrx_word' id='word_1_332' title='bbox 3021 735 3352 787; x_wconf 89' lang='lat' dir='ltr'><strong>contrarium</strong></span> <span class='ocrx_word' id='word_1_333' title='bbox 3393 733 3653 800; x_wconf 88' lang='lat' dir='ltr'><strong>scriptum</strong></span> <span class='ocrx_word' id='word_1_334' title='bbox 3691 751 3717 790; x_wconf 83' lang='lat' dir='ltr'><strong>a</strong></span> 
     </span>
    </p>
   </div>
   <div class='ocr_carea' id='block_1_47' title="bbox 2142 802 3719 872">
    <p class='ocr_par' dir='ltr' id='par_1_47' title="bbox 2142 802 3719 872">
     <span class='ocr_line' id='line_1_47' title="bbox 2142 802 3719 872; baseline 0.002 -14"><span class='ocrx_word' id='word_1_335' title='bbox 2142 805 2297 858; x_wconf 84' lang='lat' dir='ltr'><strong>nobis</strong></span> <span class='ocrx_word' id='word_1_336' title='bbox 2327 815 2410 858; x_wconf 90' lang='lat' dir='ltr'><strong>est</strong></span> <span class='ocrx_word' id='word_1_337' title='bbox 2439 804 2503 857; x_wconf 88' lang='lat' dir='ltr'><strong>ad</strong></span> <span class='ocrx_word' id='word_1_338' title='bbox 2534 805 2662 858; x_wconf 90' lang='lat' dir='ltr'><strong>istas</strong></span> <span class='ocrx_word' id='word_1_339' title='bbox 2689 803 2968 872; x_wconf 84' lang='lat' dir='ltr'><strong>epistolas,</strong></span> <span class='ocrx_word' id='word_1_340' title='bbox 3009 818 3076 858; x_wconf 82' lang='lat' dir='ltr'><strong>ex</strong></span> <span class='ocrx_word' id='word_1_341' title='bbox 3112 802 3270 857; x_wconf 88' lang='lat' dir='ltr'><strong>dictis</strong></span> <span class='ocrx_word' id='word_1_342' title='bbox 3304 805 3498 870; x_wconf 83' lang='lat' dir='ltr'><strong>corrigi</strong></span> <span class='ocrx_word' id='word_1_343' title='bbox 3545 806 3719 861; x_wconf 87' lang='lat' dir='ltr'><strong>velim.</strong></span> 
     </span>
    </p>
   </div>
   <div class='ocr_carea' id='block_1_48' title="bbox 2217 873 3724 944">
    <p class='ocr_par' dir='ltr' id='par_1_48' title="bbox 2217 873 3724 944">
     <span class='ocr_line' id='line_1_48' title="bbox 2217 873 3724 944; baseline 0.001 -15"><span class='ocrx_word' id='word_1_344' title='bbox 2217 875 2300 929; x_wconf 90' lang='lat' dir='ltr'><strong>Ill.</strong></span> <span class='ocrx_word' id='word_1_345' title='bbox 2347 874 2512 944; x_wconf 75' lang='lat' dir='ltr'><strong>Igitur</strong></span> <span class='ocrx_word' id='word_1_346' title='bbox 2543 875 2944 929; x_wconf 83' lang='lat' dir='ltr'><strong>Valentinianus</strong></span> <span class='ocrx_word' id='word_1_347' title='bbox 2983 888 3104 928; x_wconf 92' lang='lat' dir='ltr'><strong>cum</strong></span> <span class='ocrx_word' id='word_1_348' title='bbox 3141 881 3312 927; x_wconf 86' lang='lat' dir='ltr'><strong>matre</strong></span> <span class='ocrx_word' id='word_1_349' title='bbox 3356 873 3594 930; x_wconf 84' lang='lat' dir='ltr'><strong>Placidia</strong></span> <span class='ocrx_word' id='word_1_350' title='bbox 3636 876 3724 932; x_wconf 83' lang='lat' dir='ltr'><strong>Eu-</strong></span> 
     </span>
    </p>
   </div>
   <div class='ocr_carea' id='block_1_49' title="bbox 2141 944 3720 1015">
    <p class='ocr_par' dir='ltr' id='par_1_49' title="bbox 2141 944 3720 1015">
     <span class='ocr_line' id='line_1_49' title="bbox 2141 944 3720 1015; baseline 0.001 -15"><span class='ocrx_word' id='word_1_351' title='bbox 2141 945 2409 1014; x_wconf 80' lang='lat' dir='ltr'><strong>doxiaque</strong></span> <span class='ocrx_word' id='word_1_352' title='bbox 2441 961 2607 1001; x_wconf 80' lang='lat' dir='ltr'><strong>uxore</strong></span> <span class='ocrx_word' id='word_1_353' title='bbox 2639 946 2861 999; x_wconf 78' lang='lat' dir='ltr'><strong>Romam</strong></span> <span class='ocrx_word' id='word_1_354' title='bbox 2893 945 3038 1015; x_wconf 76' lang='lat' dir='ltr'><strong>venit</strong></span> <span class='ocrx_word' id='word_1_355' title='bbox 3064 944 3131 998; x_wconf 90' lang='lat' dir='ltr'><strong>ad</strong></span> <span class='ocrx_word' id='word_1_356' title='bbox 3154 944 3422 999; x_wconf 90' lang='lat' dir='ltr'><strong>tumulum</strong></span> <span class='ocrx_word' id='word_1_357' title='bbox 3453 949 3720 1015; x_wconf 59' lang='lat' dir='ltr'><strong>apostolo-</strong></span> 
     </span>
    </p>
   </div>
   <div class='ocr_carea' id='block_1_50' title="bbox 2143 1013 3724 1088">
    <p class='ocr_par' dir='ltr' id='par_1_50' title="bbox 2143 1013 3724 1088">
     <span class='ocr_line' id='line_1_50' title="bbox 2143 1013 3724 1088; baseline 0.001 -18"><span class='ocrx_word' id='word_1_358' title='bbox 2143 1032 2259 1071; x_wconf 86' lang='lat' dir='ltr'><strong>rum</strong></span> <span class='ocrx_word' id='word_1_359' title='bbox 2289 1013 2340 1071; x_wconf 86' lang='lat' dir='ltr'><strong>in</strong></span> <span class='ocrx_word' id='word_1_360' title='bbox 2372 1017 2596 1071; x_wconf 90' lang='lat' dir='ltr'><strong>basilica</strong></span> <span class='ocrx_word' id='word_1_361' title='bbox 2636 1015 2694 1071; x_wconf 92' lang='lat' dir='ltr'><strong>S.</strong></span> <span class='ocrx_word' id='word_1_362' title='bbox 2739 1015 2910 1071; x_wconf 91' lang='lat' dir='ltr'><strong>Petri.</strong></span> <span class='ocrx_word' id='word_1_363' title='bbox 2949 1013 3060 1070; x_wconf 91' lang='lat' dir='ltr'><strong>Leo</strong></span> <span class='ocrx_word' id='word_1_364' title='bbox 3081 1030 3201 1088; x_wconf 83' lang='lat' dir='ltr'><strong>cum</strong></span> <span class='ocrx_word' id='word_1_365' title='bbox 3229 1029 3426 1084; x_wconf 80' lang='lat' dir='ltr'><strong>magno</strong></span> <span class='ocrx_word' id='word_1_366' title='bbox 3449 1013 3724 1088; x_wconf 78' lang='lat' dir='ltr'><strong>episcopo-</strong></span> 
     </span>
    </p>
   </div>
   <div class='ocr_carea' id='block_1_51' title="bbox 2143 1086 3725 1156">
    <p class='ocr_par' dir='ltr' id='par_1_51' title="bbox 2143 1086 3725 1156">
     <span class='ocr_line' id='line_1_51' title="bbox 2143 1086 3725 1156; baseline 0.003 -16"><span class='ocrx_word' id='word_1_367' title='bbox 2143 1104 2261 1141; x_wconf 90' lang='lat' dir='ltr'><strong>rum</strong></span> <span class='ocrx_word' id='word_1_368' title='bbox 2333 1102 2558 1142; x_wconf 90' lang='lat' dir='ltr'><strong>numero</strong></span> <span class='ocrx_word' id='word_1_369' title='bbox 2617 1089 2998 1156; x_wconf 82' lang='lat' dir='ltr'><strong>imperatorem</strong></span> <span class='ocrx_word' id='word_1_370' title='bbox 3064 1086 3228 1150; x_wconf 91' lang='lat' dir='ltr'><strong>adiit,</strong></span> <span class='ocrx_word' id='word_1_371' title='bbox 3289 1089 3360 1140; x_wconf 90' lang='lat' dir='ltr'><strong>de</strong></span> <span class='ocrx_word' id='word_1_372' title='bbox 3424 1086 3725 1144; x_wconf 83' lang='lat' dir='ltr'><strong>miserando</strong></span> 
     </span>
    </p>
   </div>
   <div class='ocr_carea' id='block_1_52' title="bbox 2143 1158 3722 1226">
    <p class='ocr_par' dir='ltr' id='par_1_52' title="bbox 2143 1158 3722 1226">
     <span class='ocr_line' id='line_1_52' title="bbox 2143 1158 3722 1226; baseline 0.002 -14"><span class='ocrx_word' id='word_1_373' title='bbox 2143 1158 2398 1214; x_wconf 70' lang='lat' dir='ltr'><strong>Ecclesia:</strong></span> <span class='ocrx_word' id='word_1_374' title='bbox 2419 1167 2560 1212; x_wconf 89' lang='lat' dir='ltr'><strong>statu</strong></span> <span class='ocrx_word' id='word_1_375' title='bbox 2594 1160 2819 1226; x_wconf 89' lang='lat' dir='ltr'><strong>plurima</strong></span> <span class='ocrx_word' id='word_1_376' title='bbox 2853 1158 3085 1224; x_wconf 89' lang='lat' dir='ltr'><strong>locutus,</strong></span> <span class='ocrx_word' id='word_1_377' title='bbox 3117 1173 3236 1220; x_wconf 79' lang='lat' dir='ltr'><strong>quae</strong></span> <span class='ocrx_word' id='word_1_378' title='bbox 3263 1158 3402 1210; x_wconf 84' lang='lat' dir='ltr'><strong>mala</strong></span> <span class='ocrx_word' id='word_1_379' title='bbox 3429 1159 3722 1214; x_wconf 87' lang='lat' dir='ltr'><strong>monachus</strong></span> 
     </span>
    </p>
   </div>
   <div class='ocr_carea' id='block_1_53' title="bbox 2142 1227 3722 1296">
    <p class='ocr_par' dir='ltr' id='par_1_53' title="bbox 2142 1227 3722 1296">
     <span class='ocr_line' id='line_1_53' title="bbox 2142 1227 3722 1296; baseline 0.001 -13"><span class='ocrx_word' id='word_1_380' title='bbox 2142 1239 2196 1283; x_wconf 91' lang='lat' dir='ltr'><strong>et</strong></span> <span class='ocrx_word' id='word_1_381' title='bbox 2222 1230 2392 1295; x_wconf 82' lang='lat' dir='ltr'><strong>Spado</strong></span> <span class='ocrx_word' id='word_1_382' title='bbox 2423 1230 2680 1284; x_wconf 83' lang='lat' dir='ltr'><strong>Ecclesiae</strong></span> <span class='ocrx_word' id='word_1_383' title='bbox 2704 1228 3030 1290; x_wconf 88' lang='lat' dir='ltr'><strong>intulerant;</strong></span> <span class='ocrx_word' id='word_1_384' title='bbox 3059 1228 3253 1296; x_wconf 89' lang='lat' dir='ltr'><strong>quibus</strong></span> <span class='ocrx_word' id='word_1_385' title='bbox 3281 1227 3490 1296; x_wconf 87' lang='lat' dir='ltr'><strong>injuriis</strong></span> <span class='ocrx_word' id='word_1_386' title='bbox 3511 1230 3722 1286; x_wconf 81' lang='lat' dir='ltr'><strong>obnoxii</strong></span> 
     </span>
    </p>
   </div>
   <div class='ocr_carea' id='block_1_54' title="bbox 2141 1298 3725 1368">
    <p class='ocr_par' dir='ltr' id='par_1_54' title="bbox 2141 1298 3725 1368">
     <span class='ocr_line' id='line_1_54' title="bbox 2141 1298 3725 1368; baseline 0.002 -14"><span class='ocrx_word' id='word_1_387' title='bbox 2141 1300 2457 1355; x_wconf 91' lang='lat' dir='ltr'><strong>defensores</strong></span> <span class='ocrx_word' id='word_1_388' title='bbox 2484 1300 2629 1363; x_wconf 87' lang='lat' dir='ltr'><strong>fidei,</strong></span> <span class='ocrx_word' id='word_1_389' title='bbox 2659 1307 2718 1353; x_wconf 89' lang='lat' dir='ltr'><strong>ut</strong></span> <span class='ocrx_word' id='word_1_390' title='bbox 2742 1299 2921 1352; x_wconf 87' lang='lat' dir='ltr'><strong>omnia</strong></span> <span class='ocrx_word' id='word_1_391' title='bbox 2968 1314 3061 1368; x_wconf 92' lang='lat' dir='ltr'><strong>per</strong></span> <span class='ocrx_word' id='word_1_392' title='bbox 3086 1298 3193 1352; x_wconf 90' lang='lat' dir='ltr'><strong>vim</strong></span> <span class='ocrx_word' id='word_1_393' title='bbox 3235 1308 3354 1352; x_wconf 87' lang='lat' dir='ltr'><strong>aeta</strong></span> <span class='ocrx_word' id='word_1_394' title='bbox 3403 1299 3626 1367; x_wconf 79' lang='lat' dir='ltr'><strong>Ephesi,</strong></span> <span class='ocrx_word' id='word_1_395' title='bbox 3674 1312 3725 1357; x_wconf 91' lang='lat' dir='ltr'><strong>ut</strong></span> 
     </span>
    </p>
   </div>
   <div class='ocr_carea' id='block_1_55' title="bbox 2141 1369 3723 1440">
    <p class='ocr_par' dir='ltr' id='par_1_55' title="bbox 2141 1369 3723 1440">
     <span class='ocr_line' id='line_1_55' title="bbox 2141 1369 3723 1440; baseline 0.002 -17"><span class='ocrx_word' id='word_1_396' title='bbox 2141 1381 2367 1425; x_wconf 75' lang='lat' dir='ltr'><strong>extorta:</strong></span> <span class='ocrx_word' id='word_1_397' title='bbox 2393 1370 2782 1440; x_wconf 88' lang='lat' dir='ltr'><strong>suscriptiones</strong></span> <span class='ocrx_word' id='word_1_398' title='bbox 2809 1369 3334 1439; x_wconf 87' lang='lat' dir='ltr'><strong>proscriptionesque</strong></span> <span class='ocrx_word' id='word_1_399' title='bbox 3354 1370 3723 1440; x_wconf 88' lang='lat' dir='ltr'><strong>episcoporum</strong></span> 
     </span>
    </p>
   </div>
   <div class='ocr_carea' id='block_1_56' title="bbox 2143 1440 3721 1511">
    <p class='ocr_par' dir='ltr' id='par_1_56' title="bbox 2143 1440 3721 1511">
     <span class='ocr_line' id='line_1_56' title="bbox 2143 1440 3721 1511; baseline 0 -17"><span class='ocrx_word' id='word_1_400' title='bbox 2143 1441 2289 1511; x_wconf 65' lang='lat' dir='ltr'><strong>latae,</strong></span> <span class='ocrx_word' id='word_1_401' title='bbox 2320 1449 2376 1496; x_wconf 89' lang='lat' dir='ltr'><strong>et</strong></span> <span class='ocrx_word' id='word_1_402' title='bbox 2402 1441 2582 1509; x_wconf 85' lang='lat' dir='ltr'><strong>impiis</strong></span> <span class='ocrx_word' id='word_1_403' title='bbox 2612 1440 2905 1496; x_wconf 88' lang='lat' dir='ltr'><strong>satellitum</strong></span> <span class='ocrx_word' id='word_1_404' title='bbox 2937 1441 3186 1494; x_wconf 89' lang='lat' dir='ltr'><strong>manibus</strong></span> <span class='ocrx_word' id='word_1_405' title='bbox 3216 1441 3474 1494; x_wconf 84' lang='lat' dir='ltr'><strong>incestata</strong></span> <span class='ocrx_word' id='word_1_406' title='bbox 3517 1442 3721 1511; x_wconf 73' lang='lat' dir='ltr'><strong>religio.</strong></span> 
     </span>
    </p>
   </div>
   <div class='ocr_carea' id='block_1_57' title="bbox 2144 1510 3724 1577">
    <p class='ocr_par' dir='ltr' id='par_1_57' title="bbox 2144 1510 3724 1577">
     <span class='ocr_line' id='line_1_57' title="bbox 2144 1510 3724 1577; baseline 0.001 -10"><span class='ocrx_word' id='word_1_407' title='bbox 2144 1510 2316 1577; x_wconf 87' lang='lat' dir='ltr'><strong>Super</strong></span> <span class='ocrx_word' id='word_1_408' title='bbox 2343 1514 2455 1566; x_wconf 82' lang='lat' dir='ltr'><strong>haec</strong></span> <span class='ocrx_word' id='word_1_409' title='bbox 2487 1512 2646 1567; x_wconf 89' lang='lat' dir='ltr'><strong>fidem</strong></span> <span class='ocrx_word' id='word_1_410' title='bbox 2692 1512 2860 1564; x_wconf 89' lang='lat' dir='ltr'><strong>sancti</strong></span> <span class='ocrx_word' id='word_1_411' title='bbox 2893 1511 3036 1565; x_wconf 88' lang='lat' dir='ltr'><strong>Petri</strong></span> <span class='ocrx_word' id='word_1_412' title='bbox 3090 1511 3407 1573; x_wconf 89' lang='lat' dir='ltr'><strong>obtestatur,</strong></span> <span class='ocrx_word' id='word_1_413' title='bbox 3451 1510 3724 1568; x_wconf 85' lang='lat' dir='ltr'><strong>obsecrat-</strong></span> 
     </span>
    </p>
   </div>
   <div class='ocr_carea' id='block_1_58' title="bbox 2144 1580 3725 1651">
    <p class='ocr_par' dir='ltr' id='par_1_58' title="bbox 2144 1580 3725 1651">
     <span class='ocr_line' id='line_1_58' title="bbox 2144 1580 3725 1651; baseline 0.004 -17"><span class='ocrx_word' id='word_1_414' title='bbox 2144 1598 2248 1651; x_wconf 91' lang='lat' dir='ltr'><strong>que</strong></span> <span class='ocrx_word' id='word_1_415' title='bbox 2281 1583 2710 1637; x_wconf 85' lang='lat' dir='ltr'><strong>Valentinianum</strong></span> <span class='ocrx_word' id='word_1_416' title='bbox 2753 1593 2807 1635; x_wconf 91' lang='lat' dir='ltr'><strong>et</strong></span> <span class='ocrx_word' id='word_1_417' title='bbox 2849 1580 3159 1645; x_wconf 84' lang='lat' dir='ltr'><strong>Placidiam,</strong></span> <span class='ocrx_word' id='word_1_418' title='bbox 3204 1590 3264 1635; x_wconf 91' lang='lat' dir='ltr'><strong>ut</strong></span> <span class='ocrx_word' id='word_1_419' title='bbox 3306 1583 3510 1636; x_wconf 89' lang='lat' dir='ltr'><strong>labenti</strong></span> <span class='ocrx_word' id='word_1_420' title='bbox 3549 1586 3725 1640; x_wconf 68' lang='lat' dir='ltr'><strong>liccle-</strong></span> 
     </span>
    </p>
   </div>
   <div class='ocr_carea' id='block_1_59' title="bbox 2145 1653 3725 1723">
    <p class='ocr_par' dir='ltr' id='par_1_59' title="bbox 2145 1653 3725 1723">
     <span class='ocr_line' id='line_1_59' title="bbox 2145 1653 3725 1723; baseline 0.003 -16"><span class='ocrx_word' id='word_1_421' title='bbox 2145 1653 2240 1707; x_wconf 79' lang='lat' dir='ltr'><strong>site</strong></span> <span class='ocrx_word' id='word_1_422' title='bbox 2267 1669 2422 1722; x_wconf 90' lang='lat' dir='ltr'><strong>opem</strong></span> <span class='ocrx_word' id='word_1_423' title='bbox 2453 1653 2643 1708; x_wconf 89' lang='lat' dir='ltr'><strong>ferant.</strong></span> <span class='ocrx_word' id='word_1_424' title='bbox 2688 1654 2812 1706; x_wconf 78' lang='lat' dir='ltr'><strong>Haec</strong></span> <span class='ocrx_word' id='word_1_425' title='bbox 2845 1669 3066 1723; x_wconf 71' lang='lat' dir='ltr'><strong>gemens</strong></span> <span class='ocrx_word' id='word_1_426' title='bbox 3109 1656 3452 1723; x_wconf 71' lang='lat' dir='ltr'><strong>ploratusque,</strong></span> <span class='ocrx_word' id='word_1_427' title='bbox 3504 1653 3644 1709; x_wconf 90' lang='lat' dir='ltr'><strong>adeo</strong></span> <span class='ocrx_word' id='word_1_428' title='bbox 3677 1667 3725 1711; x_wconf 89' lang='lat' dir='ltr'><strong>ut</strong></span> 
     </span>
    </p>
   </div>
   <div class='ocr_carea' id='block_1_60' title="bbox 2144 1722 3721 1794">
    <p class='ocr_par' dir='ltr' id='par_1_60' title="bbox 2144 1722 3721 1794">
     <span class='ocr_line' id='line_1_60' title="bbox 2144 1722 3721 1794; baseline 0.002 -16"><span class='ocrx_word' id='word_1_429' title='bbox 2144 1738 2210 1794; x_wconf 75' lang='lat' dir='ltr'><strong>ex</strong></span> <span class='ocrx_word' id='word_1_430' title='bbox 2243 1725 2590 1779; x_wconf 89' lang='lat' dir='ltr'><strong>miseratione</strong></span> <span class='ocrx_word' id='word_1_431' title='bbox 2616 1724 2866 1778; x_wconf 91' lang='lat' dir='ltr'><strong>omnibus</strong></span> <span class='ocrx_word' id='word_1_432' title='bbox 2893 1722 3052 1794; x_wconf 67' lang='grc'>477</span> <span class='ocrx_word' id='word_1_433' title='bbox 3083 1722 3424 1777; x_wconf 86' lang='lat' dir='ltr'><strong>obOrirentur</strong></span> <span class='ocrx_word' id='word_1_434' title='bbox 3455 1725 3721 1794; x_wconf 74' lang='lat' dir='ltr'><strong>lacrymze.</strong></span> 
     </span>
    </p>
   </div>
   <div class='ocr_carea' id='block_1_61' title="bbox 2141 1793 3723 1863">
    <p class='ocr_par' dir='ltr' id='par_1_61' title="bbox 2141 1793 3723 1863">
     <span class='ocr_line' id='line_1_61' title="bbox 2141 1793 3723 1863; baseline 0.003 -14"><span class='ocrx_word' id='word_1_435' title='bbox 2141 1793 2455 1850; x_wconf 89' lang='lat' dir='ltr'><strong>Commotus</strong></span> <span class='ocrx_word' id='word_1_436' title='bbox 2478 1798 2767 1863; x_wconf 90' lang='lat' dir='ltr'><strong>imperator</strong></span> <span class='ocrx_word' id='word_1_437' title='bbox 2795 1793 3134 1847; x_wconf 86' lang='lat' dir='ltr'><strong>sermonibus</strong></span> <span class='ocrx_word' id='word_1_438' title='bbox 3157 1794 3324 1848; x_wconf 68' lang='lat' dir='ltr'><strong>sancti</strong></span> <span class='ocrx_word' id='word_1_439' title='bbox 3353 1793 3647 1863; x_wconf 84' lang='lat' dir='ltr'><strong>pontificis,</strong></span> <span class='ocrx_word' id='word_1_440' title='bbox 3676 1807 3723 1853; x_wconf 89' lang='lat' dir='ltr'><strong>et</strong></span> 
     </span>
    </p>
   </div>
   <div class='ocr_carea' id='block_1_62' title="bbox 2143 1865 3722 1933">
    <p class='ocr_par' dir='ltr' id='par_1_62' title="bbox 2143 1865 3722 1933">
     <span class='ocr_line' id='line_1_62' title="bbox 2143 1865 3722 1933; baseline 0.004 -16"><span class='ocrx_word' id='word_1_441' title='bbox 2143 1869 2344 1933; x_wconf 90' lang='lat' dir='ltr'><strong>pariter</strong></span> <span class='ocrx_word' id='word_1_442' title='bbox 2375 1866 2606 1920; x_wconf 78' lang='lat' dir='ltr'><strong>Placidia</strong></span> <span class='ocrx_word' id='word_1_443' title='bbox 2639 1865 3009 1933; x_wconf 81' lang='lat' dir='ltr'><strong>Eudoxiaque,</strong></span> <span class='ocrx_word' id='word_1_444' title='bbox 3045 1865 3252 1918; x_wconf 84' lang='lat' dir='ltr'><strong>litteras</strong></span> <span class='ocrx_word' id='word_1_445' title='bbox 3274 1867 3339 1917; x_wconf 90' lang='lat' dir='ltr'><strong>ad</strong></span> <span class='ocrx_word' id='word_1_446' title='bbox 3367 1866 3722 1923; x_wconf 85' lang='lat' dir='ltr'><strong>Theodosium</strong></span> 
     </span>
    </p>
   </div>
   <div class='ocr_carea' id='block_1_63' title="bbox 2136 1934 3722 2006">
    <p class='ocr_par' dir='ltr' id='par_1_63' title="bbox 2136 1934 3722 2006">
     <span class='ocr_line' id='line_1_63' title="bbox 2136 1934 3722 2006; baseline 0.001 -16"><span class='ocrx_word' id='word_1_447' title='bbox 2136 1936 2399 2003; x_wconf 91' lang='lat' dir='ltr'><strong>scribunt,</strong></span> <span class='ocrx_word' id='word_1_448' title='bbox 2430 1945 2486 1992; x_wconf 91' lang='lat' dir='ltr'><strong>et</strong></span> <span class='ocrx_word' id='word_1_449' title='bbox 2513 1937 2743 1991; x_wconf 84' lang='lat' dir='ltr'><strong>Placidia</strong></span> <span class='ocrx_word' id='word_1_450' title='bbox 2773 1935 3019 2004; x_wconf 88' lang='lat' dir='ltr'><strong>privatim</strong></span> <span class='ocrx_word' id='word_1_451' title='bbox 3045 1934 3110 1990; x_wconf 86' lang='lat' dir='ltr'><strong>ad</strong></span> <span class='ocrx_word' id='word_1_452' title='bbox 3134 1935 3494 1990; x_wconf 88' lang='lat' dir='ltr'><strong>Pulcheriam.</strong></span> <span class='ocrx_word' id='word_1_453' title='bbox 3524 1938 3722 2006; x_wconf 73' lang='lat' dir='ltr'><strong>Rogant</strong></span> 
     </span>
    </p>
   </div>
   <div class='ocr_carea' id='block_1_64' title="bbox 2136 2006 3718 2079">
    <p class='ocr_par' dir='ltr' id='par_1_64' title="bbox 2136 2006 3718 2079">
     <span class='ocr_line' id='line_1_64' title="bbox 2136 2006 3718 2079; baseline 0.001 -19"><span class='ocrx_word' id='word_1_454' title='bbox 2136 2009 2431 2074; x_wconf 75' lang='lat' dir='ltr'><strong>Augustum</strong></span> <span class='ocrx_word' id='word_1_455' title='bbox 2470 2018 2528 2061; x_wconf 93' lang='lat' dir='ltr'><strong>ut</strong></span> <span class='ocrx_word' id='word_1_456' title='bbox 2554 2024 2660 2079; x_wconf 88' lang='lat' dir='ltr'><strong>non</strong></span> <span class='ocrx_word' id='word_1_457' title='bbox 2693 2009 2832 2062; x_wconf 80' lang='lat' dir='ltr'><strong>sinat</strong></span> <span class='ocrx_word' id='word_1_458' title='bbox 2857 2021 2915 2060; x_wconf 89' lang='lat' dir='ltr'><strong>se</strong></span> <span class='ocrx_word' id='word_1_459' title='bbox 2945 2006 3114 2074; x_wconf 88' lang='lat' dir='ltr'><strong>decipi</strong></span> <span class='ocrx_word' id='word_1_460' title='bbox 3143 2010 3401 2079; x_wconf 86' lang='lat' dir='ltr'><strong>pravitate</strong></span> <span class='ocrx_word' id='word_1_461' title='bbox 3435 2007 3718 2079; x_wconf 78' lang='lat' dir='ltr'><strong>Eutychis;</strong></span> 
     </span>
    </p>
   </div>
   <div class='ocr_carea' id='block_1_65' title="bbox 2135 2077 3717 2147">
    <p class='ocr_par' dir='ltr' id='par_1_65' title="bbox 2135 2077 3717 2147">
     <span class='ocr_line' id='line_1_65' title="bbox 2135 2077 3717 2147; baseline 0.002 -15"><span class='ocrx_word' id='word_1_462' title='bbox 2135 2089 2324 2133; x_wconf 82' lang='lat' dir='ltr'><strong>caveat</strong></span> <span class='ocrx_word' id='word_1_463' title='bbox 2372 2095 2437 2132; x_wconf 90' lang='lat' dir='ltr'><strong>ne</strong></span> <span class='ocrx_word' id='word_1_464' title='bbox 2480 2079 2581 2134; x_wconf 87' lang='lat' dir='ltr'><strong>sub</strong></span> <span class='ocrx_word' id='word_1_465' title='bbox 2617 2078 2731 2147; x_wconf 87' lang='lat' dir='ltr'><strong>ejus</strong></span> <span class='ocrx_word' id='word_1_466' title='bbox 2775 2079 3093 2132; x_wconf 86' lang='lat' dir='ltr'><strong>auctoritate</strong></span> <span class='ocrx_word' id='word_1_467' title='bbox 3150 2077 3441 2132; x_wconf 89' lang='lat' dir='ltr'><strong>invalescat</strong></span> <span class='ocrx_word' id='word_1_468' title='bbox 3483 2077 3717 2135; x_wconf 66' lang='lat' dir='ltr'><strong>han-esis.</strong></span> 
     </span>
    </p>
   </div>
   <div class='ocr_carea' id='block_1_66' title="bbox 2135 2147 3720 2219">
    <p class='ocr_par' dir='ltr' id='par_1_66' title="bbox 2135 2147 3720 2219">
     <span class='ocr_line' id='line_1_66' title="bbox 2135 2147 3720 2219; baseline 0.001 -15"><span class='ocrx_word' id='word_1_469' title='bbox 2135 2147 2305 2204; x_wconf 87' lang='lat' dir='ltr'><strong>Orant</strong></span> <span class='ocrx_word' id='word_1_470' title='bbox 2343 2151 2505 2203; x_wconf 78' lang='lat' dir='ltr'><strong>enixe</strong></span> <span class='ocrx_word' id='word_1_471' title='bbox 2543 2158 2600 2204; x_wconf 92' lang='lat' dir='ltr'><strong>ut</strong></span> <span class='ocrx_word' id='word_1_472' title='bbox 2635 2147 2906 2219; x_wconf 87' lang='lat' dir='ltr'><strong>communi</strong></span> <span class='ocrx_word' id='word_1_473' title='bbox 2937 2163 3201 2202; x_wconf 91' lang='lat' dir='ltr'><strong>consensu</strong></span> <span class='ocrx_word' id='word_1_474' title='bbox 3241 2150 3480 2219; x_wconf 88' lang='lat' dir='ltr'><strong>synodus</strong></span> <span class='ocrx_word' id='word_1_475' title='bbox 3513 2151 3720 2206; x_wconf 79' lang='lat' dir='ltr'><strong>univer-</strong></span> 
     </span>
    </p>
   </div>
   <div class='ocr_carea' id='block_1_67' title="bbox 2134 2218 3715 2288">
    <p class='ocr_par' dir='ltr' id='par_1_67' title="bbox 2134 2218 3715 2288">
     <span class='ocr_line' id='line_1_67' title="bbox 2134 2218 3715 2288; baseline 0.003 -15"><span class='ocrx_word' id='word_1_476' title='bbox 2134 2221 2262 2274; x_wconf 83' lang='lat' dir='ltr'><strong>salis</strong></span> <span class='ocrx_word' id='word_1_477' title='bbox 2309 2221 2569 2275; x_wconf 89' lang='lat' dir='ltr'><strong>habeatur</strong></span> <span class='ocrx_word' id='word_1_478' title='bbox 2597 2219 2648 2274; x_wconf 90' lang='lat' dir='ltr'><strong>in</strong></span> <span class='ocrx_word' id='word_1_479' title='bbox 2695 2218 2878 2285; x_wconf 85' lang='lat' dir='ltr'><strong>Italia,</strong></span> <span class='ocrx_word' id='word_1_480' title='bbox 2923 2220 3010 2274; x_wconf 92' lang='lat' dir='ltr'><strong>ubi</strong></span> <span class='ocrx_word' id='word_1_481' title='bbox 3055 2234 3187 2273; x_wconf 89' lang='lat' dir='ltr'><strong>nova</strong></span> <span class='ocrx_word' id='word_1_482' title='bbox 3230 2218 3591 2288; x_wconf 84' lang='lat' dir='ltr'><strong>perversaque</strong></span> <span class='ocrx_word' id='word_1_483' title='bbox 3622 2221 3715 2276; x_wconf 87' lang='lat' dir='ltr'><strong>do-</strong></span> 
     </span>
    </p>
   </div>
   <div class='ocr_carea' id='block_1_68' title="bbox 2133 2289 3714 2347">
    <p class='ocr_par' dir='ltr' id='par_1_68' title="bbox 2133 2289 3714 2347">
     <span class='ocr_line' id='line_1_68' title="bbox 2133 2289 3714 2347; baseline 0.003 -5"><span class='ocrx_word' id='word_1_484' title='bbox 2133 2291 2306 2345; x_wconf 87' lang='lat' dir='ltr'><strong>ctrina</strong></span> <span class='ocrx_word' id='word_1_485' title='bbox 2352 2290 2417 2346; x_wconf 90' lang='lat' dir='ltr'><strong>ad</strong></span> <span class='ocrx_word' id='word_1_486' title='bbox 2470 2305 2697 2346; x_wconf 82' lang='lat' dir='ltr'><strong>examen</strong></span> <span class='ocrx_word' id='word_1_487' title='bbox 2746 2300 3046 2344; x_wconf 79' lang='lat' dir='ltr'><strong>revocetur.</strong></span> <span class='ocrx_word' id='word_1_488' title='bbox 3110 2289 3449 2345; x_wconf 88' lang='lat' dir='ltr'><strong>Theodosius</strong></span> <span class='ocrx_word' id='word_1_489' title='bbox 3499 2292 3624 2347; x_wconf 92' lang='lat' dir='ltr'><strong>odio</strong></span> <span class='ocrx_word' id='word_1_490' title='bbox 3671 2294 3714 2347; x_wconf 87' lang='lat' dir='ltr'><strong>itt</strong></span> 
     </span>
    </p>
   </div>
   <div class='ocr_carea' id='block_1_69' title="bbox 2133 2360 3714 2428">
    <p class='ocr_par' dir='ltr' id='par_1_69' title="bbox 2133 2360 3714 2428">
     <span class='ocr_line' id='line_1_69' title="bbox 2133 2360 3714 2428; baseline 0.001 -12"><span class='ocrx_word' id='word_1_491' title='bbox 2133 2360 2446 2416; x_wconf 73' lang='lat' dir='ltr'><strong>Flavianum</strong></span> <span class='ocrx_word' id='word_1_492' title='bbox 2495 2372 2549 2416; x_wconf 89' lang='lat' dir='ltr'><strong>et</strong></span> <span class='ocrx_word' id='word_1_493' title='bbox 2595 2363 2826 2416; x_wconf 87' lang='lat' dir='ltr'><strong>susurris</strong></span> <span class='ocrx_word' id='word_1_494' title='bbox 2875 2361 3248 2416; x_wconf 81' lang='lat' dir='ltr'><strong>haereticontm</strong></span> <span class='ocrx_word' id='word_1_495' title='bbox 3297 2361 3576 2428; x_wconf 89' lang='lat' dir='ltr'><strong>deceptus,</strong></span> <span class='ocrx_word' id='word_1_496' title='bbox 3638 2380 3714 2418; x_wconf 88' lang='lat' dir='ltr'><strong>re-</strong></span> 
     </span>
    </p>
   </div>
   <div class='ocr_carea' id='block_1_70' title="bbox 2133 2432 3717 2502">
    <p class='ocr_par' dir='ltr' id='par_1_70' title="bbox 2133 2432 3717 2502">
     <span class='ocr_line' id='line_1_70' title="bbox 2133 2432 3717 2502; baseline 0.003 -17"><span class='ocrx_word' id='word_1_497' title='bbox 2133 2432 2361 2500; x_wconf 89' lang='lat' dir='ltr'><strong>spondet</strong></span> <span class='ocrx_word' id='word_1_498' title='bbox 2393 2447 2499 2486; x_wconf 91' lang='lat' dir='ltr'><strong>non</strong></span> <span class='ocrx_word' id='word_1_499' title='bbox 2534 2445 2800 2501; x_wconf 87' lang='lat' dir='ltr'><strong>tamquam</strong></span> <span class='ocrx_word' id='word_1_500' title='bbox 2843 2447 3104 2494; x_wconf 82' lang='lat' dir='ltr'><strong>errorem,</strong></span> <span class='ocrx_word' id='word_1_501' title='bbox 3135 2432 3229 2486; x_wconf 90' lang='lat' dir='ltr'><strong>sed</strong></span> <span class='ocrx_word' id='word_1_502' title='bbox 3259 2434 3407 2502; x_wconf 81' lang='lat' dir='ltr'><strong>quasi</strong></span> <span class='ocrx_word' id='word_1_503' title='bbox 3440 2433 3596 2486; x_wconf 87' lang='lat' dir='ltr'><strong>lident</strong></span> <span class='ocrx_word' id='word_1_504' title='bbox 3630 2434 3717 2489; x_wconf 84' lang='lat' dir='ltr'><strong>de-</strong></span> 
     </span>
    </p>
   </div>
   <div class='ocr_carea' id='block_1_71' title="bbox 2132 2502 3712 2572">
    <p class='ocr_par' dir='ltr' id='par_1_71' title="bbox 2132 2502 3712 2572">
     <span class='ocr_line' id='line_1_71' title="bbox 2132 2502 3712 2572; baseline 0.003 -17"><span class='ocrx_word' id='word_1_505' title='bbox 2132 2503 2335 2568; x_wconf 87' lang='lat' dir='ltr'><strong>fendat,</strong></span> <span class='ocrx_word' id='word_1_506' title='bbox 2357 2518 2415 2558; x_wconf 90' lang='lat' dir='ltr'><strong>se</strong></span> <span class='ocrx_word' id='word_1_507' title='bbox 2437 2502 2964 2558; x_wconf 88' lang='lat' dir='ltr'><strong>observantissimum</strong></span> <span class='ocrx_word' id='word_1_508' title='bbox 2989 2503 3142 2556; x_wconf 73' lang='lat' dir='ltr'><strong>avitae</strong></span> <span class='ocrx_word' id='word_1_509' title='bbox 3161 2503 3454 2572; x_wconf 68' lang='lat' dir='ltr'><strong>religionis,</strong></span> <span class='ocrx_word' id='word_1_510' title='bbox 3475 2520 3534 2558; x_wconf 87' lang='lat' dir='ltr'><strong>se</strong></span> <span class='ocrx_word' id='word_1_511' title='bbox 3561 2505 3712 2560; x_wconf 87' lang='lat' dir='ltr'><strong>fidem</strong></span> 
     </span>
    </p>
   </div>
   <div class='ocr_carea' id='block_1_72' title="bbox 2135 2573 3712 2642">
    <p class='ocr_par' dir='ltr' id='par_1_72' title="bbox 2135 2573 3712 2642">
     <span class='ocr_line' id='line_1_72' title="bbox 2135 2573 3712 2642; baseline -0.001 -16"><span class='ocrx_word' id='word_1_512' title='bbox 2135 2573 2390 2628; x_wconf 83' lang='lat' dir='ltr'><strong>Ecclesiae</strong></span> <span class='ocrx_word' id='word_1_513' title='bbox 2420 2585 2473 2626; x_wconf 88' lang='lat' dir='ltr'><strong>et</strong></span> <span class='ocrx_word' id='word_1_514' title='bbox 2502 2573 2766 2642; x_wconf 85' lang='lat' dir='ltr'><strong>majorum</strong></span> <span class='ocrx_word' id='word_1_515' title='bbox 2800 2573 3112 2629; x_wconf 85' lang='lat' dir='ltr'><strong>traditiones</strong></span> <span class='ocrx_word' id='word_1_516' title='bbox 3146 2574 3287 2628; x_wconf 87' lang='lat' dir='ltr'><strong>sicut</strong></span> <span class='ocrx_word' id='word_1_517' title='bbox 3312 2589 3524 2630; x_wconf 90' lang='lat' dir='ltr'><strong>sacrum</strong></span> <span class='ocrx_word' id='word_1_518' title='bbox 3557 2577 3712 2642; x_wconf 79' lang='lat' dir='ltr'><strong>(lepo-</strong></span> 
     </span>
    </p>
   </div>
   <div class='ocr_carea' id='block_1_73' title="bbox 2132 2644 3710 2715">
    <p class='ocr_par' dir='ltr' id='par_1_73' title="bbox 2132 2644 3710 2715">
     <span class='ocr_line' id='line_1_73' title="bbox 2132 2644 3710 2715; baseline 0.002 -18"><span class='ocrx_word' id='word_1_519' title='bbox 2132 2644 2292 2698; x_wconf 86' lang='lat' dir='ltr'><strong>situm</strong></span> <span class='ocrx_word' id='word_1_520' title='bbox 2340 2645 2657 2709; x_wconf 86' lang='lat' dir='ltr'><strong>custodire;</strong></span> <span class='ocrx_word' id='word_1_521' title='bbox 2698 2644 2767 2698; x_wconf 92' lang='lat' dir='ltr'><strong>ob</strong></span> <span class='ocrx_word' id='word_1_522' title='bbox 2810 2660 2927 2715; x_wconf 81' lang='lat' dir='ltr'><strong>eam</strong></span> <span class='ocrx_word' id='word_1_523' title='bbox 2979 2657 3193 2698; x_wconf 87' lang='lat' dir='ltr'><strong>causam</strong></span> <span class='ocrx_word' id='word_1_524' title='bbox 3238 2645 3479 2700; x_wconf 79' lang='lat' dir='ltr'><strong>habitum</strong></span> <span class='ocrx_word' id='word_1_525' title='bbox 3521 2646 3710 2715; x_wconf 85' lang='lat' dir='ltr'><strong>Ephesi</strong></span> 
     </span>
    </p>
   </div>
   <div class='ocr_carea' id='block_1_74' title="bbox 2132 2714 3711 2787">
    <p class='ocr_par' dir='ltr' id='par_1_74' title="bbox 2132 2714 3711 2787">
     <span class='ocr_line' id='line_1_74' title="bbox 2132 2714 3711 2787; baseline 0.001 -19"><span class='ocrx_word' id='word_1_526' title='bbox 2132 2716 2439 2787; x_wconf 80' lang='lat' dir='ltr'><strong>concilium,</strong></span> <span class='ocrx_word' id='word_1_527' title='bbox 2471 2715 2557 2769; x_wconf 92' lang='lat' dir='ltr'><strong>ubi</strong></span> <span class='ocrx_word' id='word_1_528' title='bbox 2588 2716 2756 2770; x_wconf 86' lang='lat' dir='ltr'><strong>libera</strong></span> <span class='ocrx_word' id='word_1_529' title='bbox 2786 2714 3061 2784; x_wconf 71' lang='lat' dir='ltr'><strong>suffragia,</strong></span> <span class='ocrx_word' id='word_1_530' title='bbox 3094 2716 3182 2768; x_wconf 88' lang='lat' dir='ltr'><strong>ubi</strong></span> <span class='ocrx_word' id='word_1_531' title='bbox 3224 2719 3403 2770; x_wconf 90' lang='lat' dir='ltr'><strong>omnia</strong></span> <span class='ocrx_word' id='word_1_532' title='bbox 3451 2731 3520 2772; x_wconf 78' lang='lat' dir='ltr'><strong>ex</strong></span> <span class='ocrx_word' id='word_1_533' title='bbox 3565 2714 3711 2787; x_wconf 60' lang='lat' dir='ltr'><strong>sequo</strong></span> 
     </span>
    </p>
   </div>
   <div class='ocr_carea' id='block_1_75' title="bbox 2133 2785 3712 2856">
    <p class='ocr_par' dir='ltr' id='par_1_75' title="bbox 2133 2785 3712 2856">
     <span class='ocr_line' id='line_1_75' title="bbox 2133 2785 3712 2856; baseline 0.004 -19"><span class='ocrx_word' id='word_1_534' title='bbox 2133 2785 2381 2855; x_wconf 90' lang='lat' dir='ltr'><strong>bonoque</strong></span> <span class='ocrx_word' id='word_1_535' title='bbox 2403 2786 2552 2854; x_wconf 83' lang='lat' dir='ltr'><strong>juxta</strong></span> <span class='ocrx_word' id='word_1_536' title='bbox 2580 2787 2842 2840; x_wconf 60' lang='lat' dir='ltr'><strong>aestimata</strong></span> <span class='ocrx_word' id='word_1_537' title='bbox 2866 2797 3009 2840; x_wconf 87' lang='lat' dir='ltr'><strong>sunt.</strong></span> <span class='ocrx_word' id='word_1_538' title='bbox 3039 2786 3234 2838; x_wconf 73' lang='lat' dir='ltr'><strong>Eadem</strong></span> <span class='ocrx_word' id='word_1_539' title='bbox 3259 2797 3484 2840; x_wconf 84' lang='lat' dir='ltr'><strong>teStatur</strong></span> <span class='ocrx_word' id='word_1_540' title='bbox 3513 2785 3712 2856; x_wconf 83' lang='lat' dir='ltr'><strong>plenius</strong></span> 
     </span>
    </p>
   </div>
   <div class='ocr_carea' id='block_1_76' title="bbox 2132 2856 3708 2928">
    <p class='ocr_par' dir='ltr' id='par_1_76' title="bbox 2132 2856 3708 2928">
     <span class='ocr_line' id='line_1_76' title="bbox 2132 2856 3708 2928; baseline 0.001 -18"><span class='ocrx_word' id='word_1_541' title='bbox 2132 2857 2185 2928; x_wconf 87' lang='lat' dir='ltr'><strong>in</strong></span> <span class='ocrx_word' id='word_1_542' title='bbox 2211 2857 2437 2924; x_wconf 87' lang='lat' dir='ltr'><strong>epistola</strong></span> <span class='ocrx_word' id='word_1_543' title='bbox 2464 2857 2530 2910; x_wconf 91' lang='lat' dir='ltr'><strong>ad</strong></span> <span class='ocrx_word' id='word_1_544' title='bbox 2571 2857 2804 2928; x_wconf 79' lang='lat' dir='ltr'><strong>Leonem</strong></span> <span class='ocrx_word' id='word_1_545' title='bbox 2849 2858 3044 2928; x_wconf 82' lang='lat' dir='ltr'><strong>scripta</strong></span> <span class='ocrx_word' id='word_1_546' title='bbox 3087 2871 3230 2912; x_wconf 79' lang='lat' dir='ltr'><strong>esse.</strong></span> <span class='ocrx_word' id='word_1_547' title='bbox 3285 2856 3584 2913; x_wconf 83' lang='lat' dir='ltr'><strong>lndicatum</strong></span> <span class='ocrx_word' id='word_1_548' title='bbox 3622 2867 3708 2928; x_wconf 84' lang='lat' dir='ltr'><strong>est,</strong></span> 
     </span>
    </p>
   </div>
   <div class='ocr_carea' id='block_1_77' title="bbox 2133 2925 3711 2997">
    <p class='ocr_par' dir='ltr' id='par_1_77' title="bbox 2133 2925 3711 2997">
     <span class='ocr_line' id='line_1_77' title="bbox 2133 2925 3711 2997; baseline 0 -17"><span class='ocrx_word' id='word_1_549' title='bbox 2133 2927 2326 2997; x_wconf 91' lang='lat' dir='ltr'><strong>inquit,</strong></span> <span class='ocrx_word' id='word_1_550' title='bbox 2353 2929 2418 2980; x_wconf 88' lang='lat' dir='ltr'><strong>ad</strong></span> <span class='ocrx_word' id='word_1_551' title='bbox 2449 2931 2680 2980; x_wconf 87' lang='lat' dir='ltr'><strong>eumdem</strong></span> <span class='ocrx_word' id='word_1_552' title='bbox 2718 2925 2941 2980; x_wconf 88' lang='lat' dir='ltr'><strong>Leonem</strong></span> <span class='ocrx_word' id='word_1_553' title='bbox 2971 2926 3124 2981; x_wconf 79' lang='lat' dir='ltr'><strong>latius</strong></span> <span class='ocrx_word' id='word_1_554' title='bbox 3153 2936 3304 2995; x_wconf 86' lang='lat' dir='ltr'><strong>atque</strong></span> <span class='ocrx_word' id='word_1_555' title='bbox 3343 2930 3564 2997; x_wconf 76' lang='lat' dir='ltr'><strong>plenius,</strong></span> <span class='ocrx_word' id='word_1_556' title='bbox 3592 2925 3711 2982; x_wconf 78' lang='lat' dir='ltr'><strong>sicut</strong></span> 
     </span>
    </p>
   </div>
   <div class='ocr_carea' id='block_1_78' title="bbox 2131 2997 3707 3054">
    <p class='ocr_par' dir='ltr' id='par_1_78' title="bbox 2131 2997 3707 3054">
     <span class='ocr_line' id='line_1_78' title="bbox 2131 2997 3707 3054; baseline 0.002 -4"><span class='ocrx_word' id='word_1_557' title='bbox 2131 2999 2460 3051; x_wconf 84' lang='lat' dir='ltr'><strong>arbitramur.</strong></span> <span class='ocrx_word' id='word_1_558' title='bbox 2486 2998 2560 3052; x_wconf 89' lang='lat' dir='ltr'><strong>lta</strong></span> <span class='ocrx_word' id='word_1_559' title='bbox 2581 2997 2915 3052; x_wconf 86' lang='lat' dir='ltr'><strong>Theodosius</strong></span> <span class='ocrx_word' id='word_1_560' title='bbox 2948 3014 3170 3052; x_wconf 84' lang='lat' dir='ltr'><strong>aversus</strong></span> <span class='ocrx_word' id='word_1_561' title='bbox 3214 2999 3282 3052; x_wconf 90' lang='lat' dir='ltr'><strong>ab</strong></span> <span class='ocrx_word' id='word_1_562' title='bbox 3326 2997 3568 3054; x_wconf 81' lang='lat' dir='ltr'><strong>Ecclesia</strong></span> <span class='ocrx_word' id='word_1_563' title='bbox 3613 3015 3707 3054; x_wconf 90' lang='lat' dir='ltr'><strong>non</strong></span> 
     </span>
    </p>
   </div>
   <div class='ocr_carea' id='block_1_79' title="bbox 2134 3069 3708 3138">
    <p class='ocr_par' dir='ltr' id='par_1_79' title="bbox 2134 3069 3708 3138">
     <span class='ocr_line' id='line_1_79' title="bbox 2134 3069 3708 3138; baseline 0.002 -17"><span class='ocrx_word' id='word_1_564' title='bbox 2134 3077 2238 3122; x_wconf 90' lang='lat' dir='ltr'><strong>tam</strong></span> <span class='ocrx_word' id='word_1_565' title='bbox 2269 3071 2486 3138; x_wconf 91' lang='lat' dir='ltr'><strong>proprio</strong></span> <span class='ocrx_word' id='word_1_566' title='bbox 2513 3085 2672 3136; x_wconf 89' lang='lat' dir='ltr'><strong>quam</strong></span> <span class='ocrx_word' id='word_1_567' title='bbox 2717 3069 2940 3121; x_wconf 90' lang='lat' dir='ltr'><strong>aliorum</strong></span> <span class='ocrx_word' id='word_1_568' title='bbox 2989 3070 3223 3138; x_wconf 83' lang='lat' dir='ltr'><strong>ingenio,</strong></span> <span class='ocrx_word' id='word_1_569' title='bbox 3271 3085 3390 3122; x_wconf 87' lang='lat' dir='ltr'><strong>nam</strong></span> <span class='ocrx_word' id='word_1_570' title='bbox 3443 3071 3708 3125; x_wconf 65' lang='lat' dir='ltr'><strong>haereticos</strong></span> 
     </span>
    </p>
   </div>
   <div class='ocr_carea' id='block_1_80' title="bbox 2135 3139 3704 3210">
    <p class='ocr_par' dir='ltr' id='par_1_80' title="bbox 2135 3139 3704 3210">
     <span class='ocr_line' id='line_1_80' title="bbox 2135 3139 3704 3210; baseline 0.001 -19"><span class='ocrx_word' id='word_1_571' title='bbox 2135 3141 2308 3207; x_wconf 90' lang='lat' dir='ltr'><strong>potius</strong></span> <span class='ocrx_word' id='word_1_572' title='bbox 2339 3156 2496 3209; x_wconf 83' lang='lat' dir='ltr'><strong>quam</strong></span> <span class='ocrx_word' id='word_1_573' title='bbox 2525 3139 2774 3194; x_wconf 65' lang='lat' dir='ltr'><strong>hmresim</strong></span> <span class='ocrx_word' id='word_1_574' title='bbox 2808 3139 3041 3210; x_wconf 80' lang='lat' dir='ltr'><strong>fovebat.</strong></span> <span class='ocrx_word' id='word_1_575' title='bbox 3080 3139 3366 3193; x_wconf 85' lang='lat' dir='ltr'><strong>Dioscorus</strong></span> <span class='ocrx_word' id='word_1_576' title='bbox 3399 3157 3558 3210; x_wconf 88' lang='lat' dir='ltr'><strong>porro</strong></span> <span class='ocrx_word' id='word_1_577' title='bbox 3599 3157 3704 3194; x_wconf 83' lang='lat' dir='ltr'><strong>eer-</strong></span> 
     </span>
    </p>
   </div>
   <div class='ocr_carea' id='block_1_81' title="bbox 443 3202 3704 3280">
    <p class='ocr_par' dir='ltr' id='par_1_81' title="bbox 443 3202 3704 3280">
     <span class='ocr_line' id='line_1_81' title="bbox 443 3202 3704 3280; baseline 0.003 -23"><span class='ocrx_word' id='word_1_578' title='bbox 443 3205 756 3280; x_wconf 59' lang='lat' dir='ltr'><strong>Z&#39;Iteodosins</strong></span> <span class='ocrx_word' id='word_1_579' title='bbox 802 3228 902 3264; x_wconf 88' lang='lat' dir='ltr'><strong>non</strong></span> <span class='ocrx_word' id='word_1_580' title='bbox 942 3202 1065 3263; x_wconf 79' lang='lat' dir='ltr'><strong>ante</strong></span> <span class='ocrx_word' id='word_1_581' title='bbox 1107 3202 1568 3278; x_wconf 77' lang='lat' dir='ltr'><strong>Quadragesimam</strong></span> <span class='ocrx_word' id='word_1_582' title='bbox 1611 3220 1697 3261; x_wconf 87' lang='lat' dir='ltr'><strong>aut</strong></span> <span class='ocrx_word' id='word_1_583' title='bbox 1736 3210 1884 3262; x_wconf 81' lang='lat' dir='ltr'><strong>etiam</strong></span> <span class='ocrx_word' id='word_1_584' title='bbox 1912 3221 2029 3263; x_wconf 80' lang='lat' dir='ltr'><strong>ante</strong></span> <span class='ocrx_word' id='word_1_585' title='bbox 2055 3202 2100 3264; x_wconf 91' lang='lat' dir='ltr'><strong><em>C</em></strong></span> <span class='ocrx_word' id='word_1_586' title='bbox 2135 3202 2219 3263; x_wconf 82' lang='lat' dir='ltr'><strong>tus</strong></span> <span class='ocrx_word' id='word_1_587' title='bbox 2249 3202 2432 3280; x_wconf 76' lang='lat' dir='ltr'><strong>gratiae</strong></span> <span class='ocrx_word' id='word_1_588' title='bbox 2459 3211 2820 3279; x_wconf 82' lang='lat' dir='ltr'><strong>imperatoris,</strong></span> <span class='ocrx_word' id='word_1_589' title='bbox 2844 3221 2897 3264; x_wconf 93' lang='lat' dir='ltr'><strong>et</strong></span> <span class='ocrx_word' id='word_1_590' title='bbox 2925 3208 3075 3265; x_wconf 80' lang='lat' dir='ltr'><strong>ferox</strong></span> <span class='ocrx_word' id='word_1_591' title='bbox 3097 3225 3349 3265; x_wconf 87' lang='lat' dir='ltr'><strong>successu</strong></span> <span class='ocrx_word' id='word_1_592' title='bbox 3379 3202 3573 3276; x_wconf 77' lang='lat' dir='ltr'><strong>rerum,</strong></span> <span class='ocrx_word' id='word_1_593' title='bbox 3597 3227 3704 3266; x_wconf 79' lang='lat' dir='ltr'><strong>ma-</strong></span> 
     </span>
    </p>
   </div>
   <div class='ocr_carea' id='block_1_82' title="bbox 439 3277 791 3335">
    <p class='ocr_par' dir='ltr' id='par_1_82' title="bbox 439 3277 791 3335">
     <span class='ocr_line' id='line_1_82' title="bbox 439 3277 791 3335; baseline 0.009 -4"><span class='ocrx_word' id='word_1_594' title='bbox 439 3277 649 3335; x_wconf 83' lang='lat' dir='ltr'><strong>Pascha</strong></span> <span class='ocrx_word' id='word_1_595' title='bbox 688 3299 791 3334; x_wconf 87' lang='lat' dir='ltr'><strong>non</strong></span> 
     </span>
    </p>
   </div>
   <div class='ocr_carea' id='block_1_83' title="bbox 442 3349 2023 3416">
    <p class='ocr_par' dir='ltr' id='par_1_83' title="bbox 442 3349 2023 3416">
     <span class='ocr_line' id='line_1_83' title="bbox 442 3349 2023 3416; baseline 0.003 -16"><span class='ocrx_word' id='word_1_596' title='bbox 442 3349 547 3415; x_wconf 80' lang='lat' dir='ltr'><strong>cipi</strong></span> <span class='ocrx_word' id='word_1_597' title='bbox 585 3368 615 3403; x_wconf 92' lang='lat' dir='ltr'><strong>a</strong></span> <span class='ocrx_word' id='word_1_598' title='bbox 656 3351 718 3405; x_wconf 88' lang='lat' dir='ltr'><strong>S.</strong></span> <span class='ocrx_word' id='word_1_599' title='bbox 766 3351 979 3405; x_wconf 82' lang='lat' dir='ltr'><strong>Leone?</strong></span> <span class='ocrx_word' id='word_1_600' title='bbox 1020 3351 1132 3416; x_wconf 85' lang='lat' dir='ltr'><strong>Qua</strong></span> <span class='ocrx_word' id='word_1_601' title='bbox 1188 3351 1279 3402; x_wconf 90' lang='lat' dir='ltr'><strong>ille</strong></span> <span class='ocrx_word' id='word_1_602' title='bbox 1323 3350 1531 3403; x_wconf 88' lang='lat' dir='ltr'><strong>ratione</strong></span> <span class='ocrx_word' id='word_1_603' title='bbox 1577 3349 1641 3400; x_wconf 87' lang='lat' dir='ltr'><strong>de</strong></span> <span class='ocrx_word' id='word_1_604' title='bbox 1691 3362 1861 3403; x_wconf 90' lang='lat' dir='ltr'><strong>morte</strong></span> <span class='ocrx_word' id='word_1_605' title='bbox 1900 3351 2023 3404; x_wconf 84' lang='lat' dir='ltr'><strong>Fla-</strong></span> 
     </span>
    </p>
   </div>
   <div class='ocr_carea' id='block_1_84' title="bbox 441 3418 2023 3490">
    <p class='ocr_par' dir='ltr' id='par_1_84' title="bbox 441 3418 2023 3490">
     <span class='ocr_line' id='line_1_84' title="bbox 441 3418 2023 3490; baseline 0.002 -19"><span class='ocrx_word' id='word_1_606' title='bbox 441 3418 610 3484; x_wconf 88' lang='lat' dir='ltr'><strong>viani,</strong></span> <span class='ocrx_word' id='word_1_607' title='bbox 639 3421 826 3475; x_wconf 89' lang='lat' dir='ltr'><strong>eadem</strong></span> <span class='ocrx_word' id='word_1_608' title='bbox 857 3436 978 3490; x_wconf 78' lang='lat' dir='ltr'><strong>ego,</strong></span> <span class='ocrx_word' id='word_1_609' title='bbox 1008 3421 1166 3488; x_wconf 77' lang='lat' dir='ltr'><strong>longe</strong></span> <span class='ocrx_word' id='word_1_610' title='bbox 1195 3418 1551 3490; x_wconf 80' lang='lat' dir='ltr'><strong>potiorijurc,</strong></span> <span class='ocrx_word' id='word_1_611' title='bbox 1576 3419 1644 3472; x_wconf 91' lang='lat' dir='ltr'><strong>de</strong></span> <span class='ocrx_word' id='word_1_612' title='bbox 1667 3423 1852 3474; x_wconf 90' lang='lat' dir='ltr'><strong>nuntio</strong></span> <span class='ocrx_word' id='word_1_613' title='bbox 1882 3436 2023 3474; x_wconf 90' lang='lat' dir='ltr'><strong>mor-</strong></span> 
     </span>
    </p>
   </div>
   <div class='ocr_carea' id='block_1_85' title="bbox 443 3488 2019 3560">
    <p class='ocr_par' dir='ltr' id='par_1_85' title="bbox 443 3488 2019 3560">
     <span class='ocr_line' id='line_1_85' title="bbox 443 3488 2019 3560; baseline 0.002 -19"><span class='ocrx_word' id='word_1_614' title='bbox 443 3490 514 3560; x_wconf 68' lang='lat' dir='ltr'><strong>tis</strong></span> <span class='ocrx_word' id='word_1_615' title='bbox 541 3505 763 3560; x_wconf 76' lang='lat' dir='ltr'><strong>arguere</strong></span> <span class='ocrx_word' id='word_1_616' title='bbox 793 3488 1026 3560; x_wconf 78' lang='lat' dir='ltr'><strong>possunt,</strong></span> <span class='ocrx_word' id='word_1_617' title='bbox 1060 3490 1343 3560; x_wconf 9' lang='lat' dir='ltr'><strong>parjenim</strong></span> <span class='ocrx_word' id='word_1_618' title='bbox 1372 3488 1440 3543; x_wconf 86' lang='lat' dir='ltr'><strong>de</strong></span> <span class='ocrx_word' id='word_1_619' title='bbox 1477 3502 1702 3556; x_wconf 88' lang='lat' dir='ltr'><strong>utroque</strong></span> <span class='ocrx_word' id='word_1_620' title='bbox 1749 3491 2019 3544; x_wconf 89' lang='lat' dir='ltr'><strong>silentium</strong></span> 
     </span>
    </p>
   </div>
   <div class='ocr_carea' id='block_1_86' title="bbox 442 3558 2022 3617">
    <p class='ocr_par' dir='ltr' id='par_1_86' title="bbox 442 3558 2022 3617">
     <span class='ocr_line' id='line_1_86' title="bbox 442 3558 2022 3617; baseline 0.001 -3"><span class='ocrx_word' id='word_1_621' title='bbox 442 3558 643 3616; x_wconf 81' lang='lat' dir='ltr'><strong>Leonis</strong></span> <span class='ocrx_word' id='word_1_622' title='bbox 691 3577 754 3617; x_wconf 89' lang='lat' dir='ltr'><strong>ac</strong></span> <span class='ocrx_word' id='word_1_623' title='bbox 793 3558 1106 3616; x_wconf 83' lang='lat' dir='ltr'><strong>Theodosii.</strong></span> <span class='ocrx_word' id='word_1_624' title='bbox 1153 3558 1416 3614; x_wconf 58' lang='lat' dir='ltr'><strong>Caeterum</strong></span> <span class='ocrx_word' id='word_1_625' title='bbox 1473 3559 1700 3614; x_wconf 83' lang='lat' dir='ltr'><strong>libenter</strong></span> <span class='ocrx_word' id='word_1_626' title='bbox 1742 3561 2022 3616; x_wconf 85' lang='lat' dir='ltr'><strong>subscribo</strong></span> 
     </span>
    </p>
   </div>
   <div class='ocr_carea' id='block_1_87' title="bbox 443 3629 2016 3700">
    <p class='ocr_par' dir='ltr' id='par_1_87' title="bbox 443 3629 2016 3700">
     <span class='ocr_line' id='line_1_87' title="bbox 443 3629 2016 3700; baseline -0.001 -16"><span class='ocrx_word' id='word_1_627' title='bbox 443 3630 684 3699; x_wconf 91' lang='lat' dir='ltr'><strong>opinioni</strong></span> <span class='ocrx_word' id='word_1_628' title='bbox 717 3634 813 3686; x_wconf 88' lang='lat' dir='ltr'><strong>viri</strong></span> <span class='ocrx_word' id='word_1_629' title='bbox 838 3631 1030 3686; x_wconf 82' lang='lat' dir='ltr'><strong>eruditi</strong></span> <span class='ocrx_word' id='word_1_630' title='bbox 1060 3631 1134 3699; x_wconf 93' lang='lat' dir='ltr'><strong>(b)</strong></span> <span class='ocrx_word' id='word_1_631' title='bbox 1160 3631 1229 3685; x_wconf 90' lang='lat' dir='ltr'><strong>de</strong></span> <span class='ocrx_word' id='word_1_632' title='bbox 1261 3631 1346 3684; x_wconf 90' lang='lat' dir='ltr'><strong>die</strong></span> <span class='ocrx_word' id='word_1_633' title='bbox 1375 3629 1564 3684; x_wconf 87' lang='lat' dir='ltr'><strong>mortis</strong></span> <span class='ocrx_word' id='word_1_634' title='bbox 1585 3631 1821 3700; x_wconf 77' lang='lat' dir='ltr'><strong>episcopi</strong></span> <span class='ocrx_word' id='word_1_635' title='bbox 1855 3633 2016 3698; x_wconf 91' lang='lat' dir='ltr'><strong>illius,</strong></span> 
     </span>
    </p>
   </div>
   <div class='ocr_carea' id='block_1_88' title="bbox 443 3701 2022 3772">
    <p class='ocr_par' dir='ltr' id='par_1_88' title="bbox 443 3701 2022 3772">
     <span class='ocr_line' id='line_1_88' title="bbox 443 3701 2022 3772; baseline 0.002 -18"><span class='ocrx_word' id='word_1_636' title='bbox 443 3717 550 3755; x_wconf 89' lang='lat' dir='ltr'><strong>non</strong></span> <span class='ocrx_word' id='word_1_637' title='bbox 594 3704 712 3771; x_wconf 91' lang='lat' dir='ltr'><strong>quia</strong></span> <span class='ocrx_word' id='word_1_638' title='bbox 738 3704 891 3772; x_wconf 87' lang='lat' dir='ltr'><strong>juvat</strong></span> <span class='ocrx_word' id='word_1_639' title='bbox 936 3703 1173 3756; x_wconf 89' lang='lat' dir='ltr'><strong>nonnihil</strong></span> <span class='ocrx_word' id='word_1_640' title='bbox 1205 3715 1374 3755; x_wconf 90' lang='lat' dir='ltr'><strong>meam</strong></span> <span class='ocrx_word' id='word_1_641' title='bbox 1403 3701 1468 3754; x_wconf 89' lang='lat' dir='ltr'><strong>de</strong></span> <span class='ocrx_word' id='word_1_642' title='bbox 1494 3701 1701 3772; x_wconf 84' lang='lat' dir='ltr'><strong>synodo</strong></span> <span class='ocrx_word' id='word_1_643' title='bbox 1725 3703 1865 3757; x_wconf 83' lang='lat' dir='ltr'><strong>Junii</strong></span> <span class='ocrx_word' id='word_1_644' title='bbox 1899 3719 2022 3757; x_wconf 87' lang='lat' dir='ltr'><strong>sen-</strong></span> 
     </span>
    </p>
   </div>
   <div class='ocr_carea' id='block_1_89' title="bbox 446 3773 2020 3842">
    <p class='ocr_par' dir='ltr' id='par_1_89' title="bbox 446 3773 2020 3842">
     <span class='ocr_line' id='line_1_89' title="bbox 446 3773 2020 3842; baseline 0.002 -17"><span class='ocrx_word' id='word_1_645' title='bbox 446 3775 706 3838; x_wconf 89' lang='lat' dir='ltr'><strong>tentiam;</strong></span> <span class='ocrx_word' id='word_1_646' title='bbox 749 3773 842 3828; x_wconf 84' lang='lat' dir='ltr'><strong>sed</strong></span> <span class='ocrx_word' id='word_1_647' title='bbox 889 3774 1012 3842; x_wconf 91' lang='lat' dir='ltr'><strong>quia</strong></span> <span class='ocrx_word' id='word_1_648' title='bbox 1050 3774 1267 3842; x_wconf 84' lang='lat' dir='ltr'><strong>juvatur</strong></span> <span class='ocrx_word' id='word_1_649' title='bbox 1304 3774 1624 3826; x_wconf 84' lang='lat' dir='ltr'><strong>auctoritate</strong></span> <span class='ocrx_word' id='word_1_650' title='bbox 1655 3773 1906 3826; x_wconf 80' lang='lat' dir='ltr'><strong>brevicult</strong></span> <span class='ocrx_word' id='word_1_651' title='bbox 1935 3774 2020 3828; x_wconf 76' lang='lat' dir='ltr'><strong>lli-</strong></span> 
     </span>
    </p>
   </div>
   <div class='ocr_carea' id='block_1_90' title="bbox 443 3842 2022 3915">
    <p class='ocr_par' dir='ltr' id='par_1_90' title="bbox 443 3842 2022 3915">
     <span class='ocr_line' id='line_1_90' title="bbox 443 3842 2022 3915; baseline 0.001 -19"><span class='ocrx_word' id='word_1_652' title='bbox 443 3845 626 3915; x_wconf 73' lang='lat' dir='ltr'><strong>storite</strong></span> <span class='ocrx_word' id='word_1_653' title='bbox 681 3842 1556 3915; x_wconf 29' lang='lat' dir='ltr'><strong>Entycbianistarum,Lillenologii</strong></span> <span class='ocrx_word' id='word_1_654' title='bbox 1606 3842 1938 3910; x_wconf 63' lang='lat' dir='ltr'><strong>Graecorum,</strong></span> <span class='ocrx_word' id='word_1_655' title='bbox 1969 3859 2022 3900; x_wconf 84' lang='lat' dir='ltr'><strong>et</strong></span> 
     </span>
    </p>
   </div>
   <div class='ocr_carea' id='block_1_91' title="bbox 442 3911 2019 3986">
    <p class='ocr_par' dir='ltr' id='par_1_91' title="bbox 442 3911 2019 3986">
     <span class='ocr_line' id='line_1_91' title="bbox 442 3911 2019 3986; baseline 0.002 -19"><span class='ocrx_word' id='word_1_656' title='bbox 442 3913 667 3986; x_wconf 73' lang='lat' dir='ltr'><strong>alterius</strong></span> <span class='ocrx_word' id='word_1_657' title='bbox 691 3911 831 3986; x_wconf 78' lang='lat' dir='ltr'><strong>quod</strong></span> <span class='ocrx_word' id='word_1_658' title='bbox 863 3925 945 3970; x_wconf 90' lang='lat' dir='ltr'><strong>est</strong></span> <span class='ocrx_word' id='word_1_659' title='bbox 988 3911 1521 3986; x_wconf 5' lang='lat' dir='ltr'><strong>MaximiFCytherazi&#39;,</strong></span> <span class='ocrx_word' id='word_1_660' title='bbox 1568 3922 1622 3969; x_wconf 89' lang='lat' dir='ltr'><strong>et</strong></span> <span class='ocrx_word' id='word_1_661' title='bbox 1667 3917 1802 3969; x_wconf 88' lang='lat' dir='ltr'><strong>tertii</strong></span> <span class='ocrx_word' id='word_1_662' title='bbox 1840 3931 1904 3969; x_wconf 82' lang='lat' dir='ltr'><strong>ex</strong></span> <span class='ocrx_word' id='word_1_663' title='bbox 1937 3918 2019 3970; x_wconf 90' lang='lat' dir='ltr'><strong>hi-</strong></span> 
     </span>
    </p>
   </div>
   <div class='ocr_carea' id='block_1_92' title="bbox 440 3982 2022 4054">
    <p class='ocr_par' dir='ltr' id='par_1_92' title="bbox 440 3982 2022 4054">
     <span class='ocr_line' id='line_1_92' title="bbox 440 3982 2022 4054; baseline 0.001 -15"><span class='ocrx_word' id='word_1_664' title='bbox 440 3982 1026 4041; x_wconf 54' lang='lat' dir='ltr'><strong>bliotheca&#39;eardinalis</strong></span> <span class='ocrx_word' id='word_1_665' title='bbox 1050 3985 1228 4043; x_wconf 89' lang='lat' dir='ltr'><strong>Sirleti</strong></span> <span class='ocrx_word' id='word_1_666' title='bbox 1251 3982 1553 4050; x_wconf 54' lang='lat' dir='ltr'><strong>{testantur</strong></span> <span class='ocrx_word' id='word_1_667' title='bbox 1578 3986 1718 4040; x_wconf 91' lang='lat' dir='ltr'><strong>enim</strong></span> <span class='ocrx_word' id='word_1_668' title='bbox 1751 3986 1866 4054; x_wconf 91' lang='lat' dir='ltr'><strong>pari</strong></span> <span class='ocrx_word' id='word_1_669' title='bbox 1893 4002 2022 4041; x_wconf 80' lang='lat' dir='ltr'><strong>con-</strong></span> 
     </span>
    </p>
   </div>
   <div class='ocr_carea' id='block_1_93' title="bbox 441 4056 2020 4127">
    <p class='ocr_par' dir='ltr' id='par_1_93' title="bbox 441 4056 2020 4127">
     <span class='ocr_line' id='line_1_93' title="bbox 441 4056 2020 4127; baseline 0.003 -18"><span class='ocrx_word' id='word_1_670' title='bbox 441 4071 606 4111; x_wconf 82' lang='lat' dir='ltr'><strong>sensu</strong></span> <span class='ocrx_word' id='word_1_671' title='bbox 635 4057 943 4112; x_wconf 87' lang='lat' dir='ltr'><strong>Flavianum</strong></span> <span class='ocrx_word' id='word_1_672' title='bbox 970 4067 1087 4126; x_wconf 88' lang='lat' dir='ltr'><strong>post</strong></span> <span class='ocrx_word' id='word_1_673' title='bbox 1109 4059 1305 4111; x_wconf 87' lang='lat' dir='ltr'><strong>multas</strong></span> <span class='ocrx_word' id='word_1_674' title='bbox 1325 4056 1647 4127; x_wconf 80' lang='lat' dir='ltr'><strong>alllictiones</strong></span> <span class='ocrx_word' id='word_1_675' title='bbox 1670 4071 1733 4111; x_wconf 87' lang='lat' dir='ltr'><strong>ac</strong></span> <span class='ocrx_word' id='word_1_676' title='bbox 1754 4073 2020 4114; x_wconf 66' lang='lat' dir='ltr'><strong>aerumnas</strong></span> 
     </span>
    </p>
   </div>
   <div class='ocr_carea' id='block_1_94' title="bbox 439 4127 2018 4196">
    <p class='ocr_par' dir='ltr' id='par_1_94' title="bbox 439 4127 2018 4196">
     <span class='ocr_line' id='line_1_94' title="bbox 439 4127 2018 4196; baseline 0.004 -18"><span class='ocrx_word' id='word_1_677' title='bbox 439 4127 605 4181; x_wconf 71' lang='lat' dir='ltr'><strong>vitam</strong></span> <span class='ocrx_word' id='word_1_678' title='bbox 637 4130 688 4181; x_wconf 92' lang='lat' dir='ltr'><strong>in</strong></span> <span class='ocrx_word' id='word_1_679' title='bbox 725 4130 916 4183; x_wconf 75' lang='lat' dir='ltr'><strong>exsilio</strong></span> <span class='ocrx_word' id='word_1_680' title='bbox 946 4128 1148 4182; x_wconf 73' lang='lat' dir='ltr'><strong>{iniisse</strong></span> <span class='ocrx_word' id='word_1_681' title='bbox 1183 4144 1194 4179; x_wconf 95' lang='lat'>:</span> <span class='ocrx_word' id='word_1_682' title='bbox 1229 4127 1368 4196; x_wconf 91' lang='lat' dir='ltr'><strong>quod</strong></span> <span class='ocrx_word' id='word_1_683' title='bbox 1414 4137 1732 4194; x_wconf 75' lang='lat' dir='ltr'><strong>argumento</strong></span> <span class='ocrx_word' id='word_1_684' title='bbox 1761 4137 1864 4194; x_wconf 89' lang='lat' dir='ltr'><strong>est,</strong></span> <span class='ocrx_word' id='word_1_685' title='bbox 1915 4145 2018 4184; x_wconf 91' lang='lat' dir='ltr'><strong>non</strong></span> 
     </span>
    </p>
   </div>
   <div class='ocr_carea' id='block_1_95' title="bbox 440 4197 2018 4269">
    <p class='ocr_par' dir='ltr' id='par_1_95' title="bbox 440 4197 2018 4269">
     <span class='ocr_line' id='line_1_95' title="bbox 440 4197 2018 4269; baseline 0.003 -19"><span class='ocrx_word' id='word_1_686' title='bbox 440 4197 544 4251; x_wconf 88' lang='lat' dir='ltr'><strong>nisi</strong></span> <span class='ocrx_word' id='word_1_687' title='bbox 575 4207 696 4268; x_wconf 89' lang='lat' dir='ltr'><strong>post</strong></span> <span class='ocrx_word' id='word_1_688' title='bbox 721 4200 898 4269; x_wconf 87' lang='lat' dir='ltr'><strong>plures</strong></span> <span class='ocrx_word' id='word_1_689' title='bbox 921 4215 1132 4254; x_wconf 87' lang='lat' dir='ltr'><strong>menses</strong></span> <span class='ocrx_word' id='word_1_690' title='bbox 1161 4199 1307 4252; x_wconf 90' lang='lat' dir='ltr'><strong>illum</strong></span> <span class='ocrx_word' id='word_1_691' title='bbox 1334 4201 1438 4252; x_wconf 92' lang='lat' dir='ltr'><strong>vita</strong></span> <span class='ocrx_word' id='word_1_692' title='bbox 1465 4199 1726 4253; x_wconf 87' lang='lat' dir='ltr'><strong>functum.</strong></span> <span class='ocrx_word' id='word_1_693' title='bbox 1747 4199 2018 4268; x_wconf 75' lang='lat' dir='ltr'><strong>Quidquid</strong></span> 
     </span>
    </p>
   </div>
   <div class='ocr_carea' id='block_1_96' title="bbox 439 4270 2020 4340">
    <p class='ocr_par' dir='ltr' id='par_1_96' title="bbox 439 4270 2020 4340">
     <span class='ocr_line' id='line_1_96' title="bbox 439 4270 2020 4340; baseline 0.003 -19"><span class='ocrx_word' id='word_1_694' title='bbox 439 4282 604 4337; x_wconf 91' lang='lat' dir='ltr'><strong>porro</strong></span> <span class='ocrx_word' id='word_1_695' title='bbox 632 4272 702 4323; x_wconf 88' lang='lat' dir='ltr'><strong>sit</strong></span> <span class='ocrx_word' id='word_1_696' title='bbox 727 4271 794 4324; x_wconf 92' lang='lat' dir='ltr'><strong>de</strong></span> <span class='ocrx_word' id='word_1_697' title='bbox 825 4272 925 4325; x_wconf 86' lang='lat' dir='ltr'><strong>hoc</strong></span> <span class='ocrx_word' id='word_1_698' title='bbox 949 4273 1146 4340; x_wconf 89' lang='lat' dir='ltr'><strong>capite,</strong></span> <span class='ocrx_word' id='word_1_699' title='bbox 1177 4278 1322 4323; x_wconf 87' lang='lat' dir='ltr'><strong>certe</strong></span> <span class='ocrx_word' id='word_1_700' title='bbox 1359 4281 1506 4323; x_wconf 82' lang='lat' dir='ltr'><strong>extra</strong></span> <span class='ocrx_word' id='word_1_701' title='bbox 1548 4270 1765 4324; x_wconf 87' lang='lat' dir='ltr'><strong>dubium</strong></span> <span class='ocrx_word' id='word_1_702' title='bbox 1810 4271 2020 4326; x_wconf 91' lang='lat' dir='ltr'><strong>videtur</strong></span> 
     </span>
    </p>
   </div>
   <div class='ocr_carea' id='block_1_97' title="bbox 436 4340 2021 4412">
    <p class='ocr_par' dir='ltr' id='par_1_97' title="bbox 436 4340 2021 4412">
     <span class='ocr_line' id='line_1_97' title="bbox 436 4340 2021 4412; baseline 0.002 -19"><span class='ocrx_word' id='word_1_703' title='bbox 436 4353 628 4412; x_wconf 83' lang='lat' dir='ltr'><strong>mense</strong></span> <span class='ocrx_word' id='word_1_704' title='bbox 657 4341 872 4396; x_wconf 90' lang='lat' dir='ltr'><strong>Octobri</strong></span> <span class='ocrx_word' id='word_1_705' title='bbox 923 4347 1003 4396; x_wconf 89' lang='lat' dir='ltr'><strong>vel</strong></span> <span class='ocrx_word' id='word_1_706' title='bbox 1050 4342 1337 4395; x_wconf 76' lang='lat' dir='ltr'><strong>Novembri</strong></span> <span class='ocrx_word' id='word_1_707' title='bbox 1377 4343 1500 4394; x_wconf 91' lang='lat' dir='ltr'><strong>anni</strong></span> <span class='ocrx_word' id='word_1_708' title='bbox 1539 4340 1665 4405; x_wconf 73' lang='grc'><strong>449,</strong></span> <span class='ocrx_word' id='word_1_709' title='bbox 1709 4343 1790 4395; x_wconf 91' lang='lat' dir='ltr'><strong>vel</strong></span> <span class='ocrx_word' id='word_1_710' title='bbox 1823 4359 1887 4396; x_wconf 82' lang='lat' dir='ltr'><strong>ex</strong></span> <span class='ocrx_word' id='word_1_711' title='bbox 1932 4359 2021 4412; x_wconf 87' lang='lat' dir='ltr'><strong>sy-</strong></span> 
     </span>
    </p>
   </div>
   <div class='ocr_carea' id='block_1_98' title="bbox 440 4411 2021 4478">
    <p class='ocr_par' dir='ltr' id='par_1_98' title="bbox 440 4411 2021 4478">
     <span class='ocr_line' id='line_1_98' title="bbox 440 4411 2021 4478; baseline 0.004 -16"><span class='ocrx_word' id='word_1_712' title='bbox 440 4411 586 4465; x_wconf 87' lang='lat' dir='ltr'><strong>nodo</strong></span> <span class='ocrx_word' id='word_1_713' title='bbox 613 4413 930 4474; x_wconf 86' lang='lat' dir='ltr'><strong>autumnali,</strong></span> <span class='ocrx_word' id='word_1_714' title='bbox 963 4413 1218 4478; x_wconf 88' lang='lat' dir='ltr'><strong>scriptam</strong></span> <span class='ocrx_word' id='word_1_715' title='bbox 1270 4428 1373 4463; x_wconf 86' lang='lat' dir='ltr'><strong>tton</strong></span> <span class='ocrx_word' id='word_1_716' title='bbox 1418 4428 1538 4466; x_wconf 80' lang='lat' dir='ltr'><strong>esse</strong></span> <span class='ocrx_word' id='word_1_717' title='bbox 1584 4415 1719 4466; x_wconf 87' lang='lat' dir='ltr'><strong>hanc</strong></span> <span class='ocrx_word' id='word_1_718' title='bbox 1770 4411 2021 4468; x_wconf 66' lang='lat' dir='ltr'><strong>Placidia:</strong></span> 
     </span>
    </p>
   </div>
   <div class='ocr_carea' id='block_1_99' title="bbox 439 4481 2020 4551">
    <p class='ocr_par' dir='ltr' id='par_1_99' title="bbox 439 4481 2020 4551">
     <span class='ocr_line' id='line_1_99' title="bbox 439 4481 2020 4551; baseline 0.003 -17"><span class='ocrx_word' id='word_1_719' title='bbox 439 4481 743 4551; x_wconf 84' lang='lat' dir='ltr'><strong>epistolam,</strong></span> <span class='ocrx_word' id='word_1_720' title='bbox 770 4481 1199 4551; x_wconf 83' lang='lat' dir='ltr'><strong>quandoquidem</strong></span> <span class='ocrx_word' id='word_1_721' title='bbox 1230 4481 1563 4534; x_wconf 87' lang='lat' dir='ltr'><strong>Theodosius</strong></span> <span class='ocrx_word' id='word_1_722' title='bbox 1594 4486 1657 4534; x_wconf 91' lang='lat' dir='ltr'><strong>ad</strong></span> <span class='ocrx_word' id='word_1_723' title='bbox 1695 4489 1787 4537; x_wconf 86' lang='lat' dir='ltr'><strong>ltas</strong></span> <span class='ocrx_word' id='word_1_724' title='bbox 1817 4486 2020 4538; x_wconf 84' lang='lat' dir='ltr'><strong>litteras</strong></span> 
     </span>
    </p>
   </div>
   <div class='ocr_carea' id='block_1_100' title="bbox 439 4550 2020 4620">
    <p class='ocr_par' dir='ltr' id='par_1_100' title="bbox 439 4550 2020 4620">
     <span class='ocr_line' id='line_1_100' title="bbox 439 4550 2020 4620; baseline 0.004 -17"><span class='ocrx_word' id='word_1_725' title='bbox 439 4550 746 4606; x_wconf 86' lang='lat' dir='ltr'><strong>rescribens</strong></span> <span class='ocrx_word' id='word_1_726' title='bbox 777 4550 999 4606; x_wconf 83' lang='lat' dir='ltr'><strong>remittit</strong></span> <span class='ocrx_word' id='word_1_727' title='bbox 1041 4551 1336 4620; x_wconf 82' lang='lat' dir='ltr'><strong>Augustam</strong></span> <span class='ocrx_word' id='word_1_728' title='bbox 1374 4553 1438 4604; x_wconf 90' lang='lat' dir='ltr'><strong>ad</strong></span> <span class='ocrx_word' id='word_1_729' title='bbox 1468 4553 1726 4619; x_wconf 81' lang='lat' dir='ltr'><strong>epiStolaS</strong></span> <span class='ocrx_word' id='word_1_730' title='bbox 1757 4569 1785 4605; x_wconf 88' lang='lat' dir='ltr'><strong>a</strong></span> <span class='ocrx_word' id='word_1_731' title='bbox 1818 4569 1875 4608; x_wconf 89' lang='lat' dir='ltr'><strong>se</strong></span> <span class='ocrx_word' id='word_1_732' title='bbox 1919 4555 2020 4609; x_wconf 85' lang='lat' dir='ltr'><strong>huc</strong></span> 
     </span>
    </p>
   </div>
   <div class='ocr_carea' id='block_1_101' title="bbox 441 4620 2011 4691">
    <p class='ocr_par' dir='ltr' id='par_1_101' title="bbox 441 4620 2011 4691">
     <span class='ocr_line' id='line_1_101' title="bbox 441 4620 2011 4691; baseline 0.003 -18"><span class='ocrx_word' id='word_1_733' title='bbox 441 4620 510 4691; x_wconf 82' lang='lat' dir='ltr'><strong>de</strong></span> <span class='ocrx_word' id='word_1_734' title='bbox 538 4624 774 4689; x_wconf 80' lang='lat' dir='ltr'><strong>negotio,</strong></span> <span class='ocrx_word' id='word_1_735' title='bbox 801 4622 900 4676; x_wconf 89' lang='lat' dir='ltr'><strong>hoc</strong></span> <span class='ocrx_word' id='word_1_736' title='bbox 921 4625 1091 4675; x_wconf 87' lang='lat' dir='ltr'><strong>estde</strong></span> <span class='ocrx_word' id='word_1_737' title='bbox 1111 4622 1338 4675; x_wconf 78' lang='lat' dir='ltr'><strong>concilio</strong></span> <span class='ocrx_word' id='word_1_738' title='bbox 1360 4620 1412 4673; x_wconf 90' lang='lat' dir='ltr'><strong>in</strong></span> <span class='ocrx_word' id='word_1_739' title='bbox 1444 4623 1588 4674; x_wconf 88' lang='lat' dir='ltr'><strong>Italia</strong></span> <span class='ocrx_word' id='word_1_740' title='bbox 1618 4627 2011 4691; x_wconf 75' lang='lat' dir='ltr'><strong>congreganda,</strong></span> 
     </span>
    </p>
   </div>
   <div class='ocr_carea' id='block_1_102' title="bbox 441 4689 2014 4769">
    <p class='ocr_par' dir='ltr' id='par_1_102' title="bbox 441 4689 2014 4769">
     <span class='ocr_line' id='line_1_102' title="bbox 441 4689 2014 4769; baseline 0.005 -26"><span class='ocrx_word' id='word_1_741' title='bbox 441 4689 656 4759; x_wconf 88' lang='lat' dir='ltr'><strong>plenius</strong></span> <span class='ocrx_word' id='word_1_742' title='bbox 693 4700 852 4761; x_wconf 90' lang='lat' dir='ltr'><strong>atque</strong></span> <span class='ocrx_word' id='word_1_743' title='bbox 902 4693 1141 4764; x_wconf 88' lang='lat' dir='ltr'><strong>apertius</strong></span> <span class='ocrx_word' id='word_1_744' title='bbox 1187 4708 1350 4756; x_wconf 54' lang='lat' dir='ltr'><strong>51ers,</strong></span> <span class='ocrx_word' id='word_1_745' title='bbox 1399 4691 1740 4769; x_wconf 80' lang='grc' dir='ltr'><strong>ἐντελέστερον</strong></span> <span class='ocrx_word' id='word_1_746' title='bbox 1788 4689 1871 4748; x_wconf 71' lang='grc' dir='ltr'><strong>κᾶὶ</strong></span> <span class='ocrx_word' id='word_1_747' title='bbox 1918 4718 2014 4750; x_wconf 81' lang='grc' dir='ltr'><strong>σα-</strong></span> 
     </span>
    </p>
   </div>
   <div class='ocr_carea' id='block_1_103' title="bbox 823 3280 2020 3349">
    <p class='ocr_par' dir='ltr' id='par_1_103' title="bbox 823 3280 2020 3349">
     <span class='ocr_line' id='line_1_103' title="bbox 823 3280 2020 3349; baseline 0 -15"><span class='ocrx_word' id='word_1_748' title='bbox 823 3282 1021 3349; x_wconf 88' lang='lat' dir='ltr'><strong>petierit</strong></span> <span class='ocrx_word' id='word_1_749' title='bbox 1069 3280 1361 3333; x_wconf 82' lang='lat' dir='ltr'><strong>Anatolium</strong></span> <span class='ocrx_word' id='word_1_750' title='bbox 1401 3280 1452 3332; x_wconf 85' lang='lat' dir='ltr'><strong>in</strong></span> <span class='ocrx_word' id='word_1_751' title='bbox 1496 3283 1899 3333; x_wconf 57' lang='lat' dir='ltr'><strong>commemionem</strong></span> <span class='ocrx_word' id='word_1_752' title='bbox 1941 3297 2020 3334; x_wconf 89' lang='lat' dir='ltr'><strong>re-</strong></span> 
     </span>
    </p>
   </div>
   <div class='ocr_carea' id='block_1_104' title="bbox 2123 3281 3699 3350">
    <p class='ocr_par' dir='ltr' id='par_1_104' title="bbox 2123 3281 3699 3350">
     <span class='ocr_line' id='line_1_104' title="bbox 2123 3281 3699 3350; baseline -0.001 -15"><span class='ocrx_word' id='word_1_753' title='bbox 2123 3281 2240 3350; x_wconf 88' lang='lat' dir='ltr'><strong>jora</strong></span> <span class='ocrx_word' id='word_1_754' title='bbox 2293 3283 2601 3336; x_wconf 89' lang='lat' dir='ltr'><strong>meditatur.</strong></span> <span class='ocrx_word' id='word_1_755' title='bbox 2663 3281 2826 3334; x_wconf 81' lang='lat' dir='ltr'><strong>Audit</strong></span> <span class='ocrx_word' id='word_1_756' title='bbox 2876 3296 3018 3350; x_wconf 61' lang='lat' dir='ltr'><strong>aegre</strong></span> <span class='ocrx_word' id='word_1_757' title='bbox 3064 3281 3396 3349; x_wconf 86' lang='lat' dir='ltr'><strong>Epltesinum</strong></span> <span class='ocrx_word' id='word_1_758' title='bbox 3429 3283 3699 3338; x_wconf 85' lang='lat' dir='ltr'><strong>concilium</strong></span> 
     </span>
    </p>
   </div>
   <div class='ocr_carea' id='block_1_105' title="bbox 2128 3351 3698 3422">
    <p class='ocr_par' dir='ltr' id='par_1_105' title="bbox 2128 3351 3698 3422">
     <span class='ocr_line' id='line_1_105' title="bbox 2128 3351 3698 3422; baseline 0.001 -19"><span class='ocrx_word' id='word_1_759' title='bbox 2128 3367 2225 3419; x_wconf 83' lang='lat' dir='ltr'><strong>pro</strong></span> <span class='ocrx_word' id='word_1_760' title='bbox 2257 3352 2536 3408; x_wconf 88' lang='lat' dir='ltr'><strong>latrocinio</strong></span> <span class='ocrx_word' id='word_1_761' title='bbox 2565 3351 2766 3416; x_wconf 89' lang='lat' dir='ltr'><strong>haberi,</strong></span> <span class='ocrx_word' id='word_1_762' title='bbox 2819 3353 3046 3407; x_wconf 90' lang='lat' dir='ltr'><strong>rescissa</strong></span> <span class='ocrx_word' id='word_1_763' title='bbox 3086 3352 3272 3407; x_wconf 72' lang='lat' dir='ltr'><strong>Romte</strong></span> <span class='ocrx_word' id='word_1_764' title='bbox 3314 3356 3432 3422; x_wconf 89' lang='lat' dir='ltr'><strong>ejus</strong></span> <span class='ocrx_word' id='word_1_765' title='bbox 3460 3366 3587 3408; x_wconf 88' lang='lat' dir='ltr'><strong>acta.</strong></span> <span class='ocrx_word' id='word_1_766' title='bbox 3625 3351 3698 3405; x_wconf 85' lang='lat' dir='ltr'><strong>fra</strong></span> 
     </span>
    </p>
   </div>
   <div class='ocr_carea' id='block_1_106' title="bbox 2127 3422 3682 3495">
    <p class='ocr_par' dir='ltr' id='par_1_106' title="bbox 2127 3422 3682 3495">
     <span class='ocr_line' id='line_1_106' title="bbox 2127 3422 3682 3495; baseline 0.002 -22"><span class='ocrx_word' id='word_1_767' title='bbox 2127 3423 2465 3492; x_wconf 90' lang='lat' dir='ltr'><strong>vindictaque</strong></span> <span class='ocrx_word' id='word_1_768' title='bbox 2504 3423 2768 3490; x_wconf 86' lang='lat' dir='ltr'><strong>impotens</strong></span> <span class='ocrx_word' id='word_1_769' title='bbox 2796 3422 3002 3495; x_wconf 86' lang='lat' dir='ltr'><strong>facinus</strong></span> <span class='ocrx_word' id='word_1_770' title='bbox 3027 3424 3345 3479; x_wconf 86' lang='lat' dir='ltr'><strong>intentatum</strong></span> <span class='ocrx_word' id='word_1_771' title='bbox 3377 3424 3682 3495; x_wconf 77' lang='lat' dir='ltr'><strong>aggreditur,</strong></span> 
     </span>
    </p>
   </div>
   <div class='ocr_carea' id='block_1_107' title="bbox 2127 3490 3694 3565">
    <p class='ocr_par' dir='ltr' id='par_1_107' title="bbox 2127 3490 3694 3565">
     <span class='ocr_line' id='line_1_107' title="bbox 2127 3490 3694 3565; baseline -0.002 -16"><span class='ocrx_word' id='word_1_772' title='bbox 2127 3490 2519 3549; x_wconf 82' lang='lat' dir='ltr'><strong>communicata</strong></span> <span class='ocrx_word' id='word_1_773' title='bbox 2581 3509 2637 3548; x_wconf 89' lang='lat' dir='ltr'><strong>re</strong></span> <span class='ocrx_word' id='word_1_774' title='bbox 2681 3509 2800 3548; x_wconf 89' lang='lat' dir='ltr'><strong>cum</strong></span> <span class='ocrx_word' id='word_1_775' title='bbox 2855 3493 3040 3549; x_wconf 88' lang='lat' dir='ltr'><strong>decem</strong></span> <span class='ocrx_word' id='word_1_776' title='bbox 3095 3497 3383 3565; x_wconf 85' lang='lat' dir='ltr'><strong>episcopis,</strong></span> <span class='ocrx_word' id='word_1_777' title='bbox 3411 3490 3558 3564; x_wconf 60' lang='lat' dir='ltr'><strong>&#39;qaos</strong></span> <span class='ocrx_word' id='word_1_778' title='bbox 3597 3490 3694 3546; x_wconf 88' lang='lat' dir='ltr'><strong>sibi</strong></span> 
     </span>
    </p>
   </div>
   <div class='ocr_carea' id='block_1_108' title="bbox 2127 3565 3697 3621">
    <p class='ocr_par' dir='ltr' id='par_1_108' title="bbox 2127 3565 3697 3621">
     <span class='ocr_line' id='line_1_108' title="bbox 2127 3565 3697 3621; baseline 0.001 -5"><span class='ocrx_word' id='word_1_779' title='bbox 2127 3565 2351 3618; x_wconf 86' lang='lat' dir='ltr'><strong>comites</strong></span> <span class='ocrx_word' id='word_1_780' title='bbox 2377 3565 2638 3619; x_wconf 88' lang='lat' dir='ltr'><strong>asciverat</strong></span> <span class='ocrx_word' id='word_1_781' title='bbox 2671 3583 2683 3617; x_wconf 89' lang='lat'><strong>:</strong></span> <span class='ocrx_word' id='word_1_782' title='bbox 2714 3566 2770 3618; x_wconf 85' lang='lat' dir='ltr'><strong>S.</strong></span> <span class='ocrx_word' id='word_1_783' title='bbox 2802 3566 3034 3620; x_wconf 89' lang='lat' dir='ltr'><strong>Leonem</strong></span> <span class='ocrx_word' id='word_1_784' title='bbox 3063 3581 3093 3618; x_wconf 88' lang='lat' dir='ltr'><strong>a</strong></span> <span class='ocrx_word' id='word_1_785' title='bbox 3123 3568 3499 3621; x_wconf 84' lang='lat' dir='ltr'><strong>communione</strong></span> <span class='ocrx_word' id='word_1_786' title='bbox 3527 3565 3697 3620; x_wconf 82' lang='lat' dir='ltr'><strong>Eccle-</strong></span> 
     </span>
    </p>
   </div>
   <div class='ocr_carea' id='block_1_109' title="bbox 2125 3632 3698 3705">
    <p class='ocr_par' dir='ltr' id='par_1_109' title="bbox 2125 3632 3698 3705">
     <span class='ocr_line' id='line_1_109' title="bbox 2125 3632 3698 3705; baseline 0.001 -18"><span class='ocrx_word' id='word_1_787' title='bbox 2125 3632 2220 3687; x_wconf 84' lang='lat' dir='ltr'><strong>siae</strong></span> <span class='ocrx_word' id='word_1_788' title='bbox 2265 3636 2560 3700; x_wconf 89' lang='lat' dir='ltr'><strong>abscindit,</strong></span> <span class='ocrx_word' id='word_1_789' title='bbox 2603 3636 2745 3705; x_wconf 86' lang='lat' dir='ltr'><strong>quod</strong></span> <span class='ocrx_word' id='word_1_790' title='bbox 2792 3636 3056 3691; x_wconf 90' lang='lat' dir='ltr'><strong>bonorum</strong></span> <span class='ocrx_word' id='word_1_791' title='bbox 3102 3639 3314 3692; x_wconf 88' lang='lat' dir='ltr'><strong>animos</strong></span> <span class='ocrx_word' id='word_1_792' title='bbox 3372 3640 3698 3692; x_wconf 87' lang='lat' dir='ltr'><strong>vehementer</strong></span> 
     </span>
    </p>
   </div>
   <div class='ocr_carea' id='block_1_110' title="bbox 2126 3707 3701 3777">
    <p class='ocr_par' dir='ltr' id='par_1_110' title="bbox 2126 3707 3701 3777">
     <span class='ocr_line' id='line_1_110' title="bbox 2126 3707 3701 3777; baseline -0.001 -18"><span class='ocrx_word' id='word_1_793' title='bbox 2126 3709 2436 3777; x_wconf 85' lang='lat' dir='ltr'><strong>commovit,</strong></span> <span class='ocrx_word' id='word_1_794' title='bbox 2481 3718 2532 3761; x_wconf 90' lang='lat' dir='ltr'><strong>et</strong></span> <span class='ocrx_word' id='word_1_795' title='bbox 2573 3707 2808 3761; x_wconf 88' lang='lat' dir='ltr'><strong>Orientis</strong></span> <span class='ocrx_word' id='word_1_796' title='bbox 2852 3708 3122 3762; x_wconf 80' lang='lat' dir='ltr'><strong>Ecclesias</strong></span> <span class='ocrx_word' id='word_1_797' title='bbox 3151 3719 3264 3762; x_wconf 92' lang='lat' dir='ltr'><strong>toto</strong></span> <span class='ocrx_word' id='word_1_798' title='bbox 3298 3724 3462 3777; x_wconf 88' lang='lat' dir='ltr'><strong>prope</strong></span> <span class='ocrx_word' id='word_1_799' title='bbox 3492 3707 3701 3762; x_wconf 89' lang='lat' dir='ltr'><strong>biennio</strong></span> 
     </span>
    </p>
   </div>
   <div class='ocr_carea' id='block_1_111' title="bbox 2125 3776 3764 3845">
    <p class='ocr_par' dir='ltr' id='par_1_111' title="bbox 2125 3776 3764 3845">
     <span class='ocr_line' id='line_1_111' title="bbox 2125 3776 3764 3845; baseline 0.002 -17"><span class='ocrx_word' id='word_1_800' title='bbox 2125 3776 2176 3829; x_wconf 92' lang='lat' dir='ltr'><strong>in</strong></span> <span class='ocrx_word' id='word_1_801' title='bbox 2204 3778 2460 3831; x_wconf 89' lang='lat' dir='ltr'><strong>factiones</strong></span> <span class='ocrx_word' id='word_1_802' title='bbox 2487 3786 2542 3832; x_wconf 89' lang='lat' dir='ltr'><strong>et</strong></span> <span class='ocrx_word' id='word_1_803' title='bbox 2565 3778 2850 3831; x_wconf 81' lang='lat' dir='ltr'><strong>schismata</strong></span> <span class='ocrx_word' id='word_1_804' title='bbox 2883 3778 3081 3832; x_wconf 88' lang='lat' dir='ltr'><strong>divisit.</strong></span> <span class='ocrx_word' id='word_1_805' title='bbox 3113 3781 3267 3845; x_wconf 81' lang='lat' dir='ltr'><strong>Nam,</strong></span> <span class='ocrx_word' id='word_1_806' title='bbox 3299 3776 3368 3833; x_wconf 23' lang='grc' dir='ltr'><strong>θυι</strong></span> <span class='ocrx_word' id='word_1_807' title='bbox 3401 3793 3584 3834; x_wconf 61' lang='lat' dir='ltr'><strong>auctor</strong></span> <span class='ocrx_word' id='word_1_808' title='bbox 3631 3785 3710 3831; x_wconf 87' lang='lat' dir='ltr'><strong>est</strong></span> <span class='ocrx_word' id='word_1_809' title='bbox 3751 3797 3764 3805; x_wconf 59' lang='grc' dir='ltr'><em>ί</em></span> 
     </span>
    </p>
   </div>
   <div class='ocr_carea' id='block_1_112' title="bbox 2126 3847 3708 3918">
    <p class='ocr_par' dir='ltr' id='par_1_112' title="bbox 2126 3847 3708 3918">
     <span class='ocr_line' id='line_1_112' title="bbox 2126 3847 3708 3918; baseline 0.003 -22"><span class='ocrx_word' id='word_1_810' title='bbox 2126 3847 2382 3900; x_wconf 84' lang='lat' dir='ltr'><strong>diaconus</strong></span> <span class='ocrx_word' id='word_1_811' title='bbox 2414 3849 2711 3913; x_wconf 87' lang='lat' dir='ltr'><strong>Liberatus,</strong></span> <span class='ocrx_word' id='word_1_812' title='bbox 2740 3848 2997 3918; x_wconf 66' lang='lat' dir='ltr'><strong>Aigyptii,</strong></span> <span class='ocrx_word' id='word_1_813' title='bbox 3027 3849 3271 3910; x_wconf 75' lang='lat' dir='ltr'><strong>Thraces,</strong></span> <span class='ocrx_word' id='word_1_814' title='bbox 3305 3849 3574 3904; x_wconf 66' lang='lat' dir='ltr'><strong>Palaestini</strong></span> <span class='ocrx_word' id='word_1_815' title='bbox 3602 3850 3708 3915; x_wconf 88' lang='lat' dir='ltr'><strong>epi-</strong></span> 
     </span>
    </p>
   </div>
   <div class='ocr_carea' id='block_1_113' title="bbox 2124 3919 3708 3987">
    <p class='ocr_par' dir='ltr' id='par_1_113' title="bbox 2124 3919 3708 3987">
     <span class='ocr_line' id='line_1_113' title="bbox 2124 3919 3708 3987; baseline 0.002 -18"><span class='ocrx_word' id='word_1_816' title='bbox 2124 3919 2268 3985; x_wconf 74' lang='lat' dir='ltr'><strong>sc0pi</strong></span> <span class='ocrx_word' id='word_1_817' title='bbox 2320 3919 2622 3972; x_wconf 84' lang='lat' dir='ltr'><strong>Dioscorum</strong></span> <span class='ocrx_word' id='word_1_818' title='bbox 2671 3921 3054 3987; x_wconf 82' lang='lat' dir='ltr'><strong>sequebantur;</strong></span> <span class='ocrx_word' id='word_1_819' title='bbox 3109 3920 3428 3985; x_wconf 74' lang='lat' dir='ltr'><strong>Orientales,</strong></span> <span class='ocrx_word' id='word_1_820' title='bbox 3494 3920 3708 3984; x_wconf 85' lang='lat' dir='ltr'><strong>Pontici,</strong></span> 
     </span>
    </p>
   </div>
   <div class='ocr_carea' id='block_1_114' title="bbox 2125 3989 3707 4061">
    <p class='ocr_par' dir='ltr' id='par_1_114' title="bbox 2125 3989 3707 4061">
     <span class='ocr_line' id='line_1_114' title="bbox 2125 3989 3707 4061; baseline 0.001 -20"><span class='ocrx_word' id='word_1_821' title='bbox 2125 3989 2305 4042; x_wconf 74' lang='lat' dir='ltr'><strong>Asiani</strong></span> <span class='ocrx_word' id='word_1_822' title='bbox 2337 4002 2506 4057; x_wconf 86' lang='lat' dir='ltr'><strong>partes</strong></span> <span class='ocrx_word' id='word_1_823' title='bbox 2529 3998 2718 4044; x_wconf 72' lang='lat' dir='ltr'><strong>sancta:</strong></span> <span class='ocrx_word' id='word_1_824' title='bbox 2742 3993 2998 4061; x_wconf 70' lang='lat' dir='ltr'><strong>memoria:</strong></span> <span class='ocrx_word' id='word_1_825' title='bbox 3031 3989 3306 4055; x_wconf 80' lang='lat' dir='ltr'><strong>Flaviani;</strong></span> <span class='ocrx_word' id='word_1_826' title='bbox 3329 3994 3472 4061; x_wconf 84' lang='lat' dir='ltr'><strong>quod</strong></span> <span class='ocrx_word' id='word_1_827' title='bbox 3496 3992 3707 4045; x_wconf 77' lang='lat' dir='ltr'><strong>schisma</strong></span> 
     </span>
    </p>
   </div>
   <div class='ocr_carea' id='block_1_115' title="bbox 2123 4060 3710 4200">
    <p class='ocr_par' dir='ltr' id='par_1_115' title="bbox 2123 4060 3710 4200">
     <span class='ocr_line' id='line_1_115' title="bbox 2123 4060 3710 4200; baseline 0.003 -89"><span class='ocrx_word' id='word_1_828' title='bbox 2123 4061 2403 4200; x_wconf 52' lang='grc' dir='ltr'><strong>ρενιηιίἓῗὶι</strong></span> <span class='ocrx_word' id='word_1_829' title='bbox 2427 4077 2583 4131; x_wconf 87' lang='lat' dir='ltr'><strong>usque</strong></span> <span class='ocrx_word' id='word_1_830' title='bbox 2595 4061 2661 4113; x_wconf 87' lang='lat' dir='ltr'><strong>ad</strong></span> <span class='ocrx_word' id='word_1_831' title='bbox 2685 4061 2876 4113; x_wconf 83' lang='lat' dir='ltr'><strong>obitum</strong></span> <span class='ocrx_word' id='word_1_832' title='bbox 2900 4060 3174 4116; x_wconf 78' lang='lat' dir='ltr'><strong>Theodosii</strong></span> <span class='ocrx_word' id='word_1_833' title='bbox 3197 4060 3446 4134; x_wconf 86' lang='lat' dir='ltr'><strong>principis</strong></span> <span class='ocrx_word' id='word_1_834' title='bbox 3460 4061 3710 4136; x_wconf 80' lang='lat' dir='ltr'><strong>(Breviar.</strong></span> 
     </span>
     <span class='ocr_line' id='line_1_116' title="bbox 2125 4146 2388 4194; baseline 0.008 -13"><span class='ocrx_word' id='word_1_835' title='bbox 2125 4146 2240 4194; x_wconf 87' lang='lat' dir='ltr'><strong>cap.</strong></span> <span class='ocrx_word' id='word_1_836' title='bbox 2376 4171 2388 4183; x_wconf 95' lang='lat'><strong>.</strong></span> 
     </span>
    </p>
   </div>
   <div class='ocr_carea' id='block_1_116' title="bbox 2125 4146 2388 4194">
    <p class='ocr_par' dir='ltr' id='par_1_116' title="bbox 2125 4146 2388 4194">
     <span class='ocr_line' id='line_1_117' title="bbox 2125 4146 2388 4194; baseline 0.008 -13"><span class='ocrx_word' id='word_1_837' title='bbox 2125 4146 2240 4194; x_wconf 86' lang='lat' dir='ltr'><strong>cap.</strong></span> <span class='ocrx_word' id='word_1_838' title='bbox 2277 4146 2388 4194; x_wconf 71' lang='grc' dir='ltr'><strong>η).</strong></span> 
     </span>
    </p>
   </div>
   <div class='ocr_carea' id='block_1_117' title="bbox 2195 4201 3712 4272">
    <p class='ocr_par' dir='ltr' id='par_1_117' title="bbox 2195 4201 3712 4272">
     <span class='ocr_line' id='line_1_118' title="bbox 2195 4201 3712 4272; baseline 0.001 -17"><span class='ocrx_word' id='word_1_839' title='bbox 2195 4201 2281 4255; x_wconf 84' lang='grc' dir='ltr'><strong>ιν.</strong></span> <span class='ocrx_word' id='word_1_840' title='bbox 2310 4201 2553 4256; x_wconf 72' lang='lat' dir='ltr'><strong>Nondum</strong></span> <span class='ocrx_word' id='word_1_841' title='bbox 2574 4202 2680 4256; x_wconf 93' lang='lat' dir='ltr'><strong>duo</strong></span> <span class='ocrx_word' id='word_1_842' title='bbox 2708 4202 2834 4256; x_wconf 91' lang='lat' dir='ltr'><strong>anni</strong></span> <span class='ocrx_word' id='word_1_843' title='bbox 2863 4201 3202 4267; x_wconf 82' lang='lat' dir='ltr'><strong>ellluxerant,</strong></span> <span class='ocrx_word' id='word_1_844' title='bbox 3227 4217 3350 4257; x_wconf 89' lang='lat' dir='ltr'><strong>cum</strong></span> <span class='ocrx_word' id='word_1_845' title='bbox 3380 4214 3570 4260; x_wconf 86' lang='lat' dir='ltr'><strong>auctor</strong></span> <span class='ocrx_word' id='word_1_846' title='bbox 3599 4219 3712 4272; x_wconf 85' lang='lat' dir='ltr'><strong>per-</strong></span> 
     </span>
    </p>
   </div>
   <div class='ocr_carea' id='block_1_118' title="bbox 2125 4272 3703 4343">
    <p class='ocr_par' dir='ltr' id='par_1_118' title="bbox 2125 4272 3703 4343">
     <span class='ocr_line' id='line_1_119' title="bbox 2125 4272 3703 4343; baseline 0.003 -18"><span class='ocrx_word' id='word_1_847' title='bbox 2125 4272 2263 4325; x_wconf 84' lang='lat' dir='ltr'><strong>fidia:</strong></span> <span class='ocrx_word' id='word_1_848' title='bbox 2295 4273 2641 4343; x_wconf 73' lang='lat' dir='ltr'><strong>Eutyehiana:</strong></span> <span class='ocrx_word' id='word_1_849' title='bbox 2658 4273 3022 4343; x_wconf 81' lang='lat' dir='ltr'><strong>Chrysaphius</strong></span> <span class='ocrx_word' id='word_1_850' title='bbox 3048 4275 3256 4328; x_wconf 87' lang='lat' dir='ltr'><strong>tandem</strong></span> <span class='ocrx_word' id='word_1_851' title='bbox 3281 4292 3505 4329; x_wconf 88' lang='lat' dir='ltr'><strong>suorum</strong></span> <span class='ocrx_word' id='word_1_852' title='bbox 3538 4276 3703 4330; x_wconf 85' lang='lat' dir='ltr'><strong>scele-</strong></span> 
     </span>
    </p>
   </div>
   <div class='ocr_carea' id='block_1_119' title="bbox 2125 4344 3715 4416">
    <p class='ocr_par' dir='ltr' id='par_1_119' title="bbox 2125 4344 3715 4416">
     <span class='ocr_line' id='line_1_120' title="bbox 2125 4344 3715 4416; baseline 0.002 -20"><span class='ocrx_word' id='word_1_853' title='bbox 2125 4359 2243 4397; x_wconf 89' lang='lat' dir='ltr'><strong>rum</strong></span> <span class='ocrx_word' id='word_1_854' title='bbox 2271 4359 2454 4412; x_wconf 62' lang='lat' dir='ltr'><strong>poenas</strong></span> <span class='ocrx_word' id='word_1_855' title='bbox 2482 4345 2593 4398; x_wconf 91' lang='lat' dir='ltr'><strong>luit.</strong></span> <span class='ocrx_word' id='word_1_856' title='bbox 2648 4344 2717 4416; x_wconf 90' lang='lat' dir='ltr'><strong>(c)</strong></span> <span class='ocrx_word' id='word_1_857' title='bbox 2753 4349 3021 4414; x_wconf 80' lang='lat' dir='ltr'><strong>Augustus</strong></span> <span class='ocrx_word' id='word_1_858' title='bbox 3057 4361 3179 4400; x_wconf 90' lang='lat' dir='ltr'><strong>sero</strong></span> <span class='ocrx_word' id='word_1_859' title='bbox 3206 4345 3496 4401; x_wconf 76' lang='lat' dir='ltr'><strong>advertens</strong></span> <span class='ocrx_word' id='word_1_860' title='bbox 3525 4348 3715 4415; x_wconf 88' lang='lat' dir='ltr'><strong>spado-</strong></span> 
     </span>
    </p>
   </div>
   <div class='ocr_carea' id='block_1_120' title="bbox 2126 4416 3714 4485">
    <p class='ocr_par' dir='ltr' id='par_1_120' title="bbox 2126 4416 3714 4485">
     <span class='ocr_line' id='line_1_121' title="bbox 2126 4416 3714 4485; baseline 0.003 -18"><span class='ocrx_word' id='word_1_861' title='bbox 2126 4430 2246 4469; x_wconf 90' lang='lat' dir='ltr'><strong>nem</strong></span> <span class='ocrx_word' id='word_1_862' title='bbox 2265 4416 2314 4467; x_wconf 90' lang='lat' dir='ltr'><strong>in</strong></span> <span class='ocrx_word' id='word_1_863' title='bbox 2341 4416 2630 4482; x_wconf 91' lang='lat' dir='ltr'><strong>perniciem</strong></span> <span class='ocrx_word' id='word_1_864' title='bbox 2649 4416 2906 4470; x_wconf 74' lang='lat' dir='ltr'><strong>Ecclesitn</strong></span> <span class='ocrx_word' id='word_1_865' title='bbox 2927 4429 2977 4471; x_wconf 90' lang='lat' dir='ltr'><strong>et</strong></span> <span class='ocrx_word' id='word_1_866' title='bbox 2999 4418 3132 4485; x_wconf 91' lang='lat' dir='ltr'><strong>reip.</strong></span> <span class='ocrx_word' id='word_1_867' title='bbox 3150 4429 3317 4480; x_wconf 68' lang='lat' dir='ltr'><strong>gratia</strong></span> <span class='ocrx_word' id='word_1_868' title='bbox 3333 4422 3714 4472; x_wconf 87' lang='lat' dir='ltr'><strong>etauetoritate</strong></span> 
     </span>
    </p>
   </div>
   <div class='ocr_carea' id='block_1_121' title="bbox 2124 4485 3713 4557">
    <p class='ocr_par' dir='ltr' id='par_1_121' title="bbox 2124 4485 3713 4557">
     <span class='ocr_line' id='line_1_122' title="bbox 2124 4485 3713 4557; baseline 0.003 -21"><span class='ocrx_word' id='word_1_869' title='bbox 2124 4485 2291 4551; x_wconf 91' lang='lat' dir='ltr'><strong>abuti,</strong></span> <span class='ocrx_word' id='word_1_870' title='bbox 2322 4485 2463 4539; x_wconf 90' lang='lat' dir='ltr'><strong>hunc</strong></span> <span class='ocrx_word' id='word_1_871' title='bbox 2491 4487 2643 4540; x_wconf 91' lang='lat' dir='ltr'><strong>bonis</strong></span> <span class='ocrx_word' id='word_1_872' title='bbox 2672 4486 3073 4557; x_wconf 85' lang='lat' dir='ltr'><strong>honoribusque</strong></span> <span class='ocrx_word' id='word_1_873' title='bbox 3094 4487 3376 4556; x_wconf 87' lang='lat' dir='ltr'><strong>spoliatum</strong></span> <span class='ocrx_word' id='word_1_874' title='bbox 3408 4491 3459 4542; x_wconf 87' lang='lat' dir='ltr'><strong>itt</strong></span> <span class='ocrx_word' id='word_1_875' title='bbox 3491 4489 3713 4545; x_wconf 83' lang='lat' dir='ltr'><strong>insulam</strong></span> 
     </span>
    </p>
   </div>
   <div class='ocr_carea' id='block_1_122' title="bbox 2050 4557 3713 4638">
    <p class='ocr_par' dir='ltr' id='par_1_122' title="bbox 2050 4557 3713 4638">
     <span class='ocr_line' id='line_1_123' title="bbox 2050 4557 3713 4638; baseline 0.002 -28"><span class='ocrx_word' id='word_1_876' title='bbox 2050 4580 2096 4638; x_wconf 75' lang='grc' dir='ltr'>υ</span> <span class='ocrx_word' id='word_1_877' title='bbox 2125 4557 2326 4638; x_wconf 46' lang='lat' dir='ltr'><strong>reiciat</strong></span> <span class='ocrx_word' id='word_1_878' title='bbox 2349 4573 2362 4610; x_wconf 88' lang='lat'><strong>:</strong></span> <span class='ocrx_word' id='word_1_879' title='bbox 2386 4557 2537 4637; x_wconf 75' lang='lat' dir='ltr'><strong>quod</strong></span> <span class='ocrx_word' id='word_1_880' title='bbox 2579 4557 2912 4638; x_wconf 79' lang='lat' dir='ltr'><strong>Nicephorus</strong></span> <span class='ocrx_word' id='word_1_881' title='bbox 2939 4562 3098 4638; x_wconf 82' lang='lat' dir='ltr'><strong>habet</strong></span> <span class='ocrx_word' id='word_1_882' title='bbox 3125 4558 3262 4638; x_wconf 75' lang='lat' dir='ltr'><strong>(Lib.</strong></span> <span class='ocrx_word' id='word_1_883' title='bbox 3300 4575 3416 4638; x_wconf 73' lang='lat' dir='ltr'><strong>xiv,</strong></span> <span class='ocrx_word' id='word_1_884' title='bbox 3451 4577 3564 4630; x_wconf 88' lang='lat' dir='ltr'><strong>cap.</strong></span> <span class='ocrx_word' id='word_1_885' title='bbox 3599 4560 3713 4638; x_wconf 57' lang='grc'><strong>49).</strong></span> 
     </span>
    </p>
   </div>
   <div class='ocr_carea' id='block_1_123' title="bbox 2121 4625 3719 4698">
    <p class='ocr_par' dir='ltr' id='par_1_123' title="bbox 2121 4625 3719 4698">
     <span class='ocr_line' id='line_1_124' title="bbox 2121 4625 3719 4698; baseline 0.004 -19"><span class='ocrx_word' id='word_1_886' title='bbox 2121 4625 2286 4696; x_wconf 65' lang='grc'>478</span> <span class='ocrx_word' id='word_1_887' title='bbox 2309 4625 2476 4696; x_wconf 82' lang='lat' dir='ltr'><strong>quiet</strong></span> <span class='ocrx_word' id='word_1_888' title='bbox 2505 4629 2751 4684; x_wconf 86' lang='lat' dir='ltr'><strong>eumdem</strong></span> <span class='ocrx_word' id='word_1_889' title='bbox 2784 4630 2923 4684; x_wconf 89' lang='lat' dir='ltr'><strong>inter</strong></span> <span class='ocrx_word' id='word_1_890' title='bbox 2955 4625 3305 4698; x_wconf 76' lang='lat' dir='ltr'><strong>navigandum</strong></span> <span class='ocrx_word' id='word_1_891' title='bbox 3339 4625 3587 4686; x_wconf 78' lang='lat' dir='ltr'><strong>haustum</strong></span> <span class='ocrx_word' id='word_1_892' title='bbox 3620 4625 3719 4686; x_wconf 59' lang='lat' dir='ltr'><strong>ﬁtt-</strong></span> 
     </span>
    </p>
   </div>
   <div class='ocr_carea' id='block_1_124' title="bbox 2125 4697 3714 4774">
    <p class='ocr_par' dir='ltr' id='par_1_124' title="bbox 2125 4697 3714 4774">
     <span class='ocr_line' id='line_1_125' title="bbox 2125 4697 3714 4774; baseline 0.003 -23"><span class='ocrx_word' id='word_1_893' title='bbox 2125 4697 2295 4752; x_wconf 83' lang='lat' dir='ltr'><strong>cttbus</strong></span> <span class='ocrx_word' id='word_1_894' title='bbox 2340 4707 2542 4753; x_wconf 89' lang='lat' dir='ltr'><strong>narrat.</strong></span> <span class='ocrx_word' id='word_1_895' title='bbox 2571 4699 2848 4756; x_wconf 85' lang='lat' dir='ltr'><strong>Cedrenus</strong></span> <span class='ocrx_word' id='word_1_896' title='bbox 2885 4699 3045 4774; x_wconf 80' lang='lat' dir='ltr'><strong>(Pag.</strong></span> <span class='ocrx_word' id='word_1_897' title='bbox 3091 4703 3195 4756; x_wconf 69' lang='lat' dir='ltr'><strong>35&#39;s</strong></span> <span class='ocrx_word' id='word_1_898' title='bbox 3235 4702 3360 4756; x_wconf 83' lang='lat' dir='ltr'><strong>edit.</strong></span> <span class='ocrx_word' id='word_1_899' title='bbox 3402 4703 3563 4773; x_wconf 81' lang='lat' dir='ltr'><strong>Reg.)</strong></span> <span class='ocrx_word' id='word_1_900' title='bbox 3608 4716 3714 4756; x_wconf 82' lang='lat' dir='ltr'><strong>ute-</strong></span> 
     </span>
    </p>
   </div>
   <div class='ocr_carea' id='block_1_125' title="bbox 1496 4844 2651 4914">
    <p class='ocr_par' dir='ltr' id='par_1_125' title="bbox 1496 4844 2651 4914">
     <span class='ocr_line' id='line_1_126' title="bbox 1496 4844 2651 4914; baseline 0.008 -9"><span class='ocrx_word' id='word_1_901' title='bbox 1496 4844 2068 4911; x_wconf 34' lang='lat' dir='ltr'><strong>‘BAIJJSRINIORUM</strong></span> <span class='ocrx_word' id='word_1_902' title='bbox 2105 4854 2651 4914; x_wconf 83' lang='lat' dir='ltr'><strong>ANNOTATIONES.</strong></span> 
     </span>
    </p>
   </div>
   <div class='ocr_carea' id='block_1_126' title="bbox 515 4961 2022 5034">
    <p class='ocr_par' dir='ltr' id='par_1_126' title="bbox 515 4961 2022 5034">
     <span class='ocr_line' id='line_1_127' title="bbox 515 4961 2022 5034; baseline 0.005 -18"><span class='ocrx_word' id='word_1_903' title='bbox 515 4963 592 5034; x_wconf 89' lang='lat' dir='ltr'><strong>(a)</strong></span> <span class='ocrx_word' id='word_1_904' title='bbox 617 4963 799 5019; x_wconf 86' lang='lat' dir='ltr'><strong>Mense</strong></span> <span class='ocrx_word' id='word_1_905' title='bbox 819 4963 1132 5030; x_wconf 89' lang='lat' dir='ltr'><strong>Februario,</strong></span> <span class='ocrx_word' id='word_1_906' title='bbox 1148 4977 1253 5032; x_wconf 91' lang='lat' dir='ltr'><strong>quo</strong></span> <span class='ocrx_word' id='word_1_907' title='bbox 1277 4961 1650 5031; x_wconf 76' lang='lat' dir='ltr'><strong>Valentiniani,</strong></span> <span class='ocrx_word' id='word_1_908' title='bbox 1679 4968 1942 5030; x_wconf 68' lang='lat' dir='ltr'><strong>l’lacittite.</strong></span> <span class='ocrx_word' id='word_1_909' title='bbox 1970 4979 2022 5024; x_wconf 82' lang='lat' dir='ltr'><strong>ct</strong></span> 
     </span>
    </p>
   </div>
   <div class='ocr_carea' id='block_1_127' title="bbox 447 5035 2015 5111">
    <p class='ocr_par' dir='ltr' id='par_1_127' title="bbox 447 5035 2015 5111">
     <span class='ocr_line' id='line_1_128' title="bbox 447 5035 2015 5111; baseline 0.004 -22"><span class='ocrx_word' id='word_1_910' title='bbox 447 5035 704 5111; x_wconf 51' lang='lat' dir='ltr'><strong>Eudoxus;</strong></span> <span class='ocrx_word' id='word_1_911' title='bbox 725 5035 988 5111; x_wconf 64' lang='lat' dir='ltr'><strong>epistolas</strong></span> <span class='ocrx_word' id='word_1_912' title='bbox 1014 5036 1243 5111; x_wconf 77' lang='lat' dir='ltr'><strong>scriptas</strong></span> <span class='ocrx_word' id='word_1_913' title='bbox 1273 5036 1606 5111; x_wconf 71' lang='lat' dir='ltr'><strong>ostendimus</strong></span> <span class='ocrx_word' id='word_1_914' title='bbox 1629 5050 1810 5094; x_wconf 87' lang='lat' dir='ltr'><strong>annot.</strong></span> <span class='ocrx_word' id='word_1_915' title='bbox 1829 5039 2015 5111; x_wconf 68' lang='lat' dir='ltr'><strong>2(Col.</strong></span> 
     </span>
    </p>
   </div>
   <div class='ocr_carea' id='block_1_128' title="bbox 439 5103 2020 5180">
    <p class='ocr_par' dir='ltr' id='par_1_128' title="bbox 439 5103 2020 5180">
     <span class='ocr_line' id='line_1_129' title="bbox 439 5103 2020 5180; baseline 0.003 -18"><span class='ocrx_word' id='word_1_916' title='bbox 439 5107 569 5180; x_wconf 71' lang='lat'><strong>2&#39;55,</strong></span> <span class='ocrx_word' id='word_1_917' title='bbox 603 5122 655 5180; x_wconf 86' lang='lat' dir='ltr'><strong>n_.</strong></span> <span class='ocrx_word' id='word_1_918' title='bbox 686 5103 781 5176; x_wconf 73' lang='lat' dir='ltr'><strong>b),</strong></span> <span class='ocrx_word' id='word_1_919' title='bbox 815 5104 1053 5180; x_wconf 75' lang='lat' dir='ltr'><strong>Flaviani</strong></span> <span class='ocrx_word' id='word_1_920' title='bbox 1081 5103 1305 5160; x_wconf 87' lang='lat' dir='ltr'><strong>mortem</strong></span> <span class='ocrx_word' id='word_1_921' title='bbox 1354 5116 1408 5180; x_wconf 85' lang='lat' dir='ltr'><strong>et</strong></span> <span class='ocrx_word' id='word_1_922' title='bbox 1437 5107 1665 5164; x_wconf 90' lang='lat' dir='ltr'><strong>Placidia</strong></span> <span class='ocrx_word' id='word_1_923' title='bbox 1697 5121 1750 5166; x_wconf 89' lang='lat' dir='ltr'><strong>et</strong></span> <span class='ocrx_word' id='word_1_924' title='bbox 1782 5103 2020 5180; x_wconf 58' lang='lat' dir='ltr'><strong>pontibus</strong></span> 
     </span>
    </p>
   </div>
   <div class='ocr_carea' id='block_1_129' title="bbox 439 5176 2019 5250">
    <p class='ocr_par' dir='ltr' id='par_1_129' title="bbox 439 5176 2019 5250">
     <span class='ocr_line' id='line_1_130' title="bbox 439 5176 2019 5250; baseline 0.004 -18"><span class='ocrx_word' id='word_1_925' title='bbox 439 5177 780 5250; x_wconf 77' lang='lat' dir='ltr'><strong>ignorabant.</strong></span> <span class='ocrx_word' id='word_1_926' title='bbox 835 5176 958 5250; x_wconf 64' lang='lat' dir='ltr'><strong>Hinc</strong></span> <span class='ocrx_word' id='word_1_927' title='bbox 1005 5190 1151 5230; x_wconf 90' lang='lat' dir='ltr'><strong>mors</strong></span> <span class='ocrx_word' id='word_1_928' title='bbox 1195 5187 1342 5250; x_wconf 84' lang='lat' dir='ltr'><strong>certe</strong></span> <span class='ocrx_word' id='word_1_929' title='bbox 1387 5179 1500 5231; x_wconf 86' lang='lat' dir='ltr'><strong>istis</strong></span> <span class='ocrx_word' id='word_1_930' title='bbox 1548 5193 1668 5236; x_wconf 89' lang='lat' dir='ltr'><strong>nota</strong></span> <span class='ocrx_word' id='word_1_931' title='bbox 1720 5176 1836 5236; x_wconf 81' lang='lat' dir='ltr'><strong>erat</strong></span> <span class='ocrx_word' id='word_1_932' title='bbox 1867 5184 1956 5238; x_wconf 91' lang='lat' dir='ltr'><strong>die</strong></span> <span class='ocrx_word' id='word_1_933' title='bbox 1985 5186 2019 5239; x_wconf 83' lang='lat'><strong>5</strong></span> 
     </span>
    </p>
   </div>
   <div class='ocr_carea' id='block_1_130' title="bbox 437 5246 2015 5323">
    <p class='ocr_par' dir='ltr' id='par_1_130' title="bbox 437 5246 2015 5323">
     <span class='ocr_line' id='line_1_131' title="bbox 437 5246 2015 5323; baseline 0.001 -19"><span class='ocrx_word' id='word_1_934' title='bbox 437 5246 582 5323; x_wconf 76' lang='lat' dir='ltr'><strong>blaii,</strong></span> <span class='ocrx_word' id='word_1_935' title='bbox 613 5264 716 5317; x_wconf 88' lang='lat' dir='ltr'><strong>qua</strong></span> <span class='ocrx_word' id='word_1_936' title='bbox 753 5248 860 5323; x_wconf 75' lang='lat' dir='ltr'><strong>Leo</strong></span> <span class='ocrx_word' id='word_1_937' title='bbox 881 5246 975 5323; x_wconf 89' lang='lat' dir='ltr'><strong>_de</strong></span> <span class='ocrx_word' id='word_1_938' title='bbox 1005 5248 1245 5323; x_wconf 73' lang='lat' dir='ltr'><strong>Anatolii</strong></span> <span class='ocrx_word' id='word_1_939' title='bbox 1277 5253 1603 5323; x_wconf 74' lang='lat' dir='ltr'><strong>successoris</strong></span> <span class='ocrx_word' id='word_1_940' title='bbox 1633 5253 1748 5323; x_wconf 86' lang='lat' dir='ltr'><strong>ejus</strong></span> <span class='ocrx_word' id='word_1_941' title='bbox 1795 5254 2015 5307; x_wconf 80' lang='lat' dir='ltr'><strong>ordina-</strong></span> 
     </span>
    </p>
   </div>
   <div class='ocr_carea' id='block_1_131' title="bbox 439 5317 2016 5385">
    <p class='ocr_par' dir='ltr' id='par_1_131' title="bbox 439 5317 2016 5385">
     <span class='ocr_line' id='line_1_132' title="bbox 439 5317 2016 5385; baseline 0.001 -13"><span class='ocrx_word' id='word_1_942' title='bbox 439 5322 581 5375; x_wconf 87' lang='lat' dir='ltr'><strong>tione</strong></span> <span class='ocrx_word' id='word_1_943' title='bbox 607 5319 1058 5374; x_wconf 89' lang='lat' dir='ltr'><strong>consultationem</strong></span> <span class='ocrx_word' id='word_1_944' title='bbox 1091 5317 1292 5385; x_wconf 86' lang='lat' dir='ltr'><strong>habuit.</strong></span> <span class='ocrx_word' id='word_1_945' title='bbox 1323 5319 1457 5376; x_wconf 82' lang='lat' dir='ltr'><strong>Hinc</strong></span> <span class='ocrx_word' id='word_1_946' title='bbox 1486 5317 1677 5377; x_wconf 81' lang='lat' dir='ltr'><strong>falsum</strong></span> <span class='ocrx_word' id='word_1_947' title='bbox 1704 5335 1786 5379; x_wconf 89' lang='lat' dir='ltr'><strong>est</strong></span> <span class='ocrx_word' id='word_1_948' title='bbox 1813 5333 1868 5378; x_wconf 89' lang='lat' dir='ltr'><strong>et</strong></span> <span class='ocrx_word' id='word_1_949' title='bbox 1889 5323 2016 5376; x_wconf 76' lang='lat' dir='ltr'><strong>Fla-</strong></span> 
     </span>
    </p>
   </div>
   <div class='ocr_carea' id='block_1_132' title="bbox 437 5389 2017 5456">
    <p class='ocr_par' dir='ltr' id='par_1_132' title="bbox 437 5389 2017 5456">
     <span class='ocr_line' id='line_1_133' title="bbox 437 5389 2017 5456; baseline 0.004 -14"><span class='ocrx_word' id='word_1_950' title='bbox 437 5392 576 5446; x_wconf 89' lang='lat' dir='ltr'><strong>viani</strong></span> <span class='ocrx_word' id='word_1_951' title='bbox 607 5391 838 5456; x_wconf 87' lang='lat' dir='ltr'><strong>obitum,</strong></span> <span class='ocrx_word' id='word_1_952' title='bbox 883 5398 938 5445; x_wconf 88' lang='lat' dir='ltr'><strong>et</strong></span> <span class='ocrx_word' id='word_1_953' title='bbox 979 5389 1292 5446; x_wconf 87' lang='lat' dir='ltr'><strong>electionem</strong></span> <span class='ocrx_word' id='word_1_954' title='bbox 1339 5392 1570 5447; x_wconf 88' lang='lat' dir='ltr'><strong>Anatolii</strong></span> <span class='ocrx_word' id='word_1_955' title='bbox 1601 5393 1836 5451; x_wconf 88' lang='lat' dir='ltr'><strong>Leonem</strong></span> <span class='ocrx_word' id='word_1_956' title='bbox 1880 5394 2017 5448; x_wconf 86' lang='lat' dir='ltr'><strong>didi-</strong></span> 
     </span>
    </p>
   </div>
   <div class='ocr_carea' id='block_1_133' title="bbox 436 5460 2014 5534">
    <p class='ocr_par' dir='ltr' id='par_1_133' title="bbox 436 5460 2014 5534">
     <span class='ocr_line' id='line_1_134' title="bbox 436 5460 2014 5534; baseline 0.001 -17"><span class='ocrx_word' id='word_1_957' title='bbox 436 5463 576 5518; x_wconf 90' lang='lat' dir='ltr'><strong>cisse</strong></span> <span class='ocrx_word' id='word_1_958' title='bbox 602 5479 703 5516; x_wconf 84' lang='lat' dir='ltr'><strong>non</strong></span> <span class='ocrx_word' id='word_1_959' title='bbox 733 5461 905 5517; x_wconf 86' lang='lat' dir='ltr'><strong>multis</strong></span> <span class='ocrx_word' id='word_1_960' title='bbox 930 5471 1047 5534; x_wconf 80' lang='lat' dir='ltr'><strong>ante</strong></span> <span class='ocrx_word' id='word_1_961' title='bbox 1085 5463 1150 5518; x_wconf 79' lang='lat' dir='ltr'><strong>l6</strong></span> <span class='ocrx_word' id='word_1_962' title='bbox 1177 5460 1309 5516; x_wconf 80' lang='lat' dir='ltr'><strong>Julii</strong></span> <span class='ocrx_word' id='word_1_963' title='bbox 1338 5463 1532 5517; x_wconf 87' lang='lat' dir='ltr'><strong>diebus.</strong></span> <span class='ocrx_word' id='word_1_964' title='bbox 1570 5465 1764 5520; x_wconf 90' lang='lat' dir='ltr'><strong>Verum</strong></span> <span class='ocrx_word' id='word_1_965' title='bbox 1798 5465 2014 5534; x_wconf 90' lang='lat' dir='ltr'><strong>quidem</strong></span> 
     </span>
    </p>
   </div>
   <div class='ocr_carea' id='block_1_134' title="bbox 437 5532 2018 5604">
    <p class='ocr_par' dir='ltr' id='par_1_134' title="bbox 437 5532 2018 5604">
     <span class='ocr_line' id='line_1_135' title="bbox 437 5532 2018 5604; baseline 0.003 -18"><span class='ocrx_word' id='word_1_966' title='bbox 437 5545 517 5586; x_wconf 84' lang='lat' dir='ltr'><strong>est</strong></span> <span class='ocrx_word' id='word_1_967' title='bbox 553 5534 651 5586; x_wconf 90' lang='lat' dir='ltr'><strong>hac</strong></span> <span class='ocrx_word' id='word_1_968' title='bbox 679 5535 910 5602; x_wconf 89' lang='lat' dir='ltr'><strong>primum</strong></span> <span class='ocrx_word' id='word_1_969' title='bbox 938 5532 1026 5604; x_wconf 83' lang='lat' dir='ltr'><strong>die</strong></span> <span class='ocrx_word' id='word_1_970' title='bbox 1053 5534 1356 5601; x_wconf 76' lang='lat' dir='ltr'><strong>pontificem</strong></span> <span class='ocrx_word' id='word_1_971' title='bbox 1398 5535 1742 5604; x_wconf 83' lang='lat' dir='ltr'><strong>reSpondisse</strong></span> <span class='ocrx_word' id='word_1_972' title='bbox 1774 5532 2018 5604; x_wconf 86' lang='lat' dir='ltr'><strong>epistolis</strong></span> 
     </span>
    </p>
   </div>
   <div class='ocr_carea' id='block_1_135' title="bbox 438 5603 2016 5675">
    <p class='ocr_par' dir='ltr' id='par_1_135' title="bbox 438 5603 2016 5675">
     <span class='ocr_line' id='line_1_136' title="bbox 438 5603 2016 5675; baseline 0.003 -20"><span class='ocrx_word' id='word_1_973' title='bbox 438 5619 557 5671; x_wconf 71' lang='lat' dir='ltr'><strong>qua:</strong></span> <span class='ocrx_word' id='word_1_974' title='bbox 584 5604 888 5659; x_wconf 86' lang='lat' dir='ltr'><strong>Anatolium</strong></span> <span class='ocrx_word' id='word_1_975' title='bbox 922 5603 1223 5658; x_wconf 88' lang='lat' dir='ltr'><strong>ordinatum</strong></span> <span class='ocrx_word' id='word_1_976' title='bbox 1255 5603 1667 5660; x_wconf 85' lang='lat' dir='ltr'><strong>nuntiaverant:</strong></span> <span class='ocrx_word' id='word_1_977' title='bbox 1705 5618 1759 5662; x_wconf 90' lang='lat' dir='ltr'><strong>at</strong></span> <span class='ocrx_word' id='word_1_978' title='bbox 1791 5603 2016 5675; x_wconf 84' lang='lat' dir='ltr'><strong>respon-</strong></span> 
     </span>
    </p>
   </div>
   <div class='ocr_carea' id='block_1_136' title="bbox 439 5675 2014 5744">
    <p class='ocr_par' dir='ltr' id='par_1_136' title="bbox 439 5675 2014 5744">
     <span class='ocr_line' id='line_1_137' title="bbox 439 5675 2014 5744; baseline 0.005 -18"><span class='ocrx_word' id='word_1_979' title='bbox 439 5677 643 5744; x_wconf 87' lang='lat' dir='ltr'><strong>sionem</strong></span> <span class='ocrx_word' id='word_1_980' title='bbox 695 5675 743 5728; x_wconf 90' lang='lat' dir='ltr'><strong>in</strong></span> <span class='ocrx_word' id='word_1_981' title='bbox 775 5676 977 5744; x_wconf 87' lang='lat' dir='ltr'><strong>aliquot</strong></span> <span class='ocrx_word' id='word_1_982' title='bbox 1004 5689 1215 5730; x_wconf 88' lang='lat' dir='ltr'><strong>menses</strong></span> <span class='ocrx_word' id='word_1_983' title='bbox 1257 5677 1527 5732; x_wconf 85' lang='lat' dir='ltr'><strong>distulisse</strong></span> <span class='ocrx_word' id='word_1_984' title='bbox 1558 5677 1785 5733; x_wconf 91' lang='lat' dir='ltr'><strong>vidimus</strong></span> <span class='ocrx_word' id='word_1_985' title='bbox 1825 5687 2014 5734; x_wconf 93' lang='lat' dir='ltr'><strong>annot.</strong></span> 
     </span>
    </p>
   </div>
   <div class='ocr_carea' id='block_1_137' title="bbox 438 5743 2020 5871">
    <p class='ocr_par' dir='ltr' id='par_1_137' title="bbox 438 5743 2020 5871">
     <span class='ocr_line' id='line_1_138' title="bbox 438 5743 2020 5871; baseline 0.007 -78"><span class='ocrx_word' id='word_1_986' title='bbox 438 5743 642 5871; x_wconf 55' lang='grc' dir='ltr'><strong>ῗμὰοε,</strong></span> <span class='ocrx_word' id='word_1_987' title='bbox 676 5746 812 5870; x_wconf 58' lang='lat' dir='ltr'><strong>clit.),</strong></span> <span class='ocrx_word' id='word_1_988' title='bbox 842 5743 980 5815; x_wconf 74' lang='lat' dir='ltr'><strong>quae,</strong></span> <span class='ocrx_word' id='word_1_989' title='bbox 1013 5753 1074 5800; x_wconf 90' lang='lat' dir='ltr'><strong>ut</strong></span> <span class='ocrx_word' id='word_1_990' title='bbox 1103 5747 1218 5803; x_wconf 73' lang='lat' dir='ltr'><strong>haec</strong></span> <span class='ocrx_word' id='word_1_991' title='bbox 1242 5749 1418 5804; x_wconf 88' lang='lat' dir='ltr'><strong>omnia</strong></span> <span class='ocrx_word' id='word_1_992' title='bbox 1448 5749 1829 5821; x_wconf 71' lang='lat' dir='ltr'><strong>intelligantur,</strong></span> <span class='ocrx_word' id='word_1_993' title='bbox 1861 5764 2020 5806; x_wconf 67' lang='lat' dir='ltr'><strong>reno-</strong></span> 
     </span>
     <span class='ocr_line' id='line_1_139' title="bbox 462 5829 724 5870; baseline 0.004 -1"><span class='ocrx_word' id='word_1_994' title='bbox 462 5830 526 5870; x_wconf 83' lang='lat' dir='ltr'><strong>en</strong></span> <span class='ocrx_word' id='word_1_995' title='bbox 569 5830 600 5869; x_wconf 85' lang='lat' dir='ltr'><strong>a</strong></span> <span class='ocrx_word' id='word_1_996' title='bbox 625 5829 681 5870; x_wconf 82' lang='lat' dir='ltr'><strong>es</strong></span> <span class='ocrx_word' id='word_1_997' title='bbox 713 5856 724 5870; x_wconf 92' lang='lat'><strong>.</strong></span> 
     </span>
    </p>
   </div>
   <div class='ocr_carea' id='block_1_138' title="bbox 462 5824 724 5870">
    <p class='ocr_par' dir='ltr' id='par_1_138' title="bbox 462 5824 724 5870">
     <span class='ocr_line' id='line_1_140' title="bbox 462 5824 724 5870; baseline 0.004 -1"><span class='ocrx_word' id='word_1_998' title='bbox 462 5824 600 5870; x_wconf 81' lang='lat' dir='ltr'><strong>enda</strong></span> <span class='ocrx_word' id='word_1_999' title='bbox 625 5824 724 5870; x_wconf 75' lang='grc' dir='ltr'><strong>εει.</strong></span> 
     </span>
    </p>
   </div>
   <div class='ocr_carea' id='block_1_139' title="bbox 2207 4972 3718 5044">
    <p class='ocr_par' dir='ltr' id='par_1_139' title="bbox 2207 4972 3718 5044">
     <span class='ocr_line' id='line_1_141' title="bbox 2207 4972 3718 5044; baseline 0.003 -18"><span class='ocrx_word' id='word_1_1000' title='bbox 2207 4972 2280 5044; x_wconf 90' lang='lat' dir='ltr'><strong>(b)</strong></span> <span class='ocrx_word' id='word_1_1001' title='bbox 2303 4973 2411 5029; x_wconf 89' lang='lat' dir='ltr'><strong>Diei</strong></span> <span class='ocrx_word' id='word_1_1002' title='bbox 2434 4973 2500 5028; x_wconf 86' lang='grc'><strong>18</strong></span> <span class='ocrx_word' id='word_1_1003' title='bbox 2521 4974 2754 5028; x_wconf 87' lang='lat' dir='ltr'><strong>Januarii</strong></span> <span class='ocrx_word' id='word_1_1004' title='bbox 2785 4974 2942 5043; x_wconf 84' lang='lat' dir='ltr'><strong>ltdjus</strong></span> <span class='ocrx_word' id='word_1_1005' title='bbox 2959 4977 3076 5028; x_wconf 89' lang='lat' dir='ltr'><strong>anni</strong></span> <span class='ocrx_word' id='word_1_1006' title='bbox 3103 4976 3208 5031; x_wconf 64' lang='lat' dir='ltr'><strong>J50</strong></span> <span class='ocrx_word' id='word_1_1007' title='bbox 3227 4976 3468 5031; x_wconf 81' lang='lat' dir='ltr'><strong>Flaviani</strong></span> <span class='ocrx_word' id='word_1_1008' title='bbox 3488 4989 3718 5033; x_wconf 86' lang='lat' dir='ltr'><strong>mortem</strong></span> 
     </span>
    </p>
   </div>
   <div class='ocr_carea' id='block_1_140' title="bbox 2129 5045 3717 5117">
    <p class='ocr_par' dir='ltr' id='par_1_140' title="bbox 2129 5045 3717 5117">
     <span class='ocr_line' id='line_1_142' title="bbox 2129 5045 3717 5117; baseline 0.003 -20"><span class='ocrx_word' id='word_1_1009' title='bbox 2129 5045 2392 5114; x_wconf 82' lang='lat' dir='ltr'><strong>assignari</strong></span> <span class='ocrx_word' id='word_1_1010' title='bbox 2427 5063 2530 5098; x_wconf 91' lang='lat' dir='ltr'><strong>non</strong></span> <span class='ocrx_word' id='word_1_1011' title='bbox 2567 5061 2735 5117; x_wconf 84' lang='lat' dir='ltr'><strong>posse</strong></span> <span class='ocrx_word' id='word_1_1012' title='bbox 2759 5088 2773 5111; x_wconf 92' lang='lat'><strong>,</strong></span> <span class='ocrx_word' id='word_1_1013' title='bbox 2821 5049 2930 5117; x_wconf 90' lang='lat' dir='ltr'><strong>ipsa</strong></span> <span class='ocrx_word' id='word_1_1014' title='bbox 2965 5048 3197 5102; x_wconf 79' lang='lat' dir='ltr'><strong>Anatolii</strong></span> <span class='ocrx_word' id='word_1_1015' title='bbox 3243 5051 3574 5104; x_wconf 85' lang='lat' dir='ltr'><strong>successoris</strong></span> <span class='ocrx_word' id='word_1_1016' title='bbox 3604 5051 3717 5103; x_wconf 87' lang='lat' dir='ltr'><strong>cle-</strong></span> 
     </span>
    </p>
   </div>
   <div class='ocr_carea' id='block_1_141' title="bbox 2129 5116 3720 5184">
    <p class='ocr_par' dir='ltr' id='par_1_141' title="bbox 2129 5116 3720 5184">
     <span class='ocr_line' id='line_1_143' title="bbox 2129 5116 3720 5184; baseline 0.004 -16"><span class='ocrx_word' id='word_1_1017' title='bbox 2129 5117 2236 5169; x_wconf 89' lang='lat' dir='ltr'><strong>ctio</strong></span> <span class='ocrx_word' id='word_1_1018' title='bbox 2265 5156 2278 5179; x_wconf 90' lang='lat'><strong>,</strong></span> <span class='ocrx_word' id='word_1_1019' title='bbox 2309 5133 2425 5184; x_wconf 68' lang='lat' dir='ltr'><strong>quae</strong></span> <span class='ocrx_word' id='word_1_1020' title='bbox 2473 5116 2660 5170; x_wconf 89' lang='lat' dir='ltr'><strong>incidit</strong></span> <span class='ocrx_word' id='word_1_1021' title='bbox 2690 5118 2739 5170; x_wconf 93' lang='lat' dir='ltr'><strong>in</strong></span> <span class='ocrx_word' id='word_1_1022' title='bbox 2775 5116 2933 5172; x_wconf 84' lang='lat' dir='ltr'><strong>linem</strong></span> <span class='ocrx_word' id='word_1_1023' title='bbox 2968 5124 3091 5171; x_wconf 83' lang='lat' dir='ltr'><strong>anni</strong></span> <span class='ocrx_word' id='word_1_1024' title='bbox 3124 5117 3250 5181; x_wconf 73' lang='grc'><strong>449,</strong></span> <span class='ocrx_word' id='word_1_1025' title='bbox 3291 5121 3549 5174; x_wconf 88' lang='lat' dir='ltr'><strong>ostendit.</strong></span> <span class='ocrx_word' id='word_1_1026' title='bbox 3592 5121 3650 5172; x_wconf 53' lang='lat' dir='ltr'><strong>\‘i</strong></span> <span class='ocrx_word' id='word_1_1027' title='bbox 3678 5135 3720 5175; x_wconf 71' lang='lat' dir='ltr'><strong>&#39;e</strong></span> 
     </span>
    </p>
   </div>
   <div class='ocr_carea' id='block_1_142' title="bbox 2127 5187 3715 5261">
    <p class='ocr_par' dir='ltr' id='par_1_142' title="bbox 2127 5187 3715 5261">
     <span class='ocr_line' id='line_1_144' title="bbox 2127 5187 3715 5261; baseline 0.004 -23"><span class='ocrx_word' id='word_1_1028' title='bbox 2127 5201 2246 5261; x_wconf 49' lang='lat' dir='ltr'><strong>quin</strong></span> <span class='ocrx_word' id='word_1_1029' title='bbox 2277 5187 2344 5240; x_wconf 92' lang='lat' dir='ltr'><strong>de</strong></span> <span class='ocrx_word' id='word_1_1030' title='bbox 2376 5195 2616 5261; x_wconf 84' lang='lat' dir='ltr'><strong>tempore</strong></span> <span class='ocrx_word' id='word_1_1031' title='bbox 2641 5190 2794 5257; x_wconf 88' lang='lat' dir='ltr'><strong>hujus</strong></span> <span class='ocrx_word' id='word_1_1032' title='bbox 2820 5194 3008 5245; x_wconf 86' lang='lat' dir='ltr'><strong>mortis</strong></span> <span class='ocrx_word' id='word_1_1033' title='bbox 3028 5190 3260 5245; x_wconf 80' lang='lat' dir='ltr'><strong>diximus</strong></span> <span class='ocrx_word' id='word_1_1034' title='bbox 3285 5201 3470 5245; x_wconf 83' lang='lat' dir='ltr'><strong>anttot.</strong></span> <span class='ocrx_word' id='word_1_1035' title='bbox 3511 5193 3535 5246; x_wconf 85' lang='grc'><strong>1</strong></span> <span class='ocrx_word' id='word_1_1036' title='bbox 3578 5189 3715 5261; x_wconf 76' lang='lat' dir='ltr'><strong>(Cal.</strong></span> 
     </span>
    </p>
   </div>
   <div class='ocr_carea' id='block_1_143' title="bbox 2125 5255 3178 5328">
    <p class='ocr_par' dir='ltr' id='par_1_143' title="bbox 2125 5255 3178 5328">
     <span class='ocr_line' id='line_1_145' title="bbox 2125 5255 3178 5328; baseline 0.004 -20"><span class='ocrx_word' id='word_1_1037' title='bbox 2125 5255 2253 5320; x_wconf 70' lang='lat'><strong>2&#39;20,</strong></span> <span class='ocrx_word' id='word_1_1038' title='bbox 2286 5274 2338 5328; x_wconf 86' lang='lat' dir='ltr'><strong>n_.</strong></span> <span class='ocrx_word' id='word_1_1039' title='bbox 2375 5257 2426 5327; x_wconf 74' lang='grc' dir='ltr'><strong>ο)</strong></span> <span class='ocrx_word' id='word_1_1040' title='bbox 2459 5255 2509 5310; x_wconf 79' lang='lat' dir='ltr'><strong>in</strong></span> <span class='ocrx_word' id='word_1_1041' title='bbox 2540 5255 2740 5312; x_wconf 85' lang='lat' dir='ltr'><strong>annum</strong></span> <span class='ocrx_word' id='word_1_1042' title='bbox 2767 5261 3178 5328; x_wconf 62' lang='lat' dir='ltr'><strong>praecedentem.</strong></span> 
     </span>
    </p>
   </div>
   <div class='ocr_carea' id='block_1_144' title="bbox 2199 5326 3715 5398">
    <p class='ocr_par' dir='ltr' id='par_1_144' title="bbox 2199 5326 3715 5398">
     <span class='ocr_line' id='line_1_146' title="bbox 2199 5326 3715 5398; baseline 0.003 -19"><span class='ocrx_word' id='word_1_1043' title='bbox 2199 5327 2270 5397; x_wconf 83' lang='lat' dir='ltr'><strong>(c)</strong></span> <span class='ocrx_word' id='word_1_1044' title='bbox 2300 5326 2664 5398; x_wconf 88' lang='lat' dir='ltr'><strong>Chrysaphius</strong></span> <span class='ocrx_word' id='word_1_1045' title='bbox 2699 5326 2804 5384; x_wconf 84' lang='lat' dir='ltr'><strong>non</strong></span> <span class='ocrx_word' id='word_1_1046' title='bbox 2846 5347 2874 5384; x_wconf 91' lang='lat' dir='ltr'><strong>a</strong></span> <span class='ocrx_word' id='word_1_1047' title='bbox 2909 5331 3212 5386; x_wconf 89' lang='lat' dir='ltr'><strong>Theodosio</strong></span> <span class='ocrx_word' id='word_1_1048' title='bbox 3261 5333 3548 5390; x_wconf 88' lang='lat' dir='ltr'><strong>mulctatus</strong></span> <span class='ocrx_word' id='word_1_1049' title='bbox 3597 5333 3715 5396; x_wconf 88' lang='lat' dir='ltr'><strong>fuit,</strong></span> 
     </span>
    </p>
   </div>
   <div class='ocr_carea' id='block_1_145' title="bbox 2125 5398 3722 5470">
    <p class='ocr_par' dir='ltr' id='par_1_145' title="bbox 2125 5398 3722 5470">
     <span class='ocr_line' id='line_1_147' title="bbox 2125 5398 3722 5470; baseline 0.002 -19"><span class='ocrx_word' id='word_1_1050' title='bbox 2125 5398 2221 5453; x_wconf 86' lang='lat' dir='ltr'><strong>sed</strong></span> <span class='ocrx_word' id='word_1_1051' title='bbox 2247 5409 2364 5467; x_wconf 89' lang='lat' dir='ltr'><strong>post</strong></span> <span class='ocrx_word' id='word_1_1052' title='bbox 2391 5402 2504 5466; x_wconf 87' lang='lat' dir='ltr'><strong>ejus</strong></span> <span class='ocrx_word' id='word_1_1053' title='bbox 2532 5410 2780 5455; x_wconf 87' lang='lat' dir='ltr'><strong>mortem.</strong></span> <span class='ocrx_word' id='word_1_1054' title='bbox 2813 5401 3127 5458; x_wconf 82' lang='lat' dir='ltr'><strong>Theodorus</strong></span> <span class='ocrx_word' id='word_1_1055' title='bbox 3157 5403 3346 5470; x_wconf 88' lang='lat' dir='ltr'><strong>lector,</strong></span> <span class='ocrx_word' id='word_1_1056' title='bbox 3375 5415 3428 5459; x_wconf 91' lang='lat' dir='ltr'><strong>et</strong></span> <span class='ocrx_word' id='word_1_1057' title='bbox 3454 5405 3722 5458; x_wconf 82' lang='lat' dir='ltr'><strong>Marcelli-</strong></span> 
     </span>
    </p>
   </div>
   <div class='ocr_carea' id='block_1_146' title="bbox 2127 5471 3722 5540">
    <p class='ocr_par' dir='ltr' id='par_1_146' title="bbox 2127 5471 3722 5540">
     <span class='ocr_line' id='line_1_148' title="bbox 2127 5471 3722 5540; baseline 0.004 -18"><span class='ocrx_word' id='word_1_1058' title='bbox 2127 5485 2227 5523; x_wconf 91' lang='lat' dir='ltr'><strong>nus</strong></span> <span class='ocrx_word' id='word_1_1059' title='bbox 2259 5483 2442 5524; x_wconf 91' lang='lat' dir='ltr'><strong>necem</strong></span> <span class='ocrx_word' id='word_1_1060' title='bbox 2471 5471 2588 5540; x_wconf 79' lang='lat' dir='ltr'><strong>ejus</strong></span> <span class='ocrx_word' id='word_1_1061' title='bbox 2610 5471 2905 5527; x_wconf 72' lang='lat' dir='ltr'><strong>Pulcheria:</strong></span> <span class='ocrx_word' id='word_1_1062' title='bbox 2935 5473 3192 5529; x_wconf 89' lang='lat' dir='ltr'><strong>tribuunt.</strong></span> <span class='ocrx_word' id='word_1_1063' title='bbox 3222 5473 3405 5530; x_wconf 87' lang='lat' dir='ltr'><strong>Victor</strong></span> <span class='ocrx_word' id='word_1_1064' title='bbox 3427 5475 3722 5528; x_wconf 84' lang='lat' dir='ltr'><strong>Tunoncn-</strong></span> 
     </span>
    </p>
   </div>
   <div class='ocr_carea' id='block_1_147' title="bbox 2125 5541 3719 5612">
    <p class='ocr_par' dir='ltr' id='par_1_147' title="bbox 2125 5541 3719 5612">
     <span class='ocr_line' id='line_1_149' title="bbox 2125 5541 3719 5612; baseline 0.002 -18"><span class='ocrx_word' id='word_1_1065' title='bbox 2125 5545 2200 5594; x_wconf 88' lang='lat' dir='ltr'><strong>sis</strong></span> <span class='ocrx_word' id='word_1_1066' title='bbox 2226 5551 2277 5595; x_wconf 91' lang='lat' dir='ltr'><strong>et</strong></span> <span class='ocrx_word' id='word_1_1067' title='bbox 2310 5541 2539 5609; x_wconf 88' lang='lat' dir='ltr'><strong>Prosper</strong></span> <span class='ocrx_word' id='word_1_1068' title='bbox 2565 5558 2682 5598; x_wconf 90' lang='lat' dir='ltr'><strong>eam</strong></span> <span class='ocrx_word' id='word_1_1069' title='bbox 2714 5546 3054 5612; x_wconf 72' lang='lat' dir='ltr'><strong>przecessisse</strong></span> <span class='ocrx_word' id='word_1_1070' title='bbox 3083 5547 3268 5599; x_wconf 88' lang='lat' dir='ltr'><strong>dicunt</strong></span> <span class='ocrx_word' id='word_1_1071' title='bbox 3292 5546 3542 5601; x_wconf 88' lang='lat' dir='ltr'><strong>electi0ni</strong></span> <span class='ocrx_word' id='word_1_1072' title='bbox 3582 5547 3719 5599; x_wconf 78' lang='lat' dir='ltr'><strong>illar-</strong></span> 
     </span>
    </p>
   </div>
   <div class='ocr_carea' id='block_1_148' title="bbox 2125 5612 3720 5671">
    <p class='ocr_par' dir='ltr' id='par_1_148' title="bbox 2125 5612 3720 5671">
     <span class='ocr_line' id='line_1_150' title="bbox 2125 5612 3720 5671; baseline 0.003 -6"><span class='ocrx_word' id='word_1_1073' title='bbox 2125 5614 2283 5666; x_wconf 90' lang='lat' dir='ltr'><strong>ciani.</strong></span> <span class='ocrx_word' id='word_1_1074' title='bbox 2325 5612 2379 5665; x_wconf 92' lang='lat' dir='ltr'><strong>lu</strong></span> <span class='ocrx_word' id='word_1_1075' title='bbox 2417 5612 2684 5667; x_wconf 83' lang='lat' dir='ltr'><strong>Chronico</strong></span> <span class='ocrx_word' id='word_1_1076' title='bbox 2727 5615 3091 5669; x_wconf 78' lang='lat' dir='ltr'><strong>Alexandrino</strong></span> <span class='ocrx_word' id='word_1_1077' title='bbox 3134 5617 3445 5671; x_wconf 86' lang='lat' dir='ltr'><strong>interfectus</strong></span> <span class='ocrx_word' id='word_1_1078' title='bbox 3489 5617 3720 5671; x_wconf 71' lang='lat' dir='ltr'><strong>traditur</strong></span> 
     </span>
    </p>
   </div>
   <div class='ocr_carea' id='block_1_149' title="bbox 2123 5683 3718 5755">
    <p class='ocr_par' dir='ltr' id='par_1_149' title="bbox 2123 5683 3718 5755">
     <span class='ocr_line' id='line_1_151' title="bbox 2123 5683 3718 5755; baseline 0.003 -19"><span class='ocrx_word' id='word_1_1079' title='bbox 2123 5683 2190 5755; x_wconf 79' lang='lat' dir='ltr'><strong>in</strong></span> <span class='ocrx_word' id='word_1_1080' title='bbox 2207 5692 2360 5755; x_wconf 77' lang='lat' dir='ltr'><strong>porta</strong></span> <span class='ocrx_word' id='word_1_1081' title='bbox 2383 5684 2572 5755; x_wconf 72' lang='lat' dir='ltr'><strong>(regite</strong></span> <span class='ocrx_word' id='word_1_1082' title='bbox 2597 5685 2766 5755; x_wconf 88' lang='lat' dir='ltr'><strong>urbis)</strong></span> <span class='ocrx_word' id='word_1_1083' title='bbox 2789 5703 2900 5754; x_wconf 77' lang='lat' dir='ltr'><strong>quw</strong></span> <span class='ocrx_word' id='word_1_1084' title='bbox 2921 5688 3060 5739; x_wconf 76' lang='lat' dir='ltr'><strong>ducit</strong></span> <span class='ocrx_word' id='word_1_1085' title='bbox 3084 5688 3150 5740; x_wconf 84' lang='lat' dir='ltr'><strong>ad</strong></span> <span class='ocrx_word' id='word_1_1086' title='bbox 3175 5687 3556 5742; x_wconf 82' lang='lat' dir='ltr'><strong>Melantiadem.</strong></span> <span class='ocrx_word' id='word_1_1087' title='bbox 3586 5689 3718 5751; x_wconf 63' lang='lat' dir='ltr'><strong>Quae</strong></span> 
     </span>
    </p>
   </div>
   <div class='ocr_carea' id='block_1_150' title="bbox 2125 5753 3718 5827">
    <p class='ocr_par' dir='ltr' id='par_1_150' title="bbox 2125 5753 3718 5827">
     <span class='ocr_line' id='line_1_152' title="bbox 2125 5753 3718 5827; baseline 0.001 -18"><span class='ocrx_word' id='word_1_1088' title='bbox 2125 5753 2399 5827; x_wconf 78' lang='lat' dir='ltr'><strong>igitur_l_t_ie</strong></span> <span class='ocrx_word' id='word_1_1089' title='bbox 2425 5765 2709 5827; x_wconf 80' lang='lat' dir='ltr'><strong>narrantur</strong></span> <span class='ocrx_word' id='word_1_1090' title='bbox 2733 5753 2806 5811; x_wconf 66' lang='lat' dir='ltr'><strong>ex</strong></span> <span class='ocrx_word' id='word_1_1091' title='bbox 2832 5759 3222 5825; x_wconf 83' lang='lat' dir='ltr'><strong>posterioribus</strong></span> <span class='ocrx_word' id='word_1_1092' title='bbox 3251 5757 3454 5814; x_wconf 68' lang='lat' dir='ltr'><strong>Graecis</strong></span> <span class='ocrx_word' id='word_1_1093' title='bbox 3483 5759 3718 5827; x_wconf 87' lang='lat' dir='ltr'><strong>scripto-</strong></span> 
     </span>
    </p>
   </div>
   <div class='ocr_carea' id='block_1_151' title="bbox 2121 5824 3715 5901">
    <p class='ocr_par' dir='ltr' id='par_1_151' title="bbox 2121 5824 3715 5901">
     <span class='ocr_line' id='line_1_153' title="bbox 2121 5824 3715 5901; baseline 0.003 -21"><span class='ocrx_word' id='word_1_1094' title='bbox 2121 5825 2272 5881; x_wconf 80' lang='lat' dir='ltr'><strong>ribus</strong></span> <span class='ocrx_word' id='word_1_1095' title='bbox 2293 5824 2592 5897; x_wconf 81' lang='lat' dir='ltr'><strong>Nicephoto</strong></span> <span class='ocrx_word' id='word_1_1096' title='bbox 2609 5837 2770 5898; x_wconf 86' lang='lat' dir='ltr'><strong>atque</strong></span> <span class='ocrx_word' id='word_1_1097' title='bbox 2783 5824 3058 5898; x_wconf 79' lang='lat' dir='ltr'><strong>Gedreno,</strong></span> <span class='ocrx_word' id='word_1_1098' title='bbox 3085 5830 3338 5901; x_wconf 65' lang='lat' dir='ltr'><strong>prmferen</strong></span> <span class='ocrx_word' id='word_1_1099' title='bbox 3348 5830 3418 5887; x_wconf 79' lang='lat' dir='ltr'><strong>da</strong></span> <span class='ocrx_word' id='word_1_1100' title='bbox 3437 5843 3543 5887; x_wconf 83' lang='lat' dir='ltr'><strong>non</strong></span> <span class='ocrx_word' id='word_1_1101' title='bbox 3567 5824 3715 5885; x_wconf 82' lang='lat' dir='ltr'><strong>sunt.</strong></span> 
     </span>
    </p>
   </div>
  </div>
