3968 6308
526 250 628 305 247

992 243 1232 302 PASCH.
1273 243 1659 314 QUESNELLI
1702 243 2289 301 DISSERTATIONES
2331 244 2397 301 IN
2437 243 2494 300 S.
2534 241 2775 298 LEONIS
2813 240 3031 297 MAGNI
3067 239 3316 298 OPERA.

2423 173 2433 180 -
2456 159 2468 183 ν

3675 246 3768 300 948

519 365 766 420 hortatur
792 366 946 432 epist.
980 362 1049 418 65
1076 381 1087 416 :
1114 364 1354 416 Annitere
1387 363 1572 431 itaque,
1590 366 1746 428 frater
1770 360 2089 432 charissima,
2122 366 2169 423 Α
2199 361 2666 429 subscripserunt;
2718 360 2805 414 alii
2863 374 2957 427 per
3016 361 3296 415 tractorias
3340 375 3435 429 per
3483 363 3769 430 provincias

518 447 705 505 atque:
744 431 985 489 Ecclesia:
1018 433 1111 487 Dei
1150 443 1449 502 congruunt.
1479 432 1697 505 ﬁdeliter
1737 440 1783 484 et
1826 431 2092 500 eﬂicaciter

471 476 632 577 chun’i
676 509 753 560 Itis
783 507 1048 577 fratribus,
1072 522 1197 573 quos
1244 476 1397 560 (deith
1422 476 1559 557 σπίνω
1600 502 1811 556 idoneos
1853 476 2090 555 auctores

516 580 642 647 elegi
649 564 792 644 mus;
806 564 1115 644 exsequeris.

482 657 501 711 ἲ
587 642 773 717 Neque
827 648 906 699 his
936 642 1222 701 'eontraria
1271 656 1362 717 est
1399 644 1619 717 epistola
1665 642 1988 717 Theodoreti
2022 644 2089 697 ad

485 714 820 772 tAbundium
855 718 1103 786 legatum.
1126 718 1237 771 sive
1258 716 1415 769 notha
1441 715 1528 768 illa
1551 714 1641 779 sit,
1660 715 1772 768 sive
1798 729 2086 786 germana;

516 791 721 858 privata
760 785 1030 844 enim’fuit
1069 787 1413 848 Theodoreti,
1444 786 1549 840 Ihm
1595 794 1649 839 et
1694 786 1923 858 Aquilini
1964 785 2091 838 sub-

515 856 755 929 scriptio,
786 876 941 930 quam
980 865 1381 930 commemorat,
1408 868 1460 911 et
1492 872 1555 909 ex
1593 858 1810 924 preprio
1850 856 2087 930 ipsorum

515 926 750 986 consilio
771 926 922 991 nata;
956 947 1057 985 non
1101 928 1397 983 communis
1442 937 1494 982 et
1538 943 1602 980 ex
1649 928 1956 994 praescripto
1986 926 2091 994 pri-

517 1004 677 1059 matis
706 1005 847 1059 data.
881 1002 1011 1056 Tres
1037 1002 1109 1055 illi
1138 998 1349 1069 proprio
1379 998 1477 1052 sibi
1500 997 1741 1067 epistolae
1772 997 2090 1066 autigrapho

2200 432 2443 501 primatis
2484 432 2805 486 auctoritate
2845 439 2901 483 et
2938 432 3469 498 metroiiolitanorum
3512 448 3637 487 cura
3674 435 3769 490 cir-

2200 506 2511 556 cumductas
2545 504 2608 555 ad
2642 501 3091 570 subscriptionem
3123 503 3315 564 adacti,
3346 514 3401 558 et
3428 504 3478 555 in
3509 508 3769 560 communi

2200 576 2531 642 atttographo
2593 574 2834 627 ontnium
2905 572 3387 642 subscriptionibns
3448 574 3768 644 exeipiendis

2198 646 2465 700 destinato
2491 644 2886 699 satisfecerunt.

2201 758 2275 828 (α)
2307 774 2470 812 unus
2510 771 2715 828 canisrt
2754 758 2852 812 451
2881 772 2895 821 ;
2927 788 2996 797 -
3037 773 3219 813 LEONIS
3258 776 3406 814 parte
3459 760 3554 825 ης
3582 790 3653 801 —-
3690 778 3749 818 va

2272 844 2567 883 [.ENTINIANI
2608 827 2697 893 27,
2742 843 2989 883 uncum
3040 831 3064 884 I
3110 846 3175 884 ετ
3220 830 3278 892 2’,
3320 847 3506 898 IIPP.;
3550 860 3623 873 —
3650 848 3769 887 Ina-

2267 915 2422 954 CIANO
2460 915 2581 955 Αυς.
2624 915 2692 953 ΕΤ
2732 913 2991 954 Αυειριιιο
3028 915 3169 955 (2088.

2268 992 2309 1047 Ι.
2363 992 2647 1061 Imperium
2698 990 2922 1060 adeptus
2966 1008 3108 1047 anno
3164 994 3427 1063 superiori
3479 996 3769 1051 Marcianus

1605 1107 2157 1166 BALLERINIORUM
2198 1105 2740 1163 ANNOTATIONES.

588 1212 664 1282 (α)
693 1212 1021 1265 Breviarium
1052 1206 1766 1282 historico-ehronologicuni
1789 1206 1944 1282 huius
1971 1218 2097 1282 quo-

514 1275 616 1352 que
646 1275 784 1336 'anni
836 1281 969 1347 451,
1014 1292 1066 1334 ιιι
1118 1280 1387 1352 confusio
1414 1278 1628 1352 vitetur,
1664 1275 2093 1352 prmmittendnm

512 1344 613 1407 est.
645 1344 1217 1416 Constantin'oiiolitani
1265 1350 1468 1414 clerici,
1503 1350 1588 1413 qui
1632 1358 1751 1410 pou
1790 1344 2095 1400 Constanti-

512 1423 873 1489 n0politanain
916 1422 1179 1491 synodum
1227 1420 1457 1472 habitam
1492 1418 1591 1471 sub
1625 1417 1785 1491 finem
1812 1417 1934 1491 anni
1961 1430 2097 1483 prac-

515 1487 755 1548 cedentis
801 1487 1201 1546 transmiserant
1232 1507 1333 1543 una
1379 1504 1500 1542 cum
1545 1488 1708 1555 gestis
1738 1487 1977 1554 eiusdem
2008 1502 2095 1556 sy-

508 1565 634 1618 nodi
666 1580 785 1617 cum
820 1564 1114 1631 legatorum
1154 1563 1413 1614 relatione
1430 1568 1497 1631 iet
1539 1574 1656 1611 cum
1686 1557 1926 1631 epistolis
1956 1556 2093 1631 Mar-

511 1635 676 1699 ciani,
704 1628 1001 1686 Pulcheria:
1039 1642 1092 1686 et
1146 1632 1397 1691 Anatolii,
1429 1630 1652 1683 Romam
1686 1628 1993 1695 pervenisse
2013 1630 2090 1681 vi-

519 1707 717 1759 dentur
748 1718 852 1757 non
895 1704 1065 1757 multo
1105 1711 1223 1771 post
1251 1703 1457 1755 initium
1490 1700 1612 1753 anui
1647 1701 1941 1771 praesentis
1959 1699 2085 1753 451.

511 1776 590 1828 Ex
641 1776 703 1827 iis
748 1790 863 1844 quae
899 1769 1180 1828 Anatolius
1218 1781 1458 1842 gesserat
1499 1782 1550 1823 et
1589 1771 1895 1844 seripscrat,
1926 1769 2088 1844 Leoni

513 1840 839 1899 satisfactum
885 1844 1015 1909 fuit;
1048 1860 1109 1897 ac
1162 1840 1383 1913 proinde
1431 1844 1489 1913 is
1518 1842 1945 1894 communionem
1988 1840 2088 1913 ipsi

512 1916 748 1969 tribuere
771 1932 873 1969 non
895 1911 1172 1969 dubitavit.
1195 1912 1587 1968 Providendum
1611 1926 1738 1965 vero
1767 1922 1883 1965 erat
1901 1911 2086 1965 etaliis

508 1987 795 2053 episcoiiis,
826 1987 912 2055 qui
946 1986 1201 2054 impietati
1233 1994 1526 2047 cesserant,
1551 1982 1691 2055 etad
1719 1981 2087 2055 paenitentiam

511 2051 709 2111 reversi
763 2051 1193 2110 communionem
1240 2055 1550 2125 poscebant.
1588 2052 1768 2122 Legati
1819 2068 1939 2125 cum
1990 2051 2089 2125 hac

508 2126 576 2180 de
609 2143 687 2191 re,
718 2144 836 2194 qua:
882 2128 1165 2196 improvisa
1215 2124 1428 2191 accidit,
1468 2140 1571 2177 non
1603 2132 1784 2196 essent
1820 2124 2085 2188 instructi,

430 2252 446 2268 ρ
508 2211 609 2251 nec
656 2198 843 2251 idonea
887 2195 1135 2253 facultate
1177 2196 1504 2265 potirentur,
1551 2195 1897 2262 apostolicam
1942 2208 2088 2268 eom-

508 2270 813 2323 munionem
864 2268 1049 2321 iisdem
1110 2263 1406 2322 concedere
1454 2282 1557 2319 non
1615 2273 1919 2331 potuerunt.
1974 2263 2087 2316 Duo

508 2340 935 2392 constituerant:
973 2339 1199 2405 primum
1242 2350 1296 2392 ut
1335 2338 1714 2405 resipiscentes
1755 2334 1917 2405 487
1958 2350 2082 2388 sna-

506 2423 623 2461 rum
655 2410 863 2463 interim
916 2410 1273 2463 Ecclesiarum
1316 2417 1497 2463 essent
1538 2421 1914 2460 communione
1960 2422 2085 2455 iun-

510 2480 675 2545 tenti;
708 2481 898 2533 deinde
926 2497 991 2533 ne
1014 2482 1229 2534 nomina
1259 2479 1500 2533 Dioscori
1532 2479 1900 2540 Alexandrini,
1923 2474 2083 2530 Juve-

506 2550 644 2620 nalis
688 2550 1149 2620 Jerosolymitani,
1196 2562 1249 2604 et
1306 2549 1565 2603 Eustatltii
1615 2548 1941 2620 Berytcnsis,
1982 2548 2081 2620 Aqui

505 2619 721 2674 fuerunt
762 2617 1013 2689 Eplie'sini
1044 2620 1309 2675 latrocinii
1340 2621 1533 2687 capita,
1576 2618 1640 2670 ad
1681 2620 1847 2671 altare
1888 2617 2080 2689 reeita-

505 2700 711 2745 rentur.
740 2686 829 2745 His
860 2693 926 2745 de
954 2694 1132 2747 causis
1159 2693 1293 2744 alios
1328 2686 1531 2760 legatos
1560 2703 1679 2742 cum
1720 2686 1972 2760 congruis
2002 2686 2085 2740 in-

505 2761 889 2815 atructionibus
930 2772 983 2816 et
1010 2762 1347 2816 facultatibus
1385 2760 1713 2829 dirigendos,
1740 2769 1792 2811 et
1817 2760 2084 2813 Constan-

506 2830 874 2896 tinopolitanis
894 2832 1104 2886 clericis
1117 2831 1508 2887 revertentibus
1522 2829 1820 2897 iungendos
1843 2829 2081 2897 pontifex

505 2901 733 2956 censuit.
776 2902 1079 2957 Abundium
1113 2918 1239 2957 vero
1268 2911 1321 2955 et
1350 2904 1545 2965 socios,
1570 2916 1701 2969 quos
1728 2916 1884 2969 quam
1922 2900 2082 2954 citius

503 2973 888 3041 remigraturos
934 2982 1231 3041 acceperat,
1277 2971 1664 3041 exspectandos
1701 2971 1871 3034 duxit,
1908 2981 1963 3023 tit
2000 2985 2078 3041 ex

2203 1210 2565 1271 opportunum
2603 1210 2813 1271 tempus
2843 1214 2949 1271 non
2978 1213 3097 1255 esse
3128 1202 3408 1269 significat.
3432 1203 3525 1259 Die
3556 1204 3621 1257 19
3638 1206 3765 1259 Junii

2201 1269 2605 1325 ad'Anatolium
2633 1270 2779 1324 dedit
2807 1269 3089 1339 epistolam
3118 1272 3205 1326 87.
3240 1272 3316 1327 Ex
3358 1273 3458 1328 hac
3496 1282 3678 1328 autem
3708 1276 3770 1330 di-

2207 1344 2409 1415 s_cimu_s
2440 1340 2696 1415 Basilium
2726 1350 2779 1396 et
2807 1340 3065 1415 Joannem
3096 1343 3439 1415 presbyteros
3472 1345 3542 1399 ob
3569 1345 3770 1400 diluen-

2202 1412 2323 1466 dam
2353 1412 2724 1486 Eutychianm
2745 1413 2828 1486 vel
2853 1411 3186 1486 Nestoriante
3220 1411 3488 1469 hiereseos
3518 1417 3769 1486 suspiciu-

2201 1498 2322 1536 nem
2352 1482 2573 1536 Romam
2596 1482 2921 1553 confugisse.
2946 1484 3184 1552 Cumque
3211 1500 3332 1540 sese
3362 1486 3498 1553 apud
3528 1482 3770 1553 apostoli-

2202 1569 2316 1626 cam
2363 1555 2543 1608 sedem
2586 1553 2725 1626 ed_ita
2757 1551 2879 1608 fidei
2924 1551 3258 1626 professione
3290 1551 3634 1626 purgassem,
3666 1574 3769 1614 eos-

2199 1625 2320 1679 dem
2344 1640 2464 1678 cum
2484 1639 2612 1692 pace
2636 1624 2746 1678 Leo
2769 1624 2994 1689 remisit,
3020 1635 3074 1679 et
3095 1626 3340 1681 Anatolio
3362 1624 3768 1685 commendavit.

2269 1695 2432 1749 Paulo
2462 1704 2584 1763 post
2629 1695 2924 1764 legatorum
2975 1694 3356 1759 profectionem
3404 1699 3664 1753 Marciani
3694 1700 3769 1754 lit-

2198 1775 2345 1827 terae,
2387 1766 2581 1832 quibus
2624 1764 2909 1837 concilium
2954 1765 3147 1837 Nicaeae
3189 1767 3485 1837 cogendum
3530 1767 3641 1823 Ital.
3687 1770 3769 1826 Se-

2196 1836 2474 1905 ptembris,
2496 1836 2750 1890 indictum
2782 1835 2956 1891 fuerat
2980 1836 3067 1891 die
3087 1838 3151 1891 I7
3171 1835 3353 1893 vel—23
3381 1839 3527 1903 Maii,
3553 1840 3765 1895 Romam

2194 1908 2368 1979 allata:
2392 1917 2534 1961 sunt.
2569 1906 2842 1979 Inopinata
2881 1907 2998 1979 btec
3026 1908 3246 1962 indictio
3276 1911 3515 1979 pontifici
3561 1913 3763 1967 accidit.

2193 1977 2269 2031 Ne
2310 1988 2486 2031 autem
2532 1978 2872 2046 imperatoris
2905 1978 3177 2033 desiderio
3204 1977 3516 2047 obsisteret,
3550 1981 3601 2035 in
3636 1983 3765 2038 hisce

2194 2050 2451 2125 temporis
2480 2048 2743 2125 angustiis
2779 2048 3531 2125 LeonatatintPaschasinum
3565 2052 3763 2125 Lilyle-

2195 2129 2375 2191 ianum
2410 2121 2637 2187 legatum
2667 2120 2733 2173 ad
2764 2120 3051 2191 concilium
3082 2121 3243 2191 elegit
3266 2136 3363 2183 per
3394 2122 3624 2187 litteras,
3654 2120 3760 2191 qua:

2190 2190 2587 2264 desiderantur,
2620 2205 2691 2264 ac_
2732 2191 2854 2244 dein
2895 2190 2985 2246 die
3146 2192 3289 2245 Junii
3329 2194 3491 2247 alium
3544 2190 3759 2264 legatum

2193 2261 2519 2314 Bunifacium
2555 2261 2924 2330 presbyterum
2963 2262 3129 2322 misit,
3167 2272 3225 2315 ut
3258 2278 3379 2317 cum
3422 2261 3641 2318 laudato
3668 2268 3756 2319 Pa-

2193 2332 2463 2395 schasino,
2496 2341 2547 2385 et
2573 2331 2782 2387 duobus
2802 2331 2968 2403 488
2996 2334 3181 2401 legatis
3207 2332 3465 2389 Lucentio
3488 2346 3544 2390 et
3572 2335 3755 2390 Basilio

2190 2413 2347 2457 antea
2378 2402 2703 2456 transmissis
2739 2402 2967 2457 concilio
3017 2404 3347 2472 praesideret.
3378 2406 3509 2459 lluic
3554 2407 3758 2461 Bonifa-

2190 2472 2273 2524 cio
2302 2488 2423 2526 cum
2459 2474 2870 2528 commonitorio
2911 2474 3112 2543 aliquot
3153 2476 3412 2544 epistolas
3455 2477 3650 2531 eodem
3687 2478 3759 2532 die

2190 2544 2426 2612 signatas
2473 2544 2638 2608 dedit,
2683 2545 2889 2599 scilicet
2928 2560 3119 2599 novant
3162 2546 3444 2614 epistolam
3481 2546 3553 2602 88
3583 2549 3649 2602 ad
3675 2549 3759 2603 Pa-

2188 2616 2515 2673 scliasinum.
2546 2613 2615 2669 89
2660 2616 2726 2669 ad
2752 2616 3099 2682 Marcianum,
3129 2613 3390 2671 et’aliam
3432 2618 3754 2684 deperditam

2187 2684 2253 2759 ad
2290 2684 2603 2759 Lucentittin
2649 2694 2703 2741 et
2729 2686 3144 2759 Basilium,qu-.e
3198 2687 3335 2759 hanc
3376 2688 3754 2759 delegationem

2188 2757 2517 2810 declarabat.
2548 2755 2651 2810 Has
2680 2758 2937 2823 epistolas
2967 2755 3089 2811 mox
3139 2758 3438 2813 subsecuta:
3486 2755 3613 2813 sunt
3654 2762 3756 2814 alia!

2188 2836 2417 2893 quatuor
2441 2828 2579 2881 data:
2623 2826 2783 2881 biduo
2827 2838 2968 2895 post,
2996 2827 3066 2884 90
3112 2830 3174 2882 ad
3218 2828 3568 2894 Marcianum,
3599 2833 3657 2885 9t
3695 2833 3749 2883 ad

2186 2896 2510 2970 Anatolium,
2543 2897 2611 2951 92
2647 2898 2712 2951 ad
2758 2896 3051 2967 Juliannm,
3094 2914 3253 2969 quem
3304 2900 3750 2970 Constantinopoli

2181 2968 2385 3035 jamdiu
2413 2968 2695 3038 degentem
2718 2983 2781 3022 ac
2799 2970 3037 3023 omnium
3065 2968 3240 3023 rerum
3268 2968 3744 3033 instructissimum.

505 3039 917 3117 vivau'ipsorumi
962 3039 1121 3117 voce,
1168 3039 1423 3117 quidquid
1470 3058 1603 3117 opus
1652 3055 1837 3117 esset,
1870 3040 2078 3117 plenius
2106 3056 2151 3117 ο
2185 3050 2411 3117 quatuor
2451 3039 2759 3093 memoratis
2796 3039 2985 3110 legatis
3016 3040 3278 3110 adiunxit,
3314 3051 3369 3095 et
3408 3041 3477 3095 95
3511 3043 3577 3096 ad
3610 3057 3750 3109 syno-

505 3113 847 3183 intelligeret.
881 3116 1014 3168 Hinc
1055 3112 1681 3178 Constantinonolitanos
1709 3112 1935 3166 clericos
1958 3112 2046 3165 diu
2066 3142 2078 3152 -

505 3184 611 3237 tius
651 3186 890 3252 retinuit,
920 3196 972 3239 et
1001 3188 1050 3238 iii
1081 3188 1237 3252 epist.
1272 3185 1361 3249 78,
1394 3185 1483 3250 79,
1512 3185 1581 3238 80
1620 3194 1673 3237 et
1697 3183 1786 3249 8f,
1816 3183 1955 3235 datis
1986 3183 2087 3236 idi-

504 3252 847 3325 busrAprilis,
881 3271 1010 3319 quas
1051 3272 1146 3325 per
1183 3255 1400 3310 eosdem
1450 3256 1685 3325 clericos
1722 3255 1774 3307 in
1813 3253 2086 3325 Orientem

505 3324 676 3388 misit,
703 3327 902 3391 legatos
932 3324 1095 3379 novos
1126 3342 1227 3380 una
1261 3328 1494 3379 directos
1535 3326 1615 3378 vel
1662 3324 1970 3393 dirigendos
2001 3324 2086 3377 in-

506 3394 667 3447 dicat.
702 3395 791 3449 Ηίε
822 3398 961 3451 enim
987 3398 1228 3466 epistola:
1252 3407 1450 3466 paratze
1471 3396 1686 3449 fuerunt
1716 3404 1837 3448 ante
1860 3393 2085 3460 Pascha,

504 3478 625 3537 cum
658 3480 822 3520 novos
862 3465 1065 3537 legatos
1114 3483 1213 3521 una
1254 3465 1494 3535 dirigere
1536 3465 1823 3537 cogitabat.
1861 3465 1929 3518 At
1966 3480 2088 3519 cum

504 3535 739 3590 Abundii
766 3546 818 3590 et
846 3535 1111 3592 sneiorum
1144 3537 1346 3592 reditus
1375 3537 1596 3590 nimium
1620 3536 2092 3603 differretur,pro-

505 3604 679 3679 ducta
706 3622 962 3662 novorum
998 3612 1288 3679 legatorum
1321 3606 2092 3679 transmissioneisoloscleri-

505 3691 601 3730 eos
650 3676 1269 3745 Constantinoiiolitanos
1309 3678 1663 3732 remittendos
1713 3676 1866 3730 duxit
1915 3677 2090 3732 idibus

502 3748 702 3817 Aprilis
728 3764 847 3803 cum
881 3750 1190 3805 memoratis
1222 3749 1434 3813 litteris,
1463 3748 1654 3818 quibus
1679 3749 1921 3818 eamdem
1946 3748 2088 3803 diem

503 3821 751 3888 appOs-ttit
782 3822 979 3874 intacto
1010 3830 1183 3886 textu,
1212 3836 1319 3888 quo
1356 3817 1664 3887 novi'legati
1691 3817 1881 3871 direCIi
1925 3818 2091 3888 signi-

502 3886 753 3960 ﬁcantur.
776 3891 977 3945 Confer
997 3901 1180 3945 annot.
1202 3886 1241 3944 7
1258 3889 1430 3960 (Tom.
1455 3886 1673 3960 prtered.
1698 3890 1796 3960 col.
1815 3886 2008 3949 909.12.
2034 3887 2085 3957 ἀ)

502 3959 749 4085 ineiiisfi.I
787 3962 875 4027 78,
917 3970 972 4016 et
1017 3973 1203 4016 annot.
1243 3959 1277 4016 5
1320 3959 1509 4031 (Ibid.,
1540 3960 1638 4013 col.
1674 3959 1801 4024 916,
1841 3978 1893 4012 η.
1931 3960 1991 4029 ο)
2037 3962 2087 4015 in

503 4044 616 4085 eois
645 4069 659 4083 .
765 4072 777 4083 .

503 4031 659 4099 epist.
688 4032 749 4085 8I
765 4072 777 4083 .

571 4101 1180 4171 Constantinopolitanis
1210 4102 1423 4157 clericis
1448 4101 1557 4169 iam
1600 4100 1851 4170 profectis
1902 4100 2087 4154 Tatia-

499 4188 600 4227 nus
623 4174 910 4241 praefectus
941 4174 1087 4228 urbis
1110 4172 1610 4241 Constantinopolis
1634 4171 1913 4241 epistolam
1951 4172 2091 4225 Mar-

498 4245 637 4297 ciani
682 4243 847 4298 Leoni
893 4245 1127 4309 tradidit,
1159 4246 1209 4299 in
1253 4260 1353 4314 qua
1395 4244 1688 4311 imperator
1720 4256 1817 4306 pro
1844 4243 2085 4311 cogenda

502 4316 737 4385 generali
771 4316 977 4385 synodo
1009 4314 1222 4371 institit.
1253 4315 1362 4369 Leo
1392 4316 1671 4383 rescripsit
1696 4314 1783 4367 die
1829 4314 1899 4367 25
1931 4315 2089 4382 Apri—

502 4386 593 4455 lis,
623 4384 672 4435 iti
704 4384 809 4455 qua
839 4384 1043 4453 legatos
1086 4388 1349 4455 confestim
1392 4386 1703 4455 dirigendos
1754 4399 2083 4449 memorans,

504 4454 567 4524 de
601 4453 807 4521 synodo
844 4456 968 4522 quid
1001 4453 1216 4524 cogitet,
1246 4458 1314 4510 ab
1354 4456 1543 4509 iisdem
1576 4454 1781 4520 plenius
1813 4456 2088 4523 explican-

504 4522 629 4593 dum
664 4524 841 4575 tradit.
875 4522 1089 4577 Mutatis
1125 4526 1328 4578 scilicet
1358 4523 1777 4579 circumstantiis
1823 4527 2084 4593 synodum

502 4592 642 4645 haud
676 4595 1025 4647 necessariam
1050 4595 1323 4648 credebat.
1352 4594 1563 4646 Interim
1597 4592 1875 4646 Abundius
1903 4605 1957 4647 et
1996 4611 2084 4648 su-

503 4664 572 4715 cii
620 4663 843 4715 Romam
892 4679 1011 4717 cum
1045 4666 1163 4718 aliis
1206 4664 1461 4718 Marciani
1505 4673 1559 4717 et
1608 4662 1841 4715 Anatolii
1896 4664 2087 4719 litteris

500 4733 732 4787 rediere.
762 4734 841 4786 Ab
882 4734 965 4787 his
1011 4735 1077 4789 de
1126 4734 1466 4803 poscentibus
1508 4733 1939 4803 communionem
1976 4736 2089 4799 ple-

500 4802 621 4857 nius
672 4806 983 4866 instructus,
1018 4806 1166 4861 die9
1218 4804 1360 4859 Junii
1408 4817 1577 4857 novos
1613 4802 1817 4871 legatos
1869 4805 2083 4861 tandem

497 4876 795 4928 transmisit
820 4875 1129 4947 Lueentium
1156 4876 1562 4947 epise0pum,et
1582 4873 1837 4947 Basilium
1861 4877 2085 4947 presby-

499 4955 700 5005 terunt,
737 4946 931 5012 quibus
972 4956 1024 4999 et
1072 4946 1379 5000 Anatolium
1422 4943 2080 5012 ConstantinOpolitanum

494 5018 700 5069 socium
739 5017 1089 5085 delegationis
1121 5017 1385 5084 adiunxit,
1411 5027 1467 5070 ut
1493 5015 1761 5084 episcOpis
1794 5016 1953 5085 lapsis
1976 5033 2080 5073 non

495 5086 652 5139 dubia
686 5087 1022 5155 professione
1056 5088 1331 5158 Eutychen
1365 5102 1482 5141 cum
1530 5101 1628 5141 suo
1668 5086 1917 5157 dogmate
1948 5103 2079 5141 ana-

496 5159 967 5211 tlietnatizantibus
1012 5158 1360 5225 apostolicam
1409 5158 1843 5211 communionem
1886 5174 2083 5213 conce-

495 5227 705 5281 derent.
746 5230 821 5283 De
851 5228 1139 5297 impietatis
1171 5237 1347 5282 autem
1382 5228 1667 5297 capitibus,
1698 5230 1742 5282 si
1776 5226 1914 5282 forte
1946 5232 2082 5284 resi-

491 5302 783 5365 piscerent,
817 5309 870 5352 et
908 5300 1131 5353 idoneas
1168 5300 1441 5353 cautiones
1470 5298 1709 5366 praebere
1742 5299 2075 5367 viderentur,

491 5385 614 5422 num
650 5371 943 5437 recipiendi
972 5380 1173 5437 essent,
1197 5370 1576 5425 maturioribus
1600 5370 1907 5434 apostolica:
1934 5372 2078 5426 sedis

491 5442 727 5493 consiliis
755 5441 1150 5508 diiudicandum
1184 5441 1502 5495 reservavit.
1533 5440 1591 5495 In
1624 5439 1763 5495 hanc
1790 5456 1903 5495 rem
1935 5441 2076 5498 datae

493 5509 681 5581 iisdem
710 5512 916 5581 ilegatis
966 5521 1194 5581 quatuor
1234 5512 1495 5581 epistolae.
1526 5514 1595 5566 83
1624 5513 1689 5564 ad
1722 5511 2072 5577 Marcianum,

491 5578 557 5629 84
602 5582 664 5630 ad
708 5578 1063 5646 Puleheriatn,
1096 5584 1165 5638 85
1194 5578 1621 5649 ειδἈηηιοΙίιιιη,
1648 5592 1701 5636 et
1732 5585 1799 5634 8U
1822 5582 1887 5634 ad
1915 5582 2078 5637 Julia-

495 5663 618 5721 num
645 5650 902 5706 Coensetn
940 5672 951 5703 :
984 5656 1034 5706 in
1071 5654 1261 5721 quibus
1303 5670 1395 5721 pro
1428 5652 1558 5707 solis
1587 5653 1749 5720 lapsis
1776 5654 2075 5707 concilian-

494 5717 575 5770 dis
606 5718 802 5787 legatos
829 5737 887 5777 se
910 5717 1136 5793 dirigere
1163 5717 1457 5791 afﬁrmans,
1483 5717 1671 5795 synodi
1704 5724 2069 5779 convocanda:

2117 4426 2167 4486 D

2193 3110 2259 3161 du
2270 3126 2339 3162 tn.

2270 3182 2408 3234 Duas
2441 3180 2691 3235 Marciani
2743 3189 2797 3234 et
2833 3180 3128 3237 Pulcheria:
3172 3182 3376 3237 litteras
3420 3182 3531 3238 Leo
3560 3184 3752 3238 videtur

2192 3253 2467 3323 accepisse
2498 3266 2594 3320 per
2632 3250 3004 3307 Theoetistum
3037 3252 3459 3322 Magistrianum,
3491 3269 3587 3323 per
3606 3270 3747 3321 quem

2190 3322 2341 3376 binas
2366 3324 2429 3375 ad
2464 3323 2681 3377 eosdem
2713 3323 2921 3377 remisit
2942 3323 3030 3378 die
3059 3323 3128 3378 20
3152 3324 3301 3391 Julii,
3335 3322 3581 3379 nimirum
3599 3328 3741 3393 epist.

2191 3393 2259 3447 94
2307 3396 2371 3447 ad
2421 3394 2667 3447 eumdem
2718 3393 3128 3461 imperatorem,
3177 3402 3232 3448 et
3274 3396 3344 3451 95
3386 3395 3452 3449 ad
3502 3396 3742 3449 laudatam

2193 3466 2505 3534 Augustam.
2532 3464 2695 3519 Iidem
2722 3464 2946 3534 Augusti
2976 3464 3209 3531 acceptis
3234 3464 3432 3520 Leonis
3461 3466 3634 3520 litteris
3655 3480 3739 3533 per

2192 3535 2817 3604 Constantinopolitanos
2842 3536 3068 3590 clericos
3094 3536 3316 3591 directis
3336 3537 3424 3591 die
3453 3536 3513 3590 I5
3538 3536 3737 3604 Aprilis,

2192 3616 2245 3659 et
2275 3606 2395 3661 aliis
2444 3621 2539 3673 per
2584 3606 2867 3661 Tatianum
2908 3606 3238 3661 transmissis
3289 3606 3380 3662 die
3418 3607 3484 3663 25
3520 3606 3743 3675 eiusdem

2192 3677 2413 3749 mensis,
2447 3676 2749 3745 pontificem
2776 3693 2809 3749 a
2848 3679 3053 3749 synodo
3091 3687 3217 3749 tunc
3244 3679 3479 3749 cogenda
3504 3680 3746 3744 alienum,

2193 3756 2247 3801 et
2294 3748 2496 3816 legatos
2546 3764 2639 3817 pro
2689 3747 2816 3802 solis
2878 3747 3040 3817 lapsis
3090 3747 3410 3817 recipiendis
3462 3750 3750 3815 dirigendos

2192 3828 2573 3887 cognoverant.
2604 3818 2735 3873 Cum
2766 3829 2942 3889 autem
2986 3819 3225 3889 synodus
3256 3819 3365 3888 iam
3402 3832 3542 3875 esset
3572 3820 3751 3873 indicta

2192 3889 2277 3941 die
2312 3890 2375 3942 l7
2417 3905 2482 3943 ex
2510 3891 2720 3955 Grteco,
2751 3904 2815 3943 ex
2848 3888 3055 3960 Latinis
3093 3900 3269 3944 autem
3302 3892 3535 3960 antiquis
3564 3891 3755 3946 versio-

2193 3959 2349 4013 nibus
2372 3960 2459 4014 die
2488 3960 2559 4013 25
2586 3960 2729 4023 Maii,
2766 3961 2815 4013 in
2846 3959 2983 4013 hanc
3014 3976 3125 4014 rem
3160 3962 3343 4030 utique
3378 3959 3657 4015 sollicitius
3684 3961 3755 4015 in-

2192 4030 2398 4085 stitere.
2421 4031 2697 4084 Pulcheria
2728 4041 2903 4083 autem
2921 4030 3287 4085 difficultatem
3311 4034 3545 4086 movisse
3565 4031 3758 4087 videtur

2191 4102 2329 4155 circa
2367 4102 2557 4155 Leonis
2598 4102 2899 4163 consilium,
2933 4116 3039 4170 quo
3088 4103 3303 4155 nomina
3352 4103 3650 4170 principum
3685 4104 3756 4156 la-

2194 4174 2399 4244 trucinii
2423 4172 2675 4244 Ephesini
2696 4172 2968 4241 ediptycis
2996 4188 3099 4225 non
3122 4172 3391 4244 recitanda
3416 4182 3755 4244 praeceperat.

2192 4241 2247 4295 Id
2294 4244 2435 4296 enim
2479 4242 2750 4305 nonnulli,
2788 4252 2843 4295 ut
2887 4252 3011 4296 ante
3052 4242 3365 4305 Anatolius,
3415 4241 3759 4300 differendum

2194 4314 2475 4383 putabant,
2494 4314 2665 4381 quoad
2691 4313 2784 4375 illi,
2811 4313 2908 4367 nisi
2931 4315 3329 4382 resipiscerent,
3345 4314 3753 4383 deponerentur.

2192 4382 2302 4438 Leo
2344 4395 2519 4438 autem
2580 4384 2915 4447 rescribens,
2958 4400 3106 4437 suam
3154 4384 3205 4437 in
3256 4382 3429 4452 lapsis
3478 4387 3546 4439 ad
3587 4400 3759 4441 sanam

2194 4463 2425 4525 mentem
2456 4456 2773 4509 revocandis
2802 4464 2855 4509 et
2899 4454 3217 4525 recipiendis
3256 4456 3671 4511 sollicitudinem
3707 4469 3762 4509 ac

2193 4524 2576 4593 indulgentiam
2626 4524 3089 4590 commemorans,
3140 4541 3244 4580 non
3290 4527 3395 4580 alio
3435 4528 3665 4582 consilio
3710 4540 3760 4581 se

2194 4596 2426 4651 vetuisse
2458 4596 2655 4649 indicat
2702 4612 2887 4650 eorum
2937 4599 3152 4651 nomina
3196 4596 3261 4651 ad
3312 4597 3482 4652 altare
3530 4596 3758 4659 recitari.

2194 4667 2296 4717 nisi
2329 4676 2385 4718 ut
2421 4668 2507 4733 qui
2552 4668 2785 4721 nondum
2817 4667 2899 4720 sui
2928 4667 3149 4722 sceleris
3179 4682 3391 4736 pmnam
3424 4667 3681 4732 ferentes,
3715 4670 3759 4721 in

2193 4736 2461 4803 impietate
2487 4739 2660 4792 adhuc
2684 4738 2955 4805 iacebant,
2984 4740 3086 4792 hoc
3106 4739 3295 4793 saltem
3318 4739 3541 4794 stimulo
3569 4741 3761 4795 excita-

2190 4815 2375 4879 rentur
2402 4809 2465 4860 ad
2501 4810 2779 4879 petendam
2808 4823 3022 4876 paceni;
3056 4825 3238 4879 quam,
3271 4810 3314 4863 si
3344 4809 3757 4866 satisfactionem

2190 4876 2494 4950 praibeant.
2529 4878 2714 4932 ii~dem
2761 4876 3160 4933 concedendam
3201 4880 3488 4950 significat.
3532 4882 3685 4949 Quod
3721 4880 3760 4933 si

2190 4950 2239 4999 in
2268 4948 2423 5015 epist.
2457 4949 2526 5002 95
2559 4950 2623 5002 ad
2660 4950 3019 5015 l’nlelieriam,
3044 4966 3094 5004 c.
3133 4951 3189 5014 5,
3216 4948 3393 5018 lapsos
3435 4948 3573 5022 penei
3596 4967 3760 5005 euntes

2188 5021 2563 5089 reconciliatos
2612 5032 3017 5085 commemorat,
3050 5022 3190 5089 quod
3226 5037 3318 5089 per
3343 5021 3667 5077 LuCentiutn
3713 5031 3759 5075 et

2186 5088 2437 5143 Basilium
2472 5092 2673 5160 legatos
2704 5091 2816 5145 fieri
2840 5091 3041 5153 debuit,
3070 5088 3185 5146 non
3216 5088 3418 5147 ideirco
3437 5093 3758 5148 credendum

2184 5169 2267 5212 est
2288 5161 2442 5228 huius
2470 5162 2916 5216 reconciliatimds
2946 5164 3186 5216 nuntium
3218 5165 3491 5232 accepisse
3518 5164 3758 5219 lioctem—

2184 5246 2341 5298 pore;
2372 5234 2598 5304 Spatium
2630 5235 2773 5286 enim
2800 5232 3004 5286 dierum
3036 5234 3251 5287 circiter
3290 5235 3669 5304 quadraginta,
3700 5250 3756 5289 ex

2184 5302 2493 5375 quo_legati
2538 5303 2707 5375 Roma
2748 5304 3127 5375 discesserant,
3159 5306 3439 5375 angustius
3482 5302 3568 5359 est
3609 5320 3758 5374 quam

2182 5372 2321 5443 quod
2356 5374 2419 5427 ad
2453 5374 2553 5427 iter
2589 5372 3686 5443 Constantinoiiolitanuniconficiendum,
3713 5384 3759 5429 et

2182 5442 2245 5494 ad
2288 5444 2773 5499 reconciliationem
2820 5442 2959 5512 pene
2980 5447 3228 5499 omnibus
3254 5446 3678 5512 concedendam,
3711 5456 3758 5500 et

2183 5514 2246 5564 ad
2281 5512 2579 5569 afferendas
2613 5516 2707 5569 liae
2732 5516 2798 5569 dc
2828 5531 2888 5568 re
2916 5517 2978 5569 ad
3004 5517 3235 5570 Leonem
3274 5518 3479 5570 litteras
3507 5532 3755 5571 necessu.

2180 5583 2315 5635 rium
2340 5597 2435 5635 est.
2465 5586 2817 5640 Verisittiilius
2838 5589 3118 5655 estigitur,
3150 5588 3263 5641 hate
3294 5588 3525 5639 Leonem
3563 5589 3757 5643 ideirco

2180 5654 2481 5719 scripsisse,
2513 5658 2654 5724 quod
2685 5654 3174 5711 reconciliationem
3206 5660 3316 5713 fere
3341 5660 3756 5727 omnibus,qnus

2182 5738 2298 5776 eam
2350 5727 2566 5794 petiisse
2611 5727 2719 5790 jam
2767 5737 3019 5790 noverat,
3049 5744 3078 5781 a
3131 5730 3317 5796 legatis
3359 5732 3467 5784 suis
3506 5732 3756 5784 traditam
