3968 6308
541 265 651 323 255

1008 265 1255 325 PASCH.
1293 266 1681 336 QUESNELLI
1719 265 2312 325 DISSERTATIONES
2352 266 2419 322 ΙΝ
2461 266 2518 321 S.
2563 266 2800 325 LEONIS
2832 267 3053 343 MAGNI
3089 268 3337 339 OPERA.

539 371 800 456 spondet,
835 398 905 439 ne
947 384 1180 441 defuisse
1224 387 1478 443 Ecclesiae
1525 386 1815 451 videretur,
1860 384 2123 455 siquidem
2152 387 2201 443 A
2229 383 2339 436 suis
2365 380 2529 454 498
2560 383 2785 456 primum
2816 382 2999 456 deberi
3029 382 3225 456 locum,
3254 381 3588 456 sedendique
3611 399 3787 456 pmo-

538 456 803 512 interesse
855 459 1061 528 synodo
1120 461 1401 527 nequibat,
1459 457 2121 528 PascliasinntniLilybtei

538 530 847 597 episcopum
880 527 943 581 ad
975 529 1119 582 vices
1143 526 1266 582 suas
1297 529 1593 596 implendas
1624 528 1818 597 seligit.
1851 526 2010 582 Certe
2032 526 2121 595 ju-

536 598 734 654 dicium
766 597 858 653 Let
878 599 960 652 nis
984 600 1317 665 merebatur;
1353 602 1485 653 torto
1514 600 1695 670 plures
1718 598 1818 653 loci
1846 608 1901 654 et
1922 611 2123 670 prmro-

535 672 707 739 gativa
733 670 876 741 sedis
907 670 1050 723 illum
1082 670 1352 723 anteibant
1373 714 1399 741 ,Α
1427 667 1579 741 pauci
1609 670 1851 724 doctrina
1873 714 1888 737 ,
1919 667 2122 741 sancti-

537 749 648 795 tate
668 782 682 803 ,
714 755 767 794 et
797 740 939 793 fama
971 742 1339 807 adaequabant.
1371 739 1683 796 Constantia
1716 741 1790 796 illi
1829 740 1966 793 haud
1997 740 2119 795 vul-

534 813 715 881 garis,
778 812 1117 882 probataque
1169 812 1300 866 dura
1352 812 1617 882 longaque
1668 812 1805 879 apud
1863 812 2122 866 barbaros

536 883 819 948 servitute,
848 890 907 935 ut
928 881 1039 947 ipse
1060 881 1123 936 ad
1150 882 1416 948 Leonem;
1444 881 1665 938 scientia
1689 882 1992 953 singularis,
2019 896 2120 937 nec

538 953 811 1019 inexperta
843 952 1028 1017 Leoni,
1061 954 1148 1022 qui
1177 954 1323 1009 illum
1354 954 1422 1009 de
1452 964 1704 1023 computo
1730 952 1964 1024 paschali
1989 969 2123 1007 con-

538 1024 773 1078 sslnerat
797 1068 810 1087 ,
843 1025 1065 1092 ejusque
1102 1025 1655 1094 responsisstcterat;
1694 1028 1924 1095 antiqua!
1954 1024 2119 1077 disci-

539 1095 698 1162 plinae
728 1098 793 1148 ita
823 1105 1154 1161 observans,
1188 1106 1242 1149 ut
1273 1096 1349 1151 illi
1378 1110 1408 1149 a
1447 1096 1626 1151 Leone
1665 1097 1951 1150 commissa
1992 1110 2119 1150 cura

539 1181 714 1218 mores
766 1165 1016 1219 Ecclesim
1068 1166 1262 1221 Sicula:
1309 1166 1666 1230 emendandi,
1712 1177 1767 1221 ut
1814 1166 1998 1235 pateﬁt
2052 1181 2120 1220 ex

537 1235 693 1303 epist.
726 1235 808 1290 16.
855 1235 961 1291 Nec
1006 1236 1109 1290 alia
1144 1238 1367 1293 deerant
1400 1238 1738 1307 adjumenta;
1787 1236 2118 1305 experientia

538 1315 772 1377 matura,
817 1307 1096 1375 prudentia
1126 1324 1248 1363 cum
1297 1308 1409 1377 pari
1450 1324 1658 1363 morum
1696 1308 2119 1377 gravitateicon-

534 1374 735 1449 juncta.
760 1374 1028 1449 continiio
1049 1378 1159 1433 Leo
1180 1380 1244 1433 ad
1267 1374 1389 1434 eum
1413 1379 1599 1433 scribit
1620 1374 1899 1447 epistolam
1922 1376 2117 1449 (Epist.

535 1445 624 1512 68,
651 1464 791 1502 nunc
818 1449 908 1518 88)
935 1448 1095 1521 497
1119 1452 1269 1518 quasi
1297 1449 1375 1519 (a)
1402 1451 1467 1504 ad
1497 1451 1815 1521 legationem
1836 1445 1956 1503 eum
1984 1463 2123 1519 pra:-

538 1531 737 1586 parans
770 1524 980 1573 tametsi
1010 1521 1261 1576 omittens
1290 1530 1382 1576 aut
1403 1521 1471 1575 de
1502 1521 1793 1590 legatione,
1821 1530 1914 1574 aut
1942 1521 2009 1574 de
2032 1534 2123 1590 sy-

538 1538 737 1586 parans
770 1538 980 1573 ιςιηιειει
1010 1538 1261 1576 omnuens
1290 1538 1382 1576 aut
1403 1538 1471 1575 ae
1502 1538 1548 1575 te
1587 1538 1793 1583 attone,
1821 1538 1914 1574 aut
1942 1538 2009 1574 ae
2032 1538 2123 1590 sy-

536 1590 681 1642 nodo
712 1591 957 1658 proxima
986 1590 1187 1648 dicere.
1222 1592 1382 1647 Multa
1423 1592 1491 1646 de
1534 1538 1970 1658 gutychianismo
2011 1592 2123 1644 dis-

542 1658 709 1723 serit,
742 1662 1067 1729 exponitque
1103 1662 1169 1716 de
1198 1664 1564 1718 incarnatione
1593 1658 1790 1718 Christi
1821 1660 2119 1717 doctrinam

540 1730 895 1802 catholicam;
925 1733 1205 1799 epistolam
1227 1734 1274 1788 ei
1299 1733 1364 1788 ad
1387 1733 1699 1788 Flavianum
1721 1734 1971 1802 scriptam
1998 1734 2114 1787 mit-

540 1799 634 1861 tit;
679 1802 1125 1875 quemadmodum
1162 1803 1627 1873 Constantinopoli
1658 1805 1710 1857 in
1750 1799 2121 1875 episcoporum

542 1886 816 1938 consessu,
849 1874 1100 1930 Anatolio
1116 1876 1371 1946 praeside,
1389 1887 1599 1944 recepta
1622 1874 2043 1944 contir’mataque
2064 1874 2131 1928 sit

541 1951 958 2009 commemorat;
1001 1945 1133 2010 quid
1165 1947 1531 2002 Antiochenus
1567 1946 1619 2000 in
1652 1961 1745 2001 sua
1786 1946 2004 2002 dioecesi
2029 1986 2042 2008 ,
2073 1954 2133 1999 ut

540 2011 935 2086 subscriptione
976 2014 1324 2072 Orientalium
1366 2012 1742 2086 episcoporum
1784 2018 1971 2071 eadem
2008 2031 2130 2086 mu-

543 2084 755 2158 uiator,
770 2086 956 2158 missis
983 2101 1079 2158 per
1114 2084 1417 2158 provincias
1450 2084 1776 2158 Tractoriis;
1810 2088 2024 2142 demum
2063 2085 2132 2141 de

542 2155 779 2229 paschali
803 2158 954 2229 cyclo
975 2154 1326 2224 quaestionem
1351 2154 1563 2229 ingerit,
1588 2158 1654 2213 de
1674 2175 1774 2229 qui
1802 2159 1931 2212 a'ias
1954 2171 2131 2212 sermo

545 2226 668 2280 erit.
702 2225 1074 2297 Hme’epistola
1101 2246 1201 2283 una
1233 2239 1316 2284 est
1340 2225 1996 2285 ex'Grimani'cardiualis
2026 2243 2125 2282 ms.

545 2297 754 2369 codice,
786 2299 1013 2368 dataque
1040 2301 1303 2369 reperitur
1330 2316 1423 2356 vni
1451 2300 1665 2355 kalend.
1698 2300 1844 2355 Julii.

620 2368 716 2424 Vix
750 2368 864 2426 haec
891 2370 957 2425 ad
980 2368 1362 2428 Paschasinum
1398 2371 1530 2437 Leo,
1580 2387 1699 2427 cum
1731 2386 1857 2425 ecce
1898 2370 2130 2438 impera-

546 2439 678 2514 toris
701 2439 915 2514 litterae,
932 2442 1137 2514 quibus
1164 2442 1416 2514 inidictam
1434 2443 1697 2514 synodum
1718 2441 1918 2514 Nicaea:
1949 2440 2131 2513 Bithy-

544 2509 646 2583 nia?
665 2510 729 2565 ad
752 2509 1261 2583 kalendiSeptemb.
1289 2509 1581 2569 nuntiatur.
1607 2513 1739 2579 Leo,
1764 2513 1974 2583 opinor,
1999 2509 2132 2583 nuit-

546 2580 671 2654 dum
698 2580 1098 2654 convocationis
1120 2584 1324 2639 litteras
1343 2596 1648 2654 acceperat,
1672 2580 1881 2639 cum‘ad
1903 2581 2134 2654 Pascha-

544 2652 718 2707 sinum
765 2653 1010 2723 scripsit,
1055 2655 1155 2709 etsi
1194 2655 1449 2710 Marciani
1479 2652 1689 2711 litterae
1737 2653 2134 2708 convocationis

547 2723 726 2778 solido
757 2739 941 2794 mense
980 2733 1102 2780 ante
1148 2725 1365 2794 scriptae
1395 2736 1517 2781 sunt
1555 2742 1569 2780 :
1604 2740 1726 2781 nam
1759 2725 1827 2794 ad
1853 2724 1986 2778 alios
2019 2724 2131 2794 epi-

545 2808 738 2868 scopos
770 2793 1107 2868 multalend.
1130 2793 1279 2852 Junii
1316 2796 1455 2851 data:
1499 2796 1766 2868 leguntur.
1799 2793 1963 2850 Certe
1991 2794 2133 2848 Con-

547 2865 893 2934 stantinopoli
924 2866 1147 2921 Romam
1180 2867 1381 2922 mensis
1403 2865 1573 2922 unius
1587 2876 1669 2922 est
1697 2869 1817 2921 iter.

620 2934 728 3009 Vili.
761 2937 1010 3006 Acceptis
1033 2938 1225 3009 litteris
1252 2938 1591 3009 imperatoris
1620 2938 1727 2992 Leo
1755 2952 1897 3006 aegre
1926 2935 2134 3009 ferebat

545 3006 807 3077 synodum
840 3024 939 3064 nec
964 3007 1185 3066 differri.
1227 3006 1471 3064 nec'ﬁeri
1499 3010 1549 3063 in
1578 3008 1751 3071 Italia,
1784 3018 1843 3061 ut
1871 3023 1965 3077 per
1986 3008 2132 3078 lega-

544 3085 629 3132 tos
654 3078 1068 3149 signiticaverat,
1090 3080 1184 3135 sed
1218 3080 1336 3149 plus
1363 3080 1594 3139 valuisse
1618 3078 1849 3137 Anatolii
1880 3078 2128 3134 Orienta-

2228 456 2479 528 gativa‘m,
2528 455 2621 508 sed
2649 465 2884 528 propter
2910 454 3261 528 Orientalium
3302 454 3384 528 vel
3429 454 3786 528 deiectionem,

2225 525 2308 578 vel
2342 524 2749 578 inconstantiam
2785 540 2797 577 :
2832 524 2987 588 Quin,
3021 526 3209 594 inquit,
3238 525 3448 595 quidam
3479 525 3545 578 de
3574 524 3787 595 fratribus

2225 605 2405 649 contra
2437 596 2661 649 turbines
2687 595 2929 662 falsitatis
2957 612 3057 649 non
3083 596 3284 649 ualuere
3308 594 3623 650 catholicam
3650 608 3788 656 tenere

2224 668 2549 729 sententiam,
2575 666 3106 789 praedictumlratrem
3133 678 3178 719 et
3205 669 3565 737 coepiscopum
3588 667 3788 722 Pascha-

2225 738 2402 789 sinum
2444 738 2551 789 vice
2592 754 2703 789 mea
2749 753 2875 789 surio
2915 754 2944 789 o
2989 737 3219 789 conrem't
3268 737 3567 789 nrrzsidere.
3619 738 3788 789 Delirat

2225 738 2402 790 sinum
2444 738 2551 790 vice
2592 754 2703 790 mea
2749 737 2944 807 synodo
2989 737 3219 791 conrenit
3267 737 3567 804 presidere.
3619 738 3788 796 Delirat

2227 807 2468 874 proiecto
2486 808 2740 862 Calvinus
2769 824 2888 865 cum
2918 823 2987 862 ex
3021 810 3120 861 hoc
3150 809 3267 862 loco
3288 807 3380 877 jus
3401 808 3652 863 conciliis
3671 824 3789 865 utru-

2227 879 2452 1001 inleuileis
2484 880 2801 948 praesidendi
2824 878 3129 948 abjudicare
3157 890 3379 934 conatur
3394 878 3659 935 Romanis
3683 895 3788 951 pon-

2252 964 2265 1001 Ι
2289 965 2356 1001 ICl
2382 966 2480 1001 tus.

2226 949 2480 1003 tilicihus.

2299 1021 2353 1074 In
2386 1020 2611 1090 epistola
2643 1020 2708 1074 ad
2738 1021 3040 1077 Anatolium
3069 1022 3258 1077 eadem
3287 1029 3371 1076 est
3407 1022 3786 1089 expostulatio:

2226 1091 2567 1163 iniquaesse
2617 1104 2854 1160 tempora
2898 1103 3115 1163 propter
3164 1093 3420 1147 tumultus
3467 1092 3790 1150 bellorumet

2227 1162 2519 1235 angustias
2546 1164 2861 1235 temporis;
2889 1162 3072 1235 plures
3110 1165 3393 1235 episcopos
3422 1178 3491 1218 ex
3522 1166 3789 1233 provinciis

2227 1233 2609 1288 remotioribus
2638 1247 2742 1287 non
2771 1233 3081 1300 adfuturos;
3121 1233 3342 1299 deinde,
3373 1235 3654 1290 mentione
3682 1235 3788 1290 tacta

2229 1302 2546 1373 legatorum,
2588 1304 2735 1375 liene
2773 1304 2840 1360 de
2879 1306 3085 1374 synodo
3113 1315 3313 1375 sperat,
3360 1305 3601 1375 acceptis
3638 1308 3701 1359 ab
3741 1321 3789 1361 ea

2231 1375 2433 1445 nuntiis
2462 1374 2850 1430 condemnatos
2871 1378 2939 1432 ab
2962 1374 3208 1432 omnibus
3236 1374 3505 1445 episcopis
3526 1376 3789 1431 Orientali-

2227 1444 2327 1518 bus
2344 1444 2647 1499 Nestorium
2664 1446 3086 1518 Eutycltetnque.
3106 1444 3286 1502 Tertia
3302 1447 3529 1515 epistola
3545 1447 3788 1502 Julianum

2227 1512 2491 1591 Coensem
2520 1531 2644 1591 suas
2690 1512 2868 1586 partes
2899 1520 2951 1573 in
2980 1512 3187 1591 synodo
3212 1512 3372 1588 agere
3393 1518 3527 1573 vult.
3561 1519 3668 1575 Has
3687 1520 3789 1574 duas

2267 1587 2557 1642 osteriores
2586 1587 2793 1644 litteras
2823 1605 2853 1644 e
2882 1605 2983 1645 ms.
3012 1587 3202 1646 codice
3232 1587 3415 1643 nostro
3457 1591 3687 1657 primum
3717 1607 3789 1657 pu-

2269 1658 2510 1713 licamus.
2563 1657 2700 1714 Sunt
2751 1663 3171 1728 praetereaalia:
3219 1659 3341 1715 duae
3387 1660 3636 1728 epistolae
3678 1661 3789 1714 date

2231 1727 2318 1799 (ά)
2332 1728 2583 1801 postridie
2601 1748 2613 1783 :
2630 1727 2799 1785 altera
2822 1731 2886 1785 ad
2901 1732 3221 1787 Marcianum
3235 1730 3429 1800 (Epist.
3444 1731 3533 1801 75.
3550 1748 3684 1785 nunc
3697 1730 3784 1801 90),

2234 1814 2351 1869 qua:
2392 1800 2813 1874 reddendagerat
2830 1801 2906 1874 Ain
2934 1804 3162 1874 synodo,
3193 1802 3318 1857 data
3346 1818 3440 1874 χιιι
3467 1800 3683 1874 kalend.
3707 1805 3789 1858 Au-

2237 1879 2379 1940 gust.
2412 1886 2540 1936 non,
2590 1870 2724 1926 utin
2754 1872 2913 1928 editis
2955 1870 3249 1939 codicibus,
3295 1888 3347 1927 vr
3390 1872 3612 1928 kalend.
3645 1873 3785 1937 Junii;

2238 1942 2407 1996 altera
2456 1941 2523 2014 ad
2572 1941 2834 2014 synodum
2881 1943 3078 2014 (Epist.
3112 1944 3203 2010 72,
3250 1961 3386 1998 nunc
3425 1944 3542 2012 93),
3599 1943 3788 2014 Vulgata

2236 2022 2413 2066 autem
2460 2012 2534 2084 (e)
2582 2013 2860 2081 inscriptio
2892 2012 3076 2081 ‘t‘alsa,
3136 2014 3371 2070 nondum
3426 2012 3788 2070 Chalcedonect

2237 2085 2743 2155 trauslatasynodo.
2778 2084 2883 2141 Res
2910 2086 3083 2155 seipsa
3109 2088 3250 2141 clara
3274 2094 3379 2151 est,
3410 2097 3462 2141 et
3488 2086 3667 2141 adhuc
3686 2086 3789 2141 Eva-

2235 2157 2332 2223 grii
2374 2156 2681 2209 testimonio
2719 2165 2895 2222 certa;
2946 2157 3017 2212 ita
3061 2158 3201 2212 enim
3247 2158 3339 2212 lib.
3373 2173 3406 2210 ιι
3451 2173 3573 2224 cap.
3605 2157 3663 2212 Η
3699 2160 3791 2212 :Ar

2237 2225 2403 2293 primo
2429 2224 2661 2299 lYicaaam
2690 2227 2870 2299 (acciti
2899 2230 3160 2299 episCOpi)
3188 2228 3317 2283 adeo
3348 2239 3401 2281 ut
3432 2246 3552 2299 ςιυιι
3582 2227 3679 2281 Leo
3703 2230 3769 2298 cpi

2235 2312 2419 2364 scapus
2442 2296 2706 2350 Romanus
2723 2298 2789 2350 ad
2815 2314 2897 2352 eos
2918 2296 3114 2352 litteras
3141 2296 3280 2353 daret
3314 2316 3401 2364 per
3428 2296 3788 2361 Post-hminem,

2236 2364 2540 2441 Lucentiitm
2568 2381 2615 2421 et
2638 2378 2845 2422 crateras
2871 2386 2997 2439 quos
3034 2387 3095 2425 eo
3116 2373 3183 2423 ad
3210 2386 3354 2441 suum
3385 2372 3553 2423 locum
3582 2370 3791 2441 supplen-

2237 2438 2361 2489 dum
2404 2439 2632 2504 miserat,
2679 2456 2764 2492 eas
2814 2438 2889 2493 sic
2929 2441 3219 2495 inscriberet
3261 2457 3277 2494 :
3311 2440 3588 2495 EPISCOPIS
3627 2438 3791 2495 Non

2236 2521 2561 2564 convocans
2597 2512 2655 2565 S.
2698 2508 2752 2562 In
2793 2509 3014 2577 epistola
3055 2511 3123 2567 ad
3159 2510 3487 2566 Marcianum
3519 2516 3786 2580 Augustum

2235 2591 2356 2649 cum
2390 2581 2441 2632 in
2483 2580 2670 2649 primis
2698 2580 3019 2645 obtestatur,
3062 2599 3127 2637 ne
3165 2583 3299 2637 sinat
3343 2585 3625 2637 retractari
3664 2581 3791 2635 tidem

2236 2657 2294 2721 ut
2327 2648 2563 2715 dubiam,
2612 2666 2769 2716 quam
2800 2651 2987 2708 Patres
3013 2653 3082 2707 ab
3108 2652 3367 2721 apostolis
3399 2652 3647 2708 traditam
3683 2668 3793 2721 pra-

2234 2718 2509 2792 dicarunt;
2544 2736 2717 2789 neque
2749 2724 3020 2791 permittat
3061 2740 3119 2779 ea
3147 2718 3268 2791 qum
3296 2725 3564 2792 majorum
3588 2718 3794 2778 decretis

2235 2790 2483 2845 damnata
2504 2800 2628 2846 sunt
2651 2793 2701 2846 in
2732 2796 3153 2853 controversiam
3176 2790 3395 2853 adduci,
3429 2795 3539 2850 tale
3561 2794 3698 2849 enim
3716 2793 3794 2846 ali-

2234 2862 2357 2930 quid
2387 2862 2683 2930 Augustum
2718 2864 2769 2916 in
2800 2864 2981 2919 animo
3013 2865 3211 2919 habere
3237 2881 3303 2919 ex
3340 2868 3458 2932 ejus
3497 2865 3680 2920 litteri,
3703 2864 3791 2919 Leo

2236 2933 2628 3006 suspicabatur.
2649 2934 2851 3006 Similia
2895 2951 3061 3006 prope
3101 2937 3164 2988 ad
3185 2935 3368 2990 Patres
3396 2936 3620 3006 synodi:
3644 2935 3788 3006 Unde,

2236 3002 2424 3073 fratres
2448 3004 2762 3078 pitarissimi,
2806 3002 3010 3077 rejecta'
3031 3009 3231 3078 penitus
3270 3002 3495 3059 audacia
3525 3004 3792 3078 disputandi

2234 3085 2414 3144 contra
2427 3074 2579 3144 ﬁdem
2600 3076 2838 3129 diuinitus
2854 3074 3179 3144 inspiratam,
3193 3094 3326 3131 vana
3344 3074 3623 3131 errantium
3635 3074 3795 3141 inﬁde-

549 3143 787 3219 liumq'ue
814 3161 935 3207 vcta
967 3143 1124 3219 quam
1172 3143 1289 3206 sua.
1340 3152 1454 3206 Non
1489 3161 1667 3207 tamen
1707 3158 1825 3206 erat
1856 3152 1908 3204 in
1950 3149 2134 3204 animo
2164 3155 2210 3219 ο
2240 3143 2831 3219 litqsfpnguiescaimec
2848 3143 2996 3202 liceat
3027 3149 3233 3216 defendi
3248 3148 3385 3217 quod
3401 3165 3502 3201 non
3523 3149 3632 3202 licet
3655 3145 3790 3219 credi.

544 3234 758 3275 summo
805 3221 1042 3290 pontiﬁci
1093 3224 1239 3290 pacis
1288 3223 1512 3278 consilia
1566 3221 2138 3290 comperendinatione

547 3290 819 3364 omittere.
850 3291 1134 3362 Extemplo
1162 3292 1228 3347 de
1260 3293 1451 3364 legatis
1481 3290 1759 3348 mittendis
1787 3292 2007 3364 cogiiat,
2037 3291 2136 3364 i30-

548 3358 911 3433 nifaciumque
931 3358 1300 3433 presbyterum
1317 3358 1373 3418 in
1391 3364 1667 3418 Orientem
1686 3358 1878 3427 mittit;
1902 3358 2138 3417 Pascha-

549 3428 725 3501 sinum
767 3428 1310 3501 episcopum'eodem
1352 3448 1418 3489 ex
1457 3433 1636 3488 Sicilia
1684 3432 1934 3500 navigare
1961 3442 2137 3498 curat,

550 3499 875 3570 mandatque
908 3499 1002 3570 per
1029 3516 1143 3575 eos,
1192 3511 1252 3575 ιιι
1287 3504 1375 3573 qui
1405 3512 1561 3575 antea
1594 3499 1914 3575 legationem
1958 3517 2141 3557 susce-

550 3579 762 3646 perant,
784 3585 916 3646 _cuui
965 3572 1235 3646 praedictis
1265 3572 1317 3627 in
1354 3572 1571 3646 synodo
1591 3588 1718 3646 suas
1742 3574 1884 3646 vices
1927 3582 2136 3646 gerant,

550 3640 746 3714 bisque
776 3641 1047 3696 Julianum
1075 3642 1336 3699 Coensem
1362 3640 1603 3714 a'djungit
1634 3662 1646 3697 :
1677 3640 1953 3712 Quoniam,
1984 3643 2133 3701 aitS.

546 3709 868 3784 Leo—(Epist.
889 3714 977 3779 7i,
1012 3730 1145 3767 nunc
1166 3714 1283 3783 9i).
1306 3709 1491 3769 scimus
1522 3709 1747 3769 omnium
1770 3714 1877 3768 illic
1903 3709 2136 3770 actarum

546 3783 716 3854 rerum
745 3783 992 3854 majorem
1019 3794 1063 3838 te
1085 3801 1236 3853 quam
1268 3799 1464 3840 nostros
1496 3787 1677 3839 habere
1698 3786 1951 3840 notitiam.
1976 3785 2137 3842 Mittit

547 3851 616 3907 de
639 3854 742 3928 hac
760 3851 835 3928 re
860 3862 968 3909 tres
995 3851 1348 3928 epiStola_s_(b)
1377 3857 1441 3910 ad
1466 3855 2013 3928 Marcianuimiwpist.
2040 3856 2129 3926 69,

545 3938 685 3978 nunc
714 3923 831 3997 89),
870 3923 1172 3997 Anatolium
1205 3923 1396 3997 (Epist.
1430 3927 1518 3992 70,
1565 3943 1703 3981 nunc
1726 3923 1841 3997 9i),
1885 3923 1937 3981 et
1965 3923 2133 3981 Julia;

549 3945 685 3978 nunc
714 3945 829 3991 δυ),
870 3945 1172 3980 Αηιιιοιιιιιῐι
1205 3945 1270 3991 (r.
1315 3945 1396 3981 ιιι.
1437 3945 1518 3992 tu,
1565 3945 1703 3981 nunc
1726 3945 1841 3997 υι),
1885 3945 1937 3981 et
1965 3945 2131 3981 Jutta-

549 4010 673 4069 [tum
705 3993 901 4069 (_E_'pi81_.
927 3995 1014 4064 71,
1048 4013 1183 4069 nunc
1209 3945 1325 4069 θεῖ,
1359 4014 1478 4068 qua:
1509 3998 1648 4069 dam
1675 4008 1801 4053 sunt
1822 4014 1873 4052 vt
1916 3998 2131 4054 kalend.

546 4063 694 4139 Julii.
728 4063 1005 4139 Marciano
1027 4063 1649 4139 modeste'conqueritur
1677 4069 1934 4136 temporis
1968 4083 2136 4139 angu-

547 4136 703 4210 stias,
753 4137 1030 4210 molestias
1061 4136 1566 4210 provinciarumque
1612 4149 1805 4194 statum
1849 4136 2136 4196 evocan'dis

546 4208 814 4277 episcOpis
831 4224 1016 4278 parum
1036 4211 1325 4277 idoneum;
1357 4211 1451 4265 sed
1478 4208 1540 4265 ea
1568 4210 1918 4266 nihilominus
1948 4225 2136 4267 amore

547 4280 693 4352 pacis
742 4279 1149 4352 dissimulanda.
1197 4280 1355 4351 Optat
1409 4291 1466 4336 ιιι
1516 4281 1876 4337 Paschasinus
1929 4281 2136 4352 synodo

546 4350 620 4419 (ο)
638 4351 951 4420 prresideat:
968 4352 1055 4407 ubi
1074 4352 1197 4408 licet
1220 4350 1325 4409 non
1344 4362 1547 4409 asserat
1566 4368 1662 4423 pro
1682 4352 1803 4423 jure
1818 4368 1918 4408 suo
1946 4350 2137 4423 legatis

2313 3215 2446 3291 V_l_il.
2473 3215 2660 3291 Rebus
2684 3216 2756 3270 ita
2778 3215 3098 3291 comparatis
3128 3220 3192 3273 ad
3224 3215 3513 3291 synodum,
3539 3217 3797 3291 [incautius

2242 3285 2576 3361 Basiliusque
2622 3285 3139 3361 Constantinopolim
3187 3285 3497 3345 adveniunt.
3546 3287 3703 3361 ‘99
3740 3286 3797 3342 Ut

2240 3357 2669 3432 c‘ontmopefacti,
2700 3369 2856 3432 erant
2883 3377 2910 3413 a
2941 3357 3142 3427 Leone,
3174 3361 3192 3432 (
3209 3364 3262 3432 f)
3285 3363 3354 3415 de
3381 3357 3798 3432 comperta—"ditt!-

2242 3427 2389 3483 tione
2418 3426 2983 3496 pluribus'disserunt,
3026 3440 3081 3486 et
3117 3426 3254 3487 cum
3280 3426 3525 3486 Anatolio
3565 3431 3625 3484 de
3662 3426 3794 3482 reci-

2244 3498 2451 3570 piendis
2481 3498 2643 3570 lapsis
2672 3510 2868 3570 agunt;
2911 3512 3159 3557 auctores
3206 3504 3477 3557 turbarum
3504 3517 3603 3556 non
3625 3498 3798 3554 statim

2241 3568 2482 3632 admitti,
2540 3569 2634 3642 sed
2678 3568 2938 3627 reservari
2985 3574 3294 3642 apostolicae
3337 3573 3453 3629 sedi
3505 3576 3800 3641 exposcunt.

2243 3654 2433 3694 eorum
2474 3641 2686 3695 nomina
2724 3642 2789 3696 ad
2832 3641 3250 3699 altare’recitari
3276 3654 3476 3699 vetant.
3530 3644 3626 3700 Seu
3656 3642 3799 3709 legati

2241 3710 2614 3766 vehementius
2632 3712 2909 3782 instarent,
2928 3727 3021 3769 seu
3043 3716 3367 3781 pertinacius
3391 3711 3802 3770 resisteretAna-

2240 3782 2421 3849 tolins,
2442 3790 2496 3836 et
2523 3782 2605 3837 sui
2630 3783 2742 3839 hzec
2770 3798 2889 3839 esse
2918 3785 3124 3841 arbitrii
3152 3786 3529 3852 contenderet,
3559 3799 3643 3840 res
3670 3782 3801 3836 vide-

2241 3852 2397 3907 batur
2427 3861 2678 3924 eruptura
2708 3854 2766 3924 in
2788 3855 2907 3909 odia
2932 3855 3207 3924 intestina,
3236 3857 3287 3912 ni
3319 3857 3460 3910 malo
3490 3857 3663 3910 statim
3683 3853 3804 3908 Mar-

2241 3925 2428 3997 cianus
2474 3933 2530 3997 et
2571 3923 2853 3997 Pulcheria
2884 3929 3265 3984 occurrissent.
3303 3926 3511 3997 Magnis
3550 3926 3803 3981 itineribus

2238 3994 2427 4063 iubent
2475 3995 2679 4050 litteras
2728 3995 2949 4051 Romam
3002 3996 3126 4053 ferri
3173 4000 3238 4052 ad
3282 3994 3539 4053 Loobem.
3590 3997 3803 4062 Benigne

2243 4065 2805 4139 respondetutrisque
2834 4077 3048 4139 sanctus
3083 4068 3317 4138 pontifex
3353 4066 3549 4139 (Epist.
3573 4067 3659 4129 74,
3688 4080 3804 4139 nunc

2238 4134 2351 4216 9i).
2388 4136 2659 4190 Marciano
2684 4134 2896 4216 quidem
2923 4138 3055 4216 dicit
3083 4134 3141 4193 se
3162 4134 3397 4216 libenter
3428 4134 3695 4216 synodum
3721 4136 3804 4216 ad:

2240 4210 2477 4275 mittere,
2507 4222 2610 4262 nec
2640 4211 2949 4277 poposcisse
2975 4209 3116 4263 intra
3162 4210 3365 4265 Italiam
3395 4210 3676 4269 celebrati.
3720 4208 3805 4261 nisi

2243 4286 2301 4351 ut
2332 4278 2515 4351 plures
2536 4293 2602 4333 ex
2631 4279 3007 4351 remotissimis
3032 4281 3163 4335 locis
3184 4281 3393 4339 adsint;
3422 4281 3535 4349 jam
3562 4278 3806 4351 profectos

2241 4349 2307 4404 ad
2338 4348 2599 4419 synodum
2629 4350 2850 4421 legatos,
2881 4351 2970 4420 qui
2997 4351 3065 4406 ad
3091 4352 3231 4408 diem
3259 4348 3500 4418 veniunt,
3533 4348 3632 4406 eisi
3661 4363 3806 4417 angu-

1629 4466 2189 4523 BALLERINIORUM
2226 4440 2771 4521 ANNOTATIONES.

619 4550 695 4621 (a)
726 4550 867 4626 cum»
891 4553 1094 4626 L_eo_ad
1121 4554 1500 4626 Paschasinum
1533 4556 1680 4611 dedit
1723 4557 2005 4626 epistolam
2036 4557 2129 4622 88,
2158 4558 2210 4617 1)
2236 4572 2315 4608 me
2329 4554 2532 4624 synodo
2548 4565 2713 4608 vestra
2740 4557 3040 4626 fraternitas
3070 4559 3281 4610 a’stimet
3297 4573 3627 4614 PRESIDEBE.
3644 4554 3810 4624 Quoad

547 4619 757 4696 dic__vtn
784 4620 892 4677 kal.
919 4622 1064 4689 Julii,
1098 4625 1439 4696 indictionem
1471 4626 1658 4696 synodi
1682 4619 1794 4696 jam
1825 4619 2130 4696 acceperat,

548 4701 605 4745 ut
634 4692 799 4757 liquet
840 4709 902 4747 ex
941 4696 1097 4761 epist.
1133 4694 1223 4761 89,
1257 4694 1443 4750 eodem
1476 4692 1581 4761 die,
1625 4692 2129 4761 ut'emendavimns,

547 4762 612 4840 ad
656 4761 1035 4840 imperatorem
1063 4767 1280 4836 scripta,
1335 4767 1385 4820 in
1415 4782 1517 4840 qua
1558 4769 1717 4840 legati
1761 4770 1825 4840 ad
1856 4769 2133 4840 synodum

545 4833 791 4886 destinati
825 4833 1196 4903 nominantur;
1227 4851 1289 4892 ac
1319 4833 1545 4907 proinde
1570 4833 1728 4907 epist.
1757 4838 1827 4894 88
1854 4833 2137 4895 Paschasi-

548 4920 671 4958 num
698 4920 803 4978 non
835 4908 1151 4976 praeparavit
1171 4907 1234 4962 ad
1260 4907 1603 4978 legationem,
1634 4910 1727 4964 sed
1752 4909 1905 4966 novis
1935 4910 2137 4965 instru-

545 4976 813 5051 ctionibus
839 4978 1093 5043 munivit;
1131 4979 1241 5047 jam
1272 4976 1415 5033 enim
1445 4989 1599 5034 antea
1621 4980 1739 5035 aliis
1767 4982 1980 5051 litteris,
2014 4995 2133 5045 «pne

543 5047 935 5119 desiderantur,
967 5064 1088 5104 eum
1132 5050 1358 5119 legatum
1396 5065 1549 5105 suum
1592 5047 1975 5107 constituerat.
2002 5051 2134 5106 Vide

543 5130 728 5202 audet.
744 5119 790 5202 έν
817 5117 990 5202 (Tom.
1022 5121 1242 5202 prleced.
1269 5120 1537 5202 τρι-φο,-
1559 5140 1612 5176 η.
1631 5122 1679 5193 τι)
1710 5124 1760 5177 iu
1787 5124 1945 5202 epist.
1975 5121 2068 5202 δερ.

620 5189 693 5260 (b)
744 5188 982 5261 Epistola
1024 5188 1220 5246 Leonis
1265 5192 1329 5247 ad
1380 5188 1726 5261 Marcianum,
1777 5188 1900 5249 data
1932 5209 1987 5249 vt
2022 5192 2130 5249 kal.

544 5258 692 5326 Julii,
721 5258 804 5334 est
826 5262 1053 5332 epistola
1096 5261 1186 5330 90,
1228 5278 1333 5317 non
1358 5278 1486 5319 vero
1515 5264 1603 5329 89,
1642 5258 1758 5334 qua:
1788 5265 2048 5333 allegatur
2076 5265 2130 5319 in

546 5338 724 5397 textu;
758 5332 872 5388 lucc
897 5334 1039 5388 enim
1073 5349 1137 5389 ex
1171 5344 1350 5390 nostra
1374 5332 1748 5392 emendatidne
1770 5332 1978 5392 duobus
2007 5345 2133 5392 ante

544 5401 732 5456 diebus
760 5406 956 5469 scripta
984 5404 1103 5460 fuit.
1550 5408 1555 5411 ’

618 5473 690 5545 (c)
720 5473 1043 5548 Prmsidendi
1089 5477 1498 5548 praerogativam
1547 5477 1650 5532 sibi
1693 5477 1745 5531 in
1786 5477 1976 5547 legatis
2018 5478 2130 5533 suis

544 5558 610 5619 eo
635 5553 852 5619 i.pc_t_ere
871 5545 929 5601 S.
951 5548 1186 5614 pontifex
1229 5545 1480 5619 iudicavit
1520 5550 1677 5617 epist.
1717 5548 1804 5614 95,
1834 5545 1921 5619 _‘ad
1962 5562 2129 5619 syno-

546 5615 672 5688 dugtt
716 5615 907 5688 Nicrea;
955 5620 1179 5681 primum
1228 5618 1502 5685 indictum,
1547 5615 1632 5673 ubi
1680 5617 1888 5673 aitzln
1921 5615 2133 5688 Itis-fra-

549 5684 714 5762 t_t:ibt_t_s_
746 5683 1062 5762 Pascltasino
1100 5699 1145 5743 et
1177 5688 1419 5762 Lucentio
1462 5683 1736 5762 episwpis,
1778 5683 2045 5762 Bonifacio
2085 5699 2135 5745 et

550 5750 746 5810 Basilio
774 5759 1101 5825 presbyteris,
1132 5760 1220 5830 qui
1246 5760 1309 5814 ab
1330 5750 1613 5832 apostolica
1633 5750 1750 5816 sede
1781 5750 1960 5817 directi
1993 5771 2132 5831 sunt,

2241 4635 2442 4698 textum
2472 4640 2599 4679 vero
2630 4627 2871 4693 epistolae
2901 4628 2989 4693 89,
3023 4631 3110 4698 qui
3144 4643 3172 4681 a
3201 4629 3492 4694 Quesnello
3520 4628 3808 4698 subjicitur,

2240 4696 2589 4770 conferqum
2637 4696 3052 4770 observavimus
3090 4710 3274 4753 annot.
3309 4699 3342 4753 9
3391 4698 3566 4770 (Tom.
3610 4696 3810 4770 prtem.

2240 4768 2338 4821 col.
2368 4767 2585 4839 951,}t.
2608 4767 2655 4839 ς)
2690 4769 2740 4820 in
2772 4769 3015 4824 eamdem
3047 4770 3203 4839 epist.
3236 4770 3328 4825 89.

2313 4836 2396 4907 (d)
2427 4836 2782 4909 Epistolai75,
2816 4854 2956 4893 nunc
2983 4836 3162 4908 90,'et
3192 4840 3415 4909 epistola
3448 4841 3539 4908 72,
3566 4856 3707 4896 nunc
3731 4839 3810 4903 93,

2240 4924 2362 4981 quie
2391 4908 2582 4981 textui
2605 4908 2914 4977 adfiguntur,
2964 4926 3067 4964 non
3096 4912 3346 4981 postridie
3388 4913 3528 4981 data
3556 4920 3702 4979 sunt,
3729 4911 3810 4967 sed

2241 4977 2290 5033 vt
2318 4978 2427 5033 kal.
2460 4977 2610 5045 Julii,
2644 4980 2982 5049 utiepistolm
3011 4977 3165 5036 nobis
3186 4980 3249 5036 9i
3278 4992 3332 5037 et
3355 4980 3445 5035 92.

2280 5049 2386 5131 .(e)
2420 5049 2824 5120 luscriptionem
2852 5065 2923 5107 ex
2955 5061 3140 5108 nostro
3170 5053 3549 5124 Ratisponensi
3579 5051 3812 5109 emenda-

2241 5137 2270 5175 ν
2280 5138 2289 5173 Ι
2299 5136 2435 5175 ιηιιε.

2314 5191 2333 5264 (
2347 5190 2403 5263 f)
2420 5189 2660 5267 Legatos
2684 5193 2857 5262 egisse
2882 5192 2951 5267 de
2985 5194 3317 5267 proroganda
3339 5195 3567 5267 synodo,
3596 5206 3666 5267 iet
3708 5207 3814 5249 cum

2242 5262 2863 5335 dn’atolioconcertasse
2893 5263 2961 5335 de
2988 5262 3172 5335 lapsis,
3204 5279 3271 5319 ex
3291 5280 3357 5320 eo
3370 5262 3698 5335 'Quesnellus
3723 5275 3815 5320 ιη’

2241 5333 2340 5402 dit,
2371 5333 2515 5404 quod
2557 5334 2860 5403 existimet,
2911 5333 3053 5392 hanc
3085 5336 3154 5391 ob
3178 5333 3745 5394 causam'blarcianum
3770 5342 3816 5389 et

2242 5404 2575 5477 Pulcheriam
2618 5404 2683 5460 ad
2728 5404 2964 5477 Leonem
3018 5407 3298 5474 scripsisse
3345 5408 3578 5475 litteras,
3638 5407 3816 5477 quibus

2237 5475 2479 5548 pontifex
2512 5476 2802 5548 respondet
2833 5477 3077 5546 epistolis
3105 5478 3172 5534 94
3199 5489 3248 5533 et
3279 5478 3368 5533 95.
3403 5480 3504 5534 Eas
3534 5475 3667 5535 vero
3686 5480 3815 5531 litte-

2216 5546 2325 5619 ~ijas
2344 5555 2469 5601 ante
2494 5546 2783 5619 adventum
2802 5548 3097 5619 legatorum
3126 5548 3189 5603 ad
3210 5548 3441 5604 Leonem
3458 5550 3561 5605 alia
3579 5551 3651 5605 de
3670 5560 3817 5605 causa

2235 5617 2473 5673 directas
2500 5617 2552 5671 in
2583 5617 3232 5674 breviario‘ostendimus.
3266 5622 3396 5675 lliuc
3423 5623 3727 5677 Anatolium
3749 5618 3818 5672 le-

2237 5690 2719 5761 gatisipertiuacius
2751 5690 3035 5761 restitisse,
3061 5700 3116 5745 et
3144 5693 3225 5745 sui
3254 5702 3472 5761 putasse
3501 5692 3709 5751 arbitrii
3738 5705 3818 5748 ro-

2238 5759 2671 5818 conciliationem
2697 5761 2990 5833 lapsorum,
3017 5759 3361 5820 falsissimum
3388 5772 3490 5822 est.
