3968 6308
149 283 247 339 257

745 286 1052 346 DISSEB'I'.
1091 286 1134 343 Ι.
1178 287 1265 344 DE
1310 285 1465 344 νιτΑ
1503 287 1591 344 ET
1631 287 1861 346 REBUS
1898 289 2145 348 GESTIS
2185 291 2244 349 S.
2284 290 2529 349 LEONIS
2567 290 2800 350 MAGNI.

3301 293 3414 357 288

148 400 262 477 stin
284 402 543 477 temporis
571 412 843 477 premunt;
895 403 1052 460 facile
1078 402 1420 459 concordiam
1463 403 1720 477 Ecclesia:
1747 409 1794 464 Α
1825 415 1915 458 aut
1944 407 2083 459 mala
2113 407 2356 472 corporis
2381 407 2682 462 valetudine
2711 406 2963 464 deﬁcere.
2997 405 3292 477 Imperator
3322 422 3412 464 re-

148 471 443 525 rrstitntum
472 471 637 534 iri,'si
665 475 794 528 fides
810 477 1024 529 Patrum
1053 477 1348 530 retineatur
1372 474 1721 543 praedicetur-

146 557 243 614 que
264 544 523 614 majorum
554 544 814 598 doctrina.
844 546 1002 600 Multa
1032 556 1086 601 et
1111 546 1178 600 ad
1217 546 1558 601 Pulcheriam
1587 545 1723 599 scri-

145 613 216 666 bit
242 611 431 683 (Epist.
465 615 555 676 75,
589 632 722 668 nunc
744 615 866 683 95);
898 617 993 670 sed
1026 619 1319 685 prmsertim
1353 618 1419 672 de
1445 615 1722 672 redeunti-

146 685 239 756 bus
269 685 335 736 ad
361 685 648 756 Ecclesiam
677 687 754 741 sic
781 695 1058 756 statutum,
1085 698 1140 742 tit
1162 688 1464 754 petentibus
1486 703 1586 756 pax
1613 702 1720 742 non

143 754 458 827 denegetur;
489 761 588 810 etsi
631 755 852 811 haeresis
903 754 1122 814 odio'et
1163 754 1518 813 detestatione
1559 759 1718 827 digna

143 826 232 897 sit,
269 834 442 879 tamen
471 842 577 880 non
603 843 630 880 a
663 829 1030 882 misericordia
1069 830 1350 892 arcendos,
1403 830 1492 897 qui
1534 826 1718 883 macu-

143 895 244 948 lam
266 898 570 970 pmnitentia
594 899 807 953 eluunt:
836 898 941 954 Sed
964 901 1149 968 potius,
1178 901 1343 968 inquit
1364 895 1612 964 (Ibid.,c.
1640 901 1719 970 '5),

142 981 253 1040 cum
281 968 588 1040 gementibus
616 972 876 1040 gemimus,
906 985 1021 1022 cum
1049 971 1283 1039 ﬂentibus
1313 971 1528 1039 ﬂemus;
1576 981 1618 1022 et
1650 968 1724 1024 sic

140 1037 333 1090 utimur
361 1039 555 1102 iustitia
583 1037 958 1104 commotionis,
985 1037 1168 1094 utnon
1191 1037 1482 1094 omittamus
1504 1041 1726 1093 remedia

139 1109 426 1162 charitatis.
477 1109 641 1163 Addit
671 1111 865 1164 deinde
895 1126 953 1166 se
985 1111 1035 1164 id
1077 1128 1180 1165 non
1213 1111 1373 1165 modo
1401 1112 1602 1167 verbis.
1632 1111 1726 1164 sed

139 1189 192 1232 et
234 1179 388 1234 factis
434 1181 710 1236 docuisse:
750 1181 1091 1236 abolitionem
1117 1182 1356 1249 adeptos
1394 1181 1725 1249 complures,

137 1249 226 1318 qui
254 1251 586 1304 resciderant
615 1251 758 1320 quod
787 1269 816 1305 a
844 1267 903 1306 se
931 1260 1210 1312 statutum,
1249 1261 1304 1305 et
1329 1253 1726 1305 condemnave-

141 1329 263 1374 rant
293 1322 432 1389 quod
458 1323 755 1389 scriptum;
795 1325 976 1374 omnia
1004 1336 1062 1374 se
1092 1339 1156 1375 ex
1184 1323 1383 1390 judicio
1415 1321 1627 1387 fecisse,
1672 1335 1730 1376 ut

136 1394 256 1461 sine
297 1393 616 1461 cujusquam
669 1393 995 1447 detrimento
1050 1393 1296 1447 haeresim
1339 1396 1726 1460 exstingueret.

135 1456 312 1515 immo
334 1456 389 1517 et
413 1456 555 1516 circa
585 1472 833 1517 auctores
855 1463 1151 1526 turbarum,
1169 1479 1274 1532 quo
1295 1464 1450 1517 citius
1472 1456 1544 1517 ad
1563 1465 1729 1530 pumi-

137 1532 367 1604 tentiam
398 1533 782 1604 excitarentur,
825 1549 882 1587 se
923 1534 1188 1604 quidpiam
1235 1550 1297 1588 ex
1340 1535 1728 1604 consuetudine

132 1601 447 1670 disciplinae
479 1603 839 1666 imminuisse;
889 1619 993 1658 non
1037 1601 1248 1672 quidem
1288 1605 1526 1672 ejusdem
1570 1603 1726 1672 pretii

133 1681 195 1725 et
238 1675 614 1728 :estimationis
665 1676 801 1742 apud
844 1675 1137 1728 catholicos
1166 1675 1376 1740 fratres,
1419 1684 1475 1728 ut
1512 1674 1726 1729 fuerant

133 1755 273 1798 ante
305 1743 510 1798 facinus
539 1745 756 1809 impium
790 1745 984 1811 Ephesi
1012 1756 1403 1813 perpetratum;
1439 1755 1614 1799 tamen
1641 1762 1725 1800 re-

130 1813 316 1868 tinere
333 1829 428 1869 eos
445 1822 501 1868 et
526 1815 706 1868 sedem
725 1825 777 1868 et
797 1816 1135 1884 episcopatus
1159 1818 1432 1870 honorem.
1463 1815 1552 1870 Sic
1574 1816 1724 1870 odio.

130 1900 255 1938 rum
290 1885 493 1938 semina
527 1887 577 1937 in
613 1887 726 1953 ipso
755 1896 874 1938 ortu
900 1885 1122 1938 consilio
1151 1897 1203 1939 et
1227 1887 1505 1952 prudentia
1533 1887 1589 1941 S.
1620 1886 1724 1942 Leo

136 1955 751 2028 oppritnere‘studrbal.
788 1957 909 2028 lla'c
937 1972 1000 2010 ex
1031 1956 1272 2028 epiSIolis
1300 1957 1461 2028 500
1489 1959 1554 2010 ad
1584 1958 1724 2010 Mar-

129 2025 350 2098 cianum
379 2037 430 2080 et
449 2026 783 2081 Pulclieriam
807 2026 948 2081 datis
971 2044 1056 2081 xw
1079 2027 1293 2083 kalend.
1311 2025 1571 2098 'A'ug'usti.
1599 2029 1728 2082 Per-

134 2097 259 2150 latis
294 2097 485 2151 litteris
513 2098 852 2166 imperatoris
884 2114 976 2166 per
1025 2099 1332 2167 provincias
1361 2097 1427 2152 ad
1456 2110 1728 2168 metropo-

131 2167 355 2232 litanos,
393 2183 487 2236 per
509 2169 727 2222 eosdem
757 2169 1010 2223 :nlmoniti
1045 2170 1279 2238 episcopi
1304 2170 1559 2224 continuo
1579 2167 1726 2225 com-

132 2241 320 2305 plures
351 2241 416 2292 ad
449 2239 711 2309 synodum
741 2239 994 2303 Nicaeam,
1028 2253 1080 2294 et
1107 2241 1176 2294 ibi
1203 2249 1518 2308 exspectare
1547 2244 1727 2310 Augu—

130 2319 280 2382 stum
313 2310 403 2378 qui
427 2321 480 2382 et
509 2312 622 2378 ipse
651 2325 708 2365 se
739 2311 1111 2365 interfuturum
1145 2316 1353 2382 synodo
1385 2315 1728 2377 promiserat.

131 2381 245 2435 iam
266 2379 518 2435 kalendae
539 2383 873 2450 Septembris
899 2379 1272 2451 praeterieram
1290 2383 1402 2451 (qui
1422 2383 1534 2437 dies
1553 2384 1729 2437 dictus

134 2452 207 2526 ad
225 2453 668 2526 synodttm__erat)
712 2467 884 2526 neque
916 2453 1216 2508 Marcianus
1243 2457 1425 2510 aderat
1457 2456 1555 2526 (α).
1591 2453 1727 2509 Tum

132 2522 375 2599 episcopi
402 2522 644 2599 scribere
670 2524 737 2578 ad
769 2540 912 2599 eum,
949 2534 1006 2578 ut
1037 2539 1134 2593 pro
1170 2540 1320 2599 more
1347 2522 1608 2595 ttiajOrum
1641 2541 1732 2599 sy-

136 2594 340 2649 nodum
369 2595 550 2648 ltaberi
582 2595 770 2660 liceat;
794 2595 987 2650 multos
1008 2605 1100 2650 aut
1118 2611 1184 2652 ex
1208 2596 1417 2652 itineris
1435 2594 1725 2663 molestiis,

1823 478 2011 549 scribit
2041 478 2206 549 visum
2237 478 2423 547 legatis
2447 478 2752 546 apostolicae
2779 478 2922 533 sedis
2953 493 3060 533 non
3098 479 3212 533 fieri
3243 494 3406 549 syno-

1823 545 1972 612 dum,
2007 547 2109 602 nisi
2142 563 2200 602 se
2229 545 2514 617 prasente;
2546 564 2604 604 se
2633 549 2906 605 detentum
2939 549 3196 604 hactenus
3226 545 3406 617 reipu-

1825 617 1978 690 blicae
2006 619 2264 690 negotiis;
2297 633 2563 690 setamen
2593 620 2758 690 magis
2788 621 3012 689 itnperio
3039 636 3198 690 quam
3226 620 3412 674 Eccle-

1824 689 1919 744 sia:
1947 687 2286 755 defuturum;
2334 689 2379 742 si
2410 687 2800 746 Chalcedonam
2848 687 3107 747 accedere
3144 692 3312 746 velint
3343 705 3410 746 eo

1825 761 2007 813 statim
2038 761 2422 829 profecturum,
2475 762 2574 816 etsi
2603 761 2708 814 alio
2737 763 3040 829 reipublicae
3064 777 3188 818 cura
3217 763 3414 816 avertit

1824 831 2082 884 animum.
2115 831 2294 902 ljlunui
2321 830 2550 898 scilicet,
2583 831 2716 886 duce
2745 832 2924 896 Attila,
2958 835 3010 889 id
3037 834 3292 900 temporis
3316 848 3411 902 po-

1827 903 2022 969 pulatis
2066 901 2296 972 primum
2339 901 2575 957 Orientis
2636 902 2922 971 provinciis
2966 907 3017 960 in
3065 903 3409 960 Occidentem

1828 973 2036 1027 infestis
2077 973 2242 1042 signis
2289 972 2614 1042 irruperant.
2667 972 2771 1027 Sed
2819 984 2870 1028 et
2929 975 3098 1029 victus
3140 974 3300 1030 Attila
3344 975 3414 1030 ab

1827 1041 1982 1096 Aetio
2014 1041 2393 1098 acie’ordiuata
2415 1041 2418 1042 ⁷
2438 1045 2490 1097 in
2515 1043 2720 1111 campis
2745 1044 3117 1109 Catalaunicis,
3149 1045 3409 1113 praadanti

1831 1113 1999 1181 magis
2028 1129 2184 1182 quam
2235 1114 2376 1166 victo
2415 1115 2606 1168 similis
2641 1115 2793 1183 fugit,
2841 1125 2894 1167 et
2921 1114 3187 1170 Orientem
3224 1132 3410 1171 versus

1830 1183 1931 1257 iter
1960 1193 2144 1253 C(Bpil,
2179 1183 2552 1257 Illyricumque
2581 1199 2846 1257 occupare
2879 1195 3077 1251 tentat;
3121 1186 3213 1240 sed
3245 1188 3412 1257 copiis

1832 1254 2168 1320 imperatoris
2202 1254 2521 1324 prohibitus.
2558 1256 2628 1308 Ea
2658 1271 2745 1308 res
2778 1265 2886 1310 tum
2916 1259 3238 1311 Marcianum
3271 1254 3411 1310 Gon-

1829 1327 2174 1392 stantinpoli
2205 1326 2494 1388 retinebat;
2526 1334 2579 1378 et
2609 1340 2674 1380 ne
2706 1327 2888 1394 procul
2921 1329 3155 1391 abesset,
3184 1327 3410 1382 Chalce-

1830 1395 2024 1449 donetn
2048 1413 2142 1464 pro
2159 1395 2330 1449 Nicaea
2353 1395 2593 1449 Patribus
2611 1397 2912 1450 insinuavit.
2931 1399 3153 1452 Moleste
3175 1397 3417 1452 ferebant

1833 1465 2016 1520 Patres
2060 1467 2166 1520 alio
2211 1469 2471 1533 synodum
2523 1467 2820 1521 transferri.
2875 1467 3197 1522 Rescribunt
3239 1466 3420 1533 itaque

1829 1550 1924 1603 per
1940 1537 2173 1608 Atticum
2191 1538 2832 1608 tlonstantinopolitanum
2855 1538 3140 1592 diaconum
3178 1548 3420 1608 metuere

1827 1621 1912 1680 se,
1953 1609 1996 1680 si
2028 1604 2365 1662 Chalcedone
2403 1604 2640 1677 synodus
2681 1608 2962 1673 habeatur,
3015 1625 3081 1664 ne
3124 1609 3416 1680 Eutyches,

1829 1679 1914 1746 qui
1949 1678 2176 1732 factione
2206 1680 2366 1743 valet,
2399 1681 2803 1747 Opportunitate
2825 1681 2923 1734 loci
2950 1695 3079 1735 usus
3102 1678 3287 1734 turbas
3317 1682 3415 1735 mi-

1755 1779 1803 1838 Β
1827 1750 2281 1838 sceat1fallatque
2300 1747 2515 1838 Patrum
2535 1751 3014 1838 resspectatipnem.
3040 1751 3122 1838 Ad
3148 1752 3260 1806 haec
3279 1753 3417 1838 hlar-

1831 1819 2017 1893 cianus
2041 1821 2370 1893 daturumse
2396 1835 2612 1889 Operam
2637 1839 2702 1873 ne
2726 1822 2853 1891 quid
2873 1822 3129 1876 adversus
3150 1826 3414 1893 synodum

1831 1891 2082 1970 moliatur
2125 1890 2427 1962 Eutychus;
2475 1893 2676 1972 hortari
2721 1890 2880 1974 igitur
2925 1905 2981 1946 ut
3022 1890 3416 1950 Chalcedonetn

1832 1971 2068 2029 veniant,
2113 1977 2179 2016 ne
2219 1978 2363 2016 mora
2409 1971 2567 2016 noxia
2611 1971 2778 2032 magis
2826 1971 2895 2018 sit
2941 1978 3100 2033 quam
3147 1974 3322 2021 metus
3361 1975 3417 2034 et

1834 2041 2025 2088 terror.
2139 2105 2296 2177 501
2345 2102 2718 2161 SYNOPMS
2760 2103 3104 2161 Αςτοηυκ

2269 2197 2485 2252 Concilii
2515 2196 2959 2253 Chalcedonensis.

1904 2315 2112 2382 Patres,
2145 2317 2377 2383 acceptis
2407 2316 2598 2370 litteris
2629 2316 2993 2382 imperatoris,
3027 2315 3168 2371 ultro
3195 2317 3416 2376 veniunt

1831 2385 2262 2458 Qhalcedonem;
2305 2397 2732 2458 congregataque
2758 2387 2992 2458 synodus
3021 2387 3071 2442 in
3104 2387 3320 2443 basilica
3354 2390 3412 2446 S.

1836 2457 2149 2530 Euphemi-ae
2186 2461 2436 2530 martyris
2459 2457 2636 2530 7502
2672 2457 2822 2512 extra
2857 2458 3040 2513 urbem
3069 2467 3258 2514 oct-ivo
3289 2459 3410 2515 idus

1832 2528 2102 2601 Octobris,
2129 2538 2183 2582 et
2212 2528 2427 2584 kalend.
2452 2528 2711 2601 Novemb.
2735 2529 2996 2583 absoluta.
3028 2530 3145 2595 Quo
3173 2542 3417 2601 tempore

1835 2600 2073 2654 actiones
2125 2601 2342 2655 fuerunt
2383 2600 2462 2672 (ὁ)
2502 2600 2689 2656 decem
2740 2611 2791 2656 et
2840 2610 2980 2656 octo.
3034 2600 3314 2657 Liberatus
3363 2603 3419 2661 in

1197 2708 1278 2762 BA
1290 2708 1755 2766 LLERINIORUM
1792 2710 2023 2766 ANNOT
2033 2710 2343 2766 ATIONES.

205 2801 291 2874 (α)
336 2799 592 2869 Quaedam
628 2815 658 2874 a
694 2800 982 2874 Quesnello
1018 2801 1213 2874 omissa
1265 2802 1350 2858 hic
1391 2803 1724 2871 subiicimus.

135 2872 270 2928 Cum
303 2874 599 2940 imperator
627 2873 748 2927 belli
777 2872 1266 2941 perturbationibus
1298 2875 1607 2942 impeditus,
1638 2876 1728 2929 Ni-

137 2960 330 3008 caeam,
359 2947 434 2997 uti
464 2946 700 3011 optabat,
733 2945 910 2997 statim
941 2959 1043 2996 non
1077 2955 1254 3012 posset
1285 2949 1562 3008 accedere,
1592 2948 1732 3000 ilIlc-

138 3031 220 3068 ras
253 3015 406 3069 misit
436 3015 503 3068 ad
544 3015 734 3086 synodi
772 3013 978 3079 Patres,
1030 3027 1215 3083 petens
1245 3024 1303 3067 ut
1345 3016 1729 3083 aliquantulum

137 3095 546 3153 exspectarent.
600 3086 867 3140 Marciano
919 3087 988 3138 ob
1041 3088 1308 3152 publicun
1358 3087 1728 3139 necessitatem

138 3157 246 3211 alio
278 3158 521 3210 fortassis
570 3157 829 3226 profecto.
871 3155 1151 3210 Pulcheria
1199 3157 1453 3223 epistolas
1493 3156 1639 3209 dedit
1668 3159 1733 3210 ad

1836 2820 1936 2859 nec
1968 2804 2019 2858 in
2047 2804 2168 2858 aliis
2190 2803 2415 2868 Grecis,
2445 2804 2586 2858 sicut
2616 2818 2713 2858 nec
2746 2804 2796 2857 in
2831 2802 3033 2857 Latinis
3064 2803 3329 2870 leguntur,
3363 2815 3418 2864 ut

1835 2878 1976 2929 actio
2022 2877 2071 2928 in
2114 2892 2212 2940 qua
2259 2876 2395 2929 lecta
2437 2873 2533 2928 fuit
2574 2875 2770 2928 Leonis
2800 2874 3024 2941 cpistola
3058 2878 3122 2927 ad
3154 2879 3416 2941 synodum

1838 2950 2068 3014 scripta,
2103 2961 2258 3014 quam
2293 2947 2344 2998 in
2374 2945 2502 2998 solis
2535 2961 2660 2997 mss.
2692 2943 2895 2997 Graecis
2923 2944 3139 3014 Venetis
3171 2943 3227 3000 S.
3256 2945 3417 3001 Marci

1839 3013 2170 3076 inventu-as,
2216 3027 2269 3068 et
2313 3015 2589 3081 append‘ci
2635 3015 2991 3082 Epistolarum
3023 3013 3078 3068 S.
3114 3015 3305 3068 Leonis
3337 3017 3420 3069 itt-

1839 3087 2124 3138 seruitutts.
2156 3085 2212 3138 In
2238 3086 2421 3138 codice
2447 3083 2976 3154 etiatn_Gt'.1-co,iquo
3009 3083 3266 3154 Eutgrius
3293 3100 3420 3140 usus

1838 3166 1948 3217 cst,
1997 3157 2219 3209 deerant
2246 3157 2484 3208 actiones
2515 3154 2578 3206 de
2610 3151 2800 3206 Pltotio
2828 3153 2984 3221 'l‘yri,
3032 3164 3083 3206 et
3123 3151 3188 3207 de
3218 3155 3420 3210 Caroso

138 3227 450 3296 Strategum
478 3215 1123 3297 cori'sularetn'Bithyniae,
1169 3215 1365 3294 quibus
1396 3228 1647 3295 praicepit
1678 3237 1735 3281 ut
1763 3215 1808 3278 C
1838 3215 2000 3291 atque
2029 3225 2328 3297 Dorotheo;
2374 3226 2510 3278 sicut
2529 3227 2698 3297 etiam
2733 3215 3016 3297 aberanta
3050 3240 3149 3279 ms.
3183 3226 3417 3281 Alexan-

138 3313 166 3350 a
192 3297 376 3354 Nicaea
398 3299 688 3366 expelleret
709 3300 956 3361 clericos,
983 3297 1277 3350 niunachos
1307 3306 1359 3350 et
1391 3299 1570 3361 laicus,
1597 3313 1732 3367 quos

138 3367 190 3422 in
221 3385 345 3426 eam
376 3371 560 3424 urbem
593 3372 885 3439 ingressos,
921 3378 974 3422 et
1005 3369 1186 3422 turbas
1215 3375 1528 3422 'excitantt-s
1573 3385 1731 3424 acce-

141 3453 315 3508 perat.
367 3443 481 3494 Non
532 3441 699 3496 multo
746 3450 866 3510 post
901 3441 1138 3508 episcopi
1183 3439 1278 3492 has
1319 3440 1560 3493 inducias
1591 3455 1732 3510 aegre

141 3515 382 3567 terentes
412 3514 475 3566 ad
508 3512 887 3580 imperatorem
917 3511 1175 3572 scribunt,
1227 3510 1514 3565 nonnullos
1544 3510 1730 3567 Patres

139 3582 457 3652 infirmitate
504 3584 728 3649 aliisque
774 3582 840 3636 de
886 3584 1063 3636 causis
1112 3582 1377 3637 laborare.
1439 3582 1732 3652 Respondit

139 3651 441 3710 Marcianus
468 3655 730 3722 publicam
765 3655 1135 3708 necessitatem
1160 3653 1334 3708 adhuc
1375 3651 1632 3721 impedire
1665 3669 1731 3711 ne

139 3726 446 3792 accederet,
472 3741 536 3780 ac
565 3734 822 3793 praeterea
849 3725 1050 3794 legatos
1073 3723 1268 3778 Leonis
1297 3725 1435 3778 nolle
1465 3725 1728 3794 synodum

143 3796 238 3850 nisi
271 3813 460 3851 secum
504 3799 674 3850 adire.
717 3795 916 3851 Suadet
945 3807 1120 3848 autem
1150 3805 1204 3847 ut
1242 3796 1307 3848 ad
1333 3795 1728 3850 Chalcedonent

141 3869 456 3922 viciniorem
491 3867 675 3922 urbem
711 3877 1001 3930 transeant,
1056 3881 1162 3931 quo
1195 3865 1400 3920 facilius
1443 3881 1730 3923 excurrere

145 3940 362 4007 pou-rit.
392 3940 523 3992 lluic
553 3938 886 3992 translationi
911 3937 1096 4008 Patres
1125 3953 1226 3990 non
1251 3940 1426 3991 statim
1452 3938 1704 4008 acquievc

142 4006 284 4075 runt,
327 4026 394 4065 eo
436 4011 574 4072 quod
604 4019 899 4063 metuerent
945 4023 1010 4060 ne
1036 4006 1400 4073 Chalcedone,
1447 4006 1563 4078 qua:
1591 4007 1732 4064 Con-

141 4081 494 4149 stautinOpOIi
525 4079 768 4148 proxima
784 4087 886 4144 est,
907 4079 1161 4150 Eutychis
1183 4080 1418 4133 fautores
1433 4080 1726 4135 seditiones

142 4150 299 4208 facile
330 4163 754 4206 commovereut.
806 4151 860 4204 Id
920 4166 1013 4220 per
1044 4150 1277 4204 Atticum
1324 4151 1628 4217 diaconum,
1675 4161 1732 4205 ut

145 4236 357 4278 veteres
387 4237 516 4276 mss.
546 4223 757 4276 codices
786 4223 1095 4290 praeterunt,
1127 4236 1228 4273 non
1273 4221 1726 4287 architliaconmn,

142 4306 195 4347 ut
241 4296 520 4362 vulgatum
552 4293 796 4347 Graecum
839 4292 1112 4360 exemplar
1144 4292 1300 4344 habet
1331 4294 1454 4359 (qua
1505 4292 1732 4362 lectione

143 4361 436 4431 legendum
468 4375 612 4419 esset
657 4364 879 4431 Aetium)
925 4363 1188 4416 Marciano
1216 4363 1564 4429 signiﬁcatum
1613 4361 1728 4415 fuit.

139 4436 275 4490 Tum
327 4441 621 4504 imperator
659 4435 859 4488 litteras
903 4434 1150 4487 Patribus
1190 4432 1365 4486 reddit
1407 4432 1658 4486 lleraclea
1698 4448 1730 4486 χ

140 4506 249 4560 kal.
284 4508 560 4570 Octzbris,
606 4506 797 4574 quibus
830 4505 1077 4572 pra-cepit
1118 4514 1175 4556 ut
1216 4504 1416 4556 nullam
1450 4504 1726 4570 perturba-

1838 3298 2010 3360 driuo,
2042 3311 2197 3366 quem
2219 3296 2500 3350 Liberatus
2527 3294 2712 3348 Latine
2736 3294 2997 3366 redditum
3023 3297 3256 3365 accepit;
3281 3298 3418 3353 utri-

1837 3382 1938 3437 que
1979 3365 2120 3421 ennu
2153 3366 2672 3421 Chalcedonensitun
2704 3365 2972 3420 actionum
3009 3365 3286 3422 historiam
3319 3371 3414 3422 de-

1834 3441 2171 3498 scribentes,
2224 3439 2357 3492 duas
2413 3437 2509 3492 has
2560 3438 2798 3493 actiones
2853 3449 3198 3503 praetereunt.
3267 3439 3414 3496 Unus

1836 3511 2058 3564 Latinus
2101 3509 2272 3564 codex
2307 3509 2592 3563 Vaticanus
2623 3510 2780 3564 aliam
2812 3511 3076 3564 aetiOuem
3109 3512 3175 3565 de
3207 3510 3414 3566 iloutnn

1836 3583 2060 3636 exhibet
2091 3597 2119 3635 a
2155 3583 2368 3635 Baluzin
2398 3582 2696 3650 vulgatam,
2729 3592 2782 3636 et
2809 3597 2837 3634 a
2872 3580 3024 3634 nobis
3053 3581 3414 3638 recudcndam

1833 3653 1884 3707 in
1919 3655 2130 3707 observ.
2171 3654 2236 3707 ad
2275 3654 2490 3707 dissert.
2525 3653 2586 3717 9,
2630 3667 2788 3722 quam
2833 3654 2882 3704 in
2924 3651 3043 3706 aliis
3072 3655 3154 3708 vel
3182 3651 3407 3718 Graecis,

1833 3726 1911 3777 Vel
1943 3724 2142 3778 Latinis
2171 3723 2320 3778 libris
2351 3727 2543 3777 frustra
2573 3723 2836 3794 requires.
2867 3725 2998 3778 Cum
3027 3723 3187 3792 igitur
3211 3725 3409 3794 singuli

1831 3796 2045 3849 codices
2074 3797 2251 3864 aliqua
2281 3797 2573 3849 omissione
2605 3793 2874 3859 laborent,
2912 3810 3036 3847 nmn
3066 3810 3131 3849 ex
3160 3793 3410 3852 omnibus

1833 3870 2019 3918 saltem
2049 3865 2444 3934 exemplaribus
2489 3867 2744 3918 hactenus
2771 3865 3002 3920 inventis
3030 3880 3217 3920 omnes
3244 3867 3416 3922 actio-

1835 3953 1927 3990 nos
1963 3937 2269 4000 habeamus,
2304 3953 2368 3988 an
2400 3936 2590 4002 aliqua:
2621 3936 2796 3990 adhuc
2829 3938 3045 3997 lati-aut,
3078 3938 3158 3990 vel
3193 3937 3410 3992 interci-

1831 4007 2028 4067 dm-iut.
2053 4013 2379 4076 ignoramus.
2415 4007 2470 4059 Si
2499 4022 2626 4060 vero
2657 4006 2955 4060 actionibus
2985 4008 3045 4058 l9
3068 4020 3225 4059 antea
3250 4009 3410 4062 editis

1831 4080 2094 4131 aldantur
2124 4078 2364 4132 actiones
2404 4078 2552 4140 duce,
2600 4077 2766 4129 altera
2798 4077 2865 4128 de
2901 4077 3105 4128 Domuo
3134 4091 3163 4129 a
3197 4077 3413 4130 Baluzio

1831 4148 1997 4214 edita,
2047 4149 2212 4201 altera
2258 4148 2326 4201 de
2374 4158 2666 4200 memorata
2712 4146 2908 4200 Leonis
2947 4146 3205 4213 epi5tola,
3251 4162 3412 4214 quam

1833 4234 1931 4272 nos
1980 4219 2280 4279 edidimus;
2333 4216 2806 4269 Chalcedonenses
2853 4215 3128 4279 actiones,
3180 4231 3297 4281 qua:
3343 4217 3411 4272 ad

1834 4289 1935 4342 hoc
1982 4304 2150 4358 usque
2193 4298 2401 4354 tempus
2448 4286 2726 4354 prodiere,
2776 4295 2899 4340 sunt
2950 4300 3051 4338 una
3102 4292 3156 4358 et
3197 4287 3407 4356 viginti.

1837 4363 2026 4413 Decem
2066 4357 2257 4412 autem
2312 4366 2366 4409 et
2417 4365 2539 4410 octo
2595 4364 2797 4410 tantum
2853 4367 3007 4424 antea
3051 4357 3222 4411 editas
3260 4374 3414 4412 cotu-

1836 4433 2039 4499 putavit
2060 4428 2400 4497 Quesnellus,
2427 4429 2548 4497 quia
2579 4428 2774 4482 editam
2809 4427 3072 4482 actionem
3105 4429 3182 4499 de
3204 4429 3408 4484 Domno

1834 4498 2065 4570 Spuriam
2099 4500 2302 4564 habuit,
2336 4501 2402 4554 de
2432 4515 2537 4571 quo
2569 4499 2787 4554 inferius
2819 4509 3000 4554 annot.
3029 4500 3096 4552 ‘27
3123 4498 3259 4570 (Col.
3283 4502 3411 4571 267,

139 4590 348 4634 tionem
377 4571 678 4656 metuentes
703 4571 986 4656 sine’tuora
1005 4575 1396 4656 Chalcedonem
1425 4582 1724 4656 accut'ratit,
1757 4592 1810 4652 Β
1835 4590 1888 4625 n.
1908 4571 1992 4656 ἓ).

208 4651 288 4717 (b)
329 4649 473 4718 Quot
517 4648 714 4701 fuerint
758 4648 914 4715 hujus
960 4647 1152 4716 synodi
1197 4644 1466 4718 actiones,
1515 4647 1724 4718 definiri

136 4716 288 4774 cr-rto
324 4716 532 4789 nequit.
564 4720 804 4786 Septem,
835 4734 953 4786 qua:
982 4719 1284 4786 generalem
1320 4716 1440 4769 fidei
1472 4716 1724 4789 acdisci-

137 4792 305 4854 plina:
333 4787 554 4844 causam
585 4790 895 4859 respiciunt,
928 4798 1036 4841 tmn
1067 4791 1116 4840 iu
1145 4789 1366 4852 Graecis,
1401 4798 1512 4859 tum
1541 4787 1592 4840 in
1623 4788 1720 4840 La-

137 4867 263 4915 llIIIS
297 4861 581 4916 codicibus
610 4858 941 4913 conservatae
981 4862 1210 4913 luet-unt.
1261 4859 1426 4911 [anno
1462 4858 1727 4926 plerosque

135 4931 361 4986 (ἔπεσθε
384 4933 693 5002 antiquiores
720 4932 916 4984 codices
943 4930 1198 5002 continere
1223 4929 1477 4998 synodum
1504 4945 1604 5002 non
1631 4929 1726 4982 nisi

134 5006 186 5056 in
216 5021 316 5058 sea:
350 4999 634 5056 artiontbns
664 5003 946 5071 subjunctis
974 5001 1272 5062 canonibus,
1306 5010 1357 5051 ut
1387 4999 1593 5071 omnino
1622 5015 1723 5052 cte-

134 5083 274 5138 tera,
312 5089 436 5142 qua:
474 5075 670 5144 privato
700 5070 868 5125 studio
901 5074 1297 5144 {ueruntmota,
1341 5087 1439 5122 non
1475 5070 1722 5144 habeant,

135 5154 380 5198 testatur
407 5142 645 5203 Pelagius
675 5144 716 5197 ll
746 5145 796 5196 in
825 5144 1043 5208 epistola
1073 5143 1136 5196 ad
1171 5145 1339 5195 titiam
1366 5154 1417 5194 et
1443 5142 1724 5210 episcopos

104 5217 315 5276 tIStriae
338 5257 355 5280 ,
404 5233 452 5267 n.
491 5217 586 5280 19,
635 5223 764 5268 tum.
793 5212 860 5266 Vl
889 5212 1090 5268 Concil.
1123 5213 1252 5266 Ven.
1295 5213 1424 5266 edit.
1455 5215 1560 5266 col.
1595 5213 1719 5267 275.

131 5286 270 5354 Qua:
300 5302 435 5340 vero
469 5287 817 5355 particulares
845 5293 1381 5355 causasrtractarunt,
1428 5300 1532 5335 non
1574 5299 1724 5352 atque

79 5398 84 5400 -
132 5354 497 5424 proferuntur
527 5360 576 5410 in
607 5371 734 5410 mss.
765 5356 934 5419 libris,
964 5354 1053 5424 qui
1085 5368 1383 5420 super-unt.
1419 5355 1550 5406 Alia:
1580 5357 1722 5407 enim

128 5431 390 5482 actiones
417 5436 707 5496 suppetunt
731 5443 794 5481 ex
826 5427 1027 5481 Grzrcis
1067 5426 1457 5493 exemplaribus
1476 5466 1494 5496 ,ί
1521 5441 1636 5493 qua:
1671 5427 1723 5478 in

131 5497 362 5553 Latinis
386 5493 778 5561 desiderantur,
823 5507 878 5551 ttt
904 5499 1138 5551 actiones
1165 5498 1230 5550 de
1260 5496 1460 5568 I’ilOlitt
1476 5495 1598 5565 Tyri
1620 5541 1632 5560 ,
1667 5505 1721 5549 et

81 5583 87 5593 '
127 5573 198 5625 de
223 5571 450 5626 Caroso
488 5579 650 5638 atque
693 5570 977 5622 Dorotlteo.
1029 5568 1160 5620 Alizn
1190 5583 1257 5619 ex
1293 5566 1494 5620 Latinis
1528 5577 1721 5638 praesto

72 5649 74 5651 ’
127 5654 290 5705 sunt,
328 5656 452 5708 qua:
484 5637 678 5694 desinit
708 5646 758 5692 in
786 5638 1007 5701 ϐιηθεὶς,
1040 5647 1097 5692 ιη
1124 5640 1261 5692 actio
1289 5639 1354 5708 de
1385 5638 1586 5689 Domno
1614 5637 1718 5690 An-

129 5707 450 5794 tiochena,
497 5725 658 5794 quam
704 5707 1526 5794 codicesdiustici”praeierunt.
1590 5709 1722 5762 Alite

123 5787 310 5842 etiam
345 5782 404 5840 in
433 5779 747 5852 quibusdam
777 5781 975 5837 Graecis
1006 5779 1282 5835 codicibus
1323 5789 1561 5845 exstant,
1597 5787 1739 5849 qum‘

1904 4644 2088 4710 Neque
2114 4644 2286 4697 solum
2317 4645 2368 4698 in
2397 4658 2618 4697 numero
2641 4643 2909 4697 actionum
2933 4641 3241 4710 discrepant
3265 4645 3415 4699 codi-

1829 4731 1940 4778 ces,
1966 4730 2148 4769 verum
2177 4721 2336 4769 etiam
2367 4716 2417 4769 ίιι
2450 4715 2656 4770 ordine.
2688 4713 2890 4769 Omnes
2920 4714 2972 4768 in
3004 4715 3174 4784 prima
3203 4716 3416 4772 actione

1829 4788 2176 4868 conveniunt.
2215 4789 2283 4868 At
2303 4789 2792 4868 aliis-secundaest
2815 4785 2956 4868 actio
2981 4783 3048 4868 de
3074 4786 3412 4868 depositione

1833 4858 2094 4923 Dioscori,
2125 4873 2243 4927 qua:
2273 4859 2323 4911 in
2354 4858 2577 4924 vulgatis
2606 4858 2760 4910 tertia
2789 4858 3100 4926 praefertur;
3141 4858 3412 4925 iidemque

1829 4927 2118 4981 secundam
2161 4929 2424 4996 vulgatam
2477 4928 2528 4979 in
2575 4928 2788 4980 tertium
2841 4929 3015 4982 locum
3065 4928 3405 4995 protrudunt.

1835 4999 2107 5066 Ejusmodi
2153 5011 2277 5052 sunt
2321 4998 2494 5053 Grzcci
2540 4997 2753 5052 codices
2783 4997 2968 5051 Veneti
3013 4997 3068 5052 S.
3104 4997 3260 5069 Marci
3308 4999 3413 5069 ltiti

1830 5065 1883 5145 ct
1906 5072 2032 5134 555,
2057 5085 2153 5145 nec
2178 5086 2280 5122 non
2306 5070 2548 5145 Graecum
2578 5069 2904 5145 exemplum,
2930 5084 2997 5122 ex
3021 5081 3127 5145 quo
3151 5065 3412 5145 Evagrius

1833 5142 1972 5195 hunc
1997 5140 2239 5194 ordinem
2271 5141 2536 5193 exhibuit.
2586 5139 2730 5193 Idem
2770 5154 2980 5208 quoqtte
3020 5138 3327 5208 obtinuisse
3358 5138 3412 5189 in

1830 5211 2019 5265 Graeco
2048 5212 2361 5279 exemplari,
2386 5211 2525 5281 quod
2551 5205 2911 5265 adhibuerunt
2935 5211 3119 5261 Patres
3141 5205 3328 5281 synodi
3354 5220 3406 5274 v,

1830 5283 2096 5352 colligitur
2123 5277 2478 5349 cx'cullatfti,
2521 5285 2571 5334 in
2612 5297 2714 5351 qua
2758 5281 3096 5352 protulerunt
3125 5277 3407 5352 epistolam

1833 5347 2026 5408 Leotiis
2056 5369 2118 5406 ea:
2155 5355 2302 5406 tertia
2342 5347 2542 5406 actione
2579 5347 2905 5420 eorum'qua:
2941 5347 3258 5420 Chalcedone
3289 5354 3410 5399 sunt

1831 5433 1968 5487 acta,
1997 5438 2117 5477 Cum
2166 5435 2340 5477 tamen
2384 5423 2447 5476 ad
2491 5421 2778 5478 secundam
2821 5420 3084 5488 vulgatam
3131 5419 3410 5486 pertineat.

1833 5497 2062 5565 Antiqua
2098 5493 2286 5548 Latina
2323 5497 2515 5555 versio,
2549 5508 2665 5560 quae
2698 5495 2748 5542 in
2775 5488 3284 5565 Parisiensicodtce
3323 5501 3419 5557 per

1834 5559 2101 5619 llaluiimn
2140 5568 2355 5617 laudato
2386 5568 2711 5623 continetur,
2744 5561 2971 5612 similem
3004 5559 3247 5612 ordinem
3273 5574 3416 5626 prae-

1833 5643 1950 5690 lcrt.
2005 5635 2289 5689 Facundus
2319 5636 2516 5702 pariter
2544 5631 2881 5702 exemplaria_
2897 5629 3092 5702 similia
3131 5646 3188 5702 se
3222 5628 3420 5702 vidisse

1833 5715 2062 5761 testatur
2090 5706 2186 5759 lib.
2219 5721 2269 5769 v,
2303 5698 2352 5758 (Ξ.
2380 5707 2434 5760 5.
2469 5704 2635 5756 Immo
2660 5703 2820 5753 etiam
2852 5698 3122 5764 RuSticus,
3157 5701 3282 5756 licet
3305 5701 3421 5755 vul-

1831 5787 2012 5849 gatum
2045 5776 2290 5832 ordinem
2322 5775 2379 5831 in
2405 5787 2503 5830 sua
2531 5770 2772 5828 editione
2811 5778 3028 5828 secutus
3066 5786 3129 5826 su
3152 5816 3167 5842 ,
3209 5772 3423 5830 codices

1673 5893 1866 5920 ,βων-μ.
1907 5896 1950 5902 ..
