3968 6308
503 373 601 428 265

957 365 1199 427 PASCH.
1238 366 1625 437 QUESNELLI
1668 362 2255 424 DISSERTATIONES
2296 363 2358 419 IN
2398 364 2458 421 ς.
2493 362 2742 420 LEONIS
2784 360 2999 419 MAGNI
3036 360 3265 419 OPEBA

3664 363 3758 420 ω

498 494 622 545 nino
666 488 807 545 sedis
861 488 1034 543 ablata
1077 486 1393 542 Diescorum
1452 485 1520 539 ab
1566 484 1874 554 episcopatu
1925 483 2074 553 deje-
2103 490 2150 547 Α
2180 483 2413 562 tis,_tum
2442 480 2760 562 Occidentis
2780 481 3076 550 subscripta
3101 483 3393 562 episcopis,
3420 488 3519 562 qua
3544 479 3757 562 d‘emum

499 574 664 616 ctum.

1156 649 1298 703 Actio
1328 646 1431 702 IV.

576 786 660 823 xvi
689 767 903 822 kalend.
928 763 1187 820 Novemb.
1220 764 1360 816 actio
1394 771 1582 831 quarta
1610 772 1783 829 coepta
1810 762 1972 832 508
1999 773 2082 816 est

505 844 761 905 iu-eviter;
791 839 1005 893 reiectis
1029 849 1148 905 quae
1178 835 1327 903 prius
1343 845 1465 905 acta
1494 832 1725 901 fuerant,
1755 834 1964 900 juuiccs
1994 850 2079 886 ro-

504 903 756 976 caverunt
783 909 908 976 quid
949 903 1130 976 Pati-es
1172 904 1239 958 de
1270 903 1691 976 epistola_sancti
1722 905 1930 976 Leonis
1952 918 2083 958 cen-

503 971 680 1035 serent
710 982 730 1033 ?
782 971 1011 1050 Synodis
1040 971 1319 1050 ΔΝίειίιεητιέ
1357 986 1445 1050 et__
1475 972 2081 1050 Constantinopolitauas

509 1044 862 1106 consentanea
908 1046 1188 1102 continere
1231 1061 1299 1100 ex
1332 1044 1523 1099 ordine
1564 1045 1749 1100 Patres
1798 1048 2078 1108 dixerunt;

505 1125 783 1193 diligenter
803 1118 1105 1193 examinata
1127 1116 1332 1185 singula
1352 1116 1543 1193 verba;
1572 1132 1677 1193 non
1708 1116 1865 1169 aliam
1893 1117 2081 1193 haberi

506 1196 553 1247 in
584 1185 644 1248 Ea
691 1191 1018 1255 doctrinam,
1049 1203 1208 1257 quam
1238 1202 1357 1254 quae
1393 1185 1444 1239 in
1475 1188 1694 1256 synodis
1730 1188 2081 1241 mcumenicis

509 1265 816 1326 praedicata;
857 1275 974 1314 eam
1014 1272 1135 1312 esse
1181 1272 1341 1326 quam
1381 1258 1615 1327 (Lyrillus
1653 1260 1703 1310 in
1748 1258 2085 1325 expositione

511 1335 628 1387 lidei
672 1331 905 1403 Ephesi,
952 1338 1007 1403 et
1051 1327 1386 1403 in__episto|_is
1415 1328 1695 1403 exposuit,
1748 1330 1817 1381 oh
1858 1343 2085 1403 eamque

506 1397 895 1459 causam-scim
916 1399 1278 1454 subscribere.
1312 1397 1390 1450 Ex
1410 1398 1675 1465 episcopis
1700 1399 1934 1451 nonnulli
1966 1414 2087 1463 per-

507 1478 657 1544 plexa
699 1471 944 1544 quaedam
984 1479 1145 1544 atque
1190 1468 1347 1544 dubia
1379 1468 1493 1544 sibi
1525 1470 1633 1521 visa
1662 1484 1780 1544 esse
1821 1469 2088 1544 signiﬁca-

509 1537 653 1600 runt.
708 1537 815 1598 Sed
865 1537 1123 1596 admoniti
1172 1539 1331 1595 dubia
1381 1537 1496 1592 ﬁeri
1532 1556 1594 1591 ex
1631 1537 1903 1593 vocabulis
1932 1551 1982 1593 et
2009 1540 2088 1592 lo-

506 1615 841 1679 cutionibus,
874 1611 1015 1665 ultro
1044 1610 1430 1678 subscripsere,
1457 1611 1545 1662 alii
1577 1610 1697 1663 aliis
1727 1611 1923 1664 verbis.
1963 1610 2087 1666 Haec

509 1684 863 1756 quorumdam
909 1680 1127 1756 fuerunt
1166 1698 1179 1734 :
1229 1680 1415 1747 Aliqua
1451 1680 1594 1756 nobis
1626 1697 1690 1734 ea:
1724 1683 1835 1756 ipsa
1881 1680 2087 1734 obstite-

511 1752 631 1810 runt
662 1755 828 1819 verba,
851 1761 903 1806 ut
931 1753 1256 1823 partitionem
1277 1761 1327 1803 et
1343 1752 1715 1823 separatiouem
1735 1754 2086 1804 demonstran-

512 1830 616 1889 tia,
663 1828 732 1880 sic
762 1820 1043 1878 volentibus
1084 1838 1261 1891 sapere
1281 1860 1297 1884 ,
1343 1820 1407 1873 de
1433 1822 1612 1890 quibus
1633 1831 1677 1875 et
1701 1825 1762 1874 ab
1792 1823 1938 1875 initio
1969 1833 2087 1875 ante

511 1907 727 1952 vestram
781 1895 1105 1949 clementiam
1161 1891 1561 1961 ambigebamus,
1607 1902 1653 1945 et
1693 1904 1810 1946 tunc
1855 1910 1885 1945 a
1926 1902 2087 1946 vestra

511 1970 640 2041 iussi
691 1967 829 2041 exire
882 1964 1263 2041 magniﬁcentia
1314 1964 1603 2041 audivimus
1662 1982 1693 2016 a
1733 1964 1922 2041 sanctis
1981 1964 2087 2016 Pa-

512 2033 702 2103 tribus,
741 2037 992 2107 episcopis
1025 2042 1071 2087 et
1110 2033 1414 2107 presbyteris
1456 2034 1628 2107 locum
1657 2034 1937 2107 tenentibus
1966 2052 2091 2107 san-

513 2109 719 2163 ctissimi
743 2104 790 2161 et
818 2106 913 2159 Dei
940 2106 1182 2157 amatoris
1204 2106 1449 2173 praecipui
1488 2105 1851 2175 archiepiscppi
1882 2104 2090 2168 Leonis,

512 2182 633 2250 quia
659 2177 854 2233 nullam
875 2176 1044 2250 dicunt
1063 2176 1465 2250 partitionemin
1496 2174 1714 2229 Domino
1746 2174 1856 2250 Deo
1886 2185 1931 2228 et
1960 2177 2087 2250 sal-

517 2197 633 2250 quta
659 2193 854 2233 nuuam
875 2193 1386 2299 atcumparuuonem
1414 2193 1465 2227 in
1496 2193 1714 2229 uomtno
1746 2193 1856 2229 ueo
1886 2193 1931 2228 et
1960 2193 2087 2231 δαι-

517 2260 682 2304 vatore
702 2258 874 2302 nostro
899 2246 1025 2316 Jesu
1084 2245 1277 2311 'Iiristo,
1308 2246 1398 2300 sed
1430 2261 1588 2298 unum
1625 2248 1955 2316 eamdemque
1990 2248 2093 2299 Uo-

516 2323 711 2374 minum
738 2318 932 2372 Filium
957 2315 1088 2381 Dei;
1111 2326 1316 2385 propter
1344 2317 1480 2386 quod
1510 2319 1856 2371 consensimus
1873 2315 1921 2370 et
1955 2328 2088 2371 tonio

515 2391 927 2459 subscripsimus.
956 2388 1079 2441 Ilaec
1099 2390 1167 2459 de
1193 2388 1416 2459 epistola
1448 2387 1617 2442 sancti
1642 2388 1835 2442 Leonis
1867 2390 1930 2441 ad
1966 2388 2088 2441 Fla-

520 2457 754 2526 vianum,
780 2460 1133 2528 praesentibus
1154 2457 1341 2525 legatis
1362 2473 1376 2512 :
1395 2473 1620 2527 quorum
1642 2459 1817 2512 nullus
1840 2461 1923 2513 vel
1946 2476 2094 2513 com-

514 2545 691 2588 motus
722 2533 806 2587 vel
840 2537 1165 2598 conquestus
1197 2538 1312 2593 est,
1340 2533 1481 2598 quod
1513 2533 1644 2583 tanti
1679 2530 1945 2597 pontilicis
1977 2530 2091 2599 epi-

516 2605 653 2659 stola
673 2619 705 2657 a
732 2602 970 2658 Romana
986 2599 1193 2670 synodo
1219 2599 1379 2652 missa
1434 2615 1460 2651 a
1488 2600 1751 2669 plerisque
1771 2610 1879 2653 tum
1907 2601 2096 2655 Orien-

2119 1863 2166 1922 B

2186 554 2328 607 nulla
2375 569 2627 623 umquam
2684 554 2762 607 vel
2812 561 3085 607 auctorata
3137 552 3307 620 magis
3342 595 3357 619 ,
3411 551 3495 605 vel
3554 550 3758 607 decreta

2185 625 2468 688 maturius,
2495 625 2577 678 vel
2607 625 2794 693 majori
2822 624 3108 691 Splendore
3134 623 3401 693 publicata
3422 665 3437 689 ,
3468 623 3662 677 iterum
3688 623 3754 693 (in

2184 696 2417 750 examini
2446 695 2823 763 subjiceretur.

2255 766 2390 820 Tum
2429 766 2638 833 jndices
2666 764 2915 819 Patribus
2956 764 3257 833 signiﬁcare
3298 764 3641 831 imperatoris
3678 780 3761 820 no-

2186 838 2327 890 mine
2353 882 2365 902 ,
2410 838 2638 891 liberum
2683 837 2785 890 illis
2824 838 3050 905 relinqui
3082 846 3137 889 ut
3175 839 3242 890 de
3281 836 3444 905 509
3478 833 3763 890 fautoribus

2189 909 2426 961 Dioscori
2459 916 2775 966 statuerent.
2808 907 2874 961 de
2896 906 3156 961 Juvenale
3181 906 3760 978 scilicetlerosolymoc

2186 995 2327 1040 rum,
2347 979 2414 1032 de
2442 978 2724 1032 Thalassio
2737 978 3077 1038 Caesariensi.
3109 978 3175 1031 de
3200 977 3433 1030 Eusebio
3446 978 3761 1047 Ancyriano.

2186 1050 2252 1102 de
2278 1048 2476 1129 Basilio
2504 1048 2862 1129 Seleuciensi,
2896 1060 2942 1100 et
2981 1046 3258 1129 Ettstathio
3285 1046 3592 1129 Berytensi.
3620 1047 3657 1129 ti
3687 1061 3761 1101 ro-

2183 1121 2290 1188 gati
2333 1121 2522 1173 venire
2565 1120 2615 1172 in
2666 1118 2987 1183 concilium,
3038 1119 3141 1172 ﬁde
3189 1117 3404 1172 concilii
3449 1117 3753 1185 approbata.

2184 1192 2328 1244 dicto
2352 1192 2699 1244 anathemate
2731 1190 2783 1243 in
2816 1190 3145 1260 Eutychem,
3173 1189 3530 1260 decretisque
3563 1188 3761 1243 Patrum

2188 1277 2283 1315 sua
2307 1261 2703 1327 subscriptione
2736 1259 3085 1323 coulirmatis,
3118 1259 3362 1314 admissi.

2258 1331 2425 1397 Major
2466 1346 2588 1413 cum
2641 1331 2905 1400 episcopis
2949 1328 3218 1453 Egyptiis
3267 1330 3602 1411 concertatio
3647 1328 3759 1384 fuit.

2258 1404 2523 1453 leCl‘iDllO
2555 1402 2850 1453 petebatur.
2886 1402 3053 1453 Etttvc
3093 1416 3177 1453 em
3200 1416 3476 1453 exsecrari
3501 1417 3607 1453 non
3632 1416 3759 1453 vere«

2187 1400 2523 1470 Subscriptio
2555 1402 2850 1469 petebatur.
2886 1400 3177 1471 Etttychem
3200 1400 3476 1455 exsecrari
3501 1417 3607 1454 non
3632 1416 3767 1455 vere-

2188 1473 2412 1538 bantur;
2442 1471 2788 1527 subscribere
2816 1470 3156 1525 recusabant.
3182 1470 3502 1536 Prtetextus,
3536 1487 3603 1525 an
3626 1487 3767 1527 causa

2188 1543 2309 1608 fuit,
2344 1558 2546 1597 morem
2578 1557 2702 1597 esse
2734 1543 3139 1612 Egyptiorum,
3184 1557 3281 1597 nec
3314 1543 3522 1595 licitunt
3551 1543 3767 1596 subscri-

2190 1615 2319 1668 bere
2369 1614 2468 1668 nisi
2520 1623 2796 1683 przeeuute
2835 1614 3199 1668 Alexandrino
3241 1614 3528 1683 episcopo;
3570 1613 3767 1667 daretur

2189 1686 2275 1753 qui
2300 1684 2686 1745 subscriberet,
2706 1683 2983 1753 facemque
3008 1685 3302 1750 prtelerret,
3328 1684 3764 1749 subscriptionem

2192 1771 2297 1807 non
2320 1756 2698 1825 denegaturos.
2734 1756 2937 1822 Magnis
2960 1755 3399 1809 altercationibus
3423 1769 3513 1807 res
3538 1766 3653 1808 acta
3676 1762 3764 1817 est,

2196 1825 2475 1895 ibaturque
2507 1828 2556 1878 in
2602 1825 3101 1880 condemnationem
3133 1827 3530 1894 episcoporum,
3560 1840 3675 1880 cum
3697 1826 3769 1892 ju—

2196 1897 2343 1950 dices
2378 1897 2723 1951 obtinuerunt
2765 1906 2821 1951 ut
2864 1898 3115 1965 quoniam
3157 1897 3225 1951 de
3273 1896 3378 1950 ﬁde
3410 1911 3519 1949 non
3547 1897 3767 1963 ambige-

2197 1966 2349 2032 bant,
2380 1967 2703 2035 subscriptio
2732 1966 3040 2021 differretur
3081 1978 3201 2037 post
3242 1966 3638 2037 ordinationem
3671 1969 3765 2037 epis

2197 2039 2344 2106 scopi
2391 2039 2741 2091 Alexandrini
2780 2056 2794 2103 ;
2848 2036 3089 2104 datisque
3134 2036 3541 2105 ﬁdejussoribns
3584 2036 3768 2090 dimissi

2198 2118 2342 2161 sunt.
2387 2110 2475 2163 Sic
2507 2110 2686 2162 minax
2720 2108 2951 2175 procella
2993 2109 3273 2176 prudentia
3304 2119 3358 2161 et
3388 2108 3617 2161 consilio
3641 2108 3764 2175 judi-

2198 2196 2319 2233 cutn
2362 2179 2568 2233 sedata.
2611 2177 2745 2231 Tum
2793 2178 3228 2234 architnandritzn
3271 2190 3323 2233 et
3352 2177 3601 2232 monachi
3628 2178 3771 2231 intro«

2199 2250 2366 2315 ducti,
2413 2265 2638 2320 quorum
2678 2264 2797 2302 sors
2826 2250 3034 2303 diversa
3066 2249 3187 2313 fuit,
3219 2260 3274 2303 ut
3305 2250 3490 2320 dispar
3519 2257 3769 2320 eratcon-

2198 2320 2349 2374 ditio.
2383 2318 2606 2387 Quidam
2637 2335 2735 2389 pro
2765 2319 3005 2390 Eutyche
3033 2321 3241 2375 libellos
3269 2319 3602 2375 obtulerunt.
3631 2318 3768 2390 Come

2201 2392 2378 2445 munis
2420 2406 2519 2445 vox
2566 2388 2754 2460 synodi
2810 2388 2907 2443 l'uit
2954 2402 3008 2444 ut
3058 2390 3200 2443 foras
3246 2392 3609 2445 mitterentur.
3644 2388 3767 2460 Lecti

2202 2471 2383 2517 tamen
2432 2459 2622 2526 libelli,
2667 2460 3499 2532 neque,adcondemnationem
3542 2459 3770 2532 Eutychis

2204 2534 2453 2599 compelli
2487 2530 2795 2601 potuerunt.
2834 2530 3047 2586 Gratior
3086 2533 3312 2587 aliorum
3357 2530 3654 2601 ingressus,
3694 2530 3769 2597 qui

2208 2603 2501 2673 Entychem
2528 2602 2795 2657 exsecrati
2824 2601 2986 2657 ﬁdem
3015 2603 3204 2674 synodi
3240 2603 3620 2673 praedicarunt.
3649 2601 3767 2657 Tum

1574 2765 2136 2822 BALLERINIORUM
2174 2766 2730 2823 ANNOTATIONES.

594 2883 668 2955 (a)
698 2882 754 2937 ln
782 2884 1012 2940 secunda
1038 2887 1251 2941 actione
1270 2899 1393 2941 cum
1416 2881 1723 2955 nonet-tales
1738 2878 1945 2955 judices
1964 2880 2093 2955 ﬁdei

521 2950 907 3024 expositionem
938 2959 1317 3025 postulassent,
1354 2956 1535 3008 Patres
1563 2951 1757 3005 Leonis
1787 2950 2089 3025 epistolam,

522 3021 678 3088 quam
710 3035 767 3080 ut
815 3021 1031 3096 formam
1076 3042 1265 3082 omnes
1314 3024 1787 3096 subscripserunt,
1837 3021 2095 3096 adversus

523 3097 778 3167 Eutychis
812 3093 1024 3153 errores
1052 3098 1299 3153 sufﬁcere
1342 3094 1615 3165 protestati
1653 3103 1796 3167 sunt.
1837 3093 1924 3167 Sic
1952 3096 2095 3146 enim

526 3161 799 3235 CecrOpius
835 3172 1104 3238 episcopus
1144 3161 1616 3238 Sebastopolitanus
1643 3165 1815 3217 dixit:
1861 3161 2097 3238 Emerse—

526 3188 799 3235 (secropsus
835 3188 861 3222 ε
904 3188 1104 3238 tscopus
1144 3188 1616 3238 oeaaswpomunus
1643 3188 1771 3217 ulxu
1799 3188 1814 3215 ;
1861 3188 2096 3216 Diuersi:-

524 3252 643 3291 runt
670 3256 784 3308 qua:
803 3188 1179 3310 afEutychem
1204 3240 1518 3310 pertinebant
1536 3277 1551 3299 ,
1594 3244 1647 3310 et
1666 3251 1817 3301 super
1843 3237 1905 3287 iis
1927 3235 2096 3310 [arma

2212 2892 2399 2936 uerum
2427 2883 2589 2935 tuisse
2615 2881 2861 2935 Patrihus
2882 2894 3105 2935 examen
3120 2880 3359 2948 ejusdem
3374 2876 3769 2949 epistolmsalvs

2213 2953 2562 3006 nihilominus
2588 2952 2896 3020 apostolicae
2925 2950 3068 3005 sedis
3099 2947 3450 3013 auctoritate;
3479 2949 3589 3004 Leo
3614 2947 3771 3020 docuit

2202 3025 2360 3090 epist.
2380 3022 2501 3087 120.
2532 3037 2583 3077 c.
2608 3019 2657 3077 i.
2690 3022 2928 3077 Examen
2960 3022 3166 3077 scilicet
3194 3021 3436 3089 epistolae
3457 3019 3765 3089 dogmatica,

2200 3110 2306 3162 quo
2321 3110 2379 3148 ea
2398 3094 2561 3148 veluti
2591 3094 2790 3147 incerta
2813 3093 3144 3161 expendatur
3164 3107 3283 3147 cum
3309 3091 3559 3146 facultate
3578 3091 3766 3143 dissen-

2203 3166 2390 3230 tieudi,
2420 3166 2725 3235 apostolica
2754 3162 3057 3235 auctoritati
3101 3164 3375 3235 inimicum
3417 3172 3499 3217 est
3514 3178 3531 3235 7;
3563 3173 3766 3235 examen

2204 3251 2331 3289 vero
2354 3229 2468 3305 quo'
2489 3236 2727 3290 omnium
2750 3234 3039 3289 concordia
3060 3241 3114 3287 et
3135 3234 3487 3305 dubitantium
3510 3229 3770 3286 instructio

525 3309 649 3362 data
673 3292 805 3362 esta
832 3292 1148 3364 sanctissimo
1170 3292 1831 3375 ’a'rcltiepiswpoltomanm
1856 3292 2014 3365 urbis,
2048 3314 2095 3357 et
2121 3292 2168 3353 C
2202 3319 2256 3360 et
2284 3292 2533 3360 assensus
2564 3316 2855 3373 quaeratur,
2884 3306 2969 3360 vel
2998 3320 3106 3374 quo
3134 3306 3296 3375 etiam
3326 3303 3624 3375 judiciuma
3650 3315 3770 3375 pott-

526 3381 781 3448 sequimur
808 3397 942 3443 eum,
966 3389 1013 3431 et
1034 3380 1262 3450 epistolae
1290 3374 1463 3433 omnes
1499 3374 1908 3450 subscripsimus.
1942 3375 2099 3450 Reve-

526 3443 816 3502 rendissimi
854 3443 1075 3518 episcopi
1124 3452 1463 3503 clamauerunt
1488 3462 1503 3499 :
1530 3443 1616 3497 Ita
1650 3443 1823 3518 omnes
1849 3445 2098 3509 dicimus;

526 3515 910 3589 sufﬁciamque:
933 3515 1161 3588 exposita
1191 3528 1329 3583 sunt,
1359 3520 1575 3570 alteram
1605 3515 1973 3589 expositionem
1998 3532 2098 3589 non

539 3584 649 3642 licet
678 3584 904 3657 ﬁeriIUt
934 3584 1110 3643 autem
1136 3589 1403 3657 judicibus
1431 3589 1605 3655 aliqua
1626 3586 1676 3637 iu
1707 3595 1853 3652 parte
1876 3584 2102 3657 satisﬁe-

531 3668 635 3725 ret,
665 3654 753 3729 qui
784 3662 1021 3715 omnium
1054 3654 1391 3715 concordiam
1421 3654 1756 3729 expetebant,
1792 3667 1909 3723 post
1931 3654 2101 3729 Nicae-

531 3746 659 3783 nutn
684 3726 741 3799 et
766 3732 1406 3799 Constantinopolitanutn
1440 3726 1767 3799 symbolum,
1796 3736 1851 3799 et
1874 3738 1989 3799 post
2020 3728 2103 3799 lit-

530 3810 671 3871 teras
717 3798 898 3871 Cyrilli
944 3796 1131 3855 contra
1171 3796 1511 3863 Nestorium,
1562 3799 1700 3871 lecti
1743 3796 1837 3849 fuit
1877 3798 2101 3871 epistola

531 3870 725 3945 Leonis
748 3866 1005 3927 adversus
1031 3872 1411 3945 Entychiauam
1444 3866 1739 3945 lueresim‘._
1756 3877 1808 3920 et
1828 3868 1982 3945 nullo
2006 3883 2101 3935 pe-

528 3942 713 3995 culiari
744 3945 989 3998 examine
1018 3937 1194 3997 statim
1228 3945 1537 4011 approbata.
1574 3937 1701 3993 Post
1724 3938 1988 4011 lectionem
2008 3956 2103 3991 au-

529 4022 627 4065 tem
673 4015 929 4081 pra’dictw
960 4016 1186 4083 epistola:
1217 4010 1619 4066 reverendissimi
1662 4010 1886 4083 episCOpi
1913 4010 2103 4083 clama-

529 4078 706 4137 uerunt
735 4099 753 4137 .'
787 4083 913 4138 Herc
957 4078 1172 4138 Patrum
1210 4084 1369 4153 ﬁdes.
1410 4086 1517 4136 hate-
1553 4078 1903 4153 apostolorum
1951 4080 2100 4153 fides.

532 4154 716 4208 Omnes
736 4156 805 4207 ita
825 4157 1098 4219 credimus,
1121 4149 1393 4209 orthodoxi
1420 4154 1490 4206 ita
1517 4152 1791 4206 credimus.
1818 4149 2104 4204 Anathema

527 4227 614 4295 qui
640 4226 712 4279 ita
740 4244 841 4279 non
876 4228 1058 4280 credit.
1094 4225 1279 4281 Petrus
1317 4242 1404 4290 per
1432 4223 1662 4295 Leonem;
1683 4223 1753 4295 ita
1775 4223 2101 4295 locutusest,

530 4292 631 4351 etc.
684 4298 812 4349 Cum
860 4313 988 4351 Vero
1038 4298 1323 4368 Illyriciani
1373 4293 1723 4368 etPalzestini
1755 4292 1997 4368 episcopi
2035 4292 2105 4368 ob

528 4368 894 4422 diversitatem
923 4365 1114 4436 linguae
1129 4369 1195 4421 de
1218 4367 1533 4436 quibusdam
1572 4366 1699 4436 locis
1720 4365 1835 4431 ejus
1858 4365 2103 4436 epistolae

530 4438 890 4501 ambigerem,
920 4434 1029 4490 dati
1077 4434 1287 4491 luerunt
1323 4439 1555 4505 quinque
1601 4435 1931 4505 induciarutn
1963 4434 2103 4505 dies,

533 4518 589 4559 ut
616 4506 798 4559 habito
824 4507 959 4574 apud
996 4506 1298 4559 Anatolium
1335 4504 1557 4559 tractatu
1593 4506 1625 4557 ii
1658 4507 1745 4571 qui
1791 4504 2109 4559 dubitabant

533 4578 946 4630 instruereutur.
981 4577 1091 4629 lloc
1113 4585 1315 4628 tantum
1342 4577 1465 4638 ﬁne,
1501 4585 1557 4627 ut
1597 4575 1901 4627 dubitantes
1928 4574 1993 4627 ad
2022 4589 2109 4628 re-

2206 3378 2369 3429 tilicio
2401 3371 2736 3440 distinctum,
2764 3376 2859 3430 sed
2888 3371 3116 3443 concors
3156 3371 3360 3429 feratur
3389 3376 3437 3429 in
3467 3372 3658 3443 synodo
3693 3371 3756 3443 ab

2204 3448 2268 3500 iis
2292 3448 2380 3515 qui
2409 3448 2895 3501 controversiarum
2928 3446 3051 3501 ﬁdei
3077 3440 3203 3499 sunt
3224 3446 3453 3514 judices.
3490 3439 3661 3515 sicque
3686 3439 3761 3493 fa-

2201 3510 2356 3571 cilius
2388 3518 2568 3571 caeteri
2611 3517 2676 3571 ad
2707 3518 2963 3571 unitatem
3006 3525 3063 3571 et
3100 3510 3457 3571 obedientiam
3483 3510 3770 3584 pertrahar}-

2206 3596 2311 3651 tur,
2341 3587 2585 3642 eamdem
2618 3588 2991 3642 auctoritatem
3023 3586 3153 3640 nihil
3182 3588 3345 3641 laedit.
3374 3581 3506 3641 Hinc
3524 3584 3576 3640 S.
3608 3581 3769 3651 ponti-

2203 3657 2311 3721 fex,
2354 3658 2446 3738 qui
2474 3659 2630 3739 epist.
2654 3658 2778 3739 90.“
2792 3673 2841 3739 (ξ.
2875 3658 2932 3725 2,
2961 3666 3017 3739 et
3045 3658 3217 3739 epist._
3236 3658 3325 3721 94,
3360 3655 3638 3739 insynodo
3664 3654 3766 3739 dis:

2205 3731 2375 3797 putari
2421 3731 2592 3784 noluit
2637 3730 2705 3783 de
2750 3728 2853 3783 ﬁde
2906 3730 3016 3783 suis
3057 3728 3249 3783 litteris
3285 3729 3591 3792 constituta,
3631 3741 3687 3797 ac
3724 3728 3769 3797 si

2205 3794 2423 3853 dubium
2456 3801 2629 3854 adhuc
2658 3808 2803 3854 esset
2829 3799 2970 3869 quod
2998 3799 3185 3854 iisdem
3228 3798 3421 3853 litteris
3463 3799 3629 3853 fuerat
3652 3794 3773 3869 deli—

2206 3871 2373 3923 nitum
2393 3887 2407 3936 ;
2429 3886 2652 3925 examen
2670 3869 2909 3939 ejusdem
2932 3871 3173 3939 epistolae
3197 3870 3249 3923 in
3271 3886 3392 3924 eum
3413 3878 3611 3923 tantum
3623 3868 3775 3939 linem

2204 3957 2311 4010 quo
2334 3950 2578 3995 errantes
2620 3935 2980 4003 docerentur;
3000 3948 3055 3993 et
3081 3941 3146 3993 ad
3174 3942 3451 3995 veritatem
3475 3941 3583 4008 jam
3606 3935 3776 4010 delini-

2207 4006 2311 4065 tam
2378 4013 2774 4081 suscipiendam
2840 4012 3283 4080 adducerentur,
3353 4006 3777 4081 nonirecusavit,

2206 4084 2453 4150 idemque
2479 4079 2545 4136 ex
2576 4083 2692 4152 ipso
2713 4083 2860 4152 exitu
2885 4082 3015 4137 utile
3046 4093 3101 4137 et
3149 4083 3514 4137 necessarium
3557 4079 3773 4152 agnitum

2207 4152 2332 4223 fuit.
2363 4146 2561 4208 Confer
2589 4146 2710 4223 quze
2750 4151 2984 4223 diximus
3022 4164 3208 4207 annot.
3255 4152 3323 4207 M
3367 4152 3539 4223 (Tant.
3573 4146 3771 4223 ᾗτωεςεζ.

2206 4222 2306 4299 col.
2324 4224 2562 4299 1048,11.
2588 4216 2707 4299 13in
2730 4222 3039 4299 epistsinﬁll.
3060 4216 3390 4299 Hoceodeni
3404 4216 3689 4299 sensucum

2207 4295 2362 4360 gilius
2388 4296 2441 4348 in
2471 4294 2778 4348 Constituto
2808 4309 2856 4347 c.
2892 4293 2980 4358 15,
3003 4295 3071 4348 de
3091 4294 3277 4349 eadem
3306 4295 3533 4362 epistola
3559 4292 3775 4361 scripsit,

2212 4365 2289 4418 Itis
2332 4366 2493 4435 exegit
2542 4364 3010 4433 comparationibus
3046 4364 3206 4488 Squod
3242 4366 3483 4419 nonnulli
3520 4373 3777 4434 perperam

2212 4434 2525 4488 obtruduntl
2554 4435 2851 4488 approbari.
2883 4450 2987 4488 non
3015 4452 3039 4486 a
3070 4436 3171 4488 iam
3214 4437 3592 4488 necessitatem
3642 4429 3777 4486 intel-

2208 4429 2525 4509 obtrudunt)
2554 4429 2851 4509 approbari,
2883 4450 2987 4509 non
3015 4429 3171 4488 aliam
3214 4429 3592 4509 necessitatem
3620 4429 3778 4509 'inlel-

2211 4507 2360 4559 lexit.
2396 4505 2492 4560 llic
2523 4507 2773 4559 nimirum
2809 4505 2981 4575 Vigilii
3013 4521 3208 4574 scopus
3238 4516 3353 4560 erat
3375 4505 3662 4561 ostendere
3683 4505 3781 4569 epi-

2209 4577 2399 4629 stolam
2430 4576 2495 4629 ad
2529 4577 2712 4629 Marini
2745 4576 2986 4641 Persam,
3019 4592 3176 4644 quam
3207 4578 3311 4631 lbze
3349 4592 3453 4631 non
3504 4592 3625 4630 esse
3664 4586 3775 4644 con-

530 4661 671 4699 etum
702 4661 917 4700 sensum
944 4646 1370 4723 adducerentur,
1388 4660 1611 4723 examen
1645 4644 1943 4723 institutum
1973 4643 2101 4723 fuit;
2130 4664 2184 4723 D
2212 4647 2488 4723 tendebat,
2528 4646 2804 4723 probatam
2850 4661 2953 4701 non
2997 4642 3166 4723 fuisse
3197 4662 3224 4700 a
3260 4647 3470 4723 synodo
3498 4642 3778 4723 Chalcedo—

533 4731 637 4770 non
668 4730 795 4769 vero
821 4732 887 4771 eo
930 4717 1068 4786 quod
1111 4716 1298 4770 Patres
1341 4715 1408 4770 de
1435 4731 1497 4769 ea
1528 4714 1775 4783 epistola,
1808 4729 1963 4783 quam
1990 4714 2099 4783 jam

532 4796 688 4841 antea
711 4787 782 4839 uti
812 4786 933 4858 ﬁdei
964 4790 1183 4858 formam
1206 4802 1390 4842 omnes
1408 4794 1772 4855 susceperant,
1796 4787 1926 4858 citra
1956 4786 2100 4853 peri-

528 4858 705 4914 culum
750 4857 872 4913 ﬁdei
912 4856 1154 4915 dubitare
1203 4872 1523 4928 quemquam
1573 4871 1745 4928 posset
1776 4856 2100 4928 crederent:

532 4931 669 4984 unde
700 4929 980 4984 Anatolius
1009 4926 1391 4984 necessitatem
1417 4926 1768 4983 conveniendi
1818 4927 1867 4979 in
1898 4928 2103 4995 synodo

531 5017 651 5055 cum
686 5002 996 5056 deﬁnitione
1026 5001 1290 5067 pontiﬁcis
1320 5008 1504 5067 aperte
1530 4998 1823 5052 declaravit
1852 4998 1956 5051 illis
1986 5014 2105 5052 ver-

528 5074 609 5125 bis
639 5074 792 5141 epist.
833 5072 925 5127 101
964 5089 975 5124 :
1011 5068 1153 5141 Opus
1184 5080 1403 5124 erat"...
1430 5078 1481 5141 ut
1514 5069 1567 5121 iu
1611 5078 1759 5141 recto:
1788 5080 1962 5122 vestrm
1982 5068 2106 5141 ﬁdei

527 5140 727 5196 sensum
751 5145 978 5195 omnium
1001 5144 1285 5195 conveniret
1315 5140 1673 5210 intelligentia.
1704 5140 1832 5192 Cum
1865 5154 2024 5206 porro
2050 5140 2103 5193 in

528 5223 794 5268 conventu
817 5215 955 5282 apud
985 5214 1286 5267 Anatolium
1319 5212 1499 5264 habito
1519 5211 1854 5282 ambigentes
1878 5211 2103 5282 fuissent

528 5282 793 5348 instructi,
818 5280 873 5337 ut
898 5286 1135 5338 omnium
1158 5298 1450 5337 consensus
1475 5282 1522 5334 in
1554 5280 1667 5349 ipsa
1696 5282 1901 5350 synodo
1928 5280 2099 5348 palam

528 5355 700 5420 ﬁeret,
736 5355 974 5410 omnium
1005 5353 1377 5422 episcoporum
1409 5352 1655 5420 suffragia
1706 5353 1915 5405 actio:te
1944 5352 1976 5405 4
2008 5367 2098 5417 pe-

529 5426 619 5477 tita
652 5430 819 5489 t‘uere,
848 5441 950 5479 non
973 5440 1098 5480 vero
1125 5424 1345 5494 epistola
1373 5423 1563 5477 iterum
1590 5423 1805 5485 reiecta,
1847 5439 1943 5475 nec
1968 5436 2103 5475 novo

527 5495 760 5549 examini
793 5496 1027 5564 subjecta
1062 5496 1157 5549 l'uit
1189 5512 1201 5549 :
1236 5506 1289 5550 et
1313 5496 1545 5561 ipsorum
1577 5509 1786 5562 quoque
1817 5494 2102 5564 ambigen-

530 5566 659 5618 tium
685 5562 949 5636 suﬂragiis
977 5568 1142 5635 patuit
1164 5566 1294 5621 utile
1323 5565 1487 5619 fuisse
1508 5580 1752 5636 examen,
1785 5575 1840 5616 ut
1863 5562 2101 5616 difﬁcul-

529 5644 685 5699 tates,
717 5652 835 5705 quae
858 5634 1098 5693 mentem
1132 5636 1367 5707 ipsorum
1412 5634 1789 5704 impediebant,
1820 5637 2100 5688 solveren-

528 5714 657 5777 tur;_
690 5707 871 5775 sicque
919 5723 1024 5762 uno
1047 5710 1282 5761 omnium
1322 5707 1509 5777 spiritu
1538 5715 1697 5773 atque
1720 5719 1982 5758 consensu
2005 5719 2100 5759 ca-

530 5774 729 5848 tholica
743 5777 886 5848 ﬁdes
929 5778 1097 5848 magis
1138 5774 1407 5848 magisque
1450 5779 1807 5840 elucesceret,
1849 5784 1926 5848 et;
1937 5791 2103 5848 error

529 5846 974 5915 proscriberetur.
1006 5845 1116 5903 Hoc
1140 5845 1353 5919 quidem
1392 5862 1554 5903 sensu
1598 5856 1754 5917 atque
1783 5846 2007 5902 consilio
2036 5845 2101 5901 li-

2211 4717 2385 4771 neusi.
2438 4717 2491 4771 ld
2534 4714 2594 4770 ut
2636 4717 2933 4782 evinceret,
2977 4718 3256 4783 epistolam
3292 4714 3485 4771 Leonis
3528 4714 3777 4786 opposuit.

2212 4802 2331 4855 qua:
2380 4787 2432 4840 itt
2479 4789 2665 4841 eadem
2711 4787 2918 4858 synodo
2944 4788 3229 4856 approbata
3267 4788 3383 4841 luit.
3416 4789 3514 4842 Cui
3547 4784 3663 4842 cum
3693 4784 3779 4838 Pa-

2214 4859 2407 4929 ltestini
2436 4866 2489 4912 et
2511 4858 2731 4929 Illyrici,
2766 4874 2865 4912 nec
2888 4873 2991 4929 non
3017 4860 3269 4929 Eutycltis
3302 4862 3537 4913 fautores
3567 4869 3779 4929 oppone-

2213 4938 2330 4982 rent
2352 4926 2653 4983 discordem
2673 4929 2838 4983 videri
2863 4944 2891 4980 a
2914 4926 3485 4994 Nica-noSymbolo,et
3504 4944 3535 4983 a
3560 4926 3780 4984 doctrina

2213 4946 2330 4982 rent
2352 4946 2653 4983 otscoroem
2673 4946 2838 4983 vtoert
2863 4946 2891 4980 a
2914 4946 3177 4983 unca-non
3203 4946 3485 4994 'IllDOlO,el
3504 4946 3535 4983 a
3560 4946 3777 4984 doctrina

2212 4998 2269 5075 S_.
2302 4999 2486 5071 Cyrilli
2512 5000 2823 5075 conﬁrmata
2857 5000 2908 5052 in
2939 4946 3491 5075 concilioiiiphesiuo;
3524 5010 3582 5054 ιιι
3609 5000 3686 5053 isti
3709 4997 3777 5075 vel

2212 5066 2555 5137 docerentur,
2586 5072 2669 5124 vel
2696 5071 3117 5134 revincerentur,
3144 5066 3277 5140 opus
3303 5072 3399 5123 l'uit
3424 5082 3480 5124 ut
3509 5066 3778 5126 concordia

2211 5140 2452 5205 ejusdem
2510 5142 2752 5209 epistolae
2808 5156 2929 5193 cum
2989 5142 3205 5195 laudato
3251 5142 3509 5211 Symbolo
3566 5150 3777 5211 etcum

2209 5211 2480 5279 Ephesino
2508 5206 2759 5277 concilio,
2808 5226 2904 5265 seu
2953 5227 3072 5265 cum
3120 5206 3361 5265 doctrina
3407 5211 3468 5267 S.
3510 5208 3696 5279 Cyrilli
3731 5206 3775 5259 iit

2210 5283 2310 5335 hoc
2339 5282 2568 5336 concilio
2596 5283 2907 5336 conﬁrmata
2931 5298 2958 5333 a
2985 5282 3517 5335 Chalcedonensibus
3549 5279 3777 5334 Patribus

2213 5353 2262 5405 in
2295 5353 2777 5420 approbationibus
2808 5353 3171 5419 ingereretur;
3204 5361 3258 5405 ct
3284 5362 3508 5406 eatenus
3533 5351 3613 5405 his
3633 5347 3777 5416 exegit

2210 5423 2676 5493 comparationibus
2729 5424 3045 5491 approbari;
3087 5423 3224 5491 quod
3267 5438 3387 5476 cum
3438 5422 3635 5493 factum
3676 5432 3777 5493 νει-οη

2207 5491 2368 5548 fuerit
2408 5494 2474 5547 de
2502 5494 2726 5562 epistola
2756 5493 2821 5546 ad
2850 5493 3038 5547 Marim
3061 5493 3302 5557 Persam,
3329 5509 3464 5562 quia,
3497 5500 3556 5547 ut
3580 5491 3779 5562 Vigilius

2208 5559 2712 5634 subdil,spec'ialiter
2736 5563 3051 5634 Ephesinam
3073 5566 3288 5632 primam
3311 5559 3565 5634 synodum
3584 5559 3775 5634 respuit,

2208 5645 2253 5688 et
2284 5635 2415 5688 beati
2466 5633 2651 5703 Cyr-illi
2698 5630 2934 5703 exposita
2974 5630 3216 5705 dogmata
3267 5630 3496 5705 deﬁnivit
3536 5630 3775 5687 heretica.

2209 5705 2667 5831 hanclaéitiisdetu
2712 5705 2960 5763 Patribus
2996 5704 3344 5776 approbatam
3371 5704 3476 5761 dici
3501 5717 3609 5760 non
3636 5712 3777 5775 posse

2209 5790 2344 5831 conc
2368 5792 2397 5831 u
2440 5794 2453 5831 t
2485 5814 2498 5829 .

2208 5780 2498 5832 concludit.
