3968 6308
257 344 360 402 265

861 337 1162 396 DlSSERT.
1206 339 1246 394 1.
1290 337 1379 395 DE
1422 337 1581 396 νιτΑ
1623 338 1712 396 ΕΤ
1754 339 1982 400 REBUS
2021 335 2262 395 GESTIS
2300 337 2356 394 S.
2399 335 2639 395 LEONIS
2679 289 2918 396 MAGNI.

2139 258 2228 274 ..ι
2247 261 2525 282 ..ἀι-.-.οεο-

3421 345 3533 404 866

250 457 304 513 in
362 456 544 522 primis
604 455 785 511 Carosi
825 452 1258 528 ADot-otheique“
1281 450 1825 528 :u-cltimandritarlm
1859 455 1915 516 Α
1939 452 2018 528 ria
2043 459 2099 506 et
2126 450 2262 528 aulae
2286 450 2635 528 optimatibus
2652 451 2880 508 concilio
2901 449 3092 528 adluit,
3115 463 3532 528 sermonemque

247 528 414 600 510
436 537 608 600 empta
637 536 722 584 est
755 525 944 598 agitari
969 539 1151 581 eausa.
1199 523 1262 579 lii
1293 523 1640 594 Eutychiante
1666 533 1832 580 sectae

246 599 445 653 addicti
474 609 644 652 erant.

323 669 397 724 De
421 670 502 722 his
533 670 670 722 actio
699 677 879 724 secuta
910 676 992 722 est
1015 681 1108 721 xm
1145 664 1360 720 kalend.
1389 664 1830 736 Νονειηυηηιιω

245 739 771 810 quatttesuhjicitur,
802 738 902 810 etsi
928 738 1124 810 quinta
1165 750 1270 810 non
1302 739 1629 810 nontlnetue.
1657 735 1831 810 Causa

243 806 551 864 continuata
576 806 1144 875 archimandritarum,
1185 808 1272 877 qui
1304 806 1552 862 favebant
1579 806 1829 878 Eutychi.

250 879 523 953 Barsuma:
551 893 600 936 et
625 882 742 936 aliis
773 881 848 953 (a)
892 880 1031 953 data:
1061 882 1222 934 trium
1249 879 1460 953 dierum
1494 880 1740 953 induciae,
1775 888 1835 934 ut

247 949 350 1022 hoc
379 952 550 1022 spatio
571 949 790 1007 sibimet
803 949 1150 1007 consulerent
1178 959 1231 1004 et
1249 949 1316 1004 ad
1331 950 1546 1022 saniora
1570 949 1826 1006 redirent.

243 1020 488 1078 Monachi
511 1024 742 1088 superbe
767 1023 1129 1079 conditionem
1155 1021 1342 1091 synodi
1381 1020 1688 1088 repudiant.

317 1093 510 1148 Secuta
546 1094 910 1151 controversia
958 1093 1134 1149 Photii
1174 1092 1413 1162 episcopi
1455 1091 1580 1162 Tyri
1625 1102 1681 1148 et
1727 1092 1829 1146 Eu-

240 1163 425 1218 stathii
470 1164 708 1236 episcopi
757 1164 984 1236 Beryti;
1033 1163 1104 1236 de
1146 1163 1835 1236 previncia‘controversia

242 1244 387 1290 erat.
421 1231 733 1290 EuStathi'us
753 1231 937 1290 sibi'in
967 1231 1194 1304 primam
1214 1231 1546 1287 thniciam
1571 1233 1658 1302 jus
1681 1233 1836 1288 attri-

241 1304 434 1376 buerat
461 1321 526 1361 ex
558 1306 752 1360 litteris
779 1320 913 1374 quas
936 1305 1534 1376 pragmaticasyocant.
1563 1305 1834 1376 Dirempta

236 1375 448 1442 judicio
496 1377 686 1447 synodi
723 1373 884 1431 causa
931 1373 950 1428 Ξ
990 1373 1256 1447 redditum
1299 1373 1386 1443 jus
1431 1373 1833 1443 metropolitani

243 1447 463 1512 Photio,
506 1445 613 1516 quo
664 1457 856 1502 exutus
901 1445 1211 1500 Eustathius
1255 1455 1358 1511 est,
1408 1456 1733 1514 cautumque
1764 1461 1833 1500 ne

238 1517 381 1571 alias
427 1518 564 1572 ratio
613 1532 704 1587 pra
748 1517 1062 1572 maticorutn
1112 1527 1275 1571 esset.
1336 1516 1597 1580 Quoniam
1647 1525 1830 1570 contra

240 1601 486 1642 canones
517 1595 671 1642 erant
689 1533 765 1642 (gl
787 1607 799 1640 ε
820 1587 1065 1642 Πηὶυεηα
1092 1587 1401 1642 oraumatica
1425 1586 1723 1642 cessabunt:
1747 1602 1830 1639 ca-

240 1601 486 1644 canones
517 1586 671 1642 erant
689 1586 765 1658 (ὁ)
787 1607 799 1640 ί
820 1587 1065 1642 Universa
1091 1587 1401 1659 pragmatica
1425 1586 1723 1652 cessabunt;
1747 1602 1832 1639 ca-

243 1673 404 1713 nones
433 1668 666 1723 teneant;
695 1657 767 1712 sic
802 1660 932 1712 enim
962 1669 1008 1712 et
1029 1657 1156 1724 ﬁdes
1185 1657 1485 1721 custoditur,
1510 1667 1557 1713 et
1585 1673 1832 1727 unaqua-

240 1745 347 1800 que
368 1731 596 1784 Ecclesia
624 1737 786 1782 tutum
805 1739 991 1784 uatum
1013 1728 1233 1782 habebit.
1505 1749 1510 1758 ι
1617 1751 1624 1754 ’

923 1845 1068 1898 Actio
1103 1845 1160 1900 V.

310 1944 405 2000 IX.
435 1947 627 2013 Quinta
657 1948 866 2004 actione
889 1963 938 2002 ix
973 1947 1185 2004 kalend.
1224 1948 1483 2006 Novemb.
1520 1948 1642 2006 Fuit
1686 1950 1826 2008 lecta

232 2018 550 2090 conStitutio
575 2018 824 2090 seuiides
846 2018 1056 2090 synodi.
1099 2018 1281 2088 Legati
1324 2021 1468 2077 sedis
1515 2021 1826 2090 apostolica:

230 2089 524 2162 eontestati
573 2089 735 2144 multa
783 2090 972 2162 deesse
1025 2091 1090 2162 ad
1137 2091 1522 2162 proﬂigandam
1552 2089 1821 2148 ’hzeresitn

232 2159 859 2232 Eutycltianampmulta
900 2159 1334 2217 disertis'verbi's
1381 2179 1486 2218 non
1534 2162 1822 2232 explicata.

234 2231 345 2302 Bes
394 2230 568 2286 delata
614 2230 679 2286 ad
727 2231 1023 2302 Augustum
1072 2250 1082 2286 :
1132 2234 1342 2289 censuit
1392 2245 1449 2290 ut
1492 2249 1559 2290 ex
1605 2230 1825 2290 dioecesi

230 2301 478 2375 Orientis
526 2315 618 2357 sex
669 2301 905 2375 episcopi
951 2303 1327 2372 seligerentur,
1361 2320 1424 2360 ex
1456 2305 1695 2375 qualibet
1721 2305 1825 2360 alia

232 2386 371 2439 tres,
406 2373 565 2444 5n
597 2372 688 2443 qui
710 2389 831 2428 cum
857 2376 1104 2431 Anatolio
1121 2386 1176 2430 et
1205 2375 1395 2445 legatis
1419 2372 1490 2432 de
1516 2375 1830 2432 deﬁnitione

227 2445 524 2517 scribenda
552 2451 879 2508 statuerent;
911 2445 994 2500 vel
1016 2460 1204 2502 omnes
1233 2447 1470 2517 episcopi
1503 2463 1596 2516 per
1627 2458 1826 2502 metro-

229 2516 536 2586 politanum
582 2517 871 2583 provincia:
911 2518 1231 2572 sententiain
1279 2516 1551 2584 dicerent;
1595 2519 1827 2573 minatus

229 2589 411 2642 ituros
461 2587 513 2641 in
549 2586 892 2658 pccitlentent
932 2586 999 2643 ad
1044 2588 1346 2658 synodum,
1404 2591 1450 2644 si
1501 2589 1820 2644 abnuerent.

230 2655 665 2729 Priorconditio
693 2657 921 2727 placuit;
965 2655 1278 2715 conatitutio
1331 2655 1540 2729 peracta
1585 2669 1824 2729 recepta-

227 2744 368 2799 que,
407 2728 461 2784 in
491 2744 595 2799 qua
633 2729 1243 2803 symbolumeNicaanum
1276 2728 1824 2803 Constantinopolita-

228 2816 474 2874 numque
500 2814 621 2874 eum
646 2800 915 2874 synodicis
946 2800 1134 2856 litteris
1163 2802 1333 2874 saneti
1359 2800 1546 2874 Cyrilli
1578 2800 1822 2858 contine-

229 2816 474 2870 numque
500 2816 621 2854 cum
646 2816 915 2925 e‘ynoutms
947 2816 1134 2856 ntterts
1163 2816 1333 2856 sancn
1359 2816 1546 2874 uyrtllt
1578 2816 1822 2858 conttne-

229 2871 454 2945 bentur.
505 2871 650 2945 Eta
691 2887 872 2945 versus
912 2874 1233 2945 pravitatem
1269 2872 1660 2945 Eutychianant
1691 2889 1827 2943 pra:-

228 2940 410 2997 dicata
435 2942 608 2997 sancti
629 2941 820 3014 Leonis
841 2942 1062 3011 epistola
1083 2943 1150 2998 ad
1174 2940 1512 3011 Flavianum,
1533 2940 1829 3014 adjectum-

229 3027 336 3082 que
396 3027 515 3068 eam
565 3021 728 3084 totam
779 3013 1148 3084 integramque
1196 3015 1401 3069 admitti
1461 3033 1475 3070 :
1539 3013 1722 3083 Ulpole
1777 3025 1827 3071 et

232 3084 414 3158 magni
434 3084 578 3158 illius
609 3082 1084 3158 Petriconfessioni
1106 3096 1491 3155 congruentem,
1521 3097 1567 3140 et
1596 3082 1824 3139 Commu-

234 3155 362 3227 nem,
380 3155 658 3223 quamdam
686 3155 975 3210 columnam
1001 3156 1296 3210 existentem
1329 3158 1572 3210 adversus
1601 3172 1830 3227 perverse

1943 523 2012 578 ad
2054 522 2319 592 synodum
2365 521 2576 592 habuit;
2623 523 2867 590 lectaque
2913 523 3228 579 constitutio
3267 521 3532 590 ﬂdcifet

1941 591 2183 649 omnium
2211 591 2602 662 subscriptione
2643 595 2966 664 approbata,
3018 604 3074 649 et
3123 597 3286 651 variis
3330 600 3530 654 conﬁr-

1940 675 2082 720 mata
2137 664 2611 720 acclamationibus
2665 665 2731 720 ad
2788 666 3123 721 retinendam
3179 670 3526 726 concordiam

1939 736 2221 792 Ecclesiae.
2246 734 2472 792 Clericis
2493 735 2708 792 decreta
2737 737 3025 806 depositio,
3071 739 3328 794 militibus
3359 756 3527 796 exan-

1939 810 2190 871 ctoratio.
2226 807 2473 879 exsilium
2514 807 2677 879 plebi,
2715 807 2760 862 si
2799 809 3014 879 turbare
3053 808 3344 864 Ecclesium
3390 828 3529 879 pra:-

1936 887 2234 935 sumerent.
2294 878 2452 949 Tum?
2498 877 2744 948 quaedam
2796 878 3010 933 Patrum
3060 880 3287 949 capitula
3339 877 3524 940 coram

1938 951 2264 1020 imperatore
2297 952 2376 1022 (ἀ)
2425 948 2640 1022 decreta
2681 948 3140 1022 _sunt._.‘\lonachis
3183 953 3525 1009 interdictum

1940 1019 2238 1095 ne’absque
2262 1019 2430 1095 venia
2456 1019 2694 1089 episc0pi
2723 1020 2954 1095 condere
2984 1026 3301 1095 monasteria
3335 1039 3526 1095 aggre-

1939 1091 2226 1155 derentur;
2253 1091 2464 1148 clericis
2494 1105 2562 1146 ne
2595 1092 2962 1159 possessiones
2997 1094 3378 1162 c0nduccrent,
3407 1091 3522 1152 'aut

1941 1165 2376 1232 procurationem
2407 1171 2692 1232 caperent;
2725 1162 2849 1217 item
2881 1177 2949 1218 ne
2977 1177 3041 1218 ex
3072 1180 3165 1218 sua
3200 1163 3435 1222 Ecclesia
3466 1168 3522 1225 in

1942 1235 2100 1290 aliam
2130 1237 2442 1290 transirent.

2508 1326 2670 1397 διε
2700 1325 2844 1380 Actio
2875 1325 3008 1380 VII.

2012 1484 2346 1558 X.Se_p_tima
2373 1484 2603 1558 actione,
2629 1500 2748 1558 quae
2774 1487 3004 1558 septimo
3033 1488 3250 1543 kalend.
3281 1491 3522 1557 ejusdem

1936 1556 2138 1628 mensis
2163 1556 2279 1618 fuit,
2303 1569 2462 1610 causa
2489 1553 2758 1611 Iuvenalis
2775 1553 3210 1628 Je‘rosolymitani
3234 1573 3288 1616 et
3310 1553 3524 1620 Maximi

1938 1627 2258 1682 Antiocheni
2311 1628 2739 1705 compositaest
2792 1637 2898 1682 tam
2951 1627 3015 1685 ex
3071 1631 3274 1705 judicio
3327 1635 3524 1705 synodi

1937 1712 2096 1765 quant
2143 1712 2211 1751 ex
2256 1707 2442 1771 mutuo
2500 1697 3085 1771 partiatueconsensu.’
3113 1703 3184 1758 De
3235 1697 3526 1771 provinciis

1939 1766 2303 1823 controversia
2341 1777 2459 1823 erat
2491 1766 2514 1820 z'
2549 1768 2669 1823 duo:
2716 1768 3004 1826 Phtenicire
3036 1766 3302 1829 attribuim
3329 1777 3524 1832 Antio-

1833 1819 1838 1824 ’
1868 1846 1918 1907 Β
1943 1819 2127 1895 ἐίιέἰὶπέ
2144 1819 2581 1907 ecclesiam;
2593 1819 3414 1915 lanatas'ia-agaii'i;ii2.;i:1

2469 1999 2788 2067 ActioVIlI,
2817 2002 2921 2067 IX,
2953 2004 3026 2059 Χ.

2004 2157 2095 2212 XI.
2121 2157 2373 2226 Sequenti
2399 2159 2634 2223 actione,
2671 2175 2790 2228 quze
2829 2169 3013 2216 octava
3054 2162 3169 2228 fuit,
3211 2164 3521 2223 Theodoriti

1933 2244 2021 2284 res
2043 2240 2174 2308 actae
2203 2238 2326 2308 sunt
2358 2245 2370 2282 :
2407 2230 2633 2308 primum
2677 2231 2728 2286 in
2772 2231 3074 2289 Nestorium
3119 2246 3171 2289 et
3221 2237 3520 2308 Eutychem

1932 2302 2212 2354 anathema
2241 2299 2420 2354 dicere
2445 2301 2627 2369 jussus
2651 2312 2754 2369 est,
2789 2311 2895 2358 tum
2933 2309 3195 2360 sententia
3226 2299 3421 2362 Leo'nis
3446 2309 3516 2365 de

1933 2372 2050 2441 ejus
2074 2371 2415 2442 restitutione
2437 2374 2726 2440 approbata
2766 2383 2984 2442 rataque
3011 2388 3093 2432 est
3127 2379 3325 2432 habita.

2005 2442 2152 2496 Nona
2181 2451 2235 2497 et
2275 2441 2479 2496 decima
2518 2445 2756 2499 actiones
2806 2441 3104 2502 habuerunt
3149 2465 3363 2505 causam
3406 2449 3514 2507 ilia:

1936 2512 2192 2586 Edesseni
2228 2514 2488 2586 episcopi,
2523 2515 2609 2570 ubi
2648 2518 2914 2586 recognita
2963 2535 3083 2586 qua}
3129 2520 3194 2574 tle
3235 2537 3299 2575 co
3331 2523 3515 2576 Antio-

1931 2584 2273 2660 ehizn,_Tyr_l,
2307 2585 2570 2660 et_Beryti
2621 2595 2734 2642 acta
2778 2584 3018 2644 luerunt.
3064 2591 3110 2643 Is
3137 2591 3413 2660 depositus
3445 2595 3516 2647 ab

1932 2656 2280 2727 Eutychianis
2331 2655 2564 2711 libellum
2607 2660 2916 2727 imperatori
2969 2655 3269 2726 obtulerat;
3323 2665 3415 2718 sed
3458 2679 3518 2718 re

1932 2725 2105 2782 delata
2148 2725 2213 2780 ad
2255 2727 2538 2797 synodum,
2585 2725 2819 2804 probata:
2865 2732 2987 2804 vita:
3038 2742 3091 2786 et
3141 2734 3262 2788 ﬁdei
3296 2737 3520 2804 integra:

1931 2809 2241 2868 compertus
2280 2809 2393 2864 est,
2440 2810 2600 2870 atque
2650 2802 2720 2854 ita
2767 2803 3070 2857 sacerdotio
3113 2816 3164 2858 et
3202 2807 3312 2859 sedi
3356 2802 3519 2860 resti-

1933 2878 2099 2925 tutus.

2005 2940 2079 2995 De
2123 2940 2334 3018 Nonno,
2368 2940 2456 3011 qui
2499 2942 2612 3018 ejus
2649 2942 2825 3018 locum
2857 2953 3105 3018 ceperat,
3153 2951 3325 3000 sanxit
3363 2964 3526 3018 syno~

1933 3010 2034 3086 dtis
2087 3019 2146 3086 ut
2207 3010 2468 3086 statueret
2534 3012 2793 3066 Maximus
2841 3012 3208 3086 Antiochenus
3261 3033 3272 3066 :
3328 3010 3527 3086 placuit

1935 3081 2009 3135 illi
2034 3091 2088 3134 ut
2120 3081 2322 3134 honore
2359 3082 2701 3152 episcopatus
2737 3097 2842 3136 non
2883 3093 3114 3144 careret.
3153 3081 3340 3140 donec'
3366 3088 3523 3141 aliter

1935 3167 2056 3204 cum
2083 3152 2350 3219 episcopis
2397 3168 2508 3203 sua:
2557 3152 2854 3206 tlimcescos
2899 3155 3181 3219 judicaret.
3239 3156 3525 3213 Decretum

237 3222 546 3292 sentientes,
601 3227 669 3280 ad
721 3227 1165 3308 conﬁrmationem
1220 3235 1476 3282 rectorum
1529 3222 1830 3298 doymatum
1860 3247 1908 3314 ο
1939 3222 2541 3314 prteterealabolendalnt
2568 3223 2960 3294 pseudosynodi
2988 3224 3273 3314 Ephesinre
3317 3242 3522 3283 memo-

235 3306 574 3369 congruenter
601 3299 814 3368 aptavit.

895 3413 1042 3467 Actio
1070 3411 1170 3467 VI.

301 3521 400 3561 vni
446 3503 663 3562 kalend.
708 3503 964 3563 Novemb.
999 3506 1298 3562 Marcianus
1337 3505 1410 3577 (c)
1440 3521 1564 3563 cum
1607 3506 1834 3565 Pulche-

1941 3293 2107 3366 riant,
2156 3303 2210 3348 et
2255 3293 2654 3366 e‘synodorum
2693 3293 2917 3366 numero
2957 3297 3395 3366 expungendam;
3441 3315 3526 3354 ro-

1944 3364 2284 3441 gendumque
2305 3363 2682 3441 imperatorem
2711 3375 2766 3419 ut
2782 3364 2959 3441 edicto
2971 3363 3176 3441 vetaret
3203 3386 3267 3424 ne
3285 3363 3524 3441 synOdus

1943 3435 2232 3500 diceretur,
2266 3451 2363 3491 nec
2391 3436 2505 3505 ejus
2530 3445 2646 3491 acta
2689 3437 3074 3505 reciperentur.
3117 3435 3522 3498 Ordinationent

1941 3507 2154 3563 Maximi
2181 3508 2291 3577 jam
2320 3516 2501 3562 sancta
2533 3508 2767 3580 synodus
2794 3516 2963 3565 ratam
2987 3511 3248 3567 habuerat
3273 3531 3286 3570 :
3311 3517 3379 3585 (ε)
3404 3516 3526 3585 quia

1305 3617 1867 3679 BALLERINIORUM
1915 3621 2466 3679 ANNOTATIONES.

297 3716 379 3785 (a)
414 3713 541 3769 llzcc
563 3714 834 3784 pertinent
859 3712 925 3785 ad
956 3713 1279 3785 anteriorem
1311 3713 1577 3785 actionem
1618 3713 1688 3768 de
1725 3713 1827 3769 Ca-

229 3783 365 3842 roso
387 3794 445 3840 et
469 3783 739 3840 Dorotheo
763 3783 942 3840 habita
971 3783 1056 3839 die
1085 3785 1149 3837 17
1173 3783 1439 3839 Octobris.
1469 3783 1521 3838 In
1553 3799 1614 3839 ea
1646 3795 1825 3841 autent

229 3873 344 3928 qua:
371 3855 463 3911 die
496 3855 566 3912 ΞΟ
593 3859 864 3928 celebrata
894 3864 998 3928 est,
1043 3856 1353 3911 Alexander
1401 3858 1467 3911 de
1511 3857 1823 3928 earumdem

230 3926 625 3984 monachorum
664 3927 846 3982 libello
877 3926 942 3980 ad
975 3928 1375 3994 imperatorem,
1407 3943 1467 3981 ac
1495 3926 1561 3980 de
1591 3929 1822 3997 impera-

231 4005 366 4056 toris
407 4011 587 4054 mente
616 3999 818 4063 retulit,
856 4012 919 4052 ac
952 3999 1166 4065 triginta
1202 3998 1410 4053 dierum
1457 3998 1683 4053 inducia:
1715 4003 1824 4054 eis-

231 4071 350 4128 dem
385 4071 546 4125 datae.
580 4070 686 4125 Sed
714 4071 780 4124 de
809 4070 907 4123 hac
929 4069 1159 4134 actione,
1211 4084 1369 4139 quam
1413 4084 1478 4124 ex
1514 4071 1643 4124 solis
1685 4085 1818 4124 mss.

232 4141 438 4199 Graecis
479 4140 532 4196 in
565 4141 668 4196 nne
690 4141 926 4195 additam
961 4140 1242 4203 habemus,
1280 4141 1565 4194 nonnullas
1590 4140 1822 4195 dil'licul-

233 4223 373 4270 tates
420 4228 527 4268 non
572 4213 717 4268 leves
767 4210 1141 4266 Tillemontius
1187 4211 1441 4279 praponit
1485 4220 1597 4264 not.
1647 4210 1716 4262 47
1767 4213 1818 4265 in

233 4285 509 4350 Leonem;
553 4297 654 4338 nec
686 4295 860 4338 tamen
884 4297 1002 4338 eam
1034 4282 1107 4335 uti
1130 4283 1367 4350 spuriam
1393 4296 1700 4350 expungere
1729 4295 1821 4335 au-

234 4358 342 4413 det.
383 4356 511 4410 Harc
549 4364 726 4409 autem
773 4355 934 4418 actio,
978 4353 1115 4406 sicut
1159 4359 1214 4406 et
1252 4366 1481 4420 sequens
1519 4351 1585 4405 de
1630 4351 1822 4407 l’ltotio

233 4427 359 4500 Tyri
392 4427 596 4500 habita;
611 4426 698 4482 die
724 4425 795 4500 ‘20
834 4425 1088 4500 octobris
1135 4422 1395 4500 deberent
1435 4421 1646 4500 quidem
1699 4437 1821 4478 esse

234 4493 376 4555 actio
408 4499 461 4553 5.
494 4497 600 4552 Sed
631 4512 750 4552 cum
785 4497 836 4551 in
871 4496 1076 4565 aliquot
1113 4509 1241 4547 mss.
1277 4493 1498 4560 Graecis,
1525 4507 1596 4565 ac
1625 4493 1676 4546 in
1706 4509 1822 4545 om-

234 4547 1076 4627 Biti'u's'Liiiiiié’iiiemaciiéties
1125 4547 1338 4631 desint,
1360 4547 1607 4620 "initiis
1643 4573 1822 4620 autem
1851 4547 1906 4608 D

233 4641 439 4698 Graecis
489 4639 786 4702 codicibus,
829 4639 919 4709 qtti
961 4637 1217 4692 hactenus
1260 4636 1478 4690 fuerunt
1515 4637 1735 4700 inventi,
1767 4637 1818 4690 in

235 4713 340 4768 line
362 4710 559 4766 addita:
593 4709 787 4765 fuerint
809 4751 822 4774 ,
871 4709 994 4763 hinc
1035 4709 1230 4762 factum
1258 4717 1442 4774 estut,
1476 4717 1690 4761 servato
1721 4723 1819 4761 nu-

235 4799 384 4839 mero
414 4784 633 4849 antiquo
655 4782 946 4842 actionum,
973 4779 1055 4832 lue
1083 4779 1202 4833 dua:
1233 4795 1259 4830 a
1311 4779 1566 4833 Romanis
1602 4779 1824 4833 editori-

235 4855 333 4909 hus
364 4862 486 4924 post
505 4861 751 4924 quartam
774 4854 1041 4906 actionem
1061 4849 1310 4920 exigente
1335 4857 1576 4921 tempore
1607 4851 1824 4906 inserte

235 4924 435 4980 fuerint
448 4967 461 4978 .

305 4995 536 5072 (b)_'0)tat
559 4995 622 5072 τὰ
642 4994 974 5072 πραγματικά
1001 4993 1238 5072 ἀρ’χήσει·
1265 4992 1309 5046 οἱ
1331 4992 1529 5072 meoet,-
1555 4993 1826 5072 xparrrirco-

235 5063 330 5123 cui
357 5063 489 5124 ὀῦτω
514 5069 612 5154 γὰρ
642 5063 725 5154 κάξ
759 5063 794 5124 iri
818 5070 994 5127 πίστις
1020 5063 1321 5136 pulchrum:
1341 5069 1425 5119 καὶ
1445 5063 1628 5120 inituro
1657 5063 1829 5120 ἐκκλη-

238 5144 324 5194 σία
355 5141 454 5204 ἕξει
478 5138 802 5210 τὸνᾶσφαλές.

313 5213 385 5280 (c)
415 5205 713 5280 Pulcherize
743 5205 1082 5280 praesentiam
1104 5205 1512 5280 constituimus
1537 5213 1742 5280 _ann_ot._
1767 5205 1832 5260 12

238 5276 414 5348 (Tom.
445 5278 670 5348 prwced.
699 5277 799 5334 τοι.
832 5277 959 5343 979,
988 5295 1040 5334 η.
1071 5279 1121 5347 ο)
1166 5278 1217 5332 in
1255 5278 1410 5348 epist.
1454 5276 1577 5332 101.
1620 5278 1696 5332 Ex
1729 5277 1829 5332 hac

237 5363 421 5407 autem
451 5351 686 5422 Anatolii
713 5350 936 5422 epistola
951 5360 1112 5422 antea
1139 5348 1335 5422 inedita
1365 5348 1648 5422 didicimus
1695 5365 1828 5422 non-

239 5425 418 5478 nullas
447 5419 879 5480 circumstantias
899 5419 965 5477 ad
997 5421 1136 5478 hanc
1163 5421 1430 5474 actionem
1458 5419 1827 5474 illustrandum

238 5495 434 5558 utiles;
466 5494 606 5550 inter
631 5506 764 5564 quas
787 5491 1004 5564 illa‘hoc
1027 5492 1146 5547 loco
1179 5492 1446 5561 praecipue
1480 5493 1828 5564 memoranda

238 5575 350 5634 est,
381 5561 748 5621 deﬁnitionem
774 5562 898 5619 ﬁdei
930 5562 1158 5634 primum
1198 5563 1510 5634 collocatam
1549 5561 1708 5634 fuisse
1738 5577 1826 5616 su-

240 5633 343 5713 per
366 5639 550 5704 altare,
586 5634 779 5692 deinde
815 5648 941 5692 vero
981 5633 1248 5694 Marciano
1275 5646 1330 5689 et
1377 5633 1673 5689 Pulcherite
1719 5641 1826 5688 tra-

241 5711 434 5766 ilium.

317 5783 397 5852 (ά)
424 5781 666 5862 Quatuor
687 5777 1191 5862 capitulanl’atribus
1228 5775 1516 5862 sancienda
1537 5776 1823 5862 proposuit

243 5847 536 5923 imperator
549 5853 649 5908 hac
666 5847 895 5907 actione.
913 5849 1038 5908 llaec
1051 5859 1223 5908 autem
1247 5864 1366 5905 cum
1384 5847 1504 5904 aliis
1525 5847 1820 5908 canonihus

611 5944 879 6006 ΡΑτιυι..
932 5940 1058 6002 LV.

1933 3717 2001 3771 ab
2050 3715 2251 3790 iisdem
2269 3717 2554 3790 constituta
2597 3715 2813 3790 luerunt
2841 3717 3050 3773 actione
3093 3719 3142 3773 in
3175 3722 3402 3788 vulgatis
3431 3727 3520 3790 l5,

1932 3802 1992 3842 re
2023 3799 2202 3842 autem
2239 3787 2350 3856 ipsa
2388 3787 2598 3841 actione
2641 3789 2695 3852 7,
2734 3789 2807 3842 uti
2866 3790 3210 3858 probavimus
3270 3787 3385 3851 not.
3434 3787 3523 3853 18.

1932 3858 2154 3929 (Supra,
2187 3859 2284 3912 col.
2309 3859 2436 3920 257,
2482 3876 2534 3912 η.
2571 3859 2648 3926 h).

2001 3930 2073 4010 (ς)
2104 3929 2228 4010 litec
2253 3931 2404 4010 unica
2435 3940 2592 4010 ratio,
2624 3944 2726 4010 qua
2753 3929 3145 4010 ordinationem
3183 3936 3395 3992 Maximi
3425 3953 3520 4010 ap-

1931 4000 2173 4065 probavit
2201 4001 2437 4071 synodus
2465 4001 2918 4054 Chalcedonensis
2949 4013 3054 4056 act.
3085 4005 3170 4069 ll),
3215 4009 3281 4059 ah
3321 4000 3524 4064 Anato-

1929 4071 2003 4124 lio
2045 4071 2284 4133 affertur,
2340 4072 2595 4139 quoniam
2642 4072 2698 4124 S.
2741 4071 2848 4123 Leo
2889 4073 2939 4123 in
2978 4077 3383 4130 communionem
3406 4097 3524 4134 eum

1930 4143 2197 4214 recipiens,
2225 4157 2438 4209 prmesse
2469 4156 2582 4192 eum
2617 4142 3030 4214 Antiochensium
3054 4144 3309 4214 judicavit
3340 4149 3522 4202 Eccle-

1930 4211 2021 4264 aia:
2040 4229 2057 4275 ;
2079 4228 2230 4280 quam
2273 4215 2488 4280 [orntum
2518 4227 2726 4288 sequens
2748 4220 2791 4263 et
2815 4212 2922 4288 ipse
2960 4211 3281 4284 approbavit,
3301 4228 3352 4288 et
3383 4235 3518 4288 pra:-

1930 4297 2044 4334 sena
2066 4297 2215 4334 omne
2233 4279 2463 4334 sanctum
2495 4279 2958 4352 conciliumavide
2985 4279 3246 4352 quantum
3268 4279 3517 4344 deferre.

1935 4359 2019 4404 tur
2045 4350 2742 4430 napostollcte_auctori_tati_!
2801 4349 2855 4404 Id
2913 4349 3223 4430 ipsumalii
3282 4359 3523 4430 episcopi

1932 4422 2342 4500 conﬁrmarunt.
2371 4421 2552 4476 Solum
2587 4421 2890 4500 Stephanus
2919 4423 3242 4500 Ep‘h‘esinus,
3267 4421 3353 4500 qui
3381 4421 3521 4490 hanc

1934 4494 2143 4547 unicam
2187 4494 2448 4547 rationem
2491 4493 2691 4562 pariter
2721 4494 2916 4560 attulit,
2955 4493 3130 4552 obiter
3171 4493 3306 4556 dixit
3348 4503 3517 4558 Maxi-

1933 4567 2351 4636 mumicanonice
2375 4567 2566 4635 factum
2597 4567 2940 4636 episcopum;
2981 4569 3064 4622 cui
3096 4577 3272 4627 tamen
3303 4585 3521 4632 contra-

1931 4635 2061 4691 dicit
2088 4635 2217 4701 Leo,
2247 4638 2333 4706 qui
2364 4637 2759 4692 ordinationem
2789 4635 2905 4707 ejus
2935 4649 3112 4694 contra
3150 4647 3380 4700 instituta
3427 4665 3522 4703 ca-

1934 4723 2228 4785 nonum,_a_c
2247 4710 2359 4785 eine
2390 4709 2497 4785 ullo
2522 4711 2752 4778 exemplo
2781 4709 3126 4785 celebratam,
3171 4733 3346 4772 umore
3372 4736 3522 4785 repa-

1931 4780 2111 4859 randa:
2136 4779 2257 4859 fidei
2279 4790 2324 4832 et
2363 4781 2538 4859 etudio
2560 4785 2791 4859 pacis‘sq
2814 4783 3086 4859 recepisse
3113 4792 3337 4842 testatur
3358 4779 3518 4859 epist.

1934 4851 2057 4914 10$,
2077 4866 2127 4904 c.
2158 4853 2276 4914 5,ct
2297 4853 2454 4920 epiSt.
2481 4852 2598 4910 106.
2617 4869 2666 4906 c.
2698 4853 2752 4906 9..
2774 4851 2914 4905 Idem
2934 4853 3256 4920 Quesnellus
3275 4851 3445 4915 notae
3462 4865 3518 4917 in

1934 4924 2092 4990 epist.
2121 4921 2209 4986 8i,
2236 4937 2376 4977 nunc
2402 4922 2527 4983 106.
2551 4922 2763 4977 dilliteri
2791 4936 2894 4977 non
2925 4925 3094 4991 potuit
3123 4930 3516 4986 ordinationem

1934 4993 2198 5066 ejusmodi
2247 5001 2432 5066 contra
2473 4994 2681 5066 regulas
2725 5009 2989 5049 canonum
3045 5008 3334 5066 peractam,
3394 5017 3520 5057 cum

1936 5062 2499 5140 Maximusortlinatus
2521 5065 2677 5140 fuerit
2704 5066 2770 5119 ab
2796 5062 3521 5140 Anatolic'Constantinopo-

1938 5135 2125 5208 litano,
2158 5135 2223 5188 ad
2272 5151 2428 5208 quem
2469 5136 2801 5192 Antiochena
2843 5137 2999 5191 sedes
3042 5153 3147 5192 non
3186 5135 3520 5208 pertinebat;

1937 5206 2239 5278 addendum
2279 5207 2438 5262 etiam
2478 5209 2690 5263 vivente
2738 5209 2965 5272 Domno,
3011 5210 3096 5276 qui
3150 5206 3199 5262 iri
3245 5209 3519 5278 Epltesino

1937 5277 2219 5332 latrocinio
2247 5279 2396 5332 irrite
2423 5279 2696 5347 depositus
2727 5279 2922 5333 fuerat.
2966 5279 3150 5334 Solum
3177 5277 3392 5334 dissert.
3425 5285 3515 5348 lO,

1939 5364 1992 5403 n.
2029 5351 2118 5414 51,
2167 5351 2479 5404 canonicam
2530 5350 2878 5406 nihilominus
2921 5349 3088 5418 ipsius
3117 5351 3515 5410 ordinationem

1936 5435 2000 5491 ex
2031 5434 2098 5476 eo
2127 5419 2341 5475 deducit
2369 5421 2509 5491 quod
2541 5421 2838 5476 Antiochia:
2865 5421 3189 5474 celebratam
3217 5430 3384 5491 putet.
3409 5426 3519 5481 Sed

1934 5489 2037 5544 hoc
2083 5493 2199 5544 sine
2250 5493 2360 5546 ullo
2389 5489 2529 5546 teste
2578 5493 2799 5560 profert.
2853 5491 3133 5545 Anatolius
3169 5489 3519 5550 consecratus

1932 5561 2032 5618 fuit
2067 5562 2694 5629 ConstantinOpolitanus
2733 5561 3017 5630 episc0pns
3043 5565 3144 5617 sub
3191 5562 3350 5618 linem
3390 5568 3517 5623 anni

1931 5632 2062 5697 Μῦς
2090 5633 2303 5689 Maximi
2326 5633 2594 5687 ordinatio
2615 5634 2681 5685 ab
2712 5633 2962 5686 Anatolio
2991 5634 3258 5690 celebrata
3301 5647 3380 5691 est
3411 5639 3517 5693 ali-

1929 5706 2185 5772 quamdiu
2212 5715 2336 5758 ante
2366 5701 2654 5758 Theodosii
2685 5714 2933 5766 mortem,
2967 5721 3085 5773 quzc
3111 5708 3297 5762 incidit
3326 5711 3427 5762 sub
3456 5711 3518 5764 li-

1928 5791 2050 5830 nem
2071 5775 2194 5830 Julii
2219 5792 2306 5830 an.
2337 5775 2461 5828 ιδο.
2490 5773 3031 5845 Ροειγοτάἰητιιὶοηειιι.
3054 5777 3518 5845 Maximi,vivente

1924 5846 2101 5902 adhuc
2132 5845 2459 5910 Theodosio,
2504 5844 2716 5900 habitus
2755 5847 2855 5903 fuit
2897 5844 3521 5925 Constantinopolitano:

3068 5946 3106 6010 9
