3968 6308
482 354 592 414 279
948 347 1193 407 PASCH.
1235 346 1625 421 QUESNELLI
1664 345 2260 410 DISSERTATIONES
2298 348 2365 406 IN
2404 347 2463 405 S.
2507 344 2752 405 LEONIS
2792 344 3008 405 MAGNI
3047 338 3303 405 OPERA.
3653 342 3746 410 ἰεῦ

483 469 766 543 apostolica
779 465 1033 543 sedesunt
1053 466 1253 543 diregti,
1278 476 1331 519 ut
1354 465 2084 543 eacisiserroribuscatholicw
2108 468 2162 529 Α
2190 465 2469 543 videretur,
2492 465 3076 543 continuitperecundia
3102 473 3315 543 metunt,
3345 467 3400 517 et
3425 468 3500 518 tot
3524 466 3747 543 nobilium

484 536 647 599 sisent
670 538 789 605 ﬁdei
811 538 1098 605 defensores
1124 536 1321 605 (Epist.
1350 539 1440 601 92,
1462 553 1597 591 nunc
1620 537 1746 605 H9,
1764 538 1830 591 ad
1857 537 2075 592 Maxim.
2189 538 2571 605 provinciarum
2600 537 2849 589 latissima
2881 538 3133 589 eversione
3161 538 3357 590 credita
3390 546 3466 589 est
3495 539 3677 590 saevitia
3708 550 3749 592 et

485 610 751 675 Antioch.,
780 626 825 662 c.
852 607 930 677 5).
966 608 1199 679 Anatolii
1228 608 1459 676 denique
1483 609 1705 663 consilia
1735 609 2075 675 criminatur,
2190 608 2445 679 cupiditas
2474 607 2673 661 hostilis
2704 608 2989 677 explenda:
3023 608 3251 675 nihilque
3280 608 3413 679 inter
3450 608 3615 679 omnia
3646 626 3750 663 con-
3798 634 3809 655 ι

484 683 629 753 quod
661 683 891 753 aliorum
912 679 1034 747 jura
1062 678 1319 734 invadere
1348 680 1419 735 sit
1449 690 1891 753 _agressus_capta
1924 694 2081 753 ecca-
2186 678 2306 753 sitia
2335 680 2584 751 principis
2613 695 2673 732 ac
2709 688 2915 753 senatus
2955 680 3234 750 populique
3270 678 3494 753 Romani
3516 678 3749 753 salubrius

488 750 643 811 sione
670 752 949 821 temporis,
980 767 1085 820 quo
1118 762 1342 819 uterque
1380 751 1667 819 primatum
1700 750 2077 814 Orientalium,
2186 751 2350 804 visum
2370 760 2464 814 est,
2495 766 2649 818 quam
2686 760 2738 803 ut
2770 767 2861 820 per
2892 750 3087 819 legatos
3119 766 3222 817 pax
3250 751 3664 803 lracalentissimi
3682 768 3751 806 re-

485 828 575 881 vel
608 840 638 879 a
668 824 773 878 title
797 822 1130 887 desciscens,
1160 822 1247 894 vel
1281 822 1402 877 ﬁdei
1434 822 1796 894 patrocinium
1820 822 2080 894 deserens
2185 824 2262 894 gis
2288 832 2625 892 expeteretur.
2659 821 2894 887 Suscepit
2916 821 3011 875 hoc
3042 823 3444 894 negotiumsum
3466 822 3573 876 viro
3599 838 3755 877 censa-

488 912 588 952 sua
619 895 867 965 indiguus
908 893 1258 963 praerogativa
1288 908 1497 964 suoque
1531 894 1725 947 ordine
1751 893 2036 949 videbatur
2062 911 2077 947 :
2187 891 2289 965 lari
2309 891 2498 965 Avieno
2519 902 2565 946 et
2586 894 2693 965 piro
2708 894 3030 961 prafectorio
3048 891 3275 963 Trigetio
3298 891 3617 947 beatissimus
3635 911 3753 963 papa

490 967 538 1022 Τ
539 960 776 1048 nmquam
804 960 1167 1048 opportune—se
1207 964 1295 1018 tibi
1310 960 1522 1048 tempus
1553 966 1807 1048 obtulerit,
1856 982 1964 1048 que
2004 981 2085 1048 se-
2193 963 2323 1048 Leo,
2345 960 2672 1048 eamilie‘Dei
2704 960 2887 1048 (refer,
2919 978 3064 1048 quem
3088 960 3236 1048 sciret
3268 979 3551 1048 numquam
3577 960 3754 1035 piorum

490 1033 647 1093 eundi
666 1033 873 1109 honoris
892 1036 1212 1109 prieilegiam
1233 1036 1375 1089 sedes
1396 1036 1749 1109 Alexandrina
1779 1033 2078 1109 perdiderit,
2192 1036 2448 1089 laboribus
2478 1033 2732 1109 defuisse.
2768 1033 2879 1089 Nec
2916 1034 3061 1088 aliud
3100 1044 3323 1109 secutam
3363 1033 3439 1089 est
3462 1033 3615 1106 quam
3642 1053 3755 1105 prte-

493 1119 543 1164 et
585 1107 917 1188 Antiochend
952 1105 1188 1188 Ecclesia
1217 1108 1595 1188 proprietatem
1626 1105 1789 1163 tertite
1816 1109 2085 1180 dignitatis

492 1181 755 1243 amiserit;
782 1187 835 1231 at
863 1178 942 1231 his
972 1178 1095 1232 locis
1115 1178 1227 1246 jari
1254 1176 1341 1231 tuo
1372 1176 1586 1232 subditis
1613 1194 1787 1233 omnes
1821 1176 2086 1247 metropo-

493 1251 646 1305 litani
689 1248 914 1321 episcopi
959 1250 1185 1321 proprio,
1206 1248 1426 1321 (honore
1459 1249 1720 1321 priventar
1748 1250 1943 1321 (Epist.
1975 1250 2083 1313 80,

492 1339 629 1377 nunc
648 1323 771 1385 106,
790 1320 857 1373 ad
872 1320 1080 1374 Anatol.
1100 1336 1146 1372 c.
1165 1319 1248 1389 2).
1264 1319 1465 1391 Deinde
1479 1319 1778 1391 subjungit‘:
1794 1321 1951 1375 Aliud
1967 1330 2087 1376 sunt

491 1392 655 1457 sedes,
686 1392 830 1447 aliud
856 1391 1255 1463 prtesidentes...
1285 1407 1373 1463 nec
1400 1390 1650 1463 Dioscorg
1681 1392 1955 1463 impietatis
1978 1409 2088 1447 sua!

492 1464 773 1535 pertinacia
798 1472 1097 1535 corruente,
1126 1462 1370 1535 splendor
1419 1471 1574 1516 tantte
1598 1461 1846 1535 Ecclesia
1873 1464 2090 1535 tenebris

493 1532 793 1589 obscuretur
812 1534 992 1588 alienis
1006 1532 1055 1605 (Ι
1065 1532 1150 1586 bid
1158 1535 1221 1603 .).
1234 1532 1406 1605 (Nefas
1420 1541 1679 1601 praeterea
1698 1534 1749 1588 id
1761 1548 1881 1589 esse
1903 1534 2093 1601 probat

495 1605 664 1677 529
709 1602 1025 1661 ntultorum'
1046 1602 1549 1672 juradistraltere,
1616 1606 2094 1677 metropolitasque

496 1676 804 1746 complures
829 1690 925 1730 sua
956 1676 1186 1743 spoliare
1216 1685 1497 1744 potestate,
1521 1684 1578 1729 ut
1602 1676 1837 1731 Anatolii
1861 1677 2093 1746 dignitas

502 1743 815 1813 accrescat,
858 1756 915 1802 et
960 1748 1176 1813 antiqua
1219 1743 1619 1803 consuetudine
1664 1749 1905 1817 neglecta
1922 1743 2093 1802 'unius
2197 1746 2508 1813 imperatore
2526 1761 2661 1815 papa
2691 1743 2794 1799 Leo
2824 1745 3049 1817 directus
3078 1743 3251 1817 pacem
3280 1747 3420 1816 fecit.
3452 1746 3663 1801 Addunt
3683 1748 3763 1801 ali-

498 1820 765 1875 serviatur
816 1818 1092 1887 cupiditati
1126 1834 1141 1871 :
1173 1818 1255 1871 Ad
1309 1833 1476 1871 meum
1529 1818 1689 1873 tendit
1740 1816 2006 1873 reatum...
2050 1820 2095 1873 si
2197 1818 2286 1885 qui
2313 1817 2532 1871 Attilam
2565 1828 2803 1885 rogatum
2834 1831 2931 1871 cur
2953 1816 3107 1871 facile
3127 1818 3399 1876 cessisset.
3434 1817 3757 1887 respondisse

498 1895 671 1961 major
717 1891 781 1943 sit
827 1886 977 1961 apud
998 1904 1078 1942 me
1121 1889 1271 1943 anius
1301 1890 1477 1959 fratris
1499 1891 1755 1957 voluntas,
1787 1907 1939 1961 quam
1981 1891 2097 1943 ani-
2126 1894 2174 1956 Β
2205 1889 2448 1961 territum
2498 1902 2559 1941 se
2604 1886 3057 1961 prodigiopnam
3110 1888 3240 1961 dum
3290 1888 3399 1961 Leo
3457 1886 3761 1961 laneretur,

498 1958 661 2015 versa:
711 1958 1153 2033 domusgDomini
1194 1958 1480 2033 communis
1527 1961 1723 2033 utilitas
1774 1958 1970 2033 (Epist.
2004 1961 2095 2023 78,
2205 1959 2406 2033 vidisse
2426 1974 2610 2033 senem
2636 1958 2925 2033 venerabili
2954 1958 3413 2033 aspectuphabitu
3445 1958 3762 2027 sacerdotali,

498 2048 636 2087 nunc
668 2030 789 2097 104,
818 2048 865 2085 c.
897 2031 986 2097 5);
1030 2038 1085 2086 et
1126 2033 1318 2086 iterum
1353 2049 1365 2084 :
1401 2031 1690 2100 Superbam
1732 2030 1885 2087 nimis
1933 2039 2007 2086 est
2050 2041 2098 2087 et
2207 2030 2384 2099 gladio
2430 2031 2786 2095 minitantem,
2823 2030 2926 2084 nisi
2970 2030 3135 2085 Leoni
3175 2031 3603 2100 obtemperaret;
3634 2046 3763 2100 euut-

498 2104 895 2158 immoderatum
920 2101 1060 2157 ultra
1089 2102 1327 2173 proprios
1359 2099 1603 2157 terminos
1631 2104 1859 2167 tendere,
1889 2112 1937 2156 et
1964 2106 2099 2157 anti-
2207 2102 2440 2171 demque
2463 2100 2687 2173 horrore
2706 2114 3029 2173 concussum
3060 2113 3327 2171 tamquam
3356 2099 3631 2157 exhaustis
3654 2099 3764 2156 viri-

501 2176 696 2243 quitate
740 2176 939 2245 calcata
984 2173 1211 2227 alienam
1230 2178 1325 2245 jus
1356 2175 1481 2228 velle
1508 2176 1819 2243 praeripere,
1852 2184 2004 2245 atque
2044 2183 2101 2230 ut
2208 2173 2309 2245 bus
2344 2172 2667 2245 concidisse.
2704 2172 2901 2245 Verum
2945 2173 3058 2228 lucc
3099 2173 3268 2228 relata
3311 2189 3338 2225 a
3376 2174 3641 2239 sequioris
3678 2174 3766 2245 atri

504 2247 662 2318 unius
683 2254 884 2318 crescat,
899 2244 1144 2318 dignitas,
1175 2243 1249 2299 toi
1278 2248 1801 2318 metropolitanorum
1820 2243 2099 2318 impugna-
2208 2244 2558 2318 scriptoribgs
2588 2244 2726 2312 apud
2754 2255 2964 2318 veteres
2990 2259 3095 2318 nou
3125 2245 3358 2318 invenio,
3385 2259 3492 2318 non
3516 2245 3648 2318 apud
3667 2243 3767 2318 Jor-

501 2334 559 2371 re
586 2317 837 2387 primatus
865 2313 1060 2386 (Epist.
1087 2316 1186 2383 79,
1229 2332 1365 2371 nunc
1404 2313 1509 2372 105
1528 2356 1544 2381 ,
1573 2332 1621 2372 c.
1649 2318 1731 2385 2).
1761 2316 1887 2371 Haec
1914 2313 2101 2374 et'alia
2211 2313 2465 2387 nandem,
2492 2314 2898 2387 Theophanem,
2934 2316 3178 2378 Suidam,
3212 2313 3583 2371 Marcellinum
3607 2313 3764 2371 Comi-

502 2384 769 2457 ejusmodi
801 2384 1003 2443 S.‘Leo
1028 2398 1213 2442 contra
1242 2389 1575 2443 Anatolium.
1607 2389 1739 2455 Qua:
1765 2397 1972 2455 secuta,
2000 2404 2101 2446 suo
2213 2395 2342 2451 tem,
2365 2384 2766 2457 cassiodorum,
2792 2388 3157 2453 Anastasium,
3190 2388 3555 2442 tlermannum
3584 2400 3767 2442 contra-

503 2456 696 2515 o'rdine
724 2459 861 2513 infra
895 2473 1305 2529 prosequemur.
2208 2456 2711 2529 ctumLMariauum
2749 2458 2995 2525 Scotum,
3026 2458 3309 2512 Martinam
3343 2458 3639 2525 Polonuut;
3670 2472 3764 2529 non

582 2530 671 2584 XI.
705 2530 906 2585 Eodem
935 2528 1205 2601 auno’quo
1223 2530 1339 2586 haec
1359 2530 1469 2586 Leo
1490 2530 1752 2586 tractabat
1766 2546 1889 2586 cum
1909 2530 2101 2589 Orien-
2208 2529 2349 2601 apud
2384 2528 2740 2598 Pr05perutu,
2782 2530 2868 2599 qui
2912 2530 3098 2583 [totum
3139 2530 3479 2597 versabatur,
3520 2528 3766 2601 Lcouiqtte

511 2601 732 2665 talibus,
774 2600 1055 2670 epistolam
1097 2596 1304 2671 accepit
1346 2617 1377 2656 a
1404 2601 1694 2658 Theodoro
1739 2602 2099 2672 Fornjuliensi
2209 2596 2394 2672 aderat
2429 2610 2484 2653 et
2511 2596 2624 2672 rem
2667 2596 2830 2655 totam
2860 2612 3109 2655 accurate
3148 2596 3469 2671 descripsit.
3500 2601 3617 2657 Non
3645 2596 3765 2657 enim

2192 1115 2477 1177 sumpserat
2507 1107 2655 1175 fides.
2684 1105 2821 1159 Nam
2849 1113 2955 1159 tota
2976 1108 3222 1175 legatione
3248 1105 3524 1175 dignanter
3549 1118 3753 1175 accepta,

2192 1179 2265 1231 ita
2291 1180 2479 1231 summi
2504 1177 2784 1230 sacerdotis
2813 1180 3083 1247 prtesentia
3109 1193 3199 1232 rea:
3223 1179 3426 1247 gavisus
3450 1187 3546 1242 est,
3569 1189 3620 1231 at
3646 1177 3756 1234 bello

2194 1249 2436 1303 abstineri
2460 1248 2773 1315 praeciperet,
2804 1258 2853 1301 et
2877 1249 3013 1301 ultra
3051 1246 3351 1319 Danubium
3371 1250 3624 1318 promissa
3654 1266 3757 1319 pace

2195 1320 2498 1375 discederet.
2552 1320 2693 1389 Inter
2737 1320 2965 1373 comites
3011 1319 3069 1375 S.
3101 1318 3297 1373 Leonis
3320 1317 3669 1376 Cassiodorus
3693 1320 3757 1389 (α)

2198 1402 2402 1463 patrem
2432 1388 2793 1463 Carpiliouem
2812 1402 3127 1463 annumerat
3159 1389 3313 1461 (Var.
3330 1389 3419 1444 lib.
3442 1405 3481 1455 I,
3513 1392 3659 1461 epist.
3686 1392 3754 1463 4),

2199 1472 2253 1517 et
2294 1462 2584 1530 principem
2628 1462 2907 1531 legationis
2951 1472 3005 1516 et
3051 1472 3323 1516 auctorem
3369 1465 3539 1531 pacis,
3589 1462 3757 1518 nimius

2198 1547 2387 1587 amans
2442 1542 2678 1602 paternas
2732 1532 2955 1600 gloriae,
3015 1534 3277 1588 nominat.
3331 1532 3437 1587 Sed
3496 1536 3760 1603 scriptores

2198 1617 2408 1669 omnes,
2442 1613 2498 1658 et
2525 1604 2637 1672 ipse
2664 1604 2729 1673 in,
2744 1602 3013 1657 Chronico
3043 1604 3093 1658 id
3124 1613 3399 1673 acceptum
3422 1602 3633 1659 summo
3656 1620 3761 1672 tton-

2201 1676 2325 1729 lilici
2380 1675 2644 1730 referunt:
2693 1672 2819 1744 Cum
2866 1676 3048 1739 Attila,
3097 1672 3289 1744 inquit,
3338 1693 3371 1728 a
3429 1674 3762 1730 Valentiniano

508 2672 567 2727 in
593 2672 790 2745 Galliis;
808 2672 1085 2745 episcopo,
1109 2672 1493 2745 consultusque
1523 2674 1709 2745 est_ab
1731 2690 1797 2730 eo
1822 2674 1891 2729 de
1923 2676 2097 2745 [ιωηὶ-

513 2742 713 2816 tentia}
740 2741 1022 2816 disciplina
1059 2760 1069 2794 :
1109 2744 1218 2816 c_ui
1246 2741 1776 2816 respondetulEpist.
1825 2741 1934 2811 83,
1964 2763 2102 2801 nunc

514 2813 665 2885 108),
704 2814 1091 2883 indulgentiam
1128 2812 1225 2870 Dei
1263 2812 1363 2869 nisi
1404 2812 1886 2885 supplicaiionibus
1922 2831 2100 2875 sacer-

510 2884 699 2960 dolum
734 2900 840 2960 non
886 2897 1045 2954 posse
1075 2886 1341 2960 obtineri;
1384 2884 1757 2960 peccatoribus
1792 2904 1890 2960 per
1919 2890 2097 2958 paeni-

514 2957 700 3013 tentiae
734 2957 1003 3013 actionem
1042 2957 1270 3013 eluenda
1310 2972 1433 3014 esse
1467 2957 1682 3025 delicta,
1722 2957 2002 3016 ut'deinde
2032 2963 2100 3017 ad

512 3028 953 3101 communionem
997 3029 1371 3101 admittantur.
1420 3029 1488 3084 lis
1529 3046 1679 3098 vero,
1710 3045 1845 3101 quos
1895 3033 2101 3089 instans

514 3099 817 3173 periculum
860 3110 954 3154 aut
996 3100 1173 3173 morbi
1218 3102 1299 3173 vis
1340 3101 1553 3169 premit,
1597 3116 1701 3156 non
1729 3099 2100 3173 denegandam

513 3172 1034 3236 reconciliationem,
1066 3172 1112 3229 si
1146 3172 1418 3242 petierint,
1444 3181 1542 3227 aut
1570 3174 1788 3243 petiisse
1812 3172 1967 3229 antea
1990 3174 2098 3231 cir-

514 3245 896 3316 cumstautium
924 3243 1160 3316 ﬁdelium
1192 3244 1501 3316 testimonio
1514 3245 1963 3316 comprobantur.
1994 3247 2100 3302 Ne-

512 3329 621 3387 que
646 3314 733 3368 hic
760 3316 1007 3370 omittam
1040 3314 1222 3387 dicere
1249 3316 1391 3385 quod
1420 3315 1477 3370 S.
1509 3313 1619 3371 Leo
1645 3313 1916 3387 redarguit
1958 3318 2101 3373 hunc

515 3385 851 3453 cpiscOpum,
899 3386 1149 3453 quoniam
1193 3401 1297 3457 non
1328 3387 1482 3455 prius
1511 3388 1756 3441 consulto
1781 3385 2102 3457 metropoli-

520 3464 647 3509 tano
684 3456 750 3529 ad
794 3471 854 3511 se
881 3457 1101 3513 accedat
1133 3474 1147 3509 :
1197 3456 1331 3524 Quia
1358 3460 1412 3512 in
1441 3459 1632 3521 causis,
1674 3458 1866 3529 inquit,
1893 3456 2010 3525 qua:
2036 3463 2104 3514 ad

516 3528 807 3596 generalem
849 3528 1220 3599 observantiam
1247 3529 1495 3599 pertinent
1523 3528 1759 3583 omnium
1784 3528 1995 3583 Domini
2020 3546 2106 3584 sa-

516 3599 803 3666 cerdotum,
832 3598 964 3653 nihil
990 3599 1101 3653 sine
1119 3598 1422 3671 primatibus
1449 3610 1645 3670 oportet
1668 3601 1879 3671 inquiri.
1901 3600 2108 3657 Tantus

517 3678 638 3723 erat
682 3671 820 3740 tequi
864 3685 1016 3727 amor
1067 3671 1265 3727 Leonis
1310 3672 1476 3725 menti
1521 3671 1732 3737 insitus,
1772 3680 1831 3725 ut
1861 3672 1993 3727 niliil
2039 3673 2107 3729 de

518 3741 966 3811 coepiscoporum
991 3758 1212 3798 suorum
1241 3742 1451 3811 juribus
1472 3742 1785 3812 decerptum
1814 3744 1997 3810 vellet,
2020 3745 2107 3800 vel

518 3813 888 3884 suamalieuaa
909 3814 1264 3869 diminutione
1291 3827 1537 3868 crescere
1563 3814 1900 3884 dignitatem.

593 3882 709 3939 Xll.
741 3884 945 3940 Eodem
978 3901 1085 3955 quo
1115 3885 1231 3955 lucc
1261 3885 1587 3953 gerebantur
1613 3882 1756 3939 anno
1776 3925 1791 3950 ,
1824 3886 2009 3954 Attila,
2042 3901 2104 3942 re

522 3955 663 4026 male
690 3964 837 4025 gesta
867 3956 921 4011 in
946 3953 1153 4026 campis
1178 3953 1558 4020 Catalaunicis,
1593 3970 1689 4025 per
1717 3956 2021 4012 Pannonias
2050 3960 2106 4015 in

520 4024 726 4110 Italiam
748 4028 912 4090 venit,
926 4024 1469 4110 regiaequecivitates
1490 4024 1812 4110 Aquileiam,
1835 4026 2104 4110 Ticinum,

516 4096 993 4169 Mediolanumque
1014 4096 1158 4169 cepit
1171 4107 1227 4154 et
1240 4096 1484 4169 diripuit.
1510 4098 1695 4154 Elatus
1710 4100 1909 4156 deinde
1925 4115 2106 4156 rerum

459 4191 462 4195 ν
524 4182 778 4241 successu
814 4168 1036 4224 Romam
1070 4168 1415 4241 properabat.
1446 4168 1563 4225 Jam
1598 4180 1704 4225 tota
1728 4172 1918 4227 civitas
1944 4170 2113 4241 trepi-

522 4240 838 4313 dare._Tum
862 4240 1295 4306 Valentinianus,
1318 4241 1573 4311 quoniam
1596 4242 1644 4297 vi
1672 4251 1725 4297 et
1746 4244 1909 4297 armis
1933 4240 2109 4313 repel-

520 4310 657 4383 lerei
680 4310 888 4383 hostem
937 4314 1215 4383 nequibat,
1254 4310 1505 4369 avertere
1542 4314 1839 4383 periculum
1880 4310 2109 4370 consilio

521 4382 707 4449 coepit.
735 4382 895 4437 Mittit
919 4383 979 4438 S.
1009 4382 1268 4449 Leonem,
1296 4396 1350 4440 et
1376 4385 1523 4439 viros
1546 4382 1877 4441 clarissimos
1899 4389 1989 4441 dat
2018 4400 2111 4441 co-

524 4452 706 4525 mites.
729 4452 868 4525 Ecce
896 4468 1121 4524 magnus
1147 4456 1387 4525 pontifex
1409 4456 1475 4508 ad
1499 4456 1717 4510 Attilam
1740 4458 1912 4523 venit,
1929 4457 2110 4513 verbis

525 4520 803 4576 demulcet
832 4520 1065 4597 ierocém
1095 4520 1356 4597 atiimum,
1389 4526 1523 4597 iram
1559 4526 1752 4597 frangit
1779 4520 2108 4597 eloquentia,

525 4606 716 4664 pacem
742 4596 986 4662 recipere
1005 4595 1312 4664 persuadet,
1329 4605 1385 4649 et
1402 4595 1767 4652 discedere'ex
1789 4595 1942 4653 Italia
1965 4612 2109 4654 com-

568 4661 709 4747 ellit;
747 4661 892 4747 quod
933 4661 1493 4747 descriptumnl‘usius
1520 4667 1717 4747 legito}:
1755 4669 1808 4723 in
1841 4666 2113 4747 Qltropice

573 4734 778 4802 rosperi
827 4750 891 4789 ex
938 4751 1068 4790 mss.
1115 4734 1390 4790 codicibus
1438 4734 1713 4791 Sirmundi
1763 4748 1817 4794 et
1858 4738 2114 4795 Chilﬂetii

2208 2670 2426 2725 Attilam
2468 2670 2710 2726 scribunt
2739 2681 2951 2727 ostento
2994 2670 3341 2741 perculsum,
3364 2673 3461 2728 sed
3490 2672 3764 2741 eloquentia

2207 2741 2605 2813 praesentiaque
2636 2741 2831 2797 Leonis
2871 2743 3166 2813 mitigatum
3207 2744 3474 2800 referunt.
3518 2743 3650 2798 Nam
3678 2750 3766 2797 tota

2207 2812 2464 2886 legatione
2488 2816 2758 2884 dignanter
2774 2812 3003 2885 accepta,
3025 2814 3193 2885 inquit
3216 2815 3470 2886 Prosper,
3493 2816 3612 2871 loco
3631 2827 3766 2885 supra

2210 2884 2446 2958 laudato,
2470 2886 2545 2958 ita
2566 2886 2752 2958 summi
2771 2884 3047 2941 sacerdotis
3068 2884 3459 2958 prtesentia'rex
3477 2891 3671 2958 gavisus
3686 2884 3765 2958 est,

2209 2965 2266 3029 at
2291 2954 2701 3029 bellonbstineri
2717 2959 3034 3029 praeciperet.
3068 2954 3287 3029 Placido
3319 2960 3361 3011 ei
3384 2954 3597 3029 legatio,
3624 2957 3767 3028 inquit

2208 3025 2512 3099 {ornandae
2541 3026 2644 3097 (De
2663 3025 2832 3081 Rebus
2858 3025 3069 3093 Geticis,
3102 3045 3147 3083 c.
3179 3027 3294 3099 42),
3320 3047 3352 3083 a
3378 3025 3551 3085 Rbma
3571 3025 3764 3084 adnuit.

2211 3097 2352 3173 ﬁam
2379 3097 2482 3173 Leo
2513 3114 2766 3173 papaper
2786 3114 2838 3153 se
2857 3101 2925 3153 ad
2951 3116 3062 3173 eum
3092 3097 3286 3156 accedit
3314 3102 3367 3155 in
3397 3118 3524 3173 agro
3549 3100 3768 3156 Venetam

2210 3169 2496 3244 Ambuleio,
2525 3169 2611 3244 ubi
2649 3169 2874 3244 Mincius
2901 3172 3066 3226 amnis
3087 3169 3483 3227 commeantium
3507 3174 3769 3244 frequenta-

2211 3242 2655 3315 tionetransitur:
2688 3243 2774 3311 qui
2812 3258 2935 3297 mox
2976 3244 3208 3315 deposuit
3237 3242 3517 3298 excitatam
3548 3242 3765 3315 furorem,

2208 3324 2257 3366 et
2280 3314 2483 3367 rediens
2511 3329 2613 3384 qua
2635 3324 2860 3380 venerat,
2892 3311 3356 3369 ultra'Danabium
3388 3311 3634 3384 promissa
3660 3328 3768 3383 pace

2211 3384 2461 3456 discessit.
2494 3384 2729 3439 Historia
2762 3385 2995 3440 Miscella
3034 3385 3220 3441 eadem
3258 3402 3447 3456 prope,
3487 3402 3584 3442 uec
3610 3386 3763 3456 plura.

2212 3453 2317 3509 Leo
2344 3453 2589 3532 Magnas,
2609 3456 2801 3521 inquit,
2818 3458 2977 3532 missa
3011 3452 3373 3532 Valentiniani
3388 3452 3764 3532 imperato—rigeat

2211 3542 2329 3581 eum
2364 3527 2594 3590 accessit,
2639 3543 2853 3599 eumque
2890 3529 3020 3583 adeo
3065 3528 3237 3599 mitem
3279 3526 3522 3595 reddidit,
3559 3537 3607 3582 ut
3640 3526 3764 3580 illico

2213 3599 2469 3667 promissa
2488 3613 2611 3665 pace
2625 3598 2917 3665 ﬁrmissima
2942 3600 3081 3655 ultra
3105 3598 3398 3655 Danubium
3424 3618 3523 3655 non
3540 3599 3767 3655 redituras

2214 3668 2412 3744 abierit.
2442 3668 2792 3725 Cassiodorus
2825 3670 2983 3744 531
3012 3671 3333 3743 eloquentia:
3360 3672 3565 3728 viribus
3591 3669 3770 3725 victum

2218 3740 2664 3813 barbarum,no_u
2684 3740 2917 3813 rosteu'to'
2930 3740 3197 3811 tErritu'm,
3225 3755 3441 3810 narrat;
3474 3745 3565 3799 sed
3589 3750 3771 3813 patrem

2215 3826 2391 3882 suum,
2416 3812 2554 3875 quod
2582 3811 2838 3879 diximus,
2863 3814 2939 3869 rei
2962 3825 3258 3882 auctorem,
3285 3830 3391 3869 non
3416 3811 3641 3871 Leonem
3666 3826 3774 3881 pro-

2212 3881 2380 3958 didit:
2418 3882 2621 3958 Invenit
2649 3900 2817 3954 regem
2846 3886 3145 3953 superbam,
3169 3888 3257 3943 scd
3278 3886 3488 3957 reliquit
3519 3892 3775 3958 pacatum:

2212 3964 2259 4007 et
2279 3955 2621 4009 calumniosas
2644 3958 2751 4026 ejus
2773 3957 3129 4012 altercationes
3151 3968 3293 4011 tanta
3318 3955 3503 4012 virtute
3520 3955 3775 4017 destruit.

2220 4035 2275 4079 at
2296 4027 2534 4111 voluisset
2554 4028 2775 4111 gratiam
2796 4044 3041 4111 qawrere,
3064 4028 3463 4111 cai__ea:pediebat
3490 4045 3659 4111 pacein
3678 4040 3779 4080 citat

2213 4112 2373 4167 regno
2403 4098 2657 4173 ditissima
2696 4114 2797 4173 non
2841 4101 3092 4173 habere...
3132 4099 3324 4173 Pacem
3356 4098 3537 4173 retulit
3560 4101 3780 4173 despera-

2216 4176 2341 4235 tam,
2384 4172 2532 4240 cajas
2570 4168 2757 4243 legatio
2785 4172 2912 4238 quid
2941 4172 3205 4240 perfecerit
3233 4172 3387 4225 datur
3412 4168 3781 4243 intelligi,tu

2217 4248 2414 4295 tantum
2452 4250 2526 4295 est
2561 4242 2880 4311 gratulanter
2906 4251 3139 4314 accepta,
3179 4254 3431 4314 quantum
3459 4251 3508 4297 et
3540 4242 3783 4298 videbatur

2215 4320 2407 4380 aptata.

2286 4382 2424 4437 XIII.
2467 4382 2587 4453 Ipse
2627 4383 2737 4457 Leo
2772 4382 2848 4457 (b)
2890 4385 2941 4439 in
2980 4398 3230 4457 sermone
3268 4386 3327 4441 8|
3369 4385 3528 4455 (nunc
3574 4384 3687 4455 84),
3722 4380 3782 4437 de

2214 4453 2411 4510 Octava
2457 4453 2848 4525 apostolorum,
2901 4455 3065 4511 corda
3109 4453 3403 4512 furentium
3451 4453 3781 4512 barbararum

2216 4525 2457 4599 mitigata
2499 4538 2703 4593 narrat,
2741 4543 2849 4583 non
2898 4526 3106 4582 territa.
3153 4527 3309 4585 Unde
3349 4528 3513 4599 igitur
3555 4526 3783 4599 terriﬁca:

2215 4596 2441 4651 visionis
2470 4600 2706 4653 narratio
2732 4600 2986 4663 manavit,
3012 4607 3066 4654 et
3096 4599 3148 4655 in
3181 4596 3439 4655 Breviai'ii
3468 4599 3692 4655 Romani
3714 4597 3783 4651 lc-

2218 4669 2427 4742 ctiones
2462 4669 2719 4741 irrepsit?
2750 4668 2999 4727 Refertur
3026 4686 3054 4723 a
3094 4670 3377 4742 Sigeberto
3404 4666 3783 4742 Gemblaceusi.

2219 4736 2488 4795 Laudatur
2504 4736 2665 4796 etiam
2690 4742 2740 4796 in
2767 4756 2884 4798 eam
2911 4756 3026 4796 rem
3051 4756 3081 4797 a
3105 4736 3378 4798 ca'rdinale
3402 4742 3633 4799 Baronio
3657 4739 3785 4795 Patr-

524 4804 674 4859 edito
710 4806 779 4885 ab
816 4806 1035 4885 Andrea
1076 4806 1387 4885 Duclienio;
1416 4807 1737 4885 llerculauo
1774 4817 1829 4885 et
1863 4810 2110 4885 Sporatio
2133 4809 2188 4872 D
2214 4808 2297 4885 lus
2328 4810 2589 4885 Diacenas
2614 4814 2667 4865 in
2696 4811 2910 4885 historia
2936 4828 3108 4867 rerum
3138 4811 3514 4885 Romanarum,
3537 4829 3687 4885 quam
3707 4826 3788 4883 po-

522 4890 694 4941 coss.,
724 4878 885 4949 Attila
923 4878 1283 4948 redintegratis
1332 4879 1523 4934 viribus
1550 4895 1677 4949 quas
1698 4880 1751 4934 in
1782 4878 1953 4935 Gallia
1974 4882 2107 4936 ami-

525 4958 690 5021 serat,
738 4946 954 5002 ltaliam
985 4946 1185 5020 ingredi
1222 4964 1312 5021 per
1346 4946 1647 5004 Pannonias
1690 4954 1927 5019 intendit,
1974 4953 2105 5008 nihil

522 5018 653 5094 duce
681 5029 857 5094 nostro
884 5018 1329 5094 Aetioisecundam
1354 5024 1542 5093 prioris
1572 5022 1691 5077 belli
1719 5039 1875 5092 opera
1901 5026 2106 5094 prospi-

524 5091 708 5168 ciente,
734 5092 808 5144 ita
831 5102 890 5168 ut
918 5108 980 5168 ne
1007 5092 1228 5147 clusuris
1254 5091 1456 5163 quidem
1483 5093 1715 5163 Alpium,
1747 5091 1910 5168 530
1928 5091 2108 5168 quibus

524 5164 694 5215 hostes
719 5163 977 5238 prohiberi
1004 5173 1262 5238 poterant,
1286 5174 1547 5238 uteretur;
1567 5167 1665 5238 hoc
1685 5163 1851 5221 solum
1869 5163 1981 5238 ἱρὸὶ
1999 5169 2109 5224 suis

522 5248 786 5309 superesse
806 5236 1127 5309 existimans,
1149 5235 1273 5309 siab
1301 5238 1438 5309 omni
1468 5236 1494 5289 Ι
1502 5236 1628 5290 talia
1656 5253 1773 5291 cum
1801 5235 2107 5309 imperatore

523 5305 824 5363 discederet.
857 5306 965 5364 Sed
990 5323 1106 5361 cum
1140 5306 1237 5362 hoc
1259 5308 1482 5379 [plenum
1523 5308 1786 5365 dedecoris
1814 5305 2109 5383 et'pericali

2214 4882 2317 4935 suit
2357 4883 2697 4952 appendicem
2728 4884 2797 4936 ad
2839 4881 3171 4953 Eatropium.
3211 4884 3317 4941 Sed
3351 4884 3533 4954 iunior
3549 4881 3787 4951 proiecto

2217 4961 2442 5027 uterque
2472 4954 2703 5027 scriptor
2732 4957 2878 5027 (cum
2908 4954 2995 5027 llic
3021 4966 3213 5010 octavo
3233 4956 3456 5022 saeculo,
3490 4957 3575 5011 ille
3601 4955 3788 5027 duode-

2217 4969 2442 5025 merque
2472 4969 2576 5009 scrt
2620 4969 2703 5009 tor
2732 4969 2878 5027 (cum
2909 4969 2995 5010 Inc
3021 4969 3213 5010 oetavo
3233 4969 3456 5022 saeculo,
3490 4969 3575 5011 tlte
3601 4969 3788 5010 dnoue-

2214 5026 2355 5079 cituo
2380 4969 2777 5099 vixeritfquam
2810 5036 2869 5099 ut
2898 5025 3079 5099 ﬁdem,
3113 5028 3263 5099 nullo
3288 5028 3587 5099 antiquiore
3615 5025 3790 5080 δυση-

2214 5104 2393 5166 gaute,
2424 5096 2715 5152 mereatur.
2747 5096 2851 5151 Sed
2881 5108 2934 5152 et
2954 5113 3021 5153 ex
3049 5098 3215 5154 Paulo
3240 5096 3479 5153 Diacono
3506 5100 3695 5154 mirum
3718 5102 3789 5148 est

2216 5167 2572 5240 patrocinium
2613 5168 2739 5240 huic
2773 5169 3015 5224 historia:
3051 5170 3229 5240 parari
3270 5170 3341 5224 ab
3367 5167 3789 5240 eminentissimo

2217 5238 2503 5294 Annalium
2550 5238 2830 5294 conditore
2879 5240 2947 5294 ad
2986 5237 3127 5295 hunc
3166 5255 3293 5295 ann.
3340 5241 3468 5303 452,
3519 5258 3666 5295 nutu.
3710 5237 3787 5291 58.

2219 5308 2503 5380 Appendix
2531 5311 2676 5366 enim
2708 5310 2777 5366 ad
2804 5310 3143 5383 Eutropium,
3176 5328 3334 5383 quam
3363 5312 3542 5368 laudat
3560 5308 3791 5366 ascribit-

1570 5406 2153 5488 hALLentutonuu'
2170 5406 2736 5493 ANNOTATIONES.

592 5518 678 5588 (a)
702 5518 933 5591 Carpilio
959 5533 1067 5573 non
1082 5517 1419 5591 Acassiodorii
1442 5526 1617 5591 pater,
1639 5518 1732 5573 sed
1766 5518 1903 5574 Aetii
1935 5521 2105 5589 magi-

522 5592 619 5669 stri
650 5590 873 5643 militum
905 5588 1046 5671 ﬁlius
1075 5588 1191 5655 luit,
1222 5592 1311 5713 qui
1339 5588 1583 5671 una'cum
1607 5598 1759 5660 patre
1780 5588 2108 5647 Cassiodo’rii

525 5658 743 5712 tribuno
781 5669 989 5713 notario
1024 5659 1092 5713 ad
1122 5659 1230 5713 Atti
1256 5674 1340 5713 am
1372 5661 1637 5713 legatione
1682 5661 1890 5713 iunctus
1921 5670 2004 5713 est
2033 5676 2101 5713 ex

525 5656 745 5729 tribuno
781 5660 989 5714 notario
1024 5659 1092 5714 ad
1122 5656 1340 5714 Attilam
1372 5656 1637 5729 legatione
1682 5661 1890 5714 iunctus
1921 5670 2004 5715 est
2033 5676 2101 5715 ex

524 5726 620 5800 Lib.
649 5742 668 5780 ι
712 5728 848 5800 Var._
863 5730 1105 5784 Cassiod.
1142 5731 1303 5798 epist.
1334 5732 1391 5784 4.
1427 5726 1568 5800 Cum
1601 5745 1759 5800 porro
1789 5745 1856 5783 ex
1896 5732 2107 5800 integro

520 5793 791 5869 Chronico
821 5798 1073 5869 Prospcri
1100 5793 1335 5855 Avienus
1360 5810 1414 5855 et
1434 5793 1703 5869 Trigeiius
1724 5798 1923 5855 Leonis
1945 5793 2107 5856 coiui-

523 5877 608 5941 tes
637 5866 858 5940 fuerint,
906 5866 1224 5945 legationem
1255 5866 1576 5949 Carpilionis
1607 5880 1661 5935 et
1702 5870 1871 5949 patris
1895 5871 2105 5937 Cassio-

2208 5519 2356 5589 ‘dorii
2387 5520 2657 5575 diversam
2688 5527 2742 5574 et
2770 5517 3096 5573 anteriorem
3118 5514 3557 5589 fuissecolligere
3578 5513 3725 5589 licet.

2288 5592 2365 5662 (b)
2397 5592 2523 5646 Hice
2552 5605 2671 5658 quae
2699 5590 2981 5662 traduntur
3010 5602 3262 5662 sermone
3284 5587 3373 5662 8i,
3406 5601 3545 5643 nunc
3568 5585 3666 5662 84ἱ
3696 5594 3793 5637 nou

2214 5662 2280 5717 ad
2298 5659 2513 5727 Attilm,
2544 5664 2638 5717 sed
2664 5661 2730 5717 ad
2764 5660 3123 5715 Vandalorum
3152 5660 3505 5730 irruptionem
3531 5659 3794 5730 pertinere

2215 5734 2329 5801 ipse
2356 5734 2676 5800 Quesnellus
2710 5732 2955 5801 probavit
2982 5732 3033 5786 in
3066 5727 3414 5787 annotatione
3452 5730 3518 5786 ad
3537 5727 3793 5785 eumdem

2214 5818 2544 5879 sermonem,
2570 5819 2729 5879 quam
2758 5803 3114 5867 admonitioni
3136 5803 3313 5862 cidem
3349 5803 3639 5876 prtemissa:
3660 5802 3797 5877 inse~

2212 5876 2418 5934 ruimus
