3968 6308
162 352 251 419 281

757 353 1058 417 DISSERT.
1101 357 1143 416 l.
1184 356 1272 416 DE
1313 353 1472 416 VITA
1515 355 1600 416 ET
1645 353 1870 418 REBUS
1911 358 2152 417 GESTIS
2196 357 2252 416 S.
2298 357 2540 418 LEONIS
2579 357 2820 419 MAGNI.

3320 363 3430 425 28!

160 491 257 550 que
289 473 451 550 Paulo
483 473 733 550 Dracone,
763 473 875 550 ipsa
904 481 984 528 est
1014 471 1245 528 llliscella
1284 471 1545 550 Historia,
1570 488 1727 543 quam
1757 477 1806 535 Α
1835 473 2052 550 vixerat,
2089 471 2178 524 sed
2225 472 2465 550 protinus
2493 475 2648 550 rebus
2691 473 2911 550 excessit
2947 473 3205 550 humanis.
3255 476 3425 550 Igitur

159 543 294 600 idem
317 547 544 614 scriptor
570 545 634 598 ad
664 545 907 599 eumdem
937 559 1155 606 annum,
1190 559 1336 598 num.
1366 543 1456 608 5i,
1494 545 1724 599 lliacono

159 619 226 672 illi
250 617 551 686 abjudieat;
577 616 838 685 hujusque
868 631 1051 669 revera
1087 631 1190 669 non
1223 630 1345 669 esse
1383 617 1571 685 probat
1601 616 1724 670 Phi-

157 691 322 757 lippus
355 688 595 744 Labbcus
634 687 686 741 in
717 687 932 742 dissert.
966 687 1091 742 hist.
1124 686 1191 741 de
1220 686 1418 752 Script.
1457 687 1727 742 Ecclesia-

153 762 318 816 sticis.
359 759 556 826 Quovis
583 773 740 827 porro
766 768 985 813 auctore
1009 759 1236 827 gaudeat
1267 773 1400 826 opus
1431 757 1592 822 istud,
1625 774 1724 812 an-

155 831 408 901 tiquiores
438 830 703 900 pleneque
729 830 845 898 ejus
871 829 1133 901 editiones
1162 831 1422 886 visionem
1450 831 1594 901 illam
1619 845 1724 901 non

156 899 369 964 habent,
401 899 513 956 sive
538 901 640 954 illa:
665 916 782 967 quae
808 916 873 955 ex
904 899 1201 966 Bongarsii,
1235 900 1604 965 Amerbachii,
1637 900 1724 955 Pi-

153 973 523 1040 thaeorumque
547 973 762 1026 fratrum
789 985 919 1026 mss.
947 971 1221 1026 codicibus
1252 971 1584 1039 prodierunt,
1607 971 1724 1028 sive

151 1059 268 1112 quae
285 1043 511 1097 aliorum
528 1057 654 1096 cura
672 1053 796 1097 sunt
814 1041 1048 1096 emissas.
1078 1041 1226 1098 Unus
1252 1041 1416 1097 Janus
1439 1041 1723 1108 Gruterus,

149 1114 236 1182 qui
266 1113 502 1168 historia:
532 1116 784 1181 Augusta:
821 1115 1112 1178 scriptores
1149 1114 1367 1169 Latinos
1407 1114 1643 1168 minores
1675 1115 1728 1168 in

149 1201 311 1241 unum
359 1199 554 1254 corpus
595 1185 833 1254 collegit,
890 1185 1179 1239 Miscellam
1225 1184 1515 1254 Historiam
1561 1183 1732 1238 multo

149 1273 309 1326 quam
334 1252 488 1310 antea
519 1252 788 1325 prodierat
818 1257 1114 1310 auctiorem
1135 1255 1360 1326 exhibet
1383 1269 1445 1326 ex
1475 1252 1731 1326 Palatinis

146 1325 472 1394 membranis,
510 1336 644 1381 nota:
675 1328 754 1397 (ut
785 1325 1000 1397 quidem
1039 1327 1224 1379 scribit
1251 1325 1340 1397 vir
1364 1325 1730 1394 doctissimus)

147 1415 360 1467 prorsus
375 1399 565 1461 electw,
591 1396 864 1452 Saxonicis
882 1396 1066 1449 litteris
1086 1407 1202 1450 ante
1215 1396 1560 1465 septingentos
1580 1398 1730 1450 mini-

147 1466 288 1522 mum
310 1485 473 1522 annos
489 1470 735 1522 exaratis.
761 1469 802 1520 Α
833 1467 965 1520 tanti
992 1467 1087 1520 viri
1112 1477 1288 1521 mente
1310 1482 1450 1535 trgre
1470 1466 1725 1522 divellor:

147 1555 256 1594 noo
283 1539 528 1594 videntur
557 1548 735 1592 tamen
763 1537 1018 1604 adjectitii
1039 1536 1341 1606 hujusmodi
1365 1537 1524 1605 panni
1547 1547 1729 1592 aucto-

145 1612 315 1664 ritate
353 1609 556 1664 codicis
597 1610 755 1663 unius
790 1618 974 1662 contra
1019 1607 1365 1675 plurimorum
1396 1607 1554 1661 tidem
1597 1609 1724 1662 tanti

145 1681 406 1744 faciendi,
435 1682 727 1749 praesertim
759 1693 880 1732 cum
904 1679 1063 1732 multa
1098 1679 1180 1731 his
1206 1678 1577 1732 contineantur
1604 1693 1725 1749 quae

145 1750 433 1817 scriptoris
474 1751 790 1819 imperitiam
819 1758 1062 1818 arguant.
1098 1749 1239 1819 Inter
1264 1749 1377 1802 hzec
1406 1757 1550 1811 sunt,
1582 1749 1724 1817 quod

141 1821 450 1890 Aquileiam
484 1818 597 1873 toto
631 1820 859 1890 triennio
878 1819 956 1886 jab
988 1818 1149 1874 Attila
1191 1819 1465 1873 obsessam
1507 1831 1721 1885 narret;

1835 544 1954 594 dum
1996 543 2105 608 eius
2149 543 2350 595 animus
2389 545 2597 609 ancipiti
2626 548 2828 612 negotio
2861 548 2992 599 inter
3023 549 3094 601 ire
3135 557 3180 600 et
3221 543 3320 603 non
3350 553 3424 607 ire

1829 617 2447 687 ﬂuctuaret,_isecumqne
2491 616 2774 687 deliberans
2822 622 3072 682 tardaret,
3125 621 3330 687 placida
3378 624 3424 677 ei

1831 686 2014 755 legatio
2051 702 2082 737 a
2117 685 2280 738 Roma
2321 685 2547 757 advenit.
2581 685 2712 740 Nam
2748 688 2848 742 Leo
2877 706 3034 757 papa,
3077 685 3182 745 el’c.
3216 691 3418 750 Eadem

1831 759 2138 832 referuntur
2165 765 2238 832 _et
2269 758 2319 810 in
2355 757 2471 832 ipso
2495 755 2742 832 _Pa_|atini
2785 755 2986 816 codicis
3024 762 3414 832 additamenta,

1828 842 1894 883 ex
1938 827 2213 882 Jornande
2255 826 2452 900 procul
2476 827 2651 900 dubio,
2672 841 2908 900 accepta,
2937 847 3057 887 cum
3085 835 3272 890 eadem
3309 826 3423 893 fere

1829 900 1992 953 verba
2028 912 2375 970 usurpentur.
2415 897 2590 970 Unum
2626 897 2854 969 denique
2879 903 3092 970 addam,
3119 904 3254 960 Jano
3277 906 3420 962 Gru-

1832 980 1971 1036 tero,
2003 971 2102 1025 etsi
2130 970 2181 1023 in
2213 969 2520 1037 adjectitios
2543 969 2846 1037 hujusmodi
2873 987 3071 1040 pannos
3094 977 3419 1035 inclinatiori

1833 1043 1994 1104 iacto,
2036 1041 2347 1108 religionem
2393 1040 2557 1114 fuisse
2600 1041 2697 1096 hos
2743 1043 2998 1114 inipsum
3037 1045 3283 1103 Historia
3316 1051 3414 1105 Mi-

1834 1114 2013 1190 scellie
2051 1121 2378 1190 contextum_
2406 1112 2701 1190 conjicere,
2729 1112 3000 1190 ⁸ειιιὶὶιιιιιι·
3036 1131 3160 1190 suas
3193 1119 3257 1190 ad
3286 1135 3423 1190 opus

1837 1183 1978 1236 istud
2012 1192 2166 1237 notas
2187 1183 2529 1246 amaudasse,
2558 1184 2700 1247 quod
2727 1184 2914 1240 incerti
2940 1185 3008 1240 de
3036 1187 3134 1242 ista
3154 1183 3423 1248 additione

1833 1252 2021 1322 judicii
2055 1255 2368 1308 nonnullum
2400 1253 2654 1308 iudicium
2684 1265 2790 1312 est.

1911 1323 2049 1378 XIV.
2084 1323 2211 1381 Utut
2237 1327 2325 1387 sit,
2356 1334 2563 1395 certum
2587 1333 2670 1379 est
2702 1325 3024 1395 legationem
3058 1327 3219 1384 Leoni
3254 1329 3426 1385 bono.

1837 1393 2065 1459 rillcarn,
2113 1405 2166 1450 et
2205 1395 2458 1448 divinitus
2499 1393 2778 1449 liberatam
2818 1399 3114 1465 civitatem,
3148 1411 3202 1454 et
3249 1401 3432 1456 beato-

1838 1480 1956 1518 rum
1973 1465 2340 1534 apostolorum
2363 1480 2603 1531 praesens
2618 1467 2876 1522 auxilium
2903 1467 3126 1524 Romam
3153 1472 3422 1528 sensisse:

1833 1537 1973 1604 quod
1999 1537 2112 1609 ipse
2141 1545 2360 1590 sanctus
2384 1536 2520 1609 Leo,
2561 1549 2616 1591 ut
2643 1538 2776 1603 dixi,
2818 1538 2885 1593 ad
2919 1541 3172 1609 populum
3203 1545 3426 1598 concio-

1833 1620 1953 1683 nem
1998 1608 2201 1683 litibcris
2243 1614 2465 1670 retulit;
2511 1607 2716 1683 hacque
2756 1607 3040 1666 occasione
3079 1623 3293 1668 amovet
3334 1629 3430 1683 po-

1869 1678 2013 1731 ulum
2038 1678 2197 1750 533
2227 1693 2254 1730 a
2284 1678 2628 1750 spectaculis,
2647 1690 2702 1735 et
2721 1692 2906 1735 contra
2929 1684 2993 1734 ad
3019 1678 3425 1739 venerationem

1865 1749 2121 1824 catmum
2157 1758 2454 1824 martyrum
2476 1749 2836 1824 adhortatur.
2873 1750 3208 1824 Religiosum,
3255 1757 3429 1824 inquit

1831 1818 2040 1893 (Serm.
2064 1821 2154 1881 8|.
2187 1818 2440 1893 nunc84,
2469 1821 2521 1873 in
2546 1821 2661 1874 Uct.
2696 1823 2913 1892 apost.),
2945 1818 3277 1893 devotionern,
3304 1818 3429 1879 dile-

142 1889 292 1957 qu’od
326 1891 496 1946 sancti
519 1889 770 1946 Germani
802 1890 1124 1957 legationem
1155 1889 1211 1962 in,
1237 1890 1572 1962 Britanniam
1604 1901 1728 1959 post
1757 1893 1807 1954 Β
1829 1892 2064 1957 ctissimi,
2089 1892 2272 1962 quaob
2300 1891 2434 1944 dicm
2453 1889 2804 1962 castigationis
2831 1889 2877 1945 et
2905 1895 3216 1949 ltberationis
3241 1889 3429 1950 nostra

142 1963 450 2032 Aquileiam
493 1972 700 2026 canum
745 1962 1036 2032 contigisse
1079 1961 1378 2031 signiﬁcet;
1419 1962 1562 2030 quod
1603 1977 1729 2018 san-

141 2031 289 2088 ctum
343 2033 620 2087 Paulinum
663 2031 808 2086 Nolae
853 2033 1161 2102 episcopum
1214 2041 1646 2102 postﬂvastatam
1699 2051 1730 2088 a

144 2103 406 2157 Vandalis
439 2103 642 2158 Italiam
671 2103 813 2172 (qua:
844 2101 1068 2158 vastitas
1093 2101 1235 2157 anno
1265 2101 1370 2157 455
1411 2114 1466 2158 et
1505 2104 1574 2159 56
1602 2120 1733 2159 con-

144 2177 284 2244 tigit)
316 2186 492 2255 semet
519 2177 570 2228 in
600 2175 930 2255 captivorum
955 2173 1382 2255 redemptionem
1410 2176 1733 2255 expendisse

145 2253 361 2319 narret;
407 2261 528 2300 cum
566 2246 760 2319 viginti
781 2253 837 2299 et
873 2244 1104 2319 amplius
1138 2244 1247 2319 jam
1293 2246 1360 2319 ab
1389 2246 1543 2319 annis
1572 2247 1734 2319 532

145 2318 370 2373 obiisset
404 2326 621 2372 sanctus
653 2316 898 2379 antistes,
930 2326 983 2370 et
1020 2316 1157 2370 hanc
1198 2318 1265 2371 de
1307 2315 1423 2386 ipso
1452 2315 1732 2374 historiam

147 2389 342 2444 merito
379 2388 493 2442 falsi
520 2396 746 2456 arguant
773 2387 869 2442 hac
901 2395 1220 2456 tempestate
1249 2387 1346 2441 viri
1375 2387 1590 2442 eruditi.
1615 2386 1736 2443 Cae-

148 2469 258 2514 tera
299 2460 430 2514 aliis
466 2457 800 2513 discutienda
835 2458 1212 2527 relinquimus:
1253 2459 1353 2512 hoc
1395 2458 1605 2512 interim
1639 2475 1736 2528 pro

149 2541 296 2585 certo
326 2530 614 2596 habentes,
633 2532 816 2584 istlunc
833 2528 1194 2584 additamenta
1220 2529 1737 2586 Miscelltcllistorize

149 2603 321 2656 aliena
357 2617 520 2655 manu
552 2601 750 2655 inserta
775 2601 965 2666 videri,
992 2601 1181 2668 partim
1201 2615 1268 2656 ex
1289 2599 1562 2656 Jornaude
1583 2614 1735 2658 acce-

153 2683 256 2739 pta,
303 2674 506 2743 partim
557 2687 621 2726 ex
655 2670 873 2743 incertis
899 2671 1271 2743 scriptoribus,
1322 2671 1405 2727 vel
1456 2671 1617 2726 etiam
1667 2689 1732 2729 ex

151 2741 676 2799 fulsis‘rumusculis.
705 2741 853 2810 Ouod
881 2741 946 2796 de
976 2742 1196 2813 iusititia
1238 2743 1548 2798 narratione
1571 2760 1730 2813 qualn

153 2815 498 2879 discutimus,
543 2817 594 2870 in
629 2815 814 2884 primis
843 2812 1194 2884 credendum,
1238 2828 1397 2883 quam
1429 2812 1635 2870 scilicet
1665 2817 1736 2870 ita

155 2885 238 2939 ille
267 2885 560 2941 exorditur
589 2882 650 2939 ac
679 2884 1044 2956 prosequitur:
1080 2882 1277 2939 Ferunt
1303 2887 1474 2954 itaque
1494 2895 1605 2956 post
1626 2885 1738 2940 dis-

153 2972 346 3011 cessum
383 2956 640 3025 pontiﬁcis
678 2957 1045 3024 interrogatum
1082 2971 1189 3009 esse
1220 2957 1432 3010 Attilam
1458 2974 1490 3010 a
1515 2957 1618 3009 suis
1647 2972 1739 3010 cur

156 3029 287 3082 ultra
309 3029 522 3082 solitum
541 3043 730 3082 morem
761 3036 954 3079 tantam
976 3027 1308 3080 reverentiam
1337 3029 1569 3097 Romano
1592 3043 1740 3097 papa

155 3099 463 3166 exhibuerit,
493 3097 907 3170 quandoquidem
935 3113 1059 3167 pene
1086 3097 1152 3149 ad
1193 3097 1363 3150 omnia
1387 3114 1501 3170 qua:
1527 3095 1614 3152 ille
1643 3095 1744 3150 im-

158 3181 384 3237 perasset
423 3166 796 3240 obtemperarit.
840 3166 974 3223 Tum
1003 3183 1176 3240 regem
1198 3169 1520 3237 respondisse
1546 3183 1660 3240 non
1688 3182 1742 3220 se

162 3243 268 3312 ejus
293 3242 386 3310 qui
419 3237 688 3296 advenerat
725 3255 996 3312 personam
1021 3237 1289 3312 reverita-tn
1315 3253 1442 3303 esse,
1465 3238 1554 3291 sed
1578 3239 1743 3312 alim

159 3308 210 3366 se
226 3308 392 3367 uirum
405 3316 552 3382 juxta
565 3329 677 3366 eum
691 3308 744 3366 in
761 3310 939 3364 habitu
954 3309 1259 3382 sacerdotali
1277 3317 1525 3362 astantem
1542 3308 1742 3378 vidisse,

157 3383 326 3451 forma
377 3379 696 3455 augustiore,
738 3382 923 3455 canitie
952 3379 1548 3455 t'etterabilem,‘eumque
1573 3382 1746 3455 eimgi-

160 3449 275 3510 nato
302 3449 487 3526 gladio
515 3456 609 3526 sibi
640 3449 935 3526 terribiliter
961 3462 1172 3526 mortem
1200 3452 1541 3526 minitantem,
1571 3449 1614 3504 si
1645 3467 1747 3506 non

159 3521 337 3580 cuncta
363 3544 478 3597 qua:
503 3525 592 3581 ille
614 3524 878 3597 expetebat
899 3523 1167 3597 explesset.
1199 3521 1430 3597 Non‘his
1459 3532 1603 3577 certe
1633 3531 1744 3597 ter-

161 3593 530 3654 riculamentis
555 3593 767 3666 eguisse
780 3593 1194 3666 videtur-Attila,
1213 3605 1269 3648 ut
1290 3593 1357 3649 ab
1374 3593 1745 3666 oppugnanda:

159 3671 301 3725 urbis
323 3669 557 3725 consilio
587 3664 952 3731 ievocaretur,
978 3665 1030 3720 in
1061 3681 1168 3734 quo
1194 3667 1304 3733 jam
1338 3666 1622 3734 plurimum
1646 3664 1745 3718 ﬁu-

159 3741 400 3808 ctuabat,
441 3757 472 3795 a
509 3741 625 3795 suis
666 3739 916 3794 videlicet
952 3736 1260 3808 deterritus,
1302 3744 1356 3792 et
1384 3736 1450 3792 de
1487 3751 1740 3808 successu

160 3807 518 3882 expeditionis
551 3826 740 3881 parutn
768 3811 880 3878 ipse
902 3807 1018 3882 sibi
1032 3807 1327 3882 conﬁdens,
1343 3809 1474 3862 satis
1494 3807 1594 3882 sibi
1618 3822 1741 3863 esse

157 3878 239 3937 ad'
259 3885 493 3953 gloriam
541 3878 836 3944 aestimans,
880 3878 1021 3950 quod
1059 3878 1332 3953 suppiices
1370 3893 1433 3932 ac
1471 3879 1742 3953 subjectos

157 3948 334 4024 coram
378 3971 439 4012 se
477 3953 782 4024 pontiﬁcem
809 3948 1162 4024 proceresque
1190 3948 1739 4024 Romanoshaberet,

157 4021 301 4082 lianc
328 4019 548 4082 barbari
573 4019 971 4078 ﬂuctuationem
992 4019 1314 4087 Jornandes,
1337 4021 1429 4090 qui
1453 4019 1736 4076 Justiniani

158 4096 505 4174 imperatoris
539 4105 791 4174 tempore
811 4092 1022 4174 claruit,
1053 4091 1310 4174 graphice
1338 4091 1615 4174 describit,
1651 4094 1742 4174 lir:

158 4162 375 4238 malque
405 4169 574 4223 Prisci
606 4162 843 4221 historici
872 4162 1214 4218 auctoritate.
1249 4162 1399 4238 Cum,
1444 4164 1634 4238 inquit,
1673 4162 1741 4216 ad

155 4234 376 4292 Romam
403 4241 603 4293 animus
633 4238 807 4307 {uisset
833 4239 944 4307 ejus
971 4243 1192 4288 attentus
1214 4234 1742 4307 accedere,_s_uiieum,_

156 4319 207 4361 ut
251 4310 470 4365 Priscus
515 4302 667 4379 rcfei’t
699 4302 992 4372 ltistor'icus,
1025 4321 1300 4379 removere,
1336 4320 1435 4357 non
1466 4302 1638 4379 _Urbi_,_
1664 4303 1746 4357 cui

156 4381 347 4435 inimici
381 4393 546 4444 erant,
573 4372 916 4441 consulentes,
951 4377 1040 4431 sed
1077 4375 1268 4429 Alarici
1301 4374 1563 4444 quondam
1596 4372 1749 4444 Vesci

153 4457 431 4518 gotharum
470 4443 602 4524 regis
644 4451 935 4524 objicientes
972 4446 1280 4524 exeniplum,
1314 4443 1456 4524 veriti
1497 4445 1628 4515 regis
1668 4443 1750 4497 sui

156 4517 442 4592 fortunam,
469 4517 590 4593 quia
613 4517 830 4592 ille'post
858 4522 1075 4590 [ructant
1099 4517 1316 4573 Romam
1337 4517 1427 4570 diu
1450 4531 1553 4570 non
1574 4531 1752 4587 super-

1772 3271 1818 3338 C

1837 1972 2053 2035 cunctus
2078 1961 2309 2035 ﬁdelium
2340 1963 2561 2035 populus
2587 1961 2656 2035 ad
2686 1965 2912 2035 agendas
2943 1964 3050 2017 Deo
3084 1968 3276 2035 gratias
3306 1984 3431 2022 con-

1839 2032 2051 2101 ﬂuebat,
2087 2049 2211 2105 pene
2227 2033 2294 2105 ab
2319 2033 2550 2086 omnibus
2582 2032 2740 2101 fuisse
2769 2032 3211 2104 neglectam,'ipsa
3242 2055 3430 2105 pauco-

1837 2119 1973 2169 rum,
2005 2106 2093 2174 qui
2138 2103 2375 2170 adfuere,
2407 2106 2594 2157 raritas
2637 2103 3021 2171 demonstrauit,
3058 2118 3103 2160 et
3136 2103 3279 2160 cordi
3318 2126 3428 2163 meo

1840 2177 2054 2245 multum
2087 2175 2304 2228 tristitia:
2335 2176 2532 2238 intulit,
2566 2184 2613 2228 et
2648 2176 2927 2245 plurimum
2955 2180 3150 2232 timoris
3192 2182 3428 2235 incussit.

1843 2243 2094 2319 Magnum
2121 2247 2255 2319 enim
2282 2245 2564 2319 periculum
2592 2243 2665 2301 est
2692 2263 2800 2301 esse
2830 2249 3058 2316 ingratos
3099 2249 3230 2312 Deo,
3263 2261 3310 2302 et
3338 2267 3429 2319 per

1842 2317 1972 2369 obliv
1992 2332 2143 2391 onem
2169 2317 2527 2391 beneﬁciorum
2555 2319 2690 2388 ejus,
2719 2320 2912 2391 nec_de
2932 2322 3252 2391 correptione
3287 2317 3428 2375 com-

1843 2388 2022 2456 pungi,
2055 2404 2144 2440 nec
2173 2389 2238 2441 de
2267 2389 2564 2442 remissione
2589 2389 2771 2442 laetari.
2809 2388 2873 2443 Et
2902 2388 3127 2444 iterum:
3159 2389 3326 2444 Pudet
3347 2395 3432 2446 di-

1842 2473 1975 2530 cere,
1997 2459 2086 2512 sed
2108 2475 2307 2513 necesse
2333 2469 2528 2513 estnon
2551 2470 2747 2515 tacere:
2769 2460 2886 2530 plus
2910 2462 3216 2528 impenditur
3239 2464 3432 2518 dromo-

1843 2529 1944 2604 nii_s
1972 2545 2125 2604 quam
2146 2530 2415 2604 apostolis.
2447 2543 2490 2586 et
2517 2529 3005 2604 majoremobtinent
3026 2534 3207 2587 insana
3229 2546 3431 2604 specta-

1843 2598 1961 2673 cula
1979 2603 2319 2673 frequentium
2339 2618 2490 2673 qucm
2508 2598 2656 2656 beata
2677 2604 2944 2673 martyrio.
2965 2605 3090 2668 Quis
3102 2606 3233 2658 hanc
3257 2598 3431 2660 urbem

1843 2671 2358 2742 refornraeit_suluti?
2391 2672 2516 2738 Quis
2546 2691 2578 2727 a
2606 2671 2898 2742 captivitate
2921 2676 3074 2740 eruit,
3098 2677 3210 2742 quis
3235 2692 3265 2728 a
3294 2678 3432 2731 ca’de

1843 2741 2110 2812 defendit?
2131 2739 2308 2797 Ludus
2331 2746 2636 2816 circensium
2659 2739 2676 2809 ,
2702 2761 2768 2798 an
2793 2761 2918 2798 cura
2945 2739 3238 2800 sanctorum
3261 2747 3434 2816 ique-

1847 2829 1962 2866 rum
1985 2816 2156 2886 utique
2179 2815 2412 2884 precibus
2438 2816 2627 2870 divinat
2646 2831 2873 2870 censure
2894 2818 3031 2884 ﬂexa
3053 2819 3302 2871 sententia
3319 2815 3432 2886 est;

1846 2894 1900 2936 ut
1947 2885 2032 2951 qui
2083 2886 2400 2944 merebantur
2446 2886 2600 2951 iram,
2631 2902 2946 2940 seruarentur
2985 2888 3054 2940 ad
3093 2889 3310 2941 veniam.
3340 2885 3433 2945 Sic

1845 2953 2060 3008 demunt
2096 2957 2390 3009 concludit:
2449 2955 2777 3010 llevertintini
2811 2957 2880 3008 ad
2926 2955 3201 3011 Dominum
3235 2959 3430 3012 intelli-

1848 3038 2020 3095 gentes
2041 3026 2307 3096 mirabilia
2332 3041 2446 3096 quin
2473 3028 2524 3078 in
2556 3027 2700 3079 nobis
2739 3026 2980 3096 dignatus
3010 3036 3083 3079 est
3121 3029 3346 3093 operari,
3387 3037 3436 3084 et

1848 3095 2391 3168 liberationemhsah.
2411 3106 2639 3168 nostram
2663 3095 2951 3168 nonisicut
2967 3097 3255 3168 opinantur:
3266 3098 3434 3168 impii,

1849 3166 2117 3244 stellarum
2143 3163 2432 3244 aﬂ'ectibus,
2455 3165 2544 3218 sid
2568 3164 2822 3244 ineffabili
2837 3163 3313 3244 omnipotentispei
3338 3163 3437 3222 nti;

1851 3236 2146 3290 sericordite
2166 3240 2484 3303 deputantes,
2509 3236 2595 3305 qui
2615 3238 2770 3290 corda
2795 3235 3076 3305 furentium
3102 3235 3437 3292 barbarorum

1851 3307 2086 3380 miiigare
2113 3308 2353 3380 dignatus
2384 3317 2480 3362 est.

1925 3378 2108 3452 Tanta:
2131 3377 2206 3452 rei
2229 3377 2364 3452 fama
2391 3380 2698 3452 universum
2719 3378 2905 3452 orbem
2927 3379 3180 3448 pervasit,
3206 3379 3432 3452 ejusque

1851 3451 2111 3504 memoria
2157 3450 2210 3504 in
2252 3450 2613 3505 Orientalibus
2660 3451 2819 3506 etiam
2857 3452 3099 3521 partibus
3144 3450 3437 3521 usquead

1851 3533 2026 3576 seram
2072 3522 2439 3590 perseveravit
2479 3530 2720 3587 :clatcm;
2767 3525 2836 3577 ita
2889 3531 3092 3577 tttcum
3132 3524 3437 3580 Orientales

1851 3593 1939 3646 diu
1973 3602 2091 3660 post
2111 3593 2410 3648 scriberent
2430 3593 2495 3647 ad
2519 3592 2900 3664 Symmachum
2926 3608 3138 3664 papam,
3164 3610 3434 3664 opemque

1850 3677 1912 3717 ac
1956 3666 2388 3720 communionem
2420 3667 2488 3720 ab
2517 3679 2583 3720 eo
2625 3675 2938 3735 poscerent.
2990 3679 3096 3719 non
3127 3666 3233 3720 alio
3264 3667 3437 3735 magis

1853 3736 2101 3806 exemplo
2140 3736 2459 3791 charitatem
2486 3737 2601 3805 ejus
2628 3736 3028 3793 accendendam
3059 3750 3182 3792 esse
3214 3746 3437 3804 putave-

1851 3808 1988 3872 rint,
2040 3822 2199 3876 quam
2247 3809 2443 3864 Leonis
2481 3810 2648 3863 nostri
2689 3808 2909 3862 Attilam
2939 3808 3310 3863 convenlentis
3338 3807 3436 3863 ne-

1851 3880 2139 3950 tcntisque.
2174 3878 2234 3950 Si
2262 3879 2419 3944 enim,
2444 3879 2690 3949 inquiunt
2721 3877 2918 3950 (Epist.
2945 3877 3199 3934 Oriental.
3232 3888 3368 3950 post.
3397 3880 3434 3934 8

1850 3947 2149 4018 Symmachi
2171 3948 2342 4018 ΡΡ.)⁹
2365 3951 2450 4021 qui
2472 3947 2740 4021 prtecessit‘
2755 3949 3116 4021 beatitudinem
3147 3960 3283 4002 tuam
3305 3949 3436 4002 inter

1849 4029 2054 4073 sanctos
2083 4019 2389 4075 constitutus
2413 4019 2516 4075 Leo
2546 4019 2956 4088 archiepiscopus
2977 4020 3046 4071 ad
3071 4019 3286 4071 Attilam
3314 4027 3436 4073 tunc

1850 4106 2078 4143 erronem
2107 4091 2379 4145 barbarum
2401 4107 2490 4160 per
2513 4108 2565 4146 se
2597 4105 2802 4143 currere
2831 4105 2929 4160 non
2957 4089 3104 4142 duxit
3129 4089 3434 4158 indignum,

1852 4170 1906 4212 ut
1959 4162 2300 4226 captivitatem
2355 4157 2626 4229 corrigeret
2681 4157 3000 4226 corporalem
3028 4199 3042 4221 ,
3093 4173 3190 4229 nec
3234 4157 3436 4229 tantum

1855 4229 2285 4297 Christianorum,
2311 4230 2400 4284 sed
2415 4240 2461 4284 et
2482 4227 2515 4284 1
2524 4231 2789 4284 udceorum
2812 4228 2887 4297 (ut
2911 4228 3149 4281 credibile
3167 4227 3265 4293 est)
3285 4237 3437 4296 atque

1855 4316 2212 4371 paganorum,-
2243 4311 2434 4370 quanto
2476 4299 2638 4370 magis
2680 4297 3031 4371 festinaread
3074 4306 3214 4371 tuum
3259 4298 3440 4371 attinet

1855 4367 2176 4424 sanctitatem
2195 4410 2210 4434 ,
2241 4367 2341 4424 non
2369 4371 2436 4424 ad
2465 4367 2749 4440 corporeae,
2779 4384 2894 4438 qua
2928 4367 3060 4424 bello
3093 4369 3182 4440 ﬁt,
3224 4369 3441 4435 captivi-

1859 4443 1980 4496 tatis
2007 4443 2370 4496 correctionem
2406 4453 2558 4510 atque
2581 4441 2987 4505 conuersionem,
3014 4441 3104 4495 sed
3151 4441 3441 4497 animarum

1858 4528 1971 4583 qua:
1992 4514 2260 4582 captivam:
2291 4522 2440 4583 sunt,
2472 4512 2546 4568 vel
2576 4513 2804 4584 quotidie
2830 4513 3152 4584 captivantur
3181 4511 3297 4585 (ajl

1211 4630 1770 4691 BALLERINIORUM
1813 4629 2363 4689 ANNOTATIONES.

226 4736 307 4804 (a)
341 4735 470 4790 Post
494 4733 651 4803 epist.
688 4733 811 4798 108,
841 4730 907 4786 ad
937 4729 1279 4786 Theodorum
1313 4728 1738 4800 Forojuliensem
1764 4727 1817 4790 D

151 4805 330 4860 datam
357 4823 415 4861 ιιι
441 4805 513 4860 id.
541 4804 748 4866 Juniss,
780 4805 922 4858 nulla
951 4804 1175 4872 epistola
1207 4805 1460 4856 hocauno
1489 4815 1739 4856 recense-

152 4877 330 4932 butur.
367 4878 476 4932 Nos
508 4892 574 4931 ex
605 4889 707 4930 tus.
739 4873 1118 4944 itatisponeusi
1150 4873 1431 4929 eduximus
1462 4872 1744 4944 epistolam

155 4948 278 5015 109,
308 4949 380 5004 ad
409 4947 679 5003 lulianum
701 4941 966 5000 Coensem
990 4946 1167 4999 datam
1195 4944 1280 5000 die
1301 4945 1372 4999 25
1401 4941 1744 5015 Novembris,

152 5035 214 5074 ac
235 5014 529 5088 propterea
542 5018 741 5074 Leonis
766 5017 1082 5086 legationem
1103 5015 1166 5088 ad
1190 5015 1408 5088 Attilam
1426 5014 1747 5088 intermedio

154 5085 429 5162 tempore,
456 5107 561 5161 quo
585 5091 756 5144 nullas
775 5085 890 5162 ejus
913 5088 1116 5162 litteras
1143 5086 1423 5162 habemus,
1451 5085 1747 5162 contigisse

151 5157 284 5218 satis
314 5157 616 5218 verisimile
642 5169 742 5215 est.
776 5160 876 5228 Qui
906 5163 1048 5213 enim
1095 5157 1232 5213 hanc
1263 5159 1580 5225 legationem
1613 5157 1748 5211 assi—

150 5244 322 5301 gnant
349 5235 490 5289 circa
508 5232 767 5301 paschale
801 5241 1010 5301 tempus
1040 5229 1163 5284 anni
1199 5230 1327 5293 452,
1357 5229 1503 5284 nullo
1539 5228 1746 5301 tunda-

151 5300 342 5359 mento
388 5300 646 5361 nituntur.
700 5301 867 5358 Immo
916 5300 1049 5356 vero
1088 5317 1210 5356 cum
1263 5301 1369 5356 Leo
1431 5300 1588 5370 paulo
1629 5307 1750 5368 post

149 5389 387 5430 suorum
417 5383 710 5446 togatorum
735 5389 766 5446 e
791 5374 1019 5429 concilio
1044 5372 1482 5446 redit_un_1,_cujus
1514 5371 1744 5446 mentio.

150 5461 277 5517 Luem
329 5443 656 5517 facit'epist.
715 5445 849 5510 103,
899 5447 1094 5517 scripta
1123 5444 1188 5517 ad
1229 5443 1410 5517 Gallos
1447 5443 1551 5517 sub
1587 5445 1747 5517 tinem

151 5512 480 5586 Februarii,
530 5512 613 5573 vel
664 5517 764 5571 sub
795 5512 1205 5570 initium'Martii
1239 5514 1396 5582 hujus
1434 5515 1558 5568 anni
1607 5512 1747 5580 452,

148 5586 460 5643 Luciauum
489 5599 542 5644 et
589 5589 842 5644 Basiliam
875 5589 1078 5657 legatos
1119 5586 1743 5654 Coustantinopolitanos

148 5661 466 5729 receperit,
496 5661 584 5728 qui
632 5675 750 5714 cum
776 5659 963 5713 eodem
1001 5659 1256 5728 pontiﬁce
1295 5657 1490 5729 multis
1519 5663 1745 5726 egerunt

148 5729 218 5786 de
244 5727 866 5800 ConstantinOpolitauze
894 5727 1036 5783 sedis
1067 5729 1448 5800 przcrogativa;
1481 5727 1532 5780 hi
1564 5735 1740 5780 autem

146 5801 315 5870 legati
353 5798 872 5872 Constantinopolim
902 5801 1109 5872 remissi
1140 5798 1338 5872 iuerint
1361 5813 1483 5872 cum
1516 5805 1746 5872 gitaiuor

147 5866 416 5942 epistolis
445 5873 571 5943 104,
601 5866 725 5942 105,
775 5873 875 5932 106
899 5883 952 5931 et
979 5871 1102 5943 107,
1141 5869 1469 5954 scriptis__tlie
1511 5866 1583 5925 ‘22
1624 5867 1747 5928 Maii

1844 4725 2058 4854 Semifer
2079 4737 2264 4780 annot.
2295 4724 2513 4796 i[_Tom.
2533 4723 2756 4792 prleced.
2773 4725 3014 4791 col.987,
3036 4742 3093 4808 ti.
3118 4723 3180 4797 In]
3206 4725 3258 4808 i_n
3281 4725 3443 4797 epist.

1887 4800 2003 4854 0.)).
2035 4807 2160 4852 ante
2188 4796 2290 4851 hoc
2320 4808 2530 4854 tempus
2557 4796 2792 4852 Leonem
2815 4795 2986 4853 Roma
3009 4797 3329 4852 discessisse
3348 4838 3361 4854 .
3391 4810 3443 4850 ιιι

1887 4800 2003 4865 05),
2035 4807 2160 4852 ante
2188 4796 2290 4851 hoc
2320 4795 2530 4866 tempus
2557 4796 2792 4852 Leonem
2815 4795 2986 4853 Roma
3009 4795 3330 4852 discessisse
3348 4838 3361 4859 ,
3391 4810 3449 4850 ut

1850 4871 2029 4924 Attilae
2046 4877 2380 4928 occurreret.
2403 4877 2592 4923 etcum
2614 4867 2762 4922 eode
2786 4881 2916 4936 pace
2939 4876 3212 4930 tractaret,
3238 4868 3442 4936 nullum

1852 4941 2131 5003 indicium,
2157 4939 2298 4994 nulla
2323 4939 2674 5008 probabilitas
2691 4934 2799 4993 est;
2821 4938 2990 4995 Porro
3007 4939 3248 4994 Julianus
3267 4934 3412 5008 Coeo
3427 4967 3446 4976 -

1851 5013 1928 5066 sis
1957 5011 2059 5066 sub
2091 5011 2298 5065 initium
2326 5006 2422 5064 an.
2476 5009 2584 5066 455
2612 5009 2679 5064 ad
2719 5009 2956 5066 Leonem
3006 5010 3213 5063 litteras
3263 5006 3405 5057 ἀειιιι
3431 5046 3446 5067 ,

1855 5083 2050 5153 quibus
2081 5082 2149 5136 de
2179 5080 2336 5136 malis
2362 5081 2532 5136 Italia!
2561 5080 2731 5153 illatts
2761 5079 2826 5135 ab
2849 5079 3012 5134 Attila
3040 5093 3172 5153 cum
3195 5076 3448 5153 pontiﬁce

1854 5145 1924 5208 iia
1958 5153 2258 5219 condoluit,
2291 5161 2350 5206 ut
2375 5168 2436 5206 ea
2470 5152 2607 5206 mala
2624 5151 2734 5220 jam
2761 5161 2971 5212 exacta,
2995 5159 3048 5204 et
3073 5147 3276 5202 idcirco
3304 5145 3439 5220 iega-

1853 5227 1926 5281 tio
1959 5240 2172 5296 quoque
2212 5215 2407 5296 Leonis
2440 5215 2722 5296 terminata
2757 5229 3045 5296 noscatur,
3093 5215 3442 5296 quemadmo-

1852 5291 1991 5370 duitu'
2037 5291 2290 5370 colligeie
2335 5295 2461 5370 licet
2507 5309 2581 5370 e_x_
2624 5292 2810 5370 ipsius
2846 5291 3072 5370 Leoqii
3094 5291 3446 5370 responsi-one

1852 5368 2010 5437 epist.
2059 5355 2192 5432 H3:
2216 5365 2340 5420 data
2393 5364 2482 5421 die
2525 5366 2585 5437 ii
2640 5355 2812 5437 Martii
2844 5378 2937 5437 an.
2967 5358 3095 5414 455.
3125 5355 3289 5437 Igitur
3312 5355 3445 5437 irate

1852 5425 2047 5494 L'eouis
2074 5425 2269 5508 legatio
2293 5435 2577 5508 commode
2603 5432 2924 5489 ascribenda
2954 5438 3041 5508 est
3076 5425 3178 5508 stili
3206 5425 3442 5508 medium

1852 5510 2072 5565 circiter
2115 5497 2311 5563 annum
2346 5505 2474 5569 452,
2517 5516 2573 5561 et
2613 5514 2759 5578 certe
2789 5512 2912 5557 ante
2942 5501 3086 5578 dicm
3109 5497 3446 5578 ᾎᾷιμργςιιι-

1854 5582 1989 5636 bris.
2023 5581 2154 5635 Dein
2185 5596 2251 5634 ex
2281 5566 2492 5633 laudata
2524 5577 2591 5631 ad
2626 5574 2892 5629 lulianum
2925 5570 3085 5640 epist.
3122 5570 3224 5625 109
3253 5566 3447 5640 didici-

1852 5668 1974 5708 tnus
2006 5653 2146 5706 hunc
2165 5649 2332 5706 Leoni
2359 5648 2691 5716 signillcasse
2714 5638 3125 5716 Palaestinorum
3153 5638 3448 5716 monacho-

1853 5739 1972 5778 rum
2006 5722 2187 5776 turbas
2216 5731 2325 5774 tum
2373 5709 2568 5772 liiteris
2597 5723 2789 5769 contra
2819 5713 3109 5768 concilium
3149 5709 3450 5768 Chalcedo-

1854 5808 2043 5858 nense,
2075 5801 2129 5845 et
2157 5803 2344 5846 contra
2369 5784 2772 5858 ipsamALeonis
2809 5783 3175 5858 deﬁnitionem
3209 5783 3449 5854 scriptis,

1859 5875 1968 5922 tum
2005 5855 2257 5922 violentis
2309 5855 2471 5921 etiam
2502 5855 2764 5919 adversus
2815 5855 3112 5921 catholicos
3160 5867 3214 5920 ct
3259 5862 3450 5924 enim
