3968 6308
551 357 659 419 305

1006 350 1246 410 PASCH.
1285 342 1672 419 QUESNELL!
1709 338 2287 407 DlSSERTATIONES
2328 347 2391 404 ΙΝ
2432 347 2487 404 S.
2531 345 2776 404 LEONIS
2815 338 3029 404 MAGNI
3065 345 3316 405 OPERA.

3700 349 3785 409 3N

550 476 729 528 nicum
756 483 912 525 suum
932 467 1149 529 claudit,
1175 476 1393 535 apparet
1420 481 1515 533 pro
1536 480 1630 519 sua
1657 464 1920 535 sententia
1952 464 2125 531 ipsum
2156 466 2203 521 A
2232 461 2641 535 spectabilema
2676 462 3044 535 Marcianolb)
3068 462 3118 514 in
3143 460 3482 535 Ifaliestinam
3518 460 3621 535 hoc
3646 476 3779 532 anno,

550 546 879 599 decertasse.
910 538 1128 601 Eodem,
1162 534 1356 606 inquit,
1405 554 1536 590 anno
1569 535 1768 589 Pascha
1804 534 2123 588 Dominicum

552 617 633 669 die
662 629 754 668 vm
783 612 983 665 kalend.
1007 608 1133 662 Maii
1161 610 1466 661 celebratunt
1491 617 1560 659 est
1584 608 1823 673 pertinaci
1848 606 2125 659 intentione

554 684 883 740 Alexandrini
915 682 1156 750 episcopi.
1183 683 1265 732 cui
1297 695 1466 731 omnes
1492 678 1775 750 Orientales
1806 679 2123 750 consentien-

551 760 673 811 dum
701 763 1029 824 putaverunt;
1058 747 1285 820 quamvis
1308 759 1512 824 sanctus
1554 766 1687 818 papa
1731 747 1831 802 Leo
1856 748 2124 824 xv_ltalen-

552 830 647 881 das
688 817 815 879 Maii
856 824 1026 895 potius
1067 817 1432 895 observandum
1484 828 1862 895 protestantur.
1899 817 1986 895 (in
2016 836 2125 895 quo

553 914 643 951 nec
660 899 710 950 in
727 891 925 950 ratione
945 892 1228 959 plenilunii,
1249 908 1338 943 nec
1358 892 1412 942 in
1438 891 1589 957 primi
1614 892 1797 943 mensis
1827 892 1982 944 limite
2001 891 2127 959 [uis-

552 978 626 1022 set
656 963 925 1033 erratum.)
947 958 1165 1017 Exstant
1201 964 1425 1033 ejusdem
1481 978 1629 1032 papa:
1669 964 1893 1031 epistola:
1930 961 1996 1013 ad
2026 958 2127 1013 ειε-

552 1032 917 1092 mentissiniunt
941 1035 1213 1099 principem
1252 1032 1571 1086 Marcianum
1598 1034 1753 1096 datte,
1786 1034 1965 1102 quibus
1995 1034 2125 1084 ratio

552 1111 778 1163 veritatis
823 1106 1109 1159 sollicitata?
1143 1104 1389 1157 evidenter
1420 1104 1674 1173 patefacta
1706 1101 1805 1155 est.
1832 1101 1911 1154 Et:
1943 1104 2124 1169 quibus

552 1182 800 1233 catholica
849 1175 1076 1229 Ecclesia
1118 1176 1301 1227 instrui
1339 1183 1494 1243 potest
1545 1174 1679 1241 quod
1730 1175 1834 1227 haec
1865 1174 2125 1243 persuasio

551 1252 710 1324 562
740 1248 907 1303 studio
942 1246 1226 1324 unitatiset
1255 1247 1392 1311 pacis
1412 1244 1631 1324 tolera'a
1658 1246 1742 1305 sit,
1774 1248 1943 1313 potius
1972 1260 2125 1324 quam

546 1316 1103 1417 probata.lnum‘quam
1143 1316 1376 1378 deinceps
1406 1316 1685 1396 imitanda;
1714 1324 1919 1417 ut'quae
1946 1316 2128 1417 exitia:

580 1409 645 1417 η...
692 1402 794 1417 η’...
822 1392 859 1417 ἕο
902 1406 927 1417 Α
977 1402 1226 1417 Ana-Annae
1301 1401 1497 1417 nnsnnnn
1536 1403 1585 1417 an
1621 1403 1771 1417 MAI-nn
1797 1402 1912 1417 sanun
1946 1404 2033 1417 anno
2076 1402 2103 1417 η

551 1385 648 1446 lem
687 1389 859 1444 attulit
900 1388 1227 1455 offensionem
1252 1426 1267 1450 ,
1300 1401 1499 1437 onmem
1536 1388 1585 1437 in
1620 1396 1914 1453 perpetuum
1945 1385 2127 1455 perdat

548 1463 927 1515 auctoritatem.
954 1458 1219 1509 Victorius
1248 1472 1457 1524 quoque
1481 1468 1527 1509 et
1562 1456 1677 1523 ipse
1695 1457 2012 1521 Aquitanus,
2040 1474 2128 1510 ro-

550 1544 705 1601 gatus
736 1532 802 1583 ab
834 1529 1014 1581 Hilaro
1044 1527 1297 1601 Romana:
1330 1526 1580 1580 Ecclesia:
1614 1526 2124 1601 archidiacono,_cui

552 1597 656 1656 ista
682 1617 808 1655 cura
838 1611 889 1651 et
918 1614 984 1651 ex
1014 1597 1226 1665 proprio
1250 1612 1471 1663 munere
1492 1606 1544 1649 et
1573 1614 1638 1650 ex
1657 1598 1847 1651 Leonis
1879 1598 2127 1653 mandato

554 1672 919 1729 incumbebat,
948 1683 1205 1721 cauonem
1251 1667 1551 1735 paschalem
1579 1670 1911 1737 composuit,
1966 1686 2124 1736 quem

556 1744 728 1797 eidem
771 1740 1145 1794 archidiacono
1177 1750 1502 1806 nuncupant
1539 1753 1679 1792 anno
1713 1738 1835 1803 457,
1868 1739 2127 1793 Constan-

556 1814 669 1866 tino
690 1824 742 1866 et
771 1811 907 1865 Rufo
932 1826 1099 1871 coss.,
1126 1818 1181 1861 ut
1215 1811 1326 1875 ipse
1355 1810 1502 1861 testis
1532 1820 1612 1863 est
1644 1812 1693 1863 in
1720 1811 2027 1872 praefatione
2056 1814 2122 1866 ad

554 1885 812 1937 Hilarum.
841 1884 1009 1948 Quem
1038 1895 1295 1934 canonem
1320 1878 1503 1932 Victor
1540 1882 1821 1947 Capuanus
1850 1890 1967 1945 post
1996 1884 2130 1936 mul-

553 1964 637 2007 tos
664 1969 854 2019 annos,
874 1967 1013 2006 anno
1039 1950 1243 2005 scilicet
1273 1950 1377 2004 545
1405 1952 1735 2017 perstrinxit,
1765 1953 1908 2006 edito
1937 1953 2127 2007 altero.

551 2025 660 2080 Sed
694 2030 808 2079 haec
838 2022 1003 2077 nostri
1046 2037 1149 2076 non
1200 2030 1325 2075 sunt
1370 2022 1635 2076 instituti:
1674 2025 1771 2077 nisi
1820 2024 1959 2092 quod
1994 2025 2132 2078 istud

553 2111 713 2151 omne
742 2112 807 2150 ex
838 2094 1030 2149 Leonis
1053 2095 1217 2145 nostri
1248 2102 1426 2145 mente
1451 2107 1514 2147 ac
1546 2095 1770 2149 coasilio
1798 2108 1892 2147 seu
1924 2110 2132 2161 prccce-

552 2176 647 2235 pto
671 2180 915 2220 manasse
941 2164 1071 2217 mihi
1099 2163 1310 2217 videtur
1329 2204 1344 2230 ,
1371 2172 1428 2216 ut
1464 2172 1517 2217 et
1552 2164 1816 2219 Buclierio
1844 2167 1969 2219 olim
2014 2180 2134 2235 per‘

554 2251 768 2292 suasum
802 2236 919 2291 fuit.

626 2308 692 2363 V.
720 2309 813 2362 Est
843 2306 1034 2362 Leonis
1051 2306 1268 2374 epistola
1299 2307 1397 2359 lioc
1424 2321 1565 2360 anno
1593 2307 1657 2359 ad
1683 2306 1983 2360 Anatolium
2004 2309 2135 2363 scri-

556 2388 641 2446 pta
668 2394 723 2433 ιιι
764 2379 880 2433 idus
930 2379 1100 2433 Martii
1153 2376 1358 2449 (Epist.
1402 2377 1504 2433 104
1527 2419 1541 2442 ,
1571 2393 1706 2430 nunc
1740 2377 1893 2449 M5).
1942 2377 2133 2434 Gratas

554 2448 721 2503 fuisse
747 2454 863 2517 ejus
897 2450 1104 2503 litteras
1148 2448 1372 2512 scribit;
1422 2450 1746 2518 vigilantiam
1791 2449 2130 2517 vigoremque

556 2522 717 2576 animi
760 2523 831 2575 illi
864 2520 1147 2589 persuadet
1186 2528 1369 2572 eontra
1423 2520 1667 2573 homines
1698 2520 1989 2589 proﬂigatae
2039 2524 2135 2573 ilo-

554 2594 743 2647 ctrina:
769 2593 857 2661 qui
888 2590 1346 2656 Constantinopoli
1379 2592 1551 2643 adhuc
1584 2591 1825 2661 haeresim
1876 2606 2136 2660 propaga-

555 2662 718 2729 bant;
746 2665 1004 2716 (larosum
1044 2661 1476 2729 Dorotheumque
1521 2660 1967 2715 archimandritas
1994 2664 2135 2715 desi-

556 2742 703 2801 gnat.
750 2735 1009 2787 Caresuin
1058 2732 1112 2785 in
1162 2732 1368 2802 synodo
1416 2730 1840 2787 Chalcedonensi
1884 2733 2130 2786 monachi

558 2805 905 2877 Eutycliiaute
952 2804 1113 2877 partis
1135 2806 1449 2877 principem
1504 2802 1755 2877 factioni:
1796 2803 2129 2869 habuerant;

559 2873 725 2945 auditi
775 2878 825 2929 in
879 2873 1083 2945 synodo
1130 2874 1340 2926 fuerant
1370 2874 1677 2945 reiectique.
1714 2873 1847 2926 Tum
1883 2890 2131 2941 percussa

558 2943 777 3011 haeresi,
813 2943 920 3015 per'
943 2947 1173 3013 speciem
1206 2944 1410 3016 aSSensi
1441 2943 1675 3016 synodo
1704 2956 1827 2997 sunt
1872 2956 2013 2997 metu
2040 2961 2134 2999 ex-

558 3014 1081 3075 communicatiouis.
1114 3018 1197 3067 cui
1228 3014 1474 3083 subjec:i,
1500 3014 1608 3069 nisi
1640 3015 1776 3068 intra
1802 3017 2130 3085 trigesimum

558 3090 699 3146 diem
733 3092 942 3144 decreta
971 3088 1156 3159 synodi
1183 3089 1504 3154 aocipcrent.
1533 3086 1707 3159 Nihilo
1736 3098 1911 3140 tamen
1946 3092 2131 3159 melio-

559 3179 644 3219 res
676 3160 800 3215 lacti
822 3205 837 3229 ,
872 3158 1255 3229 monachorum
1277 3171 1620 3223 eorruiupere
1646 3158 1801 3211 lidein
1832 3174 1935 3211 non
1967 3158 2131 3211 desti-

2158 1842 2206 1903 B

2231 549 2335 587 non
2364 549 2503 587 anno
2532 533 2670 597 452,
2704 543 2761 585 ut
2802 532 3126 587 existimavit
3163 533 3443 594 Baronius,
3478 533 3695 587 missum
3730 537 3781 591 ad

2233 604 2545 664 menachos.
2582 614 2638 658 ut
2660 619 2847 658 eorum
2881 603 3039 656 ﬁdem
3064 602 3407 657 conﬁrmaret
3430 604 3784 661 nefarii'l‘heo-

2228 675 2367 731 dosii
2398 676 2634 730 Consiliis
2680 676 3123 729 circumventam.
3166 674 3354 729 Audax
3393 675 3486 730 ille
3517 677 3785 733 monachus

2229 746 2465 818 intrusus
2494 746 2547 799 in
2589 746 2780 818 sedem
2813 744 3318 818 Jerosolyuiitanam
3337 792 3352 815 ,
3382 749 3537 815 pulso
3566 747 3652 818 (ut
3677 752 3783 802 ,οι-ξ.

2229 815 2461 887 psimUs)
2485 818 2739 872 Juvenale
2769 816 3007 879 legitimo
3034 815 3314 884 ‘p0iitiﬁce,
3343 826 3397 871 et
3438 815 3624 886 postea
3656 821 3786 874 resti-

2230 886 2362 949 tuto,
2393 886 2652 955 effugerat
2684 886 2913 950 vincula,
2941 902 3107 956 seque
3134 887 3200 942 ad
3244 888 3429 944 Sinam
3461 901 3699 945 utentem
3720 904 3785 945 re-

2229 960 2435 1028 cipiens
2488 961 2718 1013 extorris
2764 959 2982 1028 agebat;
3035 959 3358 1029 mutatisque
3432 959 3667 1015 subinde
3711 977 3784 1027 per

2229 1029 2553 1085 monasteria
2587 1030 2831 1098 hospitiis
2855 1070 2871 1093 ,
2898 1044 3109 1097 pinnam
3140 1030 3411 1084 eludebat.
3465 1030 3786 1096 Excipiebsnt

2228 1101 2375 1154 illum
2391 1101 2779 1168 tuebanturque
2798 1101 3045 1155 monachi
3065 1101 3215 1168 quasi
3244 1102 3539 1155 innoxium.
3559 1102 3787 1157 Decurio-

2230 1188 2354 1226 nem
2384 1173 2641 1227 Joannem
2685 1184 2969 1242 promeres
3001 1173 3219 1225 miserat
3264 1174 3591 1240 imperator,
3625 1184 3685 1227 ut
3715 1188 3786 1229 eos

2229 1245 2637 1313 edocuretiqiia:
2668 1254 2784 1296 acta
2807 1283 2822 1305 ,
2871 1251 3245 1313 se_pr:eSente,
3278 1243 3644 1306 Chalcedone,
3668 1259 3786 1313 qua-

2230 1330 2332 1381 que
2363 1316 2413 1367 in
2442 1312 2675 1382 Egypto
2705 1326 2874 1383 gesm.
2924 1310 3180 1366 Joannem
3219 1328 3335 1367 vero
3360 1310 3699 1381 spectabilem
3728 1317 3783 1367 ri-

2228 1402 2373 1449 rum,
2421 1394 2477 1457 et
2492 1388 2543 1457 in
2575 1384 2694 1453 fidei
2739 1384 3041 1457 sinceritate
3075 1383 3495 1457 laudabilem/td
3525 1383 3785 1457 .Egyplititi

2228 1472 2383 1509 causa
2406 1454 2527 1524 ﬁdei
2549 1456 2706 1524 fuisse
2730 1454 2976 1507 directum
3001 1454 3283 1525 significas.
3308 1454 3409 1519 Qui
3428 1454 3683 1523 quantuni
3703 1475 3787 1525 pact

2228 1526 2671 1589 emendationique
2712 1527 3002 1593 profuerit,
3040 1540 3155 1578 cum
3182 1526 3400 1592 primum
3430 1527 3639 1579 redierit
3690 1531 3785 1583 scire

2229 1613 2308 1651 me
2332 1596 2664 1667 facias,quod
2693 1606 2740 1650 te
2762 1598 2915 1649 etiam
2936 1596 3043 1650 sine
3065 1610 3177 1649 meo
3202 1600 3396 1650 monitu
3417 1596 3687 1667 {acturum
3706 1615 3785 1654 esse

2229 1684 2330 1720 non
2361 1669 2537 1720 dubito
2569 1666 2785 1737 (lbid.).

2301 1740 2356 1792 In
2389 1739 2575 1791 eadem
2605 1736 2830 1803 epistola
2868 1737 2937 1791 de
2980 1736 3210 1791 Maximo
3253 1737 3325 1801 ﬁt§
3352 1739 3555 1794 mentio
3587 1740 3676 1793 his
3700 1757 3785 1798 ver.

2233 1808 2337 1884 bis:
2371 1807 2447 1862 De
2474 1809 2775 1884 Antiocheni
2788 1816 2967 1884 autem
2981 1810 3208 1884 episcopi
3233 1818 3391 1884 statu,
3423 1811 3590 1879 inquit
3617 1811 3781 1884 (Epist.

2237 1880 2360 1941 115,
2394 1896 2525 1931 nunc
2549 1880 2672 1944 141,
2697 1896 2745 1933 c.
2783 1878 2839 1947 2)
2862 1919 2879 1944 ,
2926 1879 3088 1933 multo
3118 1878 3271 1933 animi
3298 1880 3477 1933 dolore
3498 1878 3784 1948 contrisor;

2233 1952 2299 2016 si,
2322 1950 2455 2020 quod
2480 1950 2631 2021 absit,
2652 1966 2770 2004 vera
2795 1952 3032 2003 adversus
3053 1968 3167 2005 eum
3188 1952 3248 2002 ab
3279 1954 3673 2006 accusatoribus
3694 1971 3784 2021 pro-

2234 2021 2488 2089 feruntur.
2510 2020 2615 2077 Sed
2641 2031 2824 2091 ρηειεν
2854 2021 3222 2075 sacerdotalem
3260 2023 3584 2092 diligentiam
3607 2064 3621 2086 ,
3664 2020 3786 2091 quam

2234 2108 2421 2166 curam
2456 2095 2689 2166 utilitatis
2735 2092 3024 2166 habituram
3054 2109 3161 2166 esse
3190 2109 3290 2146 non
3336 2094 3559 2166 ambigo,
3592 2100 3788 2149 maxime

2234 2165 2357 2237 milii
2390 2164 2451 2215 de
2470 2164 2676 2237 justitia
2715 2172 2763 2217 et
2805 2164 3151 2237 benevolentia,
3174 2164 3533 2235 gloriosissimi
3570 2168 3788 2237 principis

2234 2234 2427 2302 ﬁducia
2454 2236 2626 2297 datur,
2657 2251 2760 2306 qua
2787 2243 2954 2288 certus
2981 2252 3113 2299 sum,
3139 2234 3189 2287 in
3214 2244 3463 2302 quantum
3494 2234 3650 2303 potest
3675 2234 3784 2306 ﬁeri,

2236 2305 2711 2378 providendumtne
2738 2306 2791 2357 in
2818 2305 2978 2378 ullam
3009 2307 3398 2378 partemgvalere
3424 2318 3587 2377 possit
3607 2308 3787 2378 fallacia

2235 2376 2433 2446 (lbid.,
2455 2393 2501 2448 c7.
2522 2374 2598 2446 ἓ).
2635 2376 2740 2448 Res
2770 2374 3165 2448 mihiobSCitra
3184 2374 3464 2431 videbatur
3486 2374 3785 2448 cumprime

2234 2448 2453 2501 editioni
2482 2446 2874 2500 incumbebant.
2898 2446 3141 2500 Nondum
3165 2449 3305 2500 enim
3324 2446 3786 2505 occurreratCliro-

2234 2520 2336 2571 ιιἱυί
2358 2517 2640 2585 Nicephori
2671 2517 2838 2582 locus,
2871 2522 2956 2587 qui
2987 2533 3097 2571 rein
3127 2527 3290 2571 letam
3318 2518 3574 2573 elucidat.
3600 2520 3649 2575 Is
3675 2521 3785 2575 enim

2234 2590 2912 2663 disertis‘verbisscribit,
2960 2588 3110 2663 quod
3165 2590 3445 2663 Maximus,
3480 2591 3571 2663 qui
3615 2591 3784 2663 synodo

2233 2657 2652 2713 Clialcedoneiisi
2677 2657 3009 2723 iiiterluerat,
3028 2662 3077 2712 in
3100 2661 3273 2714 liiCum
3306 2657 3512 2715 Domni
3537 2657 3783 2723 suﬁ'éctus,

2234 2732 2361 2783 sede
2383 2746 2474 2783 sua
2501 2737 2755 2798 expulsus
2785 2730 2885 2783 fuit
2912 2731 3006 2801 (c),
3036 2734 3095 2783 ob
3123 2730 3326 2799 lapsum
3349 2772 3362 2793 ,
3396 2746 3677 2799 posmuam
3703 2740 3785 2786 An-

2235 2801 2446 2855 tiochia:
2482 2802 2709 2873 sedisset
2748 2804 2903 2853 annis
2936 2811 3163 2873 quatuor
3196 2820 3208 2853 :
3242 2804 3473 2873 Μάξιμος
3501 2802 3528 2857 ὁ
3556 2806 3610 2859 ἄν
3632 2813 3689 2873 τῇ
3722 2824 3785 2859 τι·

2232 2873 2395 2948 ῖάρτῃ
2434 2871 2634 2948 ῳνὸδω
2669 2874 2717 2926 ἓν
2759 2867 3065 2948 Καλχήδᾲιιι.
3094 2870 3151 2933 ὅς
3180 2867 3413 2937 ἐξεϐλήθη
3459 2872 3548 2929 διὰ
3576 2867 3782 2946 mdium

2233 2940 2322 3015 ἴτῂ
2351 2942 2656 3015 δἠϐιιτιιιιιι
2689 2952 2773 2995 est
2805 2940 2961 3012 igitur
2988 2944 3270 2997 Maximum
3300 2952 3360 2997 ut
3403 2952 3607 3012 peccati
3640 2940 3784 3000 carius

2233 3014 2383 3067 reum
2418 3014 2580 3069 fuisse
2600 3014 2924 3081 depositum,
2951 3030 3054 3067 non
3088 3030 3213 3068 vero
3247 3028 3462 3083 iropter
3487 3017 3702 3085 publicae
3724 3015 3783 3070 rei

2233 3087 2461 3149 crimen,
2480 3095 2538 3139 ut
2562 3096 2715 3139 antea
2741 3090 2876 3138 male
2902 3084 3225 3149 divinabam,
3245 3084 3572 3155 eonjecturis
3594 3089 3783 3155 liberius

2234 3154 2554 3229 indulgens.
2605 3156 3055 3229 Basilius‘porro
3117 3154 3367 3229 ΜιιιιιιιιῖΔ
3398 3157 3577 3212 locum
3651 3154 3787 3229 568

560 3217 754 3290 terant.
784 3217 891 3285 Leo
918 3231 983 3283 de
1003 3230 1084 3281 his
1107 3229 1170 3281 ad
1203 3217 1522 3282 Marcianum
1551 3230 1855 3295 scripserat,
1882 3241 1938 3282 ut
1968 3228 2129 3284 habe-
2156 3217 2202 3282 C
2234 3217 2439 3295 cepisse
2468 3226 2681 3280 videtur
2713 3227 2813 3280 hoc
2855 3217 2969 3294 ipso
3000 3241 3160 3291 anno,
3208 3227 3254 3280 si
3300 3227 3437 3283 ﬁdes
3480 3217 3785 3297 Niceplniio',

560 3315 647 3359 tur
667 3308 718 3356 in
738 3302 958 3366 epistola
990 3299 1057 3351 de
1077 3301 1410 3369 correctione
1436 3302 1687 3355 Anatolii.
1714 3309 1768 3351 et
1789 3301 2130 3369 intelligimus

560 3391 623 3429 ex
648 3372 867 3440 epistola
907 3371 1101 3424 Leonis
1131 3371 1194 3422 ad
1226 3367 1547 3422 Marcianum
1596 3373 1612 3437 (
1637 3369 1803 3439 lipist.
1832 3367 1977 3433 112,‘
2000 3388 2130 3423 nunc

562 3443 683 3508 N2,
714 3460 758 3495 c.
788 3443 866 3511 2),
891 3454 1049 3511 quam
1080 3455 1145 3493 ex
1178 3452 1277 3490 ius.
1306 3448 1487 3492 nostro
1516 3444 1912 3507 exscripsimus.
1948 3442 2132 3508 Augu-

562 3524 678 3569 stus
704 3513 985 3567 seditiosos
1015 3511 1305 3563 monachos
1328 3513 1430 3562 alio
1453 3512 1730 3563 transferri
1756 3512 2008 3577 jusserat,
2040 3514 2128 3566 ubi

560 3600 756 3638 nocere
787 3582 923 3635 haud
953 3592 1273 3649 promptum.
1312 3580 1383 3633 De
1411 3578 1623 3643 Caroso,
1659 3582 1843 3649 inquit,
1869 3592 1916 3634 et
1963 3580 2130 3635 Doro-

559 3656 696 3718 tlteo,
731 3655 813 3721 qui
867 3653 1099 3705 ltwretica
1146 3652 1392 3719 pravitate
1434 3652 1485 3703 in
1530 3652 1807 3723 multorum
1860 3653 2129 3723 perniciem

560 3728 828 3779 damnatos
857 3723 1125 3776 tuebantur
1151 3737 1367 3788 errores,
1398 3722 1598 3791 gaudeo
1622 3722 1867 3792 pietatem
1888 3735 2123 3790 vestram,

557 3798 686 3850 sicut
709 3794 829 3847 mihi
854 3807 1115 3847 venera'or
1136 3806 1295 3845 vester
1321 3796 1479 3863 frater
1505 3808 1643 3845 meus
1664 3791 1905 3846 Julianus
1931 3796 2130 3864 episco-

559 3884 653 3935 pus
680 3867 939 3923 indicavit,
972 3866 1298 3917 saluberrime
1331 3864 1661 3930 prlecepisse;
1691 3873 1744 3917 ut
1768 3864 1925 3917 ablati
1957 3882 1983 3917 ε
2012 3882 2126 3919 mo-

559 3938 792 3991 nasteriis
816 3936 953 4007 apud
983 3951 1064 3989 eos
1095 3936 1273 4007 degere
1285 3935 1802 4007 juberentur,quibus
1825 3952 2003 3989 nocere
2027 3954 2129 3991 non

558 4020 758 4079 possent
783 4025 799 4062 :
827 4006 962 4077 quod
991 4016 1043 4059 ut
1071 4006 1218 4079 spero
1246 4007 1414 4059 multis
1432 4006 1652 4058 remedio
1674 4007 1786 4079 erit,
1811 4021 1936 4075 quos
1961 4026 1990 4059 a
2011 4024 2127 4077 per-

557 4077 712 4133 versis
753 4079 1039 4133 doctoribus
1091 4077 1380 4140 liberastis,
1432 4077 1766 4129 crescentibus
1815 4094 1903 4145 per
1958 4080 2128 4132 omnia

556 4152 735 4220 gloria
754 4161 931 4205 vestra:
947 4149 1157 4203 meritis.
1200 4148 1275 4219 (a)
1306 4149 1538 4220 Carosus
1560 4157 1649 4200 aut
1677 4164 1830 4215 ptena
1856 4158 1948 4202 aut
1998 4163 2128 4203 con-

556 4219 777 4277 scieutia
800 4226 995 4286 victus,
1010 4221 1403 4275 confessionem
1428 4219 1549 4273 ﬁdei
1573 4220 1812 4273 ediderat
1829 4235 2125 4287 congruen-

556 4304 660 4347 tem
686 4294 899 4349 coiicilii
941 4293 1205 4355 decretis;
1235 4306 1333 4344 nec
1364 4300 1541 4344 tamen
1586 4291 1851 4345 admissus
1880 4292 1946 4344 ad
1975 4306 2124 4345 cum-

558 4365 865 4419 munionem
897 4366 964 4418 ab
990 4362 1254 4417 Anatolio.
1275 4361 1488 4430 Auceps
1517 4376 1583 4413 an
1615 4362 1752 4415 odiis
1786 4362 2029 4428 privatis,
2058 4377 2125 4417 an

554 4434 713 4486 dubia
740 4434 1135 4487 emendatione.
1168 4433 1242 4486 De
1263 4448 1367 4499 quo
1399 4433 1611 4500 negotio
1634 4432 1744 4487 Leo
1767 4434 1833 4485 ad
1856 4432 2125 4486 Julianum

552 4504 608 4557 in
657 4503 876 4574 epistola
913 4502 1109 4569 scripta
1138 4518 1169 4554 v
1206 4503 1287 4574 id:
1312 4502 1480 4555 Martii
1505 4546 1518 4567 ,
1550 4518 1667 4569 qtiie
1710 4506 1937 4570 primum
1965 4503 2124 4574 563

554 4551 735 4639 prodit
758 4582 907 4626 eruta
941 4589 969 4625 e
995 4551 1093 4625 nis.
1123 4570 1219 4625 cod
1251 4551 1812 4641 ϐτὶηιιιιι.ἰιῖιιιι(ιιίιιιιι
1844 4551 2124 4627 satisﬁat:
2153 4551 2204 4611 D

554 4642 748 4694 dando.
773 4643 1274 4710 Signiﬁcas,inquit,
1302 4641 1549 4694 Carosum
1579 4646 1630 4694 in
1657 4642 1782 4710 ﬁdei
1810 4644 2126 4711 confessione

554 4723 869 4774 corrt'ctum;
892 4714 976 4765 sed
1006 4718 1077 4764 ita
1103 4726 1277 4765 contra
1305 4716 1515 4780 fratrem
1547 4713 1841 4765 Anatolium
1870 4715 1921 4767 in
1943 4716 2124 4767 simul-

554 4791 655 4835 tate
684 4790 848 4837 nescto
876 4800 975 4851 qua
1000 4798 1313 4853 permanere,
1334 4792 1386 4833 ut
1409 4796 1613 4853 propter
1636 4785 1794 4853 ipiius
1817 4786 2125 4839 discordiam

551 4854 703 4925 etiam
732 4871 863 4907 nunc
892 4872 923 4906 a
963 4855 1314 4906 communione
1343 4852 1589 4907 desciscat
1613 4852 1803 4925 (Eoist.
1840 4857 1959 4921 115,
1992 4873 2125 4910 nunc

552 4923 674 4996 Ml,
706 4942 751 4978 c.
788 4926 861 4996 1).
892 4926 963 4978 De
989 4925 1071 4978 his
1100 4925 1373 4977 monachis
1405 4926 1534 4977 nihil
1561 4923 1789 4993 amplius
1822 4929 2015 4996 reperi.

630 4995 715 5050 Vl.
768 4995 843 5051 Es
876 4996 1061 5050 eadem
1110 4998 1330 5064 epiStola
1370 5006 1591 5066 apparet
1635 4995 1894 5052 Joannem
1952 5001 2122 5053 virum

2234 3298 2324 3367 qui
2347 3307 2575 3367 quatuor
2597 3298 2749 3351 annis
2772 3298 2980 3352 Maximi
3009 3299 3373 3365 pontilicatum
3401 3300 3787 3354 Cll‘Clltllsﬂ'ibll.

2232 3366 2520 3421 Jatu'euim
2566 3385 2616 3421 in
2646 3368 2836 3422 Dimiti
2883 3371 3056 3423 locum
3106 3370 3312 3424 electus
3353 3370 3442 3425 ille
3488 3369 3655 3424 fuerat
3679 3381 3791 3422 ante

2234 3442 2495 3508 synodum
2545 3439 3075 3505 Chalcedonensem,
3110 3450 3165 3495 et
3207 3440 3449 3508 ejusdem
3493 3440 3789 3495 auctoritate

2233 3510 2578 3563 conﬁrmatus
2608 3526 2749 3563 anno
2778 3510 2878 3565 451
2903 3553 2918 3577 ,
2950 3520 3095 3564 certe
3126 3512 3263 3564 ultra
3314 3527 3501 3565 annum
3532 3510 3656 3570 456.
3687 3508 3785 3562 dif-

2232 3579 2361 3633 ferri
2390 3596 2493 3635 non
2525 3591 2699 3647 potest
2720 3582 2834 3651 ejus
2862 3582 3151 3644 ordinatio,
3171 3582 3238 3635 de
3264 3598 3368 3650 qua
3395 3582 3449 3638 S.
3478 3581 3579 3636 Leu
3603 3582 3787 3635 certio-

2234 3666 2347 3705 rem
2379 3668 2437 3705 se
2479 3667 2599 3705 8538
2630 3651 2824 3722 factum
2852 3654 3041 3706 scribit
3076 3652 3330 3707 Marciani
3363 3652 3687 3722 imperatoris
3708 3651 3789 3704 lit-

2234 3724 2383 3785 teris,
2423 3722 2513 3790 qui
2543 3738 2724 3779 mense
2748 3721 3000 3777 Januario
3027 3725 3149 3777 anni
3190 3724 3295 3777 457
3319 3721 3549 3778 excessit
3576 3739 3605 3779 e
3631 3724 3790 3783 vivis;

2233 3794 2311 3846 sic
2342 3794 2484 3847 enim
2534 3795 2585 3847 in
2629 3795 2785 3859 epist.
2822 3794 2925 3850 118
2972 3796 3128 3863 (nunc
3156 3794 3279 3865 Mt!)
3309 3810 3468 3865 quam
3503 3811 3535 3851 e
3574 3792 3793 3849 tenebris

2233 3866 2510 3936 eruimus:
2545 3867 2932 3919 Urdinationem
2955 3866 3160 3936 quidem
3185 3863 3473 3936 dilectionis
3501 3876 3601 3921 tua:
3628 3880 3795 3919 secun-

2234 3936 2353 3987 dum
2388 3935 2786 3989 ecclesiasticum
2826 3951 3018 3988 morem
3047 3946 3133 3989 tuo
3166 3935 3239 3988 vel
3273 3936 3496 4006 fratrum
3527 3947 3796 3991 nostrorum

2234 4006 2620 4075 provincialium
2674 4013 3027 4075 episcOporum
3068 4007 3402 4061 debueramus
3460 4023 3688 4062 sermone
3723 4022 3795 4058 co-

2232 4092 2502 4149 gnoscere;
2542 4078 2629 4130 sed
2657 4079 2778 4143 quia
2821 4094 2923 4131 non
2964 4080 3234 4148 defuerunt
3263 4093 3432 4131 causa:
3468 4096 3587 4149 qua
3613 4082 3800 4149 possent

2233 4147 2363 4200 lianc
2386 4147 2701 4217 diligentiant
2730 4149 3033 4219 prapedire,
3071 4156 3119 4203 et
3155 4160 3344 4203 sancit:
3371 4147 3635 4204 memoriae
3664 4148 3797 4202 Har-

2232 4219 2411 4271 cian'us
2448 4220 2682 4288 princeps
2708 4222 2815 4273 suis
2840 4221 3044 4290 scriptis
3084 4220 3517 4274 consecrationem
3556 4230 3696 4275 tuam
3717 4234 3796 4271 no-

2232 4290 2307 4342 bis
2334 4291 2592 4360 cognitam
2622 4292 2762 4360 fecit,
2786 4301 2890 4344 etc.

2302 4358 2415 4433 Vll.
2443 4358 2726 4431 Perempto
2765 4361 3162 4428 Valentiniano,
3215 4361 3478 4419 Maximus
3530 4362 3797 4433 imperium

2230 4431 2575 4486 Occidentale
2617 4445 2877 4501 occupat,
2920 4435 3238 4501 asciscitque
3284 4435 3386 4489 sibi
3433 4431 3661 4491 uxorem
3709 4434 3799 4487 Eu-

2230 4502 2441 4557 doxiain
2462 4503 2694 4575 nesciam
2720 4503 3008 4571 parricidii.
3026 4504 3245 4559 Femina
3272 4506 3447 4575 magni
3467 4506 3639 4561 animi
3661 4512 3793 4575 certa

2232 4574 2596 4642 postmodum,
2652 4588 2815 4643 opera
2867 4575 3083 4629 Maximi
3134 4573 3567 4631 Valentinianqu
3599 4573 3802 4631 interfe-

2228 4654 2395 4710 ctum,
2427 4644 2601 4697 mariti
2632 4660 2816 4699 necem
2846 4646 3027 4699 ulcisci
3073 4646 3291 4711 statuit;
3323 4655 3379 4701 et
3416 4649 3555 4701 ultra
3598 4647 3803 4703 modum

2228 4714 2323 4788 irae
2360 4716 2648 4788 indulgens
2683 4720 2842 4788 etiam
2877 4717 3085 4771 excidio
3117 4718 3273 4772 Urbis
3304 4718 3594 4773 vindictam
3642 4725 3802 4788 parat.

2229 4786 2576 4841 Gensericuui
2607 4786 2968 4841 Vandaloruin
3010 4802 3189 4857 regem
3239 4803 3305 4843 ex
3336 4788 3515 4843 Africa
3561 4786 3803 4845 accersit.

2230 4858 2324 4910 Ille
2350 4859 2492 4911 illico
2518 4861 2784 4927 ingentem
2816 4860 3109 4913 exercitum
3135 4860 3331 4927 trajicit
3352 4862 3403 4913 iii
3439 4862 3649 4915 Italiam
3670 4901 3685 4918 .
3719 4858 3808 4913 Ur-

2230 4930 2797 5001 bemqueiniproviso
2849 4930 3167 5001 aggreditur
3200 4931 3628 5001 ingrediturque.
3678 4930 3807 4984 Tum

2230 4998 2368 5054 {teda
2400 5000 2560 5054 facies
2589 5010 2809 5055 senatus
2834 4998 3120 5071 populique
3146 4998 3624 5073 Romani,objécta
3647 5000 3809 5056 Ruina

1614 5111 2170 5170 BALLERINIORUM
2206 5112 2743 5172 ANNOTATIUNES.

621 5204 695 5275 (a)
722 5203 839 5259 Duo
863 5201 1047 5258 Carosi
1081 5204 1133 5257 in
1164 5219 1325 5258 unum
1363 5218 1639 5273 perperam
1672 5206 1877 5260 confusi
1920 5207 2117 5260 distin-

544 5276 737 5344 guendi
769 5286 918 5338 sunt,
945 5276 1079 5329 alter
1125 5290 1447 5330 memoratus
1473 5279 1629 5341 epist.
1664 5276 1757 5330 Mi
1782 5320 1796 5343 ,
1827 5279 1962 5332 alter
1989 5294 2116 5333 vero

546 5348 614 5400 de
642 5362 745 5415 quo
767 5363 945 5401 sermo
974 5358 1059 5402 est
1086 5347 1244 5412 epist.
1280 5346 1402 5401 142.
1440 5348 1562 5401 llaec
1593 5350 1863 5403 distincuo
1909 5350 2115 5419 colligi-

548 5427 633 5469 tur
665 5433 727 5469 ex
751 5419 1141 5474 emendatione.
1177 5434 1331 5486 quam
1363 5430 1543 5473 noster
1586 5419 1993 5485 R.itisponeiisis
2018 5436 2111 5472 c0-

547 5487 651 5541 dex
676 5490 937 5557 suggessit
962 5531 975 5548 .
1004 5490 1268 5543 clirouicm
1319 5502 1455 5543 uotte
1481 5490 1720 5556 θρί-ινιΙιθ
1749 5490 1850 5543 142
1869 5531 1881 5552 ,
1912 5507 1976 5544 ex
2009 5506 2111 5559 qua

548 5561 921 5612 emendatione
942 5573 1161 5628 utraque
1182 5563 1405 5627 epistola
1434 5563 1620 5615 eodem
1645 5562 1861 5615 circiter
1884 5563 1968 5615 die
1991 5565 2110 5616 data

544 5634 904 5701 cognoscitur,
940 5633 1007 5683 ita
1034 5645 1087 5683 ut
1134 5635 1394 5698 tJarosus,
1426 5636 1514 5701 qui
1543 5634 1700 5700 epist.
1735 5634 1836 5685 ιη
1858 5647 1959 5685 una
1989 5647 2106 5686 cum

548 5697 816 5755 Dorotlieo
860 5703 927 5755 ob
967 5703 1232 5757 haereseos
1281 5697 1484 5757 crimen
1544 5697 1595 5756 in
1642 5704 1885 5757 exsilium
1925 5703 2108 5768 pulsus

549 5768 1058 5843 traditurpdiversus
1077 5788 1194 5827 esse
1220 5774 1413 5829 debeat
1439 5774 1507 5828 ab
1532 5790 1595 5828 eo
1619 5776 1707 5843 qui
1734 5775 1889 5842 epist.
1920 5774 2017 5829 Nl
2046 5772 2104 5828 in

548 5837 672 5897 ﬁdei
694 5840 1023 5897 confusione
1052 5855 1323 5899 correctus
1355 5837 1666 5899 afﬁrmatur.

2301 5208 2378 5278 (b)
2406 5208 2641 5263 Joannes
2682 5209 2910 5263 Decurio
2964 5224 3068 5265 non
3105 5210 3155 5265 in
3201 5210 3546 5266 Palzestinam
3575 5252 3592 5277 ,
3637 5210 3732 5266 sed
3761 5211 3813 5264 in

2224 5278 2518 5351 Egyptum
2564 5281 2632 5334 ab
2671 5283 2993 5350 imperatore
3026 5283 3221 5335 missus
3248 5281 3374 5349 luit,
3418 5293 3609 5337 utnon
3642 5284 3810 5337 solum

2219 5350 2381 5404 verba
2414 5350 2609 5404 Leonis
2636 5356 2793 5419 epist.
2821 5351 2923 5422 7141
2961 5351 3184 5407 inferius
3224 5352 3489 5422 descripta
3514 5395 3528 5419 ,
3562 5354 3661 5407 sed
3689 5357 3810 5420 ipsa:

2218 5422 2525 5508 imperiales
2550 5424 2741 5508 littera
2758 5421 3455 5508 Iade-lenmndriqogmissai
3468 5435 3531 5508 et
3556 5426 3815 5508 exhibita:

2218 5501 2349 5546 tom.
2376 5491 2417 5545 ll
2446 5492 2651 5547 Concil.
2686 5494 2792 5547 col.
2831 5494 2965 5549 1794
2998 5495 3287 5551 manifeste
3320 5496 3650 5565 signiﬁcant.
3686 5495 3813 5549 Vide

2212 5573 2400 5617 aunot.
2431 5563 2467 5617 4
2492 5563 2711 5631 (Supra,
2740 5565 2839 5619 col.
2869 5565 3000 5635 296,
3032 5583 3085 5619 η.
3106 5564 3161 5638 a)
3192 5568 3247 5620 in
3272 5582 3473 5622 annum
3504 5567 3815 5636 praeceden-

2212 5642 2361 5777 ιῗῐῗε)
2398 5696 2437 5758 ι’
2471 5706 2547 5760 De
2593 5706 2929 5777 depositione
2978 5707 3196 5777 Maximi
3247 5708 3467 5765 consule
3519 5706 3815 5777 Nicephori

2214 5774 2646 5847 Cilironologiam.
2668 5774 2698 5828 ἰ
2730 5779 3034 5845 ρυεςιηιι..
3052 5808 3121 5822 -—
3143 5776 3339 5836 Confer
3368 5782 3531 5836 etiam
3561 5774 3819 5837 nostram

2213 5846 2645 5904 dissertationem
2673 5849 2738 5904 de
2773 5850 3027 5918 Epistolis
3053 5850 3371 5921 deperditis,
3407 5867 3463 5907 ιι.
3491 5850 3557 5906 79
