3968 6308
456 336 549 393 511

922 326 1159 387 PASCH.
1200 324 1588 397 QUESNELLI
1630 320 2208 381 DlSSERTA'l‘lONES
2247 323 2314 380 IN
2354 322 2413 381 S.
2456 321 2702 381 LEONIS
2738 321 2955 379 MAGNI
2994 318 3245 379 OPERA.

3630 326 3735 383 512

455 446 605 515 quasi
644 442 833 515 synodi
862 442 1143 515 vacillaret
1182 439 1312 493 ﬁdes
1330 484 1355 515 ,_
1376 453 1550 515 quam
1579 435 1814 515 alioquin
1856 434 2032 515 modis
2055 435 2109 497 Α
2134 447 2181 491 et
2202 436 2740 515 intracotholicorum
2765 438 2957 515 viscera
2985 438 3493 515 asssr_tionibus_suis
3531 443 3729 497 lueren-

456 506 704 571 timuibu's
738 513 1066 568 defenderet.
1106 508 1429 577 Compositis
1468 507 1662 563 deinde
1706 506 2031 562 orthodoxo-

455 603 574 643 rum
606 587 1082 651 hazreticorumque
1126 583 1264 637 inter
1296 596 1355 636 se
1396 577 2031 651 relationibus,idubium

455 658 795 725 imperatoris
825 658 891 725 de
913 650 1201 725 Timotheo?
1221 652 1487 725 judicium
1518 651 1761 725 modeste
1785 650 1936 725 justa
1978 658 2032 725 et

455 714 729 799 sapienter
760 714 1107 799 reprehendit
1139 714 1368 799 {Nonne
1389 723 1714 795 perspicuum
1738 714 1833 789 es't,
1863 721 2034 799 inquit

456 794 648 868 (lbid.,
678 816 790 870 cap.
821 794 899 867 5).
925 798 1103 865 quibus
1124 796 1283 870 pietas
1311 794 1799 870 vestrasuccurrere
1815 836 1830 860 ,
1854 803 1900 847 et
1919 794 2032 861 qui-

458 864 550 925 bus
591 864 763 925 debeat
806 864 1037 935 obviare;
1088 864 1149 920 ne
1206 866 1555 921 Alexandrina
1605 864 1833 919 Ecclesia
1859 905 1873 928 ,
1919 878 2034 933 qua

456 959 656 1013 semper
692 944 787 1011 fuit
830 943 1007 1013 domus
1037 940 1281 1013 orationis
1299 937 1589 1013 ,_sp_elunc_a
1615 936 1774 1013 573
1801 951 1937 989 nunc
1966 936 2033 989 sit

458 1008 735 1067 latronum.
769 1012 963 1066 Eadem
989 1010 1211 1079 epistola
1236 1009 1510 1063 audaciam
1546 1008 1916 1079 haereticorum
1949 1022 2035 1062 re-

458 1086 681 1153 primit,
713 1085 799 1147 qui
847 1084 897 1136 id
936 1077 1115 1152 petere
1145 1080 1390 1153 audeant
1428 1079 1569 1148 quod
1614 1077 1989 1153 innocentibus
2016 1119 2032 1145 ,

457 1149 653 1209 nedum
701 1149 972 1221 sacrilegis
1017 1151 1402 1219 parricidisque
1443 1159 1628 1217 optare
1678 1164 1781 1203 noo
1834 1149 2029 1204 liceat:

458 1241 581 1280 nam
616 1226 801 1279 scribit
840 1226 929 1279 ille
960 1242 973 1277 :
1008 1224 1157 1288 Quod
1196 1235 1402 1277 exorata
1434 1222 1637 1293 pietatis
1678 1230 1856 1275 vestra:
1889 1221 2049 1274 uenia

460 1298 671 1349 dixerim
692 1340 706 1361 ,
739 1296 960 1363 quodam
989 1296 1221 1363 contagio
1246 1292 1566 1356 splendorem
1586 1303 1765 1346 vestrm
1791 1292 2036 1347 serenita-

458 1371 519 1421 tis
542 1366 811 1433 o/Tuscant,
845 1382 959 1419 cum
979 1364 1211 1436 sacrilegi
1239 1364 1507 1429 parricidae
1532 1365 1586 1416 id
1607 1363 1828 1415 audeant
1883 1373 2032 1428 etere,

458 1440 591 1489 auod
633 1456 725 1489 nec
762 1440 1052 1489 innocentes
1088 1437 1236 1488 liceat
1285 1434 1504 1487 obtinere
1544 1433 1733 1489 llbid..
1764 1450 1811 1487 ο.
1845 1381 1923 1489 gi.
1959 1434 2032 1488 Ad

458 1440 591 1507 quod
633 1456 725 1491 nec
762 1440 1052 1491 innocentes
1088 1433 1236 1507 liceat
1285 1434 1504 1487 obtinere
1544 1433 1733 1507 (lbid.,
1764 1450 1811 1507 c.
1845 1433 1923 1507 5).
1959 1434 2037 1507 Ad

458 1505 660 1563 calcem
692 1509 934 1574 epistola:
967 1508 1113 1575 plura
1148 1506 1451 1575 pollicetur,
1485 1520 1605 1575 quae
1641 1505 1898 1570 longioris
1927 1505 2037 1559 col-

459 1579 619 1647 loquii
662 1581 827 1633 vict-tn
870 1578 1174 1644 suppleaot:
1217 1577 1357 1647 quod
1398 1586 1772 1647 argumentum
1813 1576 2041 1644 prrebuit

459 1646 700 1719 epistola:
733 1648 830 1703 151
861 1648 1019 1717 (nunc
1044 1649 1168 1715 165)
1194 1693 1207 1717 ,
1247 1646 1336 1702 ubi
1366 1647 1530 1701 multa
1571 1662 1637 1701 ex
1658 1646 1766 1719 iSS.
1795 1646 2039 1702 Patribus

461 1723 762 1775 testimonia
811 1720 1194 1790 proletuntur,
1248 1720 1439 1785 quibus
1478 1718 1741 1790 approbat
1795 1728 2036 1790 sanctam

460 1791 621 1845 Verbi
680 1788 1114 1845 incarnationem.
1166 1790 1337 1844 Aliam
1398 1788 1579 1843 itidem
1640 1788 1920 1856 epistolam
1970 1788 2037 1843 ad

462 1862 764 1917 Anatolium
798 1865 979 1924 mittit,
1016 1880 1116 1929 qua
1140 1859 1477 1928 imperatoris
1502 1860 1660 1914 ﬁdem
1695 1859 1891 1930 laudat,
1924 1876 2040 1930 quis

462 1932 860 1987 sollicitudinem
907 1936 1278 2002 pene'superet
1322 1930 1642 1985 sacerdotum
1674 1928 1868 2002 (Epist.
1915 1928 2036 1996 126,

462 2022 595 2057 nunc
628 2006 746 2071 167,
781 2023 825 2059 ε.
860 2000 929 2073 1)ί.
964 2005 1041 2058 Ad
1085 2000 1198 2057 nec
1233 2004 1396 2056 multa
1436 2002 1501 2056 de
1543 2017 1610 2057 eo
1655 2000 1759 2056 sibi
1801 2002 2039 2069 polliceri

464 2086 672 2137 narrat,
706 2090 928 2138 Sperans
956 2076 1070 2143 ejus
1106 2089 1234 2128 cura
1263 2074 1639 2144 vigilantiaque
1677 2073 1939 2141 agendum
1983 2082 2041 2129 ut

463 2148 818 2200 Alexandrina
859 2147 1096 2200 Ecclesia
1136 2159 1200 2199 ex
1242 2144 1617 2201 haereticorum
1659 2145 1905 2199 manibus
1934 2145 2041 2200 eri-

464 2218 661 2285 piatur.
702 2219 1151 2287 deturhenturque
1190 2217 1373 2270 hostes
1422 2216 1545 2271 ﬁdei
1593 2230 1659 2271 ex
1700 2231 1762 2271 ea
1786 2216 1932 2287 sede
1973 2216 2041 2271 ad

464 2304 623 2355 quam
657 2303 750 2356 per
779 2289 953 2342 caedes
985 2298 1039 2342 et
1072 2286 1350 2357 sacrilegia
1381 2288 1483 2343 sibi
1523 2287 1744 2357 gradum
1774 2286 2037 2342 fecerunt.

465 2358 727 2413 ιτιιιίιίθιιι
753 2374 962 2428 quoque
992 2374 1139 2413 Suam
1168 2376 1270 2413 non
1298 2357 1618 2421 dissimulat.
1641 2360 1782 2428 quod
1814 2366 2043 2427 quatuor

466 2431 739 2483 dumtaxat
768 2432 1000 2499 episcopi
1032 2430 1397 2485 Timotheana:
1430 2430 1621 2485 hzeresi
1652 2430 2041 2498 latrocinioque

465 2500 806 2564 adhaereant,
854 2502 1199 2569 hortaturque
1234 2504 1391 2556 enixe
1421 2500 1495 2554 uti
1526 2501 1669 2554 omni
1713 2501 2043 2557 humanitate

466 2574 748 2640 episcopos
776 2572 1008 2641 Egypto
1042 2573 1289 2641 profugos
1327 2573 1614 2638 suscipiat,
1646 2587 1795 2629 suem
1828 2574 2042 2641 insuper

465 2644 664 2696 adimat
687 2644 949 2697 haereticis
972 2659 1125 2698 novae
1146 2644 1333 2713 synodi
1356 2643 1629 2712 cogendae.
1654 2643 1891 2697 Tandem
1920 2658 2043 2698 eum

465 2714 640 2782 arguit
667 2714 1011 2785 vehementer
1032 2716 1171 2785 quod
1196 2714 1429 2768 Atticum
1455 2714 2047 2785 presbyterumgpassus

465 2786 538 2839 sit
580 2786 788 2852 publice
827 2783 1287 2854 Constantinopoli
1326 2783 1582 2840 adversus
1621 2783 1783 2840 fidem
1823 2783 2047 2841 Chalce-

467 2856 605 2909 done
650 2859 944 2921 professam
985 2858 1287 2919 disserere,
1334 2858 1671 2925 minaturque
1718 2871 1777 2911 se
1816 2872 1912 2927 pro
1950 2872 2045 2912 sua

466 2929 778 2981 auctoritate
810 2938 1073 2988 acturum,
1102 2929 1145 2981 si
1181 2927 1443 2983 detreCtet
1478 2928 1627 2982 illum
1668 2927 2047 2997 Andreamquo

470 2999 673 3051 socium
722 3014 830 3051 suae
873 3002 1159 3067 impietatis
1205 3014 1230 3051 a
1281 2998 1658 3053 communione
1707 2998 2039 3053 abscindere.

467 3069 593 3123 lltcc
633 3070 853 3139 epistola
906 3072 1097 3140 legitur
1135 3071 1249 3123 sine
1288 3070 1375 3123 die
1414 3078 1467 3123 ct
1511 3071 1731 3124 consule
1774 3074 1825 3123 in
1868 3087 2046 3124 manu-

464 3140 667 3207 scripto
705 3152 889 3195 nostro
930 3142 1144 3208 codice,
1174 3158 1241 3195 ex
1280 3155 1386 3208 quo
1416 3142 1646 3209 primum
1691 3141 1836 3196 illam
1872 3140 2045 3208 publi-

2067 1829 2118 1894 Β

2138 524 2222 582 cos
2268 512 2592 582 adjuvantes.
2646 507 2724 582 In,
2747 509 2929 582 quibus
2964 510 3295 564 deturbandis
3332 510 3375 564 si
3405 514 3570 582 frater
3596 530 3729 569 meus

2136 579 2433 653 Anatolius,
2465 597 2579 634 cum
2603 579 2767 653 nimis
2783 580 2994 652 benigne
3018 582 3202 652 parcit,
3234 579 3439 653 segnior
3456 583 3727 649 invenitur,

2137 651 2422 721 dignamini
2456 668 2547 721 pro
2589 651 2692 720 ﬁde
2718 651 3085 706 vestra’etiam
3126 651 3569 707 istam—Ecclesia
3598 671 3729 721 pra-

2137 730 2273 777 stare
2300 723 2605 777 medicinam
2635 738 2655 777 :
2680 731 2735 775 ut
2760 722 2885 777 tales
2914 740 3016 777 non
3041 724 3207 777 solum
3226 724 3291 778 ab
3316 724 3495 779 ordine
3522 726 3732 779 clerica-

2141 802 2240 858 tus,
2261 795 2348 848 sed
2369 795 2522 867 etiam
2544 794 2605 847 ab
2634 794 2773 867 urbis
2799 793 3111 849 habitatione
3132 795 3411 867 pellantur,
3436 813 3497 849 ne
3519 796 3732 853 ulterius

2136 876 2341 939 sanctus
2387 865 3153 939 Dei_populus__peroersorum
3195 868 3456 939 hominum
3497 870 3733 939 contagio

2137 933 2398 1006 polluatur
2438 936 2640 1008 (Epist.
2693 935 2832 999 125,
2870 953 3005 989 nunc
3051 937 3184 1002 156,
3223 954 3336 1008 cap.
3387 938 3475 1003 5).
3533 933 3725 994 Leonis

2137 1007 2475 1062 sermonibus
2492 1007 2787 1076 imperator
2808 1010 3071 1062 excitatus
3094 1007 3322 1064 Atticum
3353 1008 3567 1077 impulit
3588 1019 3643 1062 ut
3666 1009 3731 1065 de

2138 1090 2233 1131 sua
2265 1078 2369 1133 ﬁde
2398 1078 2465 1133 ad
2494 1078 2798 1147 pontiﬁcem
2829 1078 3127 1134 Romanum
3161 1080 3449 1147 scriberet,
3481 1088 3541 1135 et
3569 1079 3732 1135 inedi-

2140 1157 2248 1202 tata
2278 1148 2611 1217 professione
2632 1165 2848 1203 omnem
2875 1150 2943 1205 de
2974 1165 3068 1203 sua
3100 1151 3340 1203 doctrina
3370 1150 3727 1219 suspicionem

2139 1231 2434 1291 amoveret.
2463 1220 2690 1275 Perfecit
2720 1222 2928 1275 Atticus
2954 1223 3003 1273 in
3033 1222 3264 1285 speciem
3290 1222 3431 1291 quod
3461 1223 3729 1289 Augustus

2136 1290 2375 1359 jusserat
2400 1310 2413 1345 :
2436 1291 2603 1346 edidit
2630 1292 2880 1361 misitque
2906 1290 3128 1346 Romam
3155 1290 3551 1347 confessionem
3586 1293 3728 1361 ﬁdei,

2142 1362 2235 1415 sed
2286 1364 2569 1417 obscuram
2628 1372 2683 1417 et
2732 1364 2958 1430 ambage
3021 1363 3305 1417 verborum
3374 1364 3725 1430 implicatam.

2143 1431 2334 1487 Odisse
2380 1434 2679 1505 Eutychem
2728 1434 3027 1496 videbatur,
3067 1435 3160 1488 sed
3203 1450 3307 1488 non
3354 1434 3470 1503 ejus
3518 1449 3730 1491 errores

2142 1505 2413 1577 aversari;
2446 1506 2670 1577 Eutychi
2707 1505 2978 1559 inimicum
3001 1520 3060 1560 se
3092 1505 3263 1577 palam
3292 1507 3609 1574 testabatur,
3643 1522 3732 1560 ve-

2144 1589 2263 1647 rum
2298 1576 2347 1630 id
2379 1575 2585 1644 poterat
2617 1576 2785 1629 videri
2823 1577 3045 1643 privata:
3077 1575 3399 1640 simultatis;
3447 1577 3591 1646 quod
3620 1577 3732 1647 ejus

2145 1645 2390 1716 haeresim
2420 1658 2608 1715 aperte
2630 1662 2735 1701 non
2764 1647 3139 1713 detestaretur,
3162 1658 3425 1716 suspecta:
3451 1647 3575 1701 fidei
3596 1645 3725 1703 erat.

2143 1715 2200 1770 In
2227 1717 2369 1773 hunc
2390 1718 2603 1772 modum
2628 1726 2845 1773 sanctus
2869 1717 2977 1773 Leo
2999 1732 3140 1771 anno
3172 1715 3412 1780 sequenti
3441 1717 3509 1773 de
3542 1718 3732 1775 litteris

2145 1787 2305 1842 Attici
2342 1806 2355 1841 :
2390 1789 2491 1855 Qui
2520 1790 2709 1858 scripta
2740 1790 2983 1842 mittendo
3013 1788 3179 1843 dubia:
3202 1790 3319 1857 ﬁdei
3339 1832 3353 1853 ,
3386 1798 3434 1841 et
3462 1792 3728 1858 professio-

2144 1859 2223 1912 nis
2250 1860 2474 1932 incerta,
2498 1859 2817 1932 conﬁrmavit
2843 1862 3008 1932 magis
3030 1877 3185 1929 quam
3215 1860 3366 1914 diluit
3394 1860 3651 1929 quidquid
3668 1862 3727 1915 ad

2144 1945 2238 1983 nos
2261 1930 2325 1984 de
2351 1947 2410 1984 eo
2440 1932 2580 1997 {ansa
2612 1930 2908 1999 pertulerat.
2934 1930 3089 1986 ‘Nam
3129 1933 3173 1984 si
3204 1932 3568 1984 conscientiam
3594 1948 3731 1985 suam

2145 2002 2385 2055 voluisset
2407 2004 2625 2073 probare
2644 2004 2917 2065 sinceram,
2941 2018 3041 2055 non
3072 2000 3354 2072 Eutychem
3382 2003 3475 2054 sibi
3507 2004 3733 2056 odiosum

2145 2073 2325 2141 fuisse,
2357 2073 2445 2126 sed
2470 2074 2605 2142 quod
2630 2074 2897 2141 perﬁdiam
2920 2075 3081 2145 ipsius
3102 2073 3391 2143 reprobaret
3412 2084 3565 2141 atque
3594 2075 3734 2126 dam-

2146 2151 2289 2197 naret
2326 2145 2499 2197 debuit
2526 2146 2757 2213 conﬁteri
2789 2144 2952 2214 :quia
2981 2144 3123 2197 aliud
3163 2154 3279 2199 sunt
3316 2145 3557 2198 humana:
3588 2147 3733 2198 etiam

2143 2214 2277 2285 inter
2302 2216 2577 2269 catholicos
2613 2216 2927 2281 simultates;
2963 2216 3107 2269 aliud
3142 2214 3413 2281 dinbolici,
3444 2232 3572 2285 quos
3610 2216 3731 2283 ﬁdes

2146 2284 2399 2358 catltolica
2428 2286 2885 2358 damnat,errores
2913 2286 3106 2358 (Epist.
3141 2287 3265 2352 128,
3297 2302 3430 2338 nunc
3458 2284 3591 2358 165,
3614 2302 3731 2358 (cap.

2147 2356 2226 2424 1).
2251 2355 2359 2410 Leo
2390 2357 2549 2427 igitur
2574 2357 2707 2426 petit
2737 2358 2801 2413 ab
2828 2373 2893 2411 eo
2925 2355 3041 2412 neu
3076 2357 3303 2411 fucatam
3330 2399 3344 2418 ,
3376 2357 3471 2410 sed
3504 2355 3736 2423 explica-

2148 2436 2255 2501 tam
2296 2427 2714 2501 Eutychiauismi
2758 2429 3279 2501 condemnationem,
3318 2428 3479 2501 575
3528 2428 3733 2495 planam

2146 2497 2521 2569 sinceramque
2554 2500 2950 2563 confessionem
2996 2500 3117 2553 ﬁdei
3150 2497 3580 2553 Cltalce'doriensi
3616 2514 3735 2554 con-

2146 2579 2448 2641 gruentem.
2484 2570 2578 2627 Sin
2608 2572 2844 2625 abnuere
2869 2581 3074 2641 pergat,
3108 2573 3249 2625 hunc
3274 2570 3447 2638 pteuis
3472 2585 3502 2623 a
3534 2571 3735 2640 synodo

2147 2639 2408 2711 adversus
2438 2642 2719 2697 haereticos
2750 2643 2870 2696 latis
2901 2639 3198 2695 obnoxium
3227 2639 3578 2711 pronuntiat.
3600 2641 3735 2711 Vigi-

2150 2710 2370 2784 lantiam
2396 2729 2549 2784 teque
2580 2728 2641 2767 ac
2668 2712 3005 2783 prudentiam
3035 2710 3239 2766 summi
3271 2712 3545 2784 pontificis
3575 2712 3735 2767 admi-

2150 2783 2257 2835 rari
2284 2783 2428 2849 licet,
2453 2782 2543 2854 qui
2569 2782 2815 2854 elsijura
2844 2784 3203 2839 Ecclesiarum
3232 2782 3510 2838 custodire
3531 2787 3733 2853 satagit.

2149 2863 2206 2906 ut
2236 2858 2484 2923 superius
2512 2857 2854 2922 esposuimus
2888 2868 3065 2909 tamen
3093 2856 3306 2923 quando
3334 2870 3365 2909 e
3394 2870 3453 2907 re
3492 2855 3735 2909 Ecclesia

2149 2923 2359 2981 videtur
2393 2941 2548 2989 esse.
2581 2936 2636 2981 et
2672 2927 2723 2982 id
2769 2928 3061 2981 necessitas
3106 2928 3319 2997 exigere
3346 2967 3362 2992 ,
3395 2925 3735 2980 oscitantium

2149 2998 2435 3065 praesulutn
2478 3007 2630 3067 urget
2661 2998 2953 3068 negotium.

2222 3068 2423 3122 Interea
2448 3069 2708 3131 hmretici.
2730 3067 2828 3123 etsi
2854 3069 3022 3123 odiosi
3050 3067 3301 3123 omnibus
3324 3067 3736 3136 imperatorique

2150 3138 2202 3191 in
2237 3140 2424 3208 primis
2446 3180 2461 3205 ,
2496 3149 2673 3194 tamen
2707 3140 2885 3195 tacitis
2913 3141 3116 3194 artibus
3158 3138 3315 3193 ﬁdem
3363 3154 3554 3193 sanam
3584 3153 3736 3207 oppu-

464 3227 683 3266 camus:
723 3229 839 3282 quae
869 3220 1046 3267 tamen
1082 3213 1219 3266 haud
1248 3207 1428 3269 dobie‘
1448 3212 1531 3268 bis
1560 3214 1756 3283 scripta
1796 3207 1881 3267 est
1910 3223 2045 3267 tcm-
2069 3207 2116 3272 C
2147 3207 2314 3283 gnare
2338 3212 2600 3274 nituntur,
2632 3211 3195 3283 comperendinatione
3220 3213 3487 3283 remorari
3520 3224 3609 3265 res
3650 3210 3738 3283 Ec-

464 3283 705 3351 poribus.

536 3352 627 3407 IX.
673 3353 837 3422 Egre
863 3354 982 3407 tulit
1010 3354 1288 3407 Anatolius
1319 3354 1425 3425 (a),
1465 3353 1618 3425 quasi
1652 3368 1741 3408 res
1770 3367 1894 3407 snas
1918 3354 2049 3425 alie-

467 3438 645 3491 itaque
668 3425 875 3491 negotia
898 3425 985 3477 ille
1005 3435 1238 3489 curaret,
1263 3424 1683 3492 significavitque
1710 3425 1783 3477 illi
1806 3424 2046 3479 scribens

466 3508 609 3547 anno
629 3496 867 3562 sequenti
896 3508 989 3562 por
1018 3495 1302 3547 Patricium
1333 3496 1635 3549 diaconum.
1666 3494 1935 3550 Moderate
1960 3512 2048 3550 ac-

464 3567 607 3632 cepit
652 3564 762 3617 Luo
810 3565 1039 3618 Anatolii
1086 3565 1363 3633 querelas;
1416 3566 1795 3635 responditque
1838 3581 1895 3620 se
1941 3582 2045 3621 non

464 3638 646 3689 animo
676 3634 901 3690 lmdendi
934 3637 1045 3688 lucc
1073 3636 1371 3700 scripsisse,
1412 3638 1493 3689 cui
1525 3636 1703 3689 omnia
1730 3637 2047 3692 discutiendi

464 3715 783 3779 potestatem
808 3706 1097 3779 reliquerat
1121 3724 1134 3759 :
1158 3704 1334 3773 Neque
1352 3708 1406 3760 in
1429 3708 1600 3777 aliquo
1622 3706 1867 3760 honorem
1889 3707 2050 3779 57kI

465 3784 611 3829 tuum
638 3778 792 3849 (tesi;
820 3779 901 3829 cui
940 3778 1260 3849 discutienda
1287 3794 1401 3847 qua:
1443 3780 1627 3849 adhine
1668 3787 1810 3830 erant
1856 3778 2049 3849 perlata

464 3848 691 3900 commisi
722 3845 912 3916 (Epist.
937 3846 1026 3910 28,
1051 3865 1184 3901 nunc
1210 3845 1331 3910 {(55,
1360 3865 1473 3916 cap.
1503 3847 1578 3918 1).
1613 3845 1915 3903 Anatolium
1945 3852 2045 3904 im-

464 3921 655 3989 primis
681 3918 943 3987 angebant
969 3920 1159 3972 littera:
1189 3920 1385 3973 Leonis
1412 3920 1477 3973 ad
1506 3920 1822 3989 Angustum,
1857 3922 2047 3989 quibus

462 3988 787 4058 arguebatur
806 3989 945 4058 quod
971 3989 1193 4044 clericos
1217 3989 1337 4043 ﬁdei
1361 3988 1623 4058 ambiguae
1648 4008 1708 4043 ex
1739 4006 1833 4045 sua
1852 3988 2049 4047 ‘Eccle-

461 4060 540 4113 sia
567 4076 669 4112 non
694 4061 939 4125 ejiceret;
975 4061 1135 4114 immo
1157 4060 1621 4115 oscitanterlerret
1637 4063 1843 4132 aliquos
1865 4064 1929 4116 de
1943 4063 2049 4121 ﬁde

460 4146 714 4205 perverse
766 4132 967 4186 sentire
1007 4142 1057 4185 et
1105 4133 1295 4205 loqui:
1330 4132 1712 4205 Sacerdotalem
1754 4151 1970 4205 namque
2000 4146 2047 4188 et

459 4204 798 4273 apostolicum
831 4212 931 4256 tua:
958 4204 1159 4272 pietatis
1181 4204 1406 4256 animum
1438 4204 1534 4256 hoc
1564 4207 1754 4258 malum
1794 4211 1861 4258 ad
1879 4204 2044 4273 justi-

459 4278 584 4345 tiam
611 4274 816 4327 ultionis
837 4274 979 4327 debet
1006 4275 1296 4334 accendere,
1320 4276 1453 4343 quod
1470 4274 2045 4345 Constantinopolitanss

459 4344 705 4398 Ecclesiae
743 4346 1015 4412 puritatem
1058 4347 1344 4415 pestilenter
1375 4347 1607 4400 obscurat
1644 4364 1663 4401 :
1693 4350 1745 4401 in
1773 4344 1872 4416 qua
1902 4349 2045 4402 inve-

458 4418 667 4468 niuntur
689 4415 858 4468 clerici
880 4416 1108 4485 quidam,
1124 4416 1475 4471 lueretisorum
1495 4421 1665 4472 sensui
1685 4415 2040 4486 consonantes,

2150 3281 2327 3336 clesim
2355 3292 2407 3335 et
2436 3296 2560 3336 suas
2592 3297 2908 3351 promovere
2937 3282 3173 3336 Student.
3212 3282 3332 3334 Erat
3370 3281 3452 3335 his
3486 3281 3735 3349 tempori-

2150 3352 2249 3406 bus
2290 3353 2609 3418 Basiliscus,
2652 3352 2697 3407 is
2726 3354 2816 3423 qui
2858 3364 3039 3422 postea
3070 3352 3351 3421 imperium
3385 3352 3601 3423 invasit,
3632 3361 3735 3405 tum

2159 3426 2209 3477 in
2234 3424 2353 3478 aula
2381 3435 2569 3494 potens
2588 3469 2601 3492 ,
2630 3422 3095 3494 clau’culariusque
3120 3424 3488 3478 haeretictirom
3518 3422 3724 3475 fautor:

2151 3496 2301 3564 cujus
2331 3498 2498 3563 gratia
2537 3504 2591 3549 et
2622 3494 2802 3550 favore
2844 3498 2893 3549 in
2935 3496 3225 3566 perniciem
3263 3494 3514 3550 Ecclesiae
3548 3494 3728 3546 abute-

2153 3566 2347 3619 bantur
2387 3566 2646 3622 literetici.
2694 3566 2821 3635 Ejus
2862 3582 3023 3633 Opera
3072 3582 3221 3637 spem
3264 3566 3442 3620 datam
3462 3578 3733 3637 novas,-

2153 3639 2276 3690 nodi
2310 3637 2466 3692 facile
2488 3638 2619 3691 mihi
2648 3640 3003 3704 persuaserim
3025 3683 3038 3700 ,
3068 3635 3424 3706 traditamque
3459 3635 3736 3690 Timotheo

2156 3706 2350 3761 Leonis
2379 3710 2644 3775 pontiﬁcis
2672 3709 2896 3764 Romani
2928 3708 2994 3762 ad
3020 3709 3402 3776 imperatorem
3438 3709 3736 3771 epistolam,

2154 3778 2317 3851 576
2361 3795 2463 3850 qua
2509 3780 2749 3847 sacrilegi
2785 3780 3017 3835 hominis
3060 3778 3341 3851 ordinatio
3362 3778 3736 3841 condemnata,

2154 3862 2211 3903 ut
2236 3849 2501 3917 E'vag’rius
2528 3862 2909 3905 commemorat
2942 3852 3034 3905 lih.
3067 3867 3122 3914 ιι,
3154 3865 3202 3905 c.
3239 3851 3287 3905 1.
3314 3849 3739 3919 Responsioncm

2154 3922 2321 3975 edidit
2343 3921 2676 3984 Timotheus,
2710 3939 2811 3990 qua
2844 3938 2943 3977 nec
2972 3921 3166 3977 Leonis
3194 3922 3504 3990 epistolam,
3536 3936 3633 3975 nec
3658 3934 3742 3990 sy-

2154 3994 2352 4046 nodum
2384 3993 2871 4048 Chalcedonensem
2906 3994 3104 4047 veritus
3132 4003 3214 4047 est
3249 3993 3670 4062 reprehendere.

2227 4063 2462 4135 {Egyptii
2489 4066 2779 4128 antistites,
2804 4069 2891 4131 qui
2916 4063 3038 4118 ﬁdei
3058 4078 3217 4118 eausa
3248 4074 3498 4119 extorres
3521 4063 3744 4131 agebant

2153 4132 2655 4203 Consnintinopoli,
2706 4136 3083 4190 cruciabantur
3135 4138 3346 4190 interim
3402 4135 3744 4203 cunctatione

2150 4202 2659 4277 circuitionibtisque
2690 4206 3083 4261 hereticorum.
3108 4204 3435 4273 Confugiunt
3464 4205 3649 4277 itaque
3676 4202 3743 4257 ad

2149 4274 2410 4341 Leonem,
2436 4285 2492 4331 et
2518 4278 2771 4331 auxilium
2805 4290 3047 4341 poscunt.
3081 4278 3330 4332 Feiiciter
3354 4293 3383 4331 a
3413 4274 3579 4333 nobis
3598 4290 3744 4329 recu-

2150 4358 2333 4421 perata
2362 4350 2641 4421 responsio
2668 4349 2791 4421 data
2830 4348 3074 4421 kalendis
3113 4349 3498 4421 Decembribus
3548 4346 3736 4421 (Epist.

2150 4420 2274 4487 127,
2308 4435 2444 4472 nunc
2476 4419 2625 4490 158),
2660 4420 2748 4475 ubi
2775 4435 2963 4476 eorum
3003 4420 3264 4493 lacrymas
3298 4417 3568 4493 lacrymis'
3582 4417 3741 4475 solari

1500 4530 2071 4587 BALLERINIORUM
2110 4530 2658 4588 ANNOTATIONES.

535 4624 611 4693 (a)
649 4623 844 4678 Leonis
873 4631 1096 4692 epistola
1129 4624 1249 4691 165,
1277 4639 1325 4680 c.
1354 4627 1403 4691 1,
1435 4625 1635 4680 indicat
1661 4626 1909 4680 Anatolio
1936 4625 2045 4679 dis-
2074 4625 2123 4686 D
2149 4624 2255 4679 lam
2293 4625 2391 4679 hac
2420 4626 2487 4679 de
2516 4641 2578 4681 re
2610 4626 3012 4692 responsionem
3041 4626 3108 4679 ab
3140 4625 3390 4680 Anatolio
3422 4626 3741 4692 accepisset,

457 4696 714 4764 plicuisse
748 4695 1011 4757 pontificis
1041 4694 1271 4749 studium
1295 4738 1308 4759 ,
1342 4711 1449 4765 quo
1474 4713 1593 4750 eum
1626 4698 1833 4750 monuit
1864 4707 1920 4750 ut
1948 4712 2041 4751 ca-

457 4775 611 4822 veret
641 4767 707 4819 ab
739 4766 802 4819 iis
824 4767 910 4835 qui
942 4768 1208 4821 communi
1244 4768 1363 4822 ﬁdei
1395 4767 1669 4821 adversari
1698 4766 2039 4832 dicerentur;

459 4839 547 4891 ubi
582 4838 812 4909 Atticum
844 4837 1213 4909 presbyterum
1247 4840 1923 4907 Constantinopolitanum,
1951 4841 2043 4909 qui

456 4908 667 4978 publice
696 4918 879 4962 contra
915 4908 1068 4962 fidem
1100 4908 1593 4964 Chalcedonensem
1633 4910 1934 4979 disputasse
1966 4908 2045 4964 fe-

400 5004 415 5045 :
456 4982 710 5039 rebatur.
759 4979 1024 5048 intelligit.
1082 4980 1136 5033 ld
1167 4992 1343 5035 autem
1384 4979 1662 5033 Anatolius
1695 4996 1796 5034 non
1842 4981 2042 5037 idcirco

412 5048 419 5109 ἶ
455 5067 597 5118 aegre
630 5051 775 5115 tulit,
806 5053 947 5117 quod
977 5065 1063 5104 res
1098 5066 1222 5105 suas
1248 5052 1526 5118 alienaque
1566 5052 1774 5121 negotia
1804 5052 2037 5107 Leonem

453 5137 645 5176 curare
675 5122 918 5193 crederet
944 5162 956 5182 ,
996 5123 1089 5175 sed
1118 5123 1237 5188 quia
1273 5137 1337 5175 cx
1386 5121 1623 5187 pluribus
1670 5124 1724 5175 S.
1772 5124 2036 5193 pontiﬁcis

451 5193 646 5247 litteris
675 5192 774 5246 hac
800 5208 960 5260 super
978 5208 1037 5247 re
1064 5194 1278 5261 scriptis
1292 5207 1351 5263 se
1370 5194 1707 5263 negligentia:
1737 5192 1823 5247 aut
1849 5196 2035 5248 conni-

450 5267 647 5318 ventiae
693 5266 863 5317 notari
917 5264 1253 5331 pervidebat.
1308 5262 1545 5316 Primum
1586 5266 1788 5319 scilicet
1822 5266 1932 5319 Leo
1971 5265 2037 5320 ad

451 5336 639 5405 ipsum
671 5335 820 5389 dedit
865 5335 1145 5403 epistolam
1196 5336 1290 5389 151
1344 5333 1451 5389 kal.
1499 5336 1829 5402 Septembris
1881 5338 2037 5405 hujus

450 5407 577 5459 anni
618 5404 722 5460 £57
744 5446 757 5466 .
791 5420 893 5472 qua
927 5416 1100 5459 tamen
1142 5422 1209 5460 ne
1240 5407 1356 5473 ejus
1398 5409 1654 5460 honorem
1688 5408 1926 5473 lmderet,
1953 5404 2040 5463 to-

450 5486 559 5529 tam
586 5492 699 5530 rem
727 5477 901 5531 eidem
933 5476 1319 5531 discutiendam
1351 5478 1637 5533 commisit.
1669 5477 1867 5533 Eadem
1901 5480 1952 5532 in
1979 5494 2037 5534 re

414 5549 648 5619 titerum
698 5548 891 5601 institit
935 5549 1088 5619 epist.
1127 5549 1259 5612 155,
1303 5564 1461 5619 quam
1507 5548 1611 5603 alia
1650 5548 1932 5605 occasione
1969 5550 2036 5604 ad

450 5618 698 5673 eumdem
730 5619 923 5688 direxit
951 5619 1037 5672 die
1065 5618 1127 5672 11
1160 5618 1425 5674 Octobris.
1465 5620 1703 5688 Idipsum
1736 5620 1909 5687 tetigit
1931 5619 2034 5674 alia

450 5690 681 5756 epistola
708 5690 831 5756 157,
866 5687 973 5743 kal.
1009 5690 1349 5759 Decembris,
1390 5707 1494 5760 quo
1525 5687 1611 5745 die
1642 5688 1708 5742 ad
1746 5690 2037 5759 imperato-

446 5773 564 5815 rem
595 5759 696 5831 alia
729 5762 795 5814 de
822 5776 978 5814 causa
1010 5761 1301 5831 scripturus
1326 5803 1339 5827 ,
1372 5762 1473 5816 hoc
1515 5761 1733 5831 magimi
1776 5763 2031 5817 momenti

449 5829 728 5900 negotium
758 5831 858 5904 ipsi
886 5829 1563 5905 Augusto'contmendavit.
1594 5830 1730 5891 Cum
1759 5846 1891 5891 vero
1915 5833 2032 5892 titil-

2155 4696 2241 4750 die
2266 4696 2331 4750 21
2382 4696 2553 4750 Martii
2594 4697 2717 4751 anni
2754 4698 3026 4767 sequentis
3060 4696 3194 4759 458.
3229 4697 3281 4750 in
3324 4697 3481 4765 epist.
3517 4695 3651 4763 161,
3678 4698 3745 4751 ad

2153 4767 2775 4837 ConStantinopolitauos
2811 4768 3037 4823 clericos
3061 4810 3075 4832 ,
3112 4768 3298 4823 eadem
3329 4782 3494 4836 super
3523 4783 3581 4822 re
3614 4785 3759 4823 non-

2153 4840 2296 4892 nulla
2325 4841 2571 4893 inseruit.
2623 4839 2746 4893 Mox
2791 4854 3105 4907 responsum
3138 4839 3371 4894 Anatolii
3407 4838 3625 4893 tandem
3657 4854 3749 4894 ac-

2151 4910 2313 4979 cepit,
2343 4925 2449 4980 quo
2480 4909 2712 4964 studium
2746 4926 2808 4964 ac
2836 4910 3252 4965 sollicitudinem
3277 4909 3471 4964 Leonis
3502 4911 3603 4963 sibi
3631 4912 3745 4965 dis-

2150 4981 2403 5049 plicuisse
2425 4981 2770 5048 signiﬁcavit;
2805 4981 2959 5050 eique
2980 4982 3038 5037 S.
3058 4980 3291 5050 pontifex
3315 4982 3492 5035 statim
3516 4996 3747 5049 respon-

2149 5051 2227 5105 dit
2274 5053 2433 5118 epist.
2482 5052 2621 5117 163,
2690 5053 2897 5121 signata
2954 5054 3056 5117 (ut
3103 5068 3169 5107 ex
3220 5052 3416 5106 "Osiris
3466 5053 3745 5107 codicibus

2150 5122 2577 5191 emendavituus)
2606 5123 2691 5177 die
2718 5124 2789 5178 28
2822 5124 3013 5178 Martii.
3054 5123 3107 5177 lu
3144 5124 3242 5177 hac
3272 5136 3449 5177 autem
3476 5138 3599 5178 cum
3629 5125 3745 5192 pri-

2146 5209 2230 5247 ma
2262 5195 2460 5249 mentio
2492 5193 2583 5247 ﬁat
2635 5194 2987 5261 professionis
3032 5194 3152 5249 ﬁdei
3199 5195 3266 5248 ab
3316 5194 3493 5248 Attico
3533 5196 3740 5262 inissa

2144 5267 2283 5319 hanc
2316 5281 2434 5319 cum
2467 5266 2699 5319 Anatolii
2741 5266 2933 5319 litteris
2970 5275 3025 5320 et
3058 5266 3126 5321 ab
3158 5266 3274 5335 ipso
3305 5266 3556 5319 Anatolio
3596 5268 3749 5321 dire-

2144 5347 2284 5391 ctam
2320 5338 2451 5391 satis
2476 5336 2734 5391 credibile
2771 5346 2874 5394 est.
2917 5336 2997 5392 Ad
3027 5338 3163 5391 hanc
3190 5352 3321 5391 vero
3350 5338 3742 5403 professionem

2142 5408 2482 5462 scribendam
2514 5408 2750 5462 Atticum
2781 5407 2849 5461 ab
2897 5408 3224 5477 imperatore
3267 5409 3441 5477 potius
3470 5423 3631 5476 quam
3672 5409 3744 5462 ab

2148 5478 2397 5534 Anatolio
2426 5478 2589 5534 fuisse
2632 5478 2920 5546 impulsum
2945 5522 2960 5545 ,
3003 5488 3063 5533 ut
3102 5478 3423 5547 Quesnellus
3452 5493 3573 5533 cum
3616 5480 3746 5535 aliis

2142 5559 2330 5619 postea
2375 5549 2626 5616 subjicit,
2672 5550 2822 5604 nullo
2859 5551 3184 5605 documento
3225 5548 3554 5617 probabitur.
3602 5550 3744 5605 Cum

2142 5635 2273 5675 vero
2294 5620 2409 5674 haec
2428 5620 2591 5675 Attici
2617 5621 2875 5684 professio
2899 5635 3005 5675 non
3026 5622 3183 5691 plane
3199 5623 3552 5682 satisfaceret.
3576 5622 3743 5676 aliam

2141 5691 2554 5760 exploratiorem
2576 5691 2686 5747 Leo
2710 5691 2905 5761 exegit.
2936 5692 3090 5759 cujus
3122 5693 3403 5747 formulam
3436 5696 3486 5746 in
3511 5694 3743 5747 vetustis

2139 5762 2552 5817 collectionibus
2617 5771 2990 5820 conservatam
3047 5764 3402 5819 indicavimus
3460 5772 3637 5818 annot.
3707 5762 3746 5817 3

2139 5831 2289 5890 nm.
2311 5833 2530 5904 praesit.
2552 5835 2709 5907 huius
2731 5834 2881 5907 edit.,
2905 5835 3007 5891 col.
3036 5834 3197 5903 1147,
3219 5852 3253 5889 n
3278 5838 3327 5908 ι)
3346 5836 3399 5893 in
3420 5834 3578 5907 epist.
3606 5831 3740 5894 £65.
