3968 6308
504 420 625 490 ’319

515 545 1157 615 conferretprmtermisit.
1174 544 1287 599 Hoc
1300 541 1635 615 magniﬁcum
1665 540 1737 594 illi
1765 539 2084 609 gloriosum-
2110 541 2165 600 Α

514 631 619 685 que
649 611 889 686 contigit,
920 614 1061 685 quod
1084 614 1307 682 adeptus
1332 611 1413 669 est
1434 611 1794 686 pontificatum
1817 619 2085 686 totopene

516 681 737 744 Oriente
764 681 917 744 ftisdis
940 681 1241 741 'Ineresibus
1270 681 1500 747 turbato,
1536 682 1800 739 columnis
1833 681 2087 736 Ecclesia:

516 768 608 813 aut
633 759 877 829 dejecus,
908 768 996 812 aut
1028 757 1425 829 vacillantibus;
1455 755 1747 829 decesserit
1781 768 1910 829 vero
1938 762 2087 829 parts

520 824 716 899 ubique
748 844 895 897 pace,
932 828 1208 899 primarias
1228 827 1385 899 sedes
1407 827 1791 899 occupantibus
1820 824 2087 899 episcopis

518 894 712 970 quibus
751 894 899 954 tanta
933 894 1063 955 'cura
1110 898 1401 970 retinendae
1431 898 1574 970 pacis
1598 937 1614 963 ,
1664 905 1916 970 quantum
1968 894 2087 970 aliis

519 966 681 1025 animi
707 971 805 1025 fuit
834 971 897 1024 ad
928 972 1121 1025 bellum
1153 969 1549 1023 accendendum
1570 1007 1587 1031 ,
1627 969 1706 1020 vel
1742 966 2090 1033 pusillanimi-

521 1043 642 1096 tatis
666 1043 730 1095 ad
770 1042 1233 1111 exstinguendum.
1274 1037 1913 1111 Gennadiusvanissimo
1947 1038 2090 1111 Ana-

519 1113 667 1178 tolio,
695 1109 1003 1167 Timotheus
1029 1112 1435 1180 So|0phaciolns
1464 1109 1778 1177 impiissimo
1803 1109 2087 1162 Timotheo

522 1184 719 1254 Aeluro
749 1184 1015 1254 subrogati
1044 1183 1271 1249 fuerant,
1303 1180 2088 1254 quemadmodumAnastasius

517 1253 755 1309 Juvenali
797 1250 1279 1325 lero'solymitano,
1312 1250 1405 1325 qui
1445 1252 1495 1305 in
1537 1265 1697 1306 causa
1725 1250 1859 1325 fidei
1895 1250 2089 1303 animis

518 1326 800 1380 ceciderat.
830 1326 942 1380 Huc
962 1321 1167 1379 accedit
1195 1321 1341 1393 quod
1364 1322 1501 1377 sicut
1525 1338 1643 1375 cum
1674 1321 1953 1393 adsedcm
1984 1325 2089 1373 lto-

520 1409 727 1449 manam
761 1408 977 1451 evectus
998 1438 1011 1459 ,
1050 1391 1280 1465 privatas
1311 1405 1417 1447 tum
1451 1395 1588 1448 inter
1631 1391 1913 1465 prajfcrtos
1938 1405 2089 1465 exer-

521 1466 719 1519 cituum
751 1468 870 1522 lites
889 1462 1243 1535 componebat
1266 1509 1279 1531 ,
1310 1466 1388 1519 sic
1413 1474 1522 1518 toto
1554 1464 1892 1531 pontiﬁcatus
1920 1462 2092 1535 curri-

518 1538 637 1590 culo
660 1537 912 1593 sedandis
936 1534 1187 1592 Eci‘lesiae
1216 1538 1385 1591 turbis
1411 1535 1738 1599 incubuerit,
1773 1542 1827 1588 et
1874 1534 2087 1588 tandem

525 1609 604 1661 vir
648 1607 859 1675 imperii
888 1610 1245 1677 Ecclesiieque
1266 1608 1503 1662 felicitati
1532 1618 1686 1677 natus
1716 1609 2003 1677 pacaverit.

592 1678 654 1731 11.
672 1674 875 1734 Praeter
893 1694 953 1733 ea
976 1674 1291 1749 omnia'quze
1305 1678 1606 1742 retulimus,
1626 1676 1759 1730 liber
1775 1674 2088 1749 Pontificum

533 1748 891 1804 'iomanorum
938 1747 1206 1805 memorat
1249 1750 1365 1817 ejus
1412 1749 1609 1817 pietate
1653 1757 1705 1800 et
1735 1747 2092 1800 sollicitudine

528 1821 827 1888 complures
867 1820 1051 1875 Romae
1093 1816 1381 1875 aedificatae
1414 1816 1680 1873 basilicas.
1714 1816 1994 1871 Basilicam
2036 1817 2090 1871 in

521 1891 706 1978 primis
870 1892 1233 1974 apostolorum
1267 1890 1407 1978 Petri
1440 1888 1668 1978 etuPauli
1691 1890 1851 1978 abeo
1884 1890 2086 1978 instau_-
2119 1916 2167 1978 Β

520 1970 709 2014 ratam.
740 1961 859 2026 Hic,
894 1958 1083 2031 inquit,
1107 1963 1359 2016 renovavit
1390 1960 1656 2014 basilicam
1683 1958 1828 2031 Petri
1848 1960 2086 2031 apostoli,

519 2040 567 2084 et
597 2032 714 2101 fecit
739 2032 809 2086 ibi
847 2028 1122 2095 cameram,
1156 2049 1308 2100 quam
1337 2041 1385 2086 et
1413 2033 1609 2086 ornavit
1639 2048 1659 2085 :
1696 2041 1742 2084 et
1767 2028 1914 2084 Beati
1936 2029 2093 2083 Pauli

519 2103 779 2157 basilicam
800 2114 915 2174 post
937 2106 1109 2173 ignem
1133 2104 1362 2157 divinum
1390 2102 1681 2174 renovath
1707 2102 1825 2170 fecit
1854 2112 1897 2155 et
1926 2118 2093 2155 came-

521 2189 630 2226 ram
656 2176 708 2227 in
730 2172 908 2228 eadem
944 2172 1181 2229 similiter
1199 2216 1213 2237 ,
1238 2184 1285 2227 et
1314 2174 1367 2227 in
1400 2173 1613 2227 basilica
1645 2172 2089 2227 Constantiniana.

519 2244 783 2299 Adrianus
814 2245 939 2309 PP.,
976 2246 1027 2299 in
1062 2246 1284 2315 epistola
1315 2245 1378 2297 ad
1404 2244 1651 2299 Carolum
1682 2244 1952 2315 Magnum,
1979 2245 2092 2313 plu-

523 2316 669 2369 ribus
705 2325 953 2370 ornatum
986 2313 1147 2384 hujus
1177 2316 1411 2370 basilica:
1444 2316 1784 2384 prosequitur
1820 2334 1833 2369 :
1867 2313 2001 2369 Item
2031 2316 2094 2368 de

520 2402 668 2439 sacro
688 2397 863 2451 quarto
883 2389 1105 2459 concilio
1132 2388 1363 2459 egregius
1390 2400 1541 2459 atque
1570 2386 1816 2459 miriﬁcus
1843 2388 2095 2453 pradica-

522 2466 602 2510 tor
641 2470 843 2512 sanctus
869 2458 971 2512 Leo
1003 2458 1173 2527 papa,
1193 2461 1278 2527 qui
1309 2468 1353 2511 et
1383 2458 1489 2529 ipse
1524 2460 1641 2528 fecit
1668 2458 1935 2523 ecclesias,
1966 2472 2095 2525 quas

518 2529 572 2581 in
596 2530 789 2582 musivo
822 2545 883 2583 ea:
913 2530 1123 2583 diversis
1160 2529 1385 2583 historiis
1421 2545 1509 2582 seu
1540 2529 1843 2597 imaginibus
1883 2532 2095 2598 pingens

521 2600 831 2673 decoravit;
851 2601 1015 2673 magis
1049 2601 1307 2673 autemin
1322 2599 1537 2673 basilica
1561 2600 1621 2653 S.
1654 2598 1809 2673 Pauli
1839 2600 2092 2673 apostoli,

524 2686 703 2741 arcum
728 2669 912 2723 ibidem
939 2669 1183 2741 majorem
1208 2672 1422 2740 faciens,
1449 2680 1495 2723 et
1523 2672 1574 2723 in
1599 2671 1792 2723 musivo
1818 2672 2094 2741 depingens

523 2740 843 2793 Solvatorem
864 2738 1029 2813 585'
1049 2738 1321 2796 Dominum
1350 2750 1579 2794 nostrum
1595 2740 1772 2794 Jesum
1800 2738 2095 2813 Christum;

522 2822 568 2865 et
594 2827 761 2865 secum
802 2812 1231 2881 t'iginii'quatuor
1261 2814 1483 2866 seniores
1525 2813 1725 2865 nomine
1752 2827 1847 2865 suo
1874 2812 2095 2865 versibus

520 2883 810 2948 decoravit;
846 2892 892 2936 et
925 2902 956 2936 a
996 2892 1120 2936 tunc
1156 2899 1313 2952 usque
1354 2883 1597 2936 hactenus
1636 2883 1856 2951 ﬁdeliter
1886 2900 1917 2936 a
1953 2884 2096 2936 nobis

522 2963 843 3007 venerantur.
875 2954 1275 3009 lllustrissimus
1320 2955 1604 3007 Annalium
1639 2955 1885 3007 conditor
1912 2956 2098 3009 scribit

526 3024 664 3077 hanc
697 3026 979 3088 imaginem
1003 3025 1299 3081 Salvatoris
1320 3026 1384 3079 ad
1411 3040 1503 3078 sna
1528 3040 1696 3093 usque
1720 3037 1957 3093 tempora
1984 3041 2098 3079 ser-

522 3108 697 3149 vatam
736 3096 1031 3167 integram;
1069 3096 1164 3151 sed
1196 3096 1377 3168 viginti
1409 3097 1911 3168 quatuorseniores
1947 3108 2099 3150 vetu-

522 3174 660 3238 state
701 3177 755 3220 et
789 3166 889 3222 situ
926 3166 1273 3223 deformatos.
1308 3166 1454 3238 Opus
1491 3168 1593 3222 hoc
1619 3167 1948 3221 elaboratum
1979 3182 2097 3222 esse

523 3237 844 3293 liberalitate
884 3247 938 3293 et
995 3239 1254 3307 impensis
1292 3237 1458 3294 Gallae
1525 3238 1771 3293 Placidiae
1819 3242 2090 3304 Augustae,

526 3308 702 3360 studio
728 3324 960 3378 curaque
989 3310 1047 3363 8.
1078 3313 1301 3375 Leonis,
1347 3309 1626 3377 inscriptio
1655 3310 1974 3363 Gruteriana
2000 3310 2096 3363 do-

525 3386 609 3449 cet
633 3388 859 3445 quatuor
883 3381 1124 3434 versibus
1152 3382 1541 3449 comprehensa
1564 3423 1579 3446 ,
1611 3395 1675 3434 ex
1708 3380 1910 3448 majore
1938 3379 2098 3447 hujus

528 3446 759 3500 basdicm
801 3464 925 3502 arcu
971 3446 1433 3516 descripta—Scio
1483 3452 1622 3519 apud
1664 3446 1947 3503 Bnronium
1996 3446 2099 3518 legi

530 3522 745 3571 tantum
763 3519 1072 3585 distichum,
1106 3521 1192 3575 ubi
1214 3523 1412 3574 mentio
1442 3524 1602 3575 estde
1629 3530 1804 3575 morte
1829 3521 2097 3576 Placidias.

530 3587 670 3643 Ecce
696 3590 1097 3660 inscriptionem
1128 3606 1157 3645 a
1190 3592 1419 3646 Grutero
1449 3601 1775 3661 excerptam.

645 3699 939 3766 Insomsios
961 3705 1123 3765 coepit.
1151 3703 1353 3766 perfecit
1380 3704 1627 3755 Houonms
1648 3705 1807 3755 aulam

645 3762 866 3828 pectoris
890 3762 1069 3824 mundi,
1093 3762 1327 3816 sacratam
1348 3780 1549 3828 corpore
1574 3768 1736 3818 PAULI.

646 3825 880 3891 Piscibus
904 3830 979 3889 pia
1004 3841 1138 3891 mens
1163 3830 1325 3890 operis
1357 3825 1507 3891 decus
1529 3842 1671 3878 omne
1696 3832 1883 3891 paterni

651 3886 841 3939 Gaudet
863 3886 1100 3951 pontificis
1119 3886 1280 3940 studio
1312 3890 1573 3953 splendore
1598 3886 1786 3941 Lsoitts.

600 3996 876 4060 Baronius,
915 3997 980 4050 ad
1020 4012 1216 4052 annum
1247 3997 1377 4060 461,
1414 4014 1468 4052 n.
1512 3999 1600 4063 ιε,
1646 4015 1765 4055 eam
1802 4002 1905 4055 alio
1948 4002 2108 4059 modo

528 4064 848 4139 descriptam
878 4067 1059 4134 refert,
1094 4068 1517 4139 insculptamque
1542 4072 1617 4125 ait
1641 4071 1707 4125 ad
1734 4070 2006 4127 basilicam
2046 4075 2106 4131 8.

524 4137 816 4205 Laurentii,
844 4155 910 4195 ex
958 4140 1272 4196 liberalitate
1302 4137 1571 4210 Placidite,
1612 4151 1665 4198 et
1693 4142 1872 4199 studio
1914 4143 2111 4201 Leonis

524 4218 844 4278 reparatam.

651 4299 845 4368 gaudet
868 4301 1103 4368 pontificis
1122 4304 1281 4353 studio
1313 4304 1575 4368 splendore
1600 4304 1777 4358 Leonis

649 4360 903 4427 Pssumus,
926 4366 1000 4427 pia
1023 4378 1163 4415 mens
1184 4360 1353 4428 operis'
1370 4366 1523 4418 decus
1541 4380 1687 4418 omne
1707 4372 1900 4431 paterni

2122 3276 2169 3341 C

2764 320 2789 329 ,ο

984 426 1222 488 PASCH.
1261 420 1643 498 QUESNELH
1684 374 2266 482 DISSLRTATIONES
2303 418 2371 475 ΙΝ
2409 420 2467 475 8.
2510 418 2759 475 LEONIS
2800 417 3007 474 MAGNI
3046 390 3301 474 OPERA.
3659 416 3744 478 520

2318 531 2549 593 Demovit
2576 531 2806 581 Dominus
2832 533 3081 593 tenebras,
3106 541 3159 582 ut
3183 534 3292 581 luce
3318 544 3481 584 cresia

2388 592 2477 642 His
2497 594 2738 655 quondam
2764 593 2962 645 latebris
2981 596 3051 645 sic
3070 592 3212 644 modo
3237 594 3399 655 fulgur
3423 597 3561 647 inest.

2315 656 2570 720 Augustos
2588 657 2743 706 aditus
2764 657 3071 720 penetrabile
3104 668 3279 719 corpus
3292 656 3533 720 habebat,

2432 732 2489 767 uc
2515 719 2743 783 ubinunc
2768 718 2995 783 pepulum
3017 718 3203 780 largior
3227 718 3337 768 aula
3359 722 3507 783 capit,

2314 777 2466 843 Etuta
2493 779 2718 841 planities
2744 777 2891 843 patuit
2916 782 3008 830 sub
3031 777 3194 843 monte
3219 784 3397 841 recisa,

2384 840 2571 904 Estque
2599 840 2783 892 remota
2809 844 2942 905 gravi
2965 841 3092 893 male
3114 844 3254 892 ruins
3276 840 3460 893 minax.

2190 968 2339 1025 Fecit
2380 987 2576 1041 quoque
2618 972 2901 1039 basilicam,
2949 982 3009 1027 ut
3052 972 3210 1027 habet
3246 972 3383 1027 liber
3419 972 3743 1039 Pontificum,

2187 1054 2363 1114 sancto
2394 1042 2630 1095 Cornelio
2661 1045 2897 1114 episcopo
2932 1054 2978 1095 et
3002 1045 3219 1114 martyri
3240 1048 3397 1114 juxta
3437 1046 3742 1096 camuri-ium

2191 1112 2401 1177 Calixti,
2428 1114 2508 1184 uia
2533 1115 2699 1184 Appia
2719 1154 2729 1166 .
2749 1152 2763 1166 .
2790 1155 2803 1168 .
2834 1112 2936 1167 Hic
2963 1112 3221 1167 constituit
3242 1112 3611 1167 monasterium
3636 1116 3746 1177 apud

2189 1185 2389 1237 beatum
2426 1183 2637 1237 Petrum
2681 1184 3000 1250 apostolum.
3026 1226 3037 1238 .
3064 1224 3075 1236 .
3113 1184 3210 1237 Hic
3250 1186 3515 1238 constituit
3552 1194 3602 1236 ut
3638 1187 3745 1252 infra

2188 1257 2438 1307 actionem
2494 1256 2732 1314 sacriﬁcii
2791 1256 3039 1308 diceretur
3070 1271 3087 1307 :
3117 1254 3365 1310 Summis
3414 1269 3743 1319 SACBIFICIUI,

2188 1340 2573 1380 ιιιιΑευιΑτΑιι
2602 1339 2856 1392 novrum,
2891 1338 2984 1377 etc.
3024 1325 3123 1378 Hic
3150 1327 3303 1380 etiam
3331 1327 3593 1379 constituit
3612 1335 3650 1378 et
3674 1325 3746 1376 od-

2190 1396 2317 1448 didit
2354 1412 2507 1464 super
2540 1396 2773 1465 sepulcra
2802 1396 3146 1465 apostolorum
3175 1413 3237 1449 ea:
3265 1398 3397 1449 clero
3428 1393 3653 1448 Romano
3675 1411 3746 1447 cu-

2189 1467 2380 1529 stodes,
2412 1469 2499 1529 qui
2526 1468 2768 1521 dicuntur
2787 1468 3107 1535 cubicularii,
3138 1467 3475 1535 quosmodo,
3512 1465 3587 1518 ait
3618 1466 3742 1519 Baro-

2192 1537 2341 1598 nius,
2392 1538 2700 1603 cipc-llanos
2756 1552 3034 1602 vocamus;
3086 1537 3386 1591 cubiculum
3446 1536 3593 1589 enim
3634 1537 3743 1591 idem

2192 1607 2360 1661 fuisse
2384 1608 2523 1677 apud
2556 1608 2807 1675 antiquos
2837 1609 2974 1674 quod
3010 1608 3171 1661 hodie
3205 1609 3366 1677 586
3392 1607 3539 1673 apud
3566 1621 3649 1661 nos
3670 1622 3742 1661 ca-

2191 1678 2413 1748 pellam,
2443 1680 2750 1733 notavimus
2781 1680 2832 1732 in
2862 1680 3103 1733 Romano
3127 1678 3535 1748 Martyrologio.

2262 1748 2574 1816 Radulphus
2612 1750 2844 1804 decanus
2890 1749 3235 1819 Tungrensis,
3282 1752 3372 1801 lib.
3406 1755 3478 1801 de
3498 1748 3742 1819 pauonum

2193 1818 2565 1883 Observantia,
2610 1822 2867 1889 proposit.
2908 1818 2977 1875 25
3002 1839 3015 1873 :
3042 1818 3107 1872 In
3136 1821 3435 1889 quibusdam
3476 1818 3736 1883 Chronicis,

2196 1891 2385 1957 inquit,
2415 1892 2599 1959 legitur
2626 1892 2761 1959 quod
2789 1890 2889 1944 Leo
2917 1890 2942 1944 Ι
2970 1893 3232 1944 constituit
3259 1901 3312 1943 ut
3338 1890 3489 1957 ﬁnito
3523 1889 3737 1955 offertoris

2194 1977 2347 2027 super
2390 1962 2613 2015 oblatam
2642 1963 2903 2015 incensum
2940 1963 2995 2015 in
3034 1963 3330 2015 memoriam
3372 1962 3557 2013 mortis
3597 1959 3744 2013 Christi

2192 2040 2433 2102 ponatur.
2486 2034 2549 2085 Et
2582 2042 2705 2102 post
2733 2034 2982 2086 nonnulla
3019 2052 3030 2084 :
3070 2031 3279 2084 Erectus
3314 2045 3483 2084 autem
3530 2032 3745 2100 presbyter

2192 2105 2440 2173 populum
2470 2102 2704 2155 hortatur
2733 2105 2799 2157 ad
2827 2104 3100 2164 orandum,
3123 2103 3296 2155 dicens
3316 2102 3543 2173 :Onu's
3564 2117 3649 2155 rso
3674 2117 3744 2165 iis;

2192 2172 2327 2240 quod
2346 2172 2519 2243 _Leoni
2548 2190 2695 2243 papae
2721 2174 3009 2227 ascribitur.
3045 2174 3247 2227 Deinde
3288 2172 3469 2225 muttis
3504 2173 3745 2243 ittterposie

2195 2245 2261 2297 tis
2296 2260 2307 2293 :
2337 2241 2657 2310 Principium
2707 2247 2951 2297 orationis
2980 2261 2997 2297 :
3026 2245 3170 2299 Hauc
3218 2258 3424 2305 sanun,
3473 2252 3601 2307 etc,
3636 2242 3743 2310 quod

2190 2313 2451 2367 ascribunt
2491 2315 2551 2368 S.
2597 2314 2757 2368 Leoni
2816 2315 3028 2383 Magno.
3082 2315 3301 2368 Demntn
3348 2328 3542 2366 versus
3586 2314 3741 2383 linem:

2196 2385 2553 2454 Subsequitur,
2587 2387 2775 2454 inquit,
2810 2382 3184 2441 Bsaeptcsuus
3218 2384 3442 2443 Doutuo.
3491 2388 3621 2450 sive,
3662 2382 3744 2445 lte,

2194 2453 2359 2525 Μιδεᾼ
2381 2472 2507 2515 est;
2539 2456 2605 2509 ad
2638 2453 2777 2525 quod
2808 2456 3115 2523 respondent
3155 2472 3327 2508 omnes
3348 2470 3366 2507 :
3402 2457 3519 2509 1)εο
3564 2467 3748 2510 curus

2197 2565 2211 2579 .
2238 2565 2250 2578 .
2272 2565 2285 2579 .
2316 2524 2382 2578 Et
2414 2527 2521 2579 hwc
2546 2524 2778 2579 dici'Leo
2812 2545 2944 2597 popa
2974 2527 3256 2580 constituit.

2268 2597 2525 2661 Superius
2575 2594 2887 2650 notavimus
2918 2598 3157 2666 ejusdem
3198 2611 3323 2651 cura
3370 2610 3400 2649 a
3444 2594 3749 2651 Demetriade

2200 2666 2407 2735 virgine
2448 2668 2723 2722 basilicam
2768 2670 2817 2721 in
2861 2670 3118 2722 honorem
3155 2669 3213 2724 S.
3266 2666 3532 2734 Stephani
3580 2676 3749 2721 exstru-

2196 2749 2360 2804 cmm,
2407 2739 2558 2806 cujus
2589 2740 2727 2804 apud
2769 2740 2987 2792 Paulum
3036 2740 3370 2803 Diaconum,
3416 2737 3748 2792 Hermannum

2197 2808 2565 2870 Comi-actum,
2592 2809 2853 2863 Platinam
2878 2819 2932 2863 et
2953 2811 3352 2878 tiuspinianum,
3386 2808 3646 2862 memoria
3666 2816 3745 2861 est.

2199 2879 2359 2933 Liber
2390 2878 2703 2933 Pontificum
2736 2881 2849 2934 haec
2872 2880 3017 2933 addit
3048 2891 3301 2948 praeterea
3331 2898 3344 2932 :
3372 2878 3474 2933 Hic
3504 2881 3619 2948 fecit
3640 2879 3745 2930 ordi.

2198 2952 2432 3003 nationes
2496 2961 2714 3019 quatuor
2772 2968 2861 3017 per
2904 2967 3122 3004 mensem
3186 2950 3521 3004 Decembrem
3568 2952 3619 3004 in
3656 2949 3751 3001 urbe

2200 3019 2387 3093 Roma,
2425 3022 2741 3093 presbyteros
2781 3024 3036 3090 octoginta
3072 3039 3249 3086 unum,
3292 3022 3563 3093 episcopos
3594 3019 3750 3093 perdt}

2200 3038 2386 3079 nomn.
2425 3038 2741 3093 presbyteros
2781 3038 3036 3090 oetoginta
3072 3039 3249 3086 unum,
3292 3039 3319 3075 e
3372 3038 3563 3085 scapos
3594 3038 3750 3090 peras

2200 3105 2341 3144 versa
2371 3090 2484 3145 loca
2512 3107 2709 3163 centum
2740 3096 2997 3163 octoginta
3026 3094 3263 3160 quinque.
3299 3038 3399 3159 ὁτή
3429 3093 3581 3163 etiam
3616 3089 3753 3163 sepul-

2201 3171 2280 3215 tus
2303 3171 2375 3215 est
2400 3164 2541 3229 apud
2568 3162 2628 3215 B.
2660 3160 2871 3217 Petrum
2891 3164 3178 3230 apostolum
3200 3179 3258 3216 ιιι
3278 3164 3394 3215 idus
3418 3162 3630 3233 Aprilis.
3659 3160 3754 3233 Ces-

2201 3235 2329 3286 savit
2360 3234 2674 3304 episcopatus
2713 3237 2825 3305 ejus
2871 3235 2979 3287 dies
3019 3243 3230 3301 septem.
3272 3233 3329 3287 In
3356 3231 3631 3305 Breviario
3670 3231 3755 3283 Bo-

2202 3319 2361 3357 manu
2392 3305 2519 3356 nihil
2551 3305 2618 3358 de
2646 3304 2763 3370 ejus
2792 3306 3242 3365 ordinationibus,
3264 3304 3367 3358 etsi
3398 3306 3617 3359 aliorum
3638 3317 3752 3370 pon-

2203 3376 2398 3429 tiﬁcum
2434 3374 2792 3429 Romanorum
2823 3376 3188 3429 ordinationes
3216 3390 3320 3428 non
3351 3376 3568 3429 omittit.
3589 3372 3639 3428 lo
3661 3386 3748 3425 ms.

2203 3445 2488 3515 Thuaneo,
2532 3448 2684 3515 cujus
2711 3462 2772 3499 ea
2803 3458 2881 3499 est
2916 3448 3190 3515 inscriptio
3221 3464 3231 3498 :
3260 3444 3404 3499 Ordo
3430 3447 3747 3515 episcoporum

2203 3516 2340 3569 urbis
2371 3514 2551 3570 Romae
2578 3510 2610 3570 ά
2646 3516 2796 3571 Petro
2838 3518 2901 3570 ad
2952 3510 3275 3569 Hadrianum
3318 3518 3410 3569 sub
3437 3510 3604 3568 Carolo
3639 3510 3744 3564 Μα-

2239 3604 2334 3659 no,
2385 3586 2443 3642 S.
2496 3587 2605 3641 Leo
2653 3597 2965 3659 numeratur
3028 3588 3459 3659 quadragesimus
3511 3582 3749 3659 septimus

2249 3658 2333 3720 P.,
2361 3669 2414 3711 et
2436 3674 2497 3712 ea
2531 3660 2691 3713 verba
2740 3658 2933 3713 ibidem
2966 3652 3345 3726 reperiunt'ur:
3378 3656 3475 3709 Hic
3501 3656 3614 3725 fecit
3635 3652 3760 3703 ordi-

2204 3730 2435 3853 ztgtsiones
2466 3730 2550 3797 ,7,
2588 3729 2903 3799 presbyteros
2946 3730 3011 3783 77
3036 3770 3050 3793 ,
3100 3730 3341 3783 diaconos
3385 3726 3478 3796 50,
3524 3726 3762 3795 epistmpos

2280 3869 2365 3924 lll.
2407 3870 2525 3937 Quo
2571 3870 2659 3925 die
2704 3879 3001 3925 extremum
3057 3870 3201 3925 diem
3258 3868 3517 3924 clauserit
3570 3872 3764 3937 sanctus

2212 3934 2655 4016 pontifes',_l‘acile
2685 3950 2768 3997 est
2794 3941 2978 4016 dicere
2988 3984 3001 4004 ,
3036 3942 3081 4016 si
3109 3939 3378 4016 communi
3409 3938 3643 4016 opinioni
3684 3934 3767 4016 ob-

2211 4014 2365 4081 sequi
2407 4013 2663 4079 velimus;
2717 4028 2837 4085 norl
2855 4014 2923 4085 ita
2955 4012 3133 4085 facile.
3180 4015 3224 4066 si
3266 4026 3351 4065 res
3379 4010 3453 4085 ad
3479 4010 3766 4085 diligentius

2212 4077 2435 4138 examen
2470 4077 2767 4138 revocetur.
2797 4081 2839 4136 E
2870 4083 2977 4137 vita
3005 4084 3303 4138 decessisse
3337 4096 3395 4135 ιιι
3442 4080 3566 4135 idus
3597 4077 3770 4144 Aprilis

2214 4170 2308 4209 seu
2337 4157 2393 4209 11
2429 4155 2515 4208 die
2543 4156 2762 4221 mensis,
2793 4154 2963 4208 ferunt
2987 4154 3257 4207 hodiernae.
3285 4152 3541 4206 Ecclesia:
3566 4148 3761 4221 tabulae,

2213 4225 2407 4293 quibus
2434 4240 2727 4280 consensus
2749 4219 3114 4280 recentiorum
3160 4226 3482 4291 scriptorum
3530 4219 3769 4288 suifraga-

2216 4305 2330 4363 tur,
2365 4296 2623 4352 Severino
2651 4297 2857 4350 scilicet
2884 4306 2937 4351 et
2963 4295 3288 4366 Dagalaipbo
3327 4294 3664 4366 consulibus,
3691 4301 3771 4366 sel!

2217 4357 2358 4421 anno
2384 4366 2585 4422 Christi
2604 4366 2731 4433 461,
2764 4357 3359 4437 ροειιιιιειιιῖιίοιιίιιιιδιῐι
3384 4363 3682 4419 Ecclesiam
3706 4357 3770 4429 (α)

1576 4470 2143 4531 BALLERINIORUM
2184 4477 2729 4535 ANNOTATIONES.

602 4560 620 4621 (
637 4560 979 4641 ἔξ),,β³ῑ³ιέ)8ί
1011 4562 1368 4641 Romanorum
1413 4563 1724 4641 pontificum
1770 4580 1887 4619 cum
1924 4568 2103 4641 Ponti-
2128 4573 2183 4634 Ι)
2208 4570 2327 4625 idus
2357 4570 2674 4627 Novembris
2719 4572 2917 4626 habent
2944 4590 2957 4626 :
2988 4568 3247 4641 Depositio
3280 4567 3341 4622 S.
3380 4564 3574 4641 Leonis
3599 4578 3770 4641 Δριιριτ.

532 4631 671 4703 ficali
704 4630 842 4703 libro
889 4630 1055 4703 Leoni
1086 4633 1325 4687 tribttunt
1353 4630 1516 4687 annos
1545 4633 1635 4700 21,
1665 4652 1885 4691 mensem
1913 4639 1965 4703 1,
1996 4639 2103 4693 dies

533 4701 638 4765 26;
668 4702 818 4765 alias,
854 4702 1063 4765 melius,
1089 4704 1196 4757 dies
1227 4704 1311 4759 15.
1348 4703 1493 4759 Hanc
1516 4717 1693 4759 autem
1726 4706 1791 4761 de
1813 4708 1899 4763 die
1928 4701 2104 4765 obitus

535 4772 594 4845 8.
629 4771 824 4826 Leonis
862 4774 1212 4842 quaestionem
1240 4815 1254 4837 ,
1297 4789 1453 4844 quam
1504 4775 1741 4845 pluribus
1787 4777 2104 4845 Quesncllus

532 4844 772 4919 discutit,
802 4859 867 4898 ex
888 4846 1279 4919 antiquioribus
1309 4846 1455 4900 libris
1482 4844 1908 4919 certioribusque
1939 4852 2103 4907 docu—

534 4915 727 4971 mentis
755 4914 970 4969 brevius
1013 4916 1252 4981 expediri
1286 4931 1442 4985 posse
1470 4918 1761 4974 credimus.
1816 4914 1895 4974 Ex
1936 4924 2105 4977 tribus

532 4985 722 5041 diebus
746 4986 834 5055 qui
860 4984 1025 5041 Leoni
1070 5001 1254 5042 nOstro
1283 4984 1420 5041 sacri
1467 4990 1516 5042 in
1548 4990 1925 5046 ecclesiasticis
1954 4994 2105 5048 libris

536 5056 895 5134 inveniuntur,
921 5067 1027 5113 tres
1048 5059 1115 5134 de
1132 5058 1223 5134 die
1246 5060 1424 5134 obitus
1450 5059 1688 5134 ejusdem
1713 5062 1975 5134 pontificis
1998 5067 2107 5134 opi-

534 5129 1047 5200 nionesqmanarunt.
1078 5130 1178 5184 Alii
1208 5129 1347 5200 enitn
1378 5131 1668 5200 prasterunt
1694 5130 1835 5185 diem
1869 5135 1923 5186 11
1956 5129 2109 5199 Apri-

534 5197 621 5264 lis,
654 5198 742 5253 alii
771 5197 840 5251 28
867 5197 1027 5260 Junii.
1062 5201 1149 5253 alii
1182 5200 1248 5253 10
1274 5197 1608 5255 Novembris.
1640 5201 1958 5267 Quesncllus
1981 5197 2105 5261 cum

535 5269 694 5323 unico
734 5284 833 5323 ms.
867 5270 1177 5326 Corbeiensi
1211 5270 1543 5326 Dacherianu
1584 5271 1726 5327 diem
1758 5274 1827 5329 30
1857 5276 2104 5332 Octobris

535 5352 1180 5412 prepugnans,_quartam
1225 5342 1531 5406 Opinionem
1581 5343 1805 5398 invexit.
1854 5344 2103 5412 Quintam

536 5410 752 5464 tandem
783 5410 1090 5478 opinionem
1121 5410 1443 5466 addiderunt
1485 5416 1746 5469 Antonius
1786 5426 1841 5469 et
1880 5410 2105 5472 Franci-

536 5495 661 5536 scus
705 5478 850 5551 Pagii
880 5479 1074 5537 Leonis
1120 5482 1319 5537 obitum
1365 5482 1643 5551 af‘figentes
1674 5484 1779 5539 dici
1808 5487 1839 5539 4
1872 5486 2103 5542 Novem-

537 5552 669 5607 bris.
701 5552 774 5606 Ea
799 5566 930 5623 vero
952 5555 1239 5623 sententia,
1265 5567 1367 5623 qua
1390 5553 1449 5609 8.
1483 5552 1592 5610 Leo
1620 5569 1930 5623 supremum
1963 5559 2103 5614 diem

535 5623 735 5695 obiissc
763 5622 987 5695 traditur
1017 5638 1079 5695 IV!
1103 5622 1220 5695 idus
1259 5622 1595 5692 Novembris,
1624 5622 1862 5680 omnium
1910 5629 2106 5695 proba-

506 5744 509 5749 .
540 5692 821 5765 bilissima,
859 5692 1178 5765 aberuditis
1203 5695 1399 5764 passim
1443 5706 1661 5765 excepta
1694 5705 1795 5751 est.
1827 5692 1966 5753 Inter
1995 5715 2110 5754 om-

543 5777 639 5817 nes
664 5763 840 5836 libro_s_
858 5764 945 5830 qui
972 5763 1321 5836 diemrmOrtis
1346 5766 1537 5821 Leonis
1561 5763 1792 5836 signant,
1817 5771 2111 5825 vetustissi-

544 5842 769 5909 tmtslest
793 5832 1246 5909 Martyrologium,
1271 5837 1347 5890 uti
1375 5848 1581 5909 vocant,
1612 5832 2107 5909 Hieronymianttm:

547 5898 724 5961 omnia
754 5898 1116 5974 sulem'hujus
1153 5898 1507 5979 Martyrologii
1554 5898 1877 5982 exemplaria
1925 5913 2011 5969 die
2058 5928 2109 5967 tv

2213 4642 2337 4696 Ηςνο
2378 4651 2555 4697 autem
2596 4642 2663 4698 de
2705 4642 2884 4697 Leone
2915 4636 3098 4695 nostro
3129 4641 3324 4708 scripta
3352 4638 3553 4693 exinde
3599 4636 3773 4705 liquet,

2211 4714 2350 4781 quod
2378 4713 2477 4767 hoc
2497 4712 2932 4782 Martyrologium
2964 4712 3190 4785 aliorum
3216 4710 3373 4785 hujus
3403 4709 3641 4785 nominis
3668 4723 3778 4785 puni-

2214 4776 2414 4838 t'ilicum
2462 4776 2902 4840 tetate'anterins
2933 4791 3035 4836 est.
3070 4776 3369 4836 Concinunt
3410 4796 3533 4833 cum
3570 4780 3668 4831 hac
3704 4776 3779 4829 die

2214 4870 2321 4908 non
2360 4855 2531 4909 solum
2555 4864 2748 4909 cietera
2779 4854 2991 4922 antiqua
3026 4849 3401 4922 Martyrologia
3432 4866 3498 4904 ex
3534 4850 3781 4922 llierony-

2217 4928 2395 4978 miano
2432 4935 2731 4990 contracta,
2765 4920 3014 4979 Rabanns
3040 4934 3092 4977 et
3128 4920 3523 4975 Lectionarium
3554 4920 3784 4974 Bellova-

2216 5010 2377 5051 cense
2405 5011 2434 5049 a
2463 4996 2756 5063 Quesncllo
2786 4996 3086 5058 laudatum;
3119 4993 3211 5047 sed
3243 5002 3295 5046 et
3328 5003 3537 5063 tenipus
3580 4990 3785 5063 pumili-

2214 5074 2366 5122 cdtus
2398 5059 2559 5121 Leoni
2604 5068 2882 5121 tributum.
2922 5065 3070 5119 Hunc
3111 5063 3416 5119 ordinatmn
3442 5059 3541 5117 die
3585 5063 3656 5115 29
3696 5059 3783 5113 Se-

2216 5138 2620 5211 ptembrisanni
2644 5137 3115 5211 M0_proh_avintus_
3154 5142 3339 5211 annot.
3379 5134 3402 5187 1
3439 5133 3651 5211 (__Sttpr_a
3694 5130 3781 5211 col.

2216 5209 2341 5271 195,
2373 5207 2498 5279 n.a)
2529 5210 2592 5262 ad
2622 5224 2710 5279 an.
2738 5206 2863 5261 ιω.
2898 5207 3063 5279 Porro
3101 5207 3268 5276 ipsius
3298 5206 3629 5279 pontiﬁcatui
3662 5206 3787 5279 assi-

2213 5270 2441 5342 gnantur
2468 5270 2525 5333 in
2557 5278 2829 5347 Catalngis
2870 5279 2993 5330 anni
3030 5270 3138 5342 εις
3166 5270 3347 5329 mensis
3378 5276 3447 5347 1,
3479 5284 3525 5327 et
3565 5276 3675 5326 dies
3712 5270 3784 5325 l3.

2212 5350 2365 5405 Licet
2391 5352 2531 5404 enim
2561 5346 2771 5419 quidam
2802 5347 3038 5415 Catalogi
3070 5348 3350 5419 inidiehus
3397 5346 3783 5419 discrepantes,

2212 5421 2426 5491 signent
2456 5418 2685 5485 dtes‘26,
2708 5419 2949 5491 etaliqui
2980 5419 3086 5491 dies
3128 5418 3229 5491 28,
3278 5418 3789 5491 praestantiores_t;t-

2213 5483 2335 5562 inim
2381 5507 2443 5545 ac
2482 5483 3106 5562 plures—exhibenthdies
3139 5483 3225 5562 15,
3274 5483 3346 5562 ut
3377 5497 3520 5562 patet
3561 5501 3631 5562 cx
3662 5483 3792 5562 Lor:

2212 5561 2437 5631 beiensi,
2452 5556 2751 5631 quidesinit
2772 5561 2825 5614 in
2847 5557 3054 5630 Vigilio,
3069 5570 3121 5613 et
3144 5560 3312 5631 altero
3337 5558 3464 5631 item
3480 5556 3793 5611 Corbeiensi

2212 5648 2242 5684 a
2266 5628 2569 5704 Mabillo'nio
2594 5632 2773 5704 editis,
2797 5628 3040 5704 Analect.
3061 5641 3110 5704 _t_.
3144 5628 3230 5696 Ill,
3258 5644 3323 5685 ex
3352 5629 3793 5704 alioupervetusto

2213 5702 2351 5771 apud
2384 5694 2768 5767 Bollandistas,’
2806 5712 2846 5757 t.
2888 5700 2909 5755 Ι
2944 5701 3166 5771 Aprilis,
3206 5694 3261 5755 et
3305 5714 3371 5754 ex
3402 5700 3519 5771 aliis
3554 5712 3586 5751 a
3635 5694 3793 5771 Pagio

2216 5764 2441 5845 laudatis
2470 5775 2534 5828 ad
2558 5789 2647 5829 an.
2665 5764 2803 5845 illi,
2828 5790 2882 5828 ιι.
2905 5775 2961 5839 ’5,
2984 5764 3176 5845 quibus
3206 5770 3489 5845 adjiciendi
3508 5778 3645 5845 _su_nt
3667 5764 3795 5845 duo,

2217 5842 2351 5898 alter
2387 5846 2623 5899 omnium
2652 5843 2796 5917 forte
2820 5837 3223 5917 vetustissimus
3251 5837 3623 5917 in‘Hormisda
3655 5837 3795 5917 desi-

2219 5930 2388 5988 nens,
2438 5931 2594 5987 quem
2648 5916 2955 5973 invenimus
3002 5918 3053 5973 in
3092 5930 3190 5974 ms.
3228 5912 3351 5972 cod.
3403 5913 3519 5970 Vat.
3572 5908 3794 5977 Regina:
