3968 6308
233 342 342 406 321

849 336 1150 401 ιιιεεειιτ.
1192 340 1235 398 ι.
1275 330 1364 400 ns
1402 338 1691 401 vium
1722 317 1809 402 ns

1917 340 1954 400 S
1991 330 2231 403 GES'I’IS
2270 341 2331 402 εν.
2360 339 2605 403 LEOle
2642 336 2879 404 MAGNI.

3382 345 3488 414 τιΞέ

239 472 408 514 ιιιιιιιιι
435 463 491 513 et
516 440 702 529 viginti
732 442 921 526 annos,
956 459 1177 532 triginta
1210 460 1386 515 minus
1415 461 1552 529 dies,
1586 462 1816 518 admini-
1841 465 1894 526 Α
1922 475 1989 516 eo
2009 476 2153 537 anno
2175 460 2504 537 Dominicam
2530 462 2863 537 designabat.
2894 460 3026 520 Cum
3052 448 3491 537 auiémAiphon—

242 538 491 585 ιιιεεερι.

312 600 470 675 587
496 600 620 668 lsm,
652 602 889 673 inquam,
917 603 1125 673 vulgata
1156 604 1338 673 opinio
1367 614 1449 661 est
1487 620 1644 674 quam
1679 605 1815 661 hau-

239 682 377 726 stam
408 688 628 746 primum
661 688 784 746 puto
814 690 879 729 ex
901 676 1200 746 Anastasio,
1233 690 1327 731 seu
1354 682 1544 746 quovis
1582 677 1689 733 alio
1718 693 1813 732 au-

238 754 391 815 ctore
422 744 538 797 libri
574 745 910 813 pontiﬁenlis.
958 745 1149 800 Verum
1190 762 1345 815 quam
1373 744 1621 803 Viulirmie
1651 750 1721 804 sit
1750 764 1813 804 ac

238 814 529 881 deplorata:
558 817 677 871 lidei
707 817 1018 884 Opusculum
1042 814 1383 883 istud,nemo
1407 821 1544 874 inter
1569 819 1814 875 eruditos

236 884 713 959 dimtetur.AUnde
759 903 879 942 cum
921 888 1058 943 idem
1104 890 1289 943 scribit
1335 888 1515 944 sedem
1558 893 1812 959 aposmli-

235 972 356 1011 cam
389 966 506 1025 post
536 957 728 1014 Leonis
757 960 960 1013 obitum
1003 972 1208 1027 septem
1236 960 1428 1015 diebus
1471 957 1713 1027 vacasse,
1746 961 1814 1016 ab

234 1027 601 1101 illustrissimo
642 1030 916 1084 cardmale
946 1030 1173 1085 Baronio
1217 1032 1408 1085 merito
1437 1032 1676 1101 rejicitur
1702 1040 1813 1085 tom

234 1098 541 1170 exMariani
565 1101 707 1155 Secti
736 1102 1066 1166 teStimonio,
1092 1112 1200 1155 tum
1228 1103 1461 1155 maxime
1484 1098 1548 1156 ex
1578 1112 1817 1170 tempore

232 1169 634 1295 zubsrogationis
671 1170 837 1226 Hilari
868 1186 1015 1243 papae
1045 1173 1098 1226 in
1127 1172 1306 1226 locum
1338 1173 1607 1226 demortui
1638 1169 1814 1242 ponti~

276 1257 320 1294 ct
360 1281 373 1295 .

276 1255 373 1295 CIS.

306 1311 394 1365 ιν.
432 1311 674 1367 Primum
728 1314 889 1380 igitur
938 1312 1083 1382 quod
1124 1312 1326 1382 inrliac
1380 1312 1675 1381 quaestione
1722 1329 1817 1377 pro

230 1394 385 1438 certo
413 1395 651 1438 statuere
675 1384 836 1457 licet,
868 1381 971 1457 hoc
1006 1389 1127 1436 est:
1164 1381 1401 1436 Hilarum
1433 1382 1628 1457 Leonis
1658 1385 1819 1457 588

231 1468 609 1509 successorem
638 1454 812 1508 eidem
843 1456 1183 1522 subrogatum
1216 1466 1335 1507 esse
1372 1469 1553 1509 mense
1584 1454 1811 1509 Nave—mi

229 1523 320 1578 bri
348 1527 473 1577 anni
506 1525 630 1588 461,
664 1539 771 1593 quo
802 1525 907 1578 Leo
941 1524 1171 1578 decessit
1197 1538 1228 1577 e
1254 1523 1381 1593 vita.
1413 1524 1577 1592 Hujus
1620 1525 1695 1579 rei
1734 1535 1813 1579 te-

232 1604 378 1648 stem
412 1592 986 1649 habemusMarianum
1022 1592 1541 1663 Scotumiinsiguem
1583 1594 1809 1649 chrono-

234 1665 505 1734 graphum
543 1681 556 1717 :
585 1663 801 1718 Hilarus
823 1681 955 1735 papa
984 1663 1055 1735 46
1091 1674 1201 1731 post
1233 1662 1445 1735 Petrum
1475 1666 1746 1719 ordinatur
1772 1681 1808 1720 ιι

236 1736 360 1788 idus
393 1735 710 1790 Novembris.
745 1734 846 1790 Sed
874 1745 925 1789 et
951 1734 1215 1802 antiquius
1238 1743 1293 1788 et
1316 1734 1632 1803 locupletius
1663 1738 1808 1792 testi-

235 1808 473 1875 ριοιιίιιιιι
522 1805 888 1875 Ηιιιιτιιείὶρςθ
936 1806 1255 1873 suppeditat.
1307 1804 1609 1875 Concilium
1667 1810 1809 1862 enim

228 1873 535 1929 Romanum
569 1891 711 1928 anno
736 1874 864 1930 Chr.
888 1875 992 1929 465
1019 1877 1368 1939 celebratum,
1408 1877 1501 1929 sub
1529 1873 1613 1930 die
1634 1894 1699 1931 xv
1720 1878 1813 1932 ka-

227 1946 507 2021 lendarum
538 1944 907 2021 Decembrium,
929 1947 1209 2021 ut__ltabettt
1230 1947 1360 1999 Acta
1378 1950 1610 2021 vulgata,
1631 1950 1707 2021 (a)
1729 1950 1812 2003 vel

224 2031 325 2069 ιιιιι
378 2028 431 2070 ιιι
480 2018 530 2071 iu
571 2019 867 2083 appendtce
895 2017 1095 2070 codicis
1147 2016 1456 2086 DiOnysiani
1503 2032 1555 2073 et
1596 2016 1651 2074 iri
1690 2016 1810 2075 Mo-

224 2087 477 2155 guntino.
508 2088 590 2160 vel
617 2103 728 2160 xvi,
746 2099 803 2141 ut
823 2087 979 2142 iidem
999 2087 1064 2141 ad
1089 2088 1412 2158 marginem;
1435 2091 1554 2151 hoc,
1573 2091 1810 2160 inquam,

222 2160 520 2212 cuneilium
552 2158 766 2212 Hilarus
792 2161 901 2228 ἤρκει
923 2160 973 2211 ιιι
996 2162 1219 2219 epistula
1248 2160 1313 2212 ad
1337 2161 1647 2225 Ascanium,
1678 2158 1810 2225 etc.,

218 2244 352 2293 cap.
379 2229 433 2296 2,
476 2229 712 2283 habitum
746 2246 863 2285 esse
893 2229 1057 2300 589
1083 2239 1310 2284 testatur
1339 2245 1368 2283 a
1400 2230 1684 2295 fratribus,
1715 2248 1813 2288 seu

219 2301 585 2371 coepiscopis,
613 2300 664 2354 in
704 2304 1071 2371 anniversaria
1107 2303 1489 2370 assumptionis
1519 2319 1627 2358 suae
1658 2303 1808 2358 festi-

218 2370 395 2426 vitate
422 2373 766 2445 congregatis
790 2390 802 2424 :
835 2372 976 2439 Quos
1020 2370 1231 2445 Natalis
1249 2373 1367 2445 mei,
1393 2373 1584 2440 inquit,
1615 2376 1808 2445 festivi-

221 2450 311 2495 tas
355 2451 707 2514 congregarat.
741 2443 1019 2514 Jamvero
1054 2457 1172 2497 cum
1201 2442 1289 2496 die
1318 2442 1588 2499 Dominica
1615 2442 1809 2501 conse-

217 2514 368 2567 crari
421 2513 669 2569 debuerit
706 2513 971 2581 pontifex,
1007 2528 1111 2568 non
1150 2516 1486 2569 incommode
1514 2518 1809 2571 ordinatio-

219 2599 352 2639 nem
386 2584 550 2655 Hilari
584 2586 633 2655 in
668 2585 1052 2653 praecedentem
1095 2584 1419 2639 Dominicam
1464 2588 1767 2655 rejiciemus
1790 2630 1804 2652 .

218 2670 350 2725 qua:
379 2654 473 2711 fuit
501 2671 569 2709 xv
598 2654 852 2711 kalendas
882 2655 1204 2722 Decembris,
1235 2656 1281 2711 si
1307 2654 1529 2725 quidem
1550 2662 1722 2713 littera
1760 2658 1798 2712 F

1841 1841 1889 1903 Β

1921 547 2015 607 sus
2043 531 2325 607 Ciaconius
2356 534 2408 587 in
2448 532 2561 607 Vita
2596 531 2811 607 Leonis
2843 537 3043 591 scribat
3070 535 3244 607 (haud
3274 531 3491 595 dubium

1917 604 2045 681 quin
2091 620 2155 659 ex
2199 606 2436 681 antiquis
2489 605 2741 681 Ecclesia
2797 604 3495 681 Romanaa‘tnonumentis)

1916 674 2103 730 sedem
2130 678 2479 743 apostolicam
2503 676 2621 799 ιγ)
2649 676 2830 732 decem
2857 688 2908 733 et
2934 689 3057 733 octo
3083 679 3198 733 dies
3236 674 3493 746 vacasse,

1916 746 1962 799 si
1995 746 2215 799 totidem
2261 747 2328 799 ab
2371 747 2459 799 illa
2550 747 2775 799 ominica
2812 764 2903 799 seu
2949 751 3036 799 die
3065 752 3132 799 18
3176 750 3492 799 Novembris

1915 746 1962 800 si
1995 746 2215 801 totidem
2261 747 2328 800 ab
2371 747 2459 801 illa
2503 746 2775 800 Dominica
2812 764 2903 803 seu
2949 751 3036 806 die
3065 752 3132 806 18
3175 750 3492 808 Novembris

1915 827 2185 871 retrorsus
2217 828 2588 881 numerentur,
2634 828 2877 873 occurret
2916 820 3030 876 dies
3078 822 3143 876 18
3178 838 3271 879 seu
3314 822 3493 878 obitus

1915 886 1983 961 S.
2013 888 2290 961 Leonistn
2320 886 2580 961 kalendas
2603 886 2934 961 Novembris.
2968 892 3037 946 At
3066 895 3235 961 (quod
3268 894 3496 952 tortam

1914 959 2237 1027 miraberis)
2267 974 2331 1013 eo
2361 958 2476 1025 ipso
2514 961 2601 1013 die
2642 967 2874 1011 notatam
2900 958 3129 1028 legimus
3153 964 3323 1019 sancti
3352 964 3493 1020 Leo-

1916 1033 2001 1098 nis
2039 1038 2262 1083 mortem
2302 1031 2353 1082 in
2396 1032 2564 1083 veteri
2606 1028 2921 1082 kalendario
2949 1030 3088 1098 quod
3118 1048 3179 1086 ex
3213 1035 3333 1090 cod.
3381 1050 3485 1091 ms.

1914 1097 2229 1174 Cerbeiensi
2264 1110 2409 1174 torno
2441 1099 2496 1174 Χ
2518 1101 2608 1174 sui
2635 1097 3167 1174 Spicilegii_in.~eruit
3192 1108 3270 1158 vir
3295 1107 3493 1174 pietate

1918 1178 1975 1223 et
2014 1170 2257 1247 doctrina
2309 1169 2532 1247 insignis
2582 1170 2637 1222 D.
2683 1170 2858 1247 Lucas
2903 1169 3494 1247 Dach_erius,iquodque

1919 1254 2063 1294 anno
2092 1238 2195 1296 826
2226 1240 2602 1295 concinnatum
2647 1241 2897 1309 gravibus
2942 1238 3279 1309 conjecturis'
3304 1238 3493 1302 ducitis

1918 1310 2205 1384 existimat.
2218 1310 2307 1384 _lta
2333 1326 2491 1384 porro
2514 1311 2735 1384 legimus
2759 1312 2809 1365 in
2837 1310 3193 1384 kalendaria;
3214 1326 3270 1366 ιιι
3292 1312 3342 1367 lt.
3370 1314 3497 1384 (No-

1916 1382 2177 1452 yembris)
2206 1381 2465 1451 Depositio
2490 1382 2651 1434 sancti
2680 1380 2862 1435 Leonis
2881 1398 3048 1452 papa.
3077 1381 3290 1437 Nullum
3314 1380 3490 1441 autem

1918 1450 2350 1522 Leonemalium
2379 1466 2443 1522 eo
2487 1460 2729 1522 tempore
2776 1450 3046 1507 mortuum
3090 1453 3347 1521 legimus;
3399 1471 3496 1510 uec

1913 1519 1995 1575 fas
2036 1532 2118 1575 est
2157 1520 2225 1575 de
2256 1521 2359 1595 alio
2392 1521 2570 1595 Leone
2598 1519 2774 1590 'qunm
2819 1523 2885 1578 de
2935 1519 3496 1595 primo—interpretari

1912 1606 2265 1661 quiscumque
2309 1592 2425 1647 sine
2466 1593 2649 1646 addito
2688 1596 2937 1648 dicuntur
2980 1595 3047 1650 de
3087 1594 3267 1663 aliquo
3298 1592 3499 1652 'Leone

1911 1663 2169 1731 pontifice
2198 1664 2249 1716 in
2283 1663 2476 1718 tabulis
2498 1664 2899 1721 ecclesiasticis.

1984 1732 2064 1786 Ad
2104 1731 2484 1789 Cnrbeiensem
2531 1736 2773 1790 codicem
2824 1734 3064 1795 proxime
3110 1736 3317 1795 accedit
3361 1737 3498 1794 liber

1914 1802 2281 1871 lectiouarius,
2328 1820 2486 1874 quem
2538 1820 2602 1861 ex
2655 1822 2753 1860 ms.
2808 1802 3197 1862 Bellovacensis
3244 1808 3497 1865 Ecclesiae

1914 1876 2100 1929 codice
2142 1875 2390 1929 Baluzius
2429 1877 2595 1931 edidit
2638 1878 2689 1930 in
2738 1878 2908 1933 lucem
2942 1878 3004 1931 ad
3048 1880 3247 1934 calcem
3292 1880 3420 1935 tomi
3453 1880 3496 1936 ll

1915 1946 2318 2015 capitularium:
2368 1946 2457 2001 Sic
2483 1947 2621 2001 enim
2654 1947 2744 2001 ille
2776 1948 2827 2001 in
2868 1963 3049 2003 mense
3085 1948 3409 2004 Novembri:
3442 1966 3495 2006 tv

1915 2017 2036 2070 idus
2053 2090 2061 2092 _
2086 2016 2136 2070 Ν
2140 2017 2426 2092 ovembris_,_
2441 2017 2926 2092 Roma',_depositio
2964 2022 3127 2092 sancti
3150 2019 3353 2092 ALeonis
3383 2023 3493 2092 epi-

1919 2090 2062 2157 scopi
2094 2098 2142 2159 et
2173 2089 2338 2142 sancti
2370 2086 2590 2142 Henna.
2623 2086 2749 2143 Non
2770 2091 2924 2159 longe
2955 2090 3105 2144 abeSt
3129 2090 3245 2144 dies
3268 2092 3334 2147 10
3362 2086 3491 2148 Nov.

1918 2174 1946 2210 a
1981 2159 2049 2214 30
2083 2158 2350 2232 Octobris,
2396 2175 2493 2213 nec
2532 2173 2735 2232 certum
2756 2158 2942 2232 estin
2972 2161 3154 2217 codice
3182 2161 3305 2227 isto,
3334 2178 3495 2232 quem

1919 2242 2229 2298 corruptum
2257 2242 2309 2283 et
2338 2230 2711 2299 interpolatum
2746 2230 2940 2285 fatetur
2966 2233 3160 2296 editor,
3192 2234 3279 2301 qui
3308 2230 3494 2289 revera

1920 2302 2191 2355 nonnullis
2220 2300 2269 2354 in
2306 2302 2434 2355 locis
2468 2304 2775 2370 perturbata
2804 2301 2963 2355 habet
2997 2300 3241 2371 plurima,
3270 2303 3397 2358 olim
3426 2304 3493 2359 ad

1912 2387 1968 2425 ιιι
2007 2370 2223 2425 kalend.
2264 2371 2403 2425 Nov.
2449 2388 2552 2426 non
2583 2384 2887 2427 anuotatam
2919 2370 3079 2428 iuiSse
3108 2374 3301 2429 Leonis
3328 2375 3493 2442 depo-

1912 2444 2188 2509 sitionem,
2221 2452 2312 2496 aut
2342 2458 2409 2497 ex
2442 2443 2512 2498 50
2541 2444 2788 2498 Octobris
2816 2444 2880 2497 ad
2915 2444 2981 2499 10
3012 2444 3266 2499 Novemb.
3297 2446 3348 2500 in
3392 2445 3494 2501 Ec-

1912 2514 2075 2569 clesia
2107 2514 2475 2586 Amhinnensi,
2507 2515 2573 2568 ad
2603 2516 2761 2586 cujus
2784 2530 2936 2569 usum
2963 2516 3096 2570 liber
3122 2516 3356 2586 scriptus
3384 2524 3490 2586 est,

1912 2600 2033 2640 esse
2067 2585 2381 2640 translatum
2428 2586 2710 2641 occasione
2740 2584 2861 2642 festi
2902 2586 3129 2657 alicujus
3172 2584 3371 2657 proprii
3401 2584 3497 2644 illo

1912 2656 2001 2713 die
2038 2657 2394 2723 occurrentis,
2436 2665 2493 2712 et
2537 2658 2655 2713 festi
2683 2667 2993 2728 octavaeque
3034 2656 3339 2714 sanctorum
3369 2674 3492 2714 om-

1283 2771 1848 2834 BALLERINIORUM
1885 2774 2414 2834 ANNOTATIONES

222 2861 406 2925 1997;
440 2861 574 2933 alter
602 2876 736 2933 vero
758 2876 915 2932 quem
946 2876 1011 2917 ex
1036 2872 1355 2933 perantrquo
1386 2865 1680 2922 Veronensi
1711 2884 1810 2922 co-

218 2933 347 2989 dice
368 2932 600 3003 vulgavit
626 2932 683 2986 P.
713 2931 977 3002 Josephtts
1009 2931 1373 3001 Blanchinius,
1407 2946 1537 2993 tom.
1568 2938 1631 2992 ιν
1663 2939 1810 2994 Ana-

223 3006 405 3061 stasii.
439 3006 491 3058 in
521 3003 939 3074 prolegomenis,
973 3019 1091 3073 pag.
1125 3007 1179 3059 6.
1211 3007 1495 3062 Accedunt
1517 3012 1679 3063 etiam
1728 3014 1810 3073 pi-

221 3085 398 3131 ctura:
422 3076 652 3130 basilicae
678 3076 735 3129 S.
770 3076 939 3143 Pauli,
981 3084 1037 3130 et
1066 3077 1345 3143 inscriptio
1372 3094 1437 3133 ex
1480 3095 1582 3133 ms.
1618 3079 1811 3134 Virdu-

224 3148 387 3202 nensi
417 3150 467 3199 iu
497 3146 787 3201 Mabillonii
822 3147 1094 3201 Analectis
1131 3148 1394 3214 impressa
1435 3160 1488 3203 et
1519 3150 1741 3204 inferius
1771 3166 1800 3205 a

226 3218 521 3286 Quesnello
566 3231 779 3289 recusa,
813 3234 865 3289 ιι.
898 3216 987 3281 11,
1027 3231 1148 3285 quas
1175 3217 1292 3273 dies
1323 3219 1541 3275 totidem
1572 3221 1804 3289 signant.

1916 2870 2187 2923 nationem
2209 2869 2509 2938 signantem
2538 2883 2572 2921 ιι
2605 2868 2675 2923 id.
2710 2867 3045 2923 Novembris.
3074 2867 3209 2921 Cum
3238 2882 3399 2937 porro
3427 2878 3493 2926 ex

1915 2940 2038 2993 aliis
2064 2937 2396 2992 documentis
2424 2937 2658 2991 Romana
2702 2940 2860 2991 sedes
2900 2943 3167 2992 vacaverit
3194 2939 3383 2992 diebus
3409 2952 3493 2993 se-

1915 3020 2081 3077 ptem,
2122 3009 2325 3060 obitum
2376 3008 2571 3061 Leonis
2600 3007 2667 3061 ad
2707 3010 2847 3060 diem
2888 3017 3134 3073 quartum
3181 3008 3495 3063 Novembris

1914 3078 2246 3133 evehendum
2268 3078 2557 3145 collegere.
2587 3077 2660 3130 Ea
2686 3091 2810 3130 vero
2832 3077 3127 3145 antiquiora
3152 3079 3493 3144 documenta,

1913 3150 2106 3216 quibus
2136 3147 2329 3201 Leonis
2354 3155 2581 3200 mortem
2612 3146 2999 3214 assignavimus
3028 3147 3132 3199 diei
3166 3146 3231 3200 10
3255 3146 3494 3201 Novem-

1915 3224 2026 3273 hris
2047 3218 2339 3287 (siquidem
2367 3217 2607 3289 Romana
2632 3219 2786 3271 sedes
2814 3217 3020 3289 vacavit
3043 3216 3232 3289 diebus
3260 3220 3495 3289 septem)

230 3278 297 3342 Si
341 3298 505 3343 autem
534 3304 561 3341 a
593 3288 682 3342 die
715 3278 784 3342 29
815 3278 1147 3356 Septembris
1190 3300 1567 3357 Computentur
1591 3278 1808 3347 .mensis
1836 3278 1883 3343 C
1913 3278 2079 3345 Hilari
2107 3278 2500 3343 u'rdiuationem
2548 3288 2613 3342 ad
2658 3289 2800 3343 diem
2831 3303 2870 3342 ιι
2901 3288 2975 3343 id.
3008 3288 3248 3358 ejusdem
3294 3278 3495 3346 mensis

235 3368 293 3413 et
321 3359 432 3413 dies
461 3359 742 3422 tredecim,
772 3358 968 3412 Leonis
999 3375 1145 3413 tuors
1176 3362 1363 3415 incidit
1393 3362 1445 3416 in
1478 3363 1621 3417 diem
1647 3378 1699 3416 tv
1732 3363 1805 3418 id.

226 3429 564 3486 Novembris.
613 3430 670 3484 ln
713 3430 952 3502 laudata,
982 3430 1331 3499 inscriptione
1375 3432 1483 3487 Leo
1529 3433 1807 3502 depositus

224 3502 427 3556 dicitur
464 3516 519 3556 ιιι
564 3502 701 3555 idus.
724 3540 836 3565 ...,
868 3501 957 3555 ubi
988 3516 1107 3555 cum
1149 3505 1350 3557 mensis
1394 3501 1763 3559 nomen’desit
1786 3546 1801 3571 ,

226 3573 467 3640 Aprilem
492 3587 729 3628 mensem
757 3574 1113 3641 supplendum
1136 3575 1379 3628 nonnulli
1406 3576 1802 3644 existimarunt,

227 3646 302 3698 ita
330 3654 389 3698 ut
413 3644 533 3718 ejus
556 3659 701 3697 mors
746 3643 1063 3718 assignauda
1103 3646 1185 3718 sit
1208 3648 1405 3718 Inicus
1450 3647 1664 3718 Aprilis,
1697 3662 1805 3717 quo

225 3730 353 3769 eum
384 3716 652 3785 sepultum
683 3729 804 3768 cum
835 3713 972 3768 libro
1002 3714 1298 3771 Pontificali
1334 3713 1511 3781 plures
1560 3713 1801 3773 tradunt.

223 3786 482 3859 Sedhzec
509 3786 827 3859 documenta
860 3785 1275 3856 Hieronymiano
1301 3788 1680 3859 Martyrologio
1712 3805 1806 3859 po-

226 3858 482 3926 steriora,
509 3857 839 3927 prmierenda
869 3871 973 3910 non
1001 3866 1147 3925 sunt,
1174 3873 1294 3913 cum
1328 3857 1624 3927 praesertim
1671 3857 1808 3915 tem-

225 3944 329 3998 pus
362 3931 704 4001 pontiﬁcatus
728 3927 934 4001 Leonis
963 3929 1019 4001 iu
1045 3928 1292 4001 omnibus
1339 3932 1610 4001 Catalogis
1656 3940 1807 3985 nota-

223 4010 383 4067 tum,
414 4009 469 4055 et
494 4016 522 4054 a
557 3999 645 4071 die
678 3998 750 4053 29
790 3999 1117 4071 Septembris
1167 3998 1672 4071 ordinationisvejus
1720 4002 1807 4057 in-

222 4080 468 4143 ceptum,
504 4068 667 4143 Aprili
718 4068 884 4124 mensi
927 4070 1075 4143 nullo
1124 4073 1282 4126 modo
1328 4068 1607 4143 congruat}
1658 4074 1808 4129 Adde

223 4142 449 4197 tandem
478 4142 530 4196 id
560 4156 665 4196 non
696 4155 850 4210 posse
877 4142 1151 4195 conciliari
1184 4158 1304 4197 cum
1345 4142 1684 4199 ordinatione
1715 4144 1807 4198 Hi-

226 4214 353 4276 lari.
384 4227 545 4283 quem
573 4228 759 4267 mense
788 4212 1073 4267 Novembri
1104 4212 1407 4268 ordinatum
1451 4213 1768 4280 Quesnellus
1791 4256 1806 4281 ,

225 4300 286 4341 ιι.
321 4283 381 4351 4,
408 4287 607 4354 optime
636 4284 841 4338 statuit.
875 4283 1058 4354 Solum
1086 4295 1257 4349 errat,
1304 4299 1425 4338 cum
1454 4288 1572 4353 ejus
1598 4286 1810 4339 ordina-

228 4353 693 4423 tionem’assignat
716 4354 822 4409 diei
844 4368 912 4408 xv
939 4353 1045 4408 kal.
1081 4355 1411 4422 Decembris,
1451 4370 1517 4409 eo
1546 4355 1684 4423 quod
1715 4371 1811 4421 pu-

229 4427 363 4481 tarit
405 4440 494 4481 an.
540 4425 635 4481 461
676 4426 904 4481 litteram
953 4424 993 4479 F
1034 4425 1417 4481 Dominicalem
1461 4427 1641 4481 fuisse.
1675 4426 1810 4481 Cum

228 4505 418 4553 autem
450 4497 625 4551 littera
656 4495 999 4551 Dominicalis
1039 4496 1157 4567 ejus
1202 4498 1325 4551 anni
1357 4496 1516 4551 fuerit
1545 4501 1583 4551 Α
1604 4540 1619 4563 ,
1664 4497 1809 4551 Hila-

231 4583 332 4624 rus
362 4568 638 4622 ordinatus
686 4567 941 4621 dicendus
968 4578 1049 4621 est
1079 4582 1175 4622 xm
1203 4568 1309 4623 kal.
1343 4567 1682 4635 Decembris,
1716 4583 1809 4624 seu

227 4640 324 4695 die
354 4638 421 4694 19
448 4637 763 4693 Novembris
801 4653 889 4691 an.
918 4639 1045 4692 461.
1077 4637 1131 4694 St
1160 4650 1337 4694 autem
1381 4639 1439 4695 S.
1470 4640 1577 4695 Leo
1619 4655 1805 4695 exces~

231 4712 405 4766 sisset
443 4710 529 4764 die
566 4710 621 4764 11
666 4710 891 4776 Aprilis,
931 4720 1135 4779 septem
1175 4719 1232 4764 et
1267 4712 1496 4780 amplius
1538 4713 1811 4767 mensibus

230 4782 481 4838 Romana
503 4782 658 4835 sedes
678 4793 895 4852 vacasse
915 4781 1137 4835 dicenda
1158 4792 1321 4847 esset,
1345 4784 1484 4852 quod
1510 4784 1575 4836 ab
1597 4782 1806 4838 illorum

232 4864 543 4925 temporum
593 4851 831 4925 moribus
872 4854 1151 4925 abhorret.
1199 4851 1370 4925 Iidem
1412 4854 1671 4923 Catnlogi,
1720 4854 1812 4925 qui

229 4938 362 4980 cum
396 4923 608 4994 vulgato
637 4923 919 4994 Anastasio
942 4923 1172 4978 Leonem
1211 4924 1477 4993 sepultum
1507 4931 1720 4979 tradunt
1738 4923 1811 4981 ιιι

230 4996 313 5051 id.
365 4993 586 5065 Aprilis,
630 4995 809 5049 statim
840 4993 1039 5047 addunt
1067 5010 1286 5049 cessasse
1329 4996 1675 5065 episcopatum
1703 4996 1812 5051 dies

232 5073 449 5137 septem.
485 5065 539 5120 ld
566 5073 742 5119 autem
773 5075 1105 5137 cumgnostra
1133 5067 1396 5121 sententia
1435 5068 1636 5135 optime
1674 5081 1807 5121 con-

233 5133 406 5203 cinit;
454 5136 541 5192 die
582 5138 724 5191 enim
773 5133 839 5190 10
870 5134 1184 5191 Novembris
1227 5139 1409 5193 Leone
1454 5133 1559 5191 vita
1594 5137 1804 5205 functo,

234 5220 362 5279 post
389 5218 595 5279 septem
640 5207 756 5262 dies
790 5207 999 5261 Hilarus
1042 5206 1161 5279 eligi
1212 5211 1400 5276 potuit,
1436 5210 1555 5278 ejus
1593 5209 1814 5263 ordina-

237 5278 388 5336 tione
418 5278 582 5334 biduo
614 5289 915 5351 prorogata,
936 5288 1000 5351 ut
1023 5278 1109 5351 die
1142 5280 1417 5351 Dominico
1444 5292 1811 5351 perageretur.

133 5406 139 5416 ,
237 5352 323 5407 Ex
352 5350 438 5406 his
467 5351 673 5405 corruit
698 5349 967 5417 Quesnelli
994 5350 1194 5417 Opinio,
1220 5366 1323 5420 qua
1349 5349 1590 5407 Leonem
1615 5350 1815 5408 obiisse

236 5422 535 5479 arbitratur
575 5436 632 5477 ιιι
662 5419 769 5475 kal.
798 5420 1135 5487 Novembris,
1182 5419 1278 5476 seu
1308 5424 1396 5477 die
1432 5421 1500 5479 30
1545 5422 1814 5478 Octobris.

237 5492 421 5552 Unum
449 5494 773 5549 Corbeiense
800 5491 1184 5561 kalendarium,
1213 5494 1352 5563 quod
1394 5495 1515 5549 aliis
1541 5493 1815 5550 erroribus

241 5582 349 5620 non
374 5576 546 5634 caret,
580 5564 711 5619 tanti
740 5576 858 5617 esse
885 5564 1091 5633 nequit,
1114 5574 1172 5619 ut
1193 5573 1271 5619 tot
1298 5565 1631 5621 documentis
1654 5574 1817 5634 atque

242 5637 542 5692 rationibus
573 5634 828 5690 hactenus
869 5635 1155 5706 propositis
1198 5635 1604 5692 anteferendum
1627 5634 1818 5691 creda-

244 5717 349 5765 tur.
397 5708 552 5764 Cadit
582 5708 749 5777 multo
791 5707 957 5775 magis
1000 5706 1276 5777 utriusque
1318 5708 1461 5777 Pagii
1509 5707 1814 5776 sententia,

243 5794 363 5848 quae
386 5778 515 5835 nulli
538 5777 711 5849 quoad
737 5776 1170 5849 Leonismortem
1192 5776 1512 5833 documento
1536 5778 1815 5849 incumbit.

247 5850 434 5907 Solum
461 5849 539 5906 illi
560 5847 857 5919 praeierunt
898 5848 1184 5905 Harianum
1220 5849 1439 5907 Scotum
1468 5848 1632 5905 Hilari
1672 5847 1816 5904 ordi-

1911 3377 1940 3415 a
1973 3361 2212 3416 Mariano
2247 3360 2411 3417 Scoto
2442 3374 2719 3428 perperam
2757 3366 3002 3414 evectsm
3042 3360 3352 3415 ostendunt.
3386 3359 3491 3415 La-

1911 3433 2056 3502 bitur
2084 3433 2243 3486 etiam
2283 3434 2463 3502 opinio
2498 3445 2602 3499 qua
2631 3431 2748 3501 ejus
2779 3444 2925 3485 mors
2954 3434 3258 3500 assignatur
3300 3431 3403 3486 diei
3438 3446 3489 3486 tv

1908 3501 2016 3557 kal.
2057 3502 2204 3568 Julii,
2236 3501 2330 3558 seu
2356 3503 2427 3557 28
2452 3501 2613 3557 Junii.
2650 3506 2762 3558 Hac
2784 3514 2963 3557 autem
2990 3503 3079 3558 die
3116 3516 3221 3558 non
3251 3502 3451 3557 obitum
3475 3547 3489 3571 ,

1909 3575 2003 3629 sed
2033 3574 2432 3630 translationem
2462 3575 2519 3629 S.
2556 3574 2747 3629 Leonis
2782 3574 3105 3628 celebratam
3136 3575 3298 3629 fuisse
3329 3572 3491 3644 Capi-

1910 3646 2081 3701 tulare
2107 3646 2509 3714 Evangeliorum
2540 3644 2792 3699 Romanae.
2820 3644 3075 3699 Ecclesia:
3104 3655 3349 3701 testatur.
3382 3646 3493 3699 Hoc

1909 3714 2204 3771 kalendarii
2239 3717 2451 3771 nomine
2476 3717 2677 3785 primus
2698 3717 2861 3769 edidit
2885 3715 3117 3770 Joannes
3144 3715 3373 3781 Fronto;
3396 3715 3491 3771 sed

1908 3789 2329 3843 vetustissimum
2366 3802 2487 3841 esse
2526 3787 2834 3856 Capitulare
2868 3786 3278 3857 Evangeliorum
3310 3787 3491 3857 ipsius

1910 3857 2165 3913 Romanas
2199 3860 2448 3913 Ecclesia:
2478 3873 2541 3911 ex
2581 3873 2705 3912 ven.
2732 3857 2880 3911 card.
2905 3856 3176 3912 Thomasii
3208 3866 3264 3912 et
3304 3856 3487 3911 Domi-

1911 3930 2014 3984 nici
2044 3930 2259 4000 Georgii
2300 3942 2459 3998 atque
2485 3928 2711 4000 aliorum
2741 3929 3064 4000 editi0nibus
3092 3929 3273 4000 liquet.
3304 3927 3365 4000 In
3389 3928 3491 4000 hoc

1909 4010 2087 4056 autem
2113 3997 2263 4067 juxta
2284 3997 2473 4053 omnes
2498 3999 2759 4053 editiones
2784 4011 2847 4067 ac
2876 4011 3005 4051 mss.
3035 3998 3123 4052 die
3150 4000 3221 4051 28
3246 3997 3389 4051 Junii
3417 3999 3495 4052 lc.-

1909 4066 2413 4139 giturzTranslotio
2440 4072 2666 4138 corporis
2708 4069 2768 4123 S.
2818 4066 3021 4133 Leonis,
3067 4083 3224 4136 quam
3269 4067 3488 4136 quidem

1914 4141 2015 4195 hoc
2043 4141 2230 4195 eodem
2259 4141 2343 4195 die
2380 4141 2571 4193 factam
2594 4140 2694 4193 sub
2722 4139 2908 4205 Sergio
2946 4153 3036 4191 an.
3062 4139 3165 4191 088
3196 4150 3491 4192 memorata

1914 4212 2189 4279 inscriptio
2217 4212 2355 4279 apud
2387 4209 2751 4264 Mahillonium
2782 4206 2955 4275 prodit
2982 4206 3297 4279 hisverbis:
3323 4206 3493 4279 Depo-

1912 4283 2040 4334 situs
2080 4275 2150 4335 est
2184 4275 2385 4335 ttt'idus
2403 4318 2415 4331 .
2439 4320 2453 4334 .
2478 4317 2490 4331 .
2511 4319 2524 4331 .
2547 4317 2559 4329 .
2584 4320 2596 4332 .
2625 4288 2673 4331 et
2712 4280 2891 4330 iterum
2930 4275 3207 4331 translatus
3236 4276 3336 4330 huc
3360 4275 3405 4329 α’
3423 4275 3488 4329 Β.

1914 4368 2048 4422 papa
2077 4352 2257 4421 Sergio
2282 4366 2336 4404 tv
2372 4349 2480 4422 kal.
2504 4347 2617 4405 Jul.
2657 4348 2833 4422 ἐπάξει.
2879 4348 2928 4401 1.
2962 4347 3097 4422 Num
3141 4362 3270 4422 vero
3305 4347 3391 4422 die
3420 4347 3485 4422 11

1916 4416 2112 4491 Aprilis
2149 4416 2251 4476 alia
2294 4421 2551 4477 vetustior
2593 4419 2868 4491 translatio
2903 4420 2987 4475 vel
3028 4418 3253 4474 elevatio
3292 4416 3491 4474 admit-

1916 4489 2074 4548 tenda
2103 4494 2204 4559 sit,
2237 4493 2367 4547 satis
2398 4491 2669 4562 probabile
2698 4489 2910 4545 videtur
2940 4506 3005 4547 ex
3031 4492 3264 4561 genuino
3295 4492 3496 4562 Marty-

1916 4566 2121 4634 rologio
2152 4564 2341 4631 Bedae,
2375 4563 2462 4634 qui
2493 4563 2649 4633 paqu
2678 4571 2799 4634 post
2832 4562 3101 4634 Sergium,
3130 4572 3325 4633 praster
3351 4562 3494 4619 diem

1913 4636 1983 4692 28
2003 4633 2169 4701 Junii,
2197 4636 2337 4691 diem
2365 4637 2522 4690 etiam
2559 4635 2613 4689 11
2647 4633 2842 4703 Aprilis
2866 4633 3059 4689 Leonis
3087 4635 3219 4690 festo
3243 4634 3491 4690 ascribit.

1914 4708 2047 4762 Cum
2070 4709 2211 4763 enim
2240 4722 2304 4762 ex
2331 4707 2634 4762 constitutis
2662 4720 2761 4761 nec
2794 4705 2987 4760 Leonis
3018 4720 3182 4768 mors,
3218 4721 3314 4760 nec
3342 4704 3492 4760 ordi-

1916 4780 2064 4834 natio
2092 4780 2215 4834 huic
2243 4779 2347 4832 diei
2382 4777 2643 4847 attigeuda
2673 4778 2764 4841 sit,
2792 4776 2966 4846 aliqua
2990 4778 3230 4846 ejusdem
3264 4775 3494 4847 transla-

1918 4852 1991 4905 tio
2032 4851 2111 4904 vel
2154 4849 2381 4906 elevatio
2420 4844 2610 4919 sergio
2650 4844 2916 4916 antiquior
2959 4844 3033 4919 eo
3065 4847 3159 4919 die,
3199 4844 3490 4919 astruenda

1915 4931 2025 4983 est;
2059 4932 2111 4975 et
2138 4922 2236 4975 hac
2261 4920 2398 4974 forte
2424 4920 2492 4974 de
2519 4915 2679 4973 causa
2700 4919 2751 4973 in
2777 4918 3121 4987 inscriptione
3149 4917 3356 4971 laudata
3378 4915 3491 4987 Leo

1914 4991 2015 5046 sub
2044 4991 2233 5062 Sergio
2272 4992 2479 5058 iterum,
2512 4990 2563 5045 id
2598 4999 2702 5057 est,
2733 4984 2988 5057 secundo,
3020 4988 3299 5042 translatus
3324 4984 3493 5041 tradi—

1913 5071 2021 5118 tur.

1988 5132 2289 5209 (aliisue
2318 5132 2650 5209 chronicam
2676 5133 3029 5209 notationem,
3063 5141 3184 5209 quae
3217 5125 3500 5209 inDiony-

1915 5195 2416 5261 sia'noiHadrianeze
2443 5204 2773 5260 collectionis
2799 5195 3146 5258 codicibus'et
3168 5195 3497 5252 editiouibus

1916 5277 2220 5344 exhibetur,
2254 5275 2520 5331 veriorem
2547 5289 2667 5331 esse
2705 5274 2795 5329 illa
2824 5288 2983 5344 quam
3021 5270 3309 5344 praeierunt
3346 5266 3498 5322 codi-

1916 5362 2008 5402 ces
2050 5342 2427 5403 collectionum
2456 5346 2757 5414 Hispanicae
2793 5342 2851 5398 et
2884 5342 3213 5414 lsidorianae,
3248 5346 3399 5414 patet
3429 5351 3519 5392 ex,

1916 5419 2075 5473 dictis
2099 5422 2443 5474 annotatione
2468 5412 2809 5486 praecedenti,
2846 5414 2897 5467 in
2928 5428 3031 5486 qua
3063 5412 3199 5465 hanc
3229 5412 3369 5486 diem
3388 5420 3495 5486 ξιιι

1917 5487 2025 5545 kal.
2056 5490 2363 5545 Decembris
2392 5478 2516 5543 anni
2537 5485 2663 5551 461,
2688 5500 2793 5540 non
2823 5478 3110 5539 vero‘diem
3134 5494 3228 5535 xu
3248 5479 3358 5534 kal.
3388 5478 3499 5533 Do-

1923 5561 2172 5616 minicam
2204 5560 2368 5615 fuisse
2398 5558 2647 5613 vidimus.

1996 5632 2073 5704 (b)
2104 5632 2320 5701 Septem
2342 5637 2569 5704 tantum
2610 5627 2727 5682 dies
2758 5638 3033 5704 vacasse,“
3042 5623 3226 5693 plures
3263 5617 3507 5704 catalogi

1923 5695 2609 5774 cum'vulgatoAnastasio
2640 5695 2951 5774 praeferunt.
2996 5696 3193 5774 Decem
3230 5700 3409 5774 autem
3449 5697 3507 5747 et

1924 5784 2047 5830 octo
2073 5766 2194 5830 dies
2217 5773 2446 5837 nullum,
2468 5768 2610 5840 quod
2638 5766 2893 5835 sciamus,
2915 5766 3192 5838 antiquum
3214 5766 3508 5823 documen-

1928 5854 2037 5900 tum
2068 5844 2304 5901 exhibet.
