3968 6308
212 325 321 387 319

826 326 1131 387 DISSERT.
1170 326 1209 384 ῐ.
1255 327 1341 384 DE
1388 326 1541 383 VITA
1573 324 1659 382 ET
1700 322 1805 380 REI

1923 359 1924 369 ι
1964 322 2202 383 GESTIS
2242 325 2298 384 S.
2339 324 2578 385 LEONIS
2617 325 2854 385 MAGNI.

3392 328 3488 389 350

286 441 379 499 XI.
403 440 547 499 Junii
569 442 684 499 dies
705 444 774 499 28
803 445 1151 501 translatione
1182 443 1422 513 corporis
1451 444 1619 496 sancti
1655 442 1799 496 Leo-
1828 443 1878 504 Α
1910 440 1965 495 in
1996 441 2320 499 Virdnnensi
2347 446 2530 501 codice
2554 445 2861 501 monasterii
2894 444 2949 501 S.
2987 443 3191 501 Vitonis
3227 444 3368 500 inter
3390 448 3489 504 alia

212 515 299 570 nis
327 514 555 570 celebris
586 516 795 571 habitus
821 527 922 583 est,
952 517 1165 585 quodie
1193 512 1369 569 notata
1406 515 1596 585 legitur
1624 512 1676 568 in
1708 529 1798 568 ve-

214 586 510 641 tustissimo
527 586 745 642 Joannis
767 588 1052 642 Frontonis
1076 587 1446 658 Martyrologio
1468 602 1562 640 sctt
1587 585 1797 641 Lectio-

212 657 371 711 nario
402 660 685 727 nongentis
716 661 889 724 annis,
930 669 989 713 ut
1038 657 1220 728 putat,
1243 658 1575 728 antiquiore;
1610 660 1660 710 in
1693 670 1802 727 quo

213 737 408 851 quarto
433 728 686 783 kalendas
708 730 832 785 Julii
860 732 1077 801 legitur:
1102 728 1397 783 Translatio
1416 730 1642 799 corporis
1670 728 1801 781 beati

264 800 423 851 conis.
450 800 543 851 Cui
567 802 800 851 concinit
815 800 1178 851 kalendarium
1206 800 1270 851 ad
1294 815 1444 851 usum
1460 802 1590 851 olim
1618 799 1801 851 Eccle-

264 800 423 853 conis.
450 800 543 854 Cui
567 799 1178 856 concinitkalendarittm
1206 800 1270 853 ad
1294 815 1444 853 usum
1460 802 1590 854 olim
1618 799 1801 854 Eccle-

214 870 312 923 siae
339 870 592 925 Romanae
614 887 645 926 e
672 872 1011 927 bibliotheca
1040 871 1309 927 Vaticana:
1330 871 1515 925 codice
1542 871 1799 939 antiquis-

214 941 357 1015 simo
383 951 520 1015 ante,
547 952 847 1015 nongentos
888 944 1087 1015 pariter
1124 958 1292 997 annos
1335 943 1625 1012 descripto,
1659 940 1801 1015 quod

214 1010 330 1067 Leo
367 1012 591 1068 Allatius
621 1010 1146 1078 integrum’inseruit
1187 1010 1552 1069 dissertationi
1589 1010 1702 1067 sua:
1734 1013 1801 1068 de

216 1081 510 1138 Dominicis
549 1094 605 1140 et
652 1086 1083 1141 Hebdomadibus
1123 1085 1437 1141 Graecorum
1484 1085 1552 1139 ad
1598 1085 1801 1138 calcem

213 1156 396 1224 operis
422 1156 489 1210 de
520 1155 781 1224 Perpetua
810 1158 1171 1211 Ecclesiarum
1197 1156 1403 1209 Orient.
1437 1164 1490 1210 et
1521 1154 1798 1209 Occiderit.

207 1223 603 1289 Consensione,
636 1229 825 1297 pagina
854 1229 1015 1283 1487.
1039 1227 1128 1281 Sic
1159 1228 1304 1281 enim
1341 1241 1461 1296 pag.
1505 1225 1653 1297 [490_
1675 1226 1800 1294 legi—

212 1310 373 1352 mus:
408 1313 460 1351 tv
485 1294 896 1363 kalendflulii,
938 1299 1206 1351 translatio
1244 1294 1475 1365 corporis
1522 1294 1587 1348 B.
1622 1295 1805 1350 Leonis

207 1368 473 1437 pontiﬁcis
504 1380 551 1422 et
582 1370 907 1438 confessoris.
942 1368 1061 1434 Quo
1088 1368 1139 1421 itt
1172 1367 1505 1433 kalendario,
1530 1367 1669 1421 nulla
1700 1368 1804 1422 alio

208 1438 304 1509 die
326 1439 639 1509 consignata
667 1440 892 1494 habetur
916 1440 1175 1494 memoria
1208 1438 1423 1491 Leonis.
1456 1438 1620 1507 Cujus
1658 1439 1801 1493 enim

208 1506 437 1572 Leonis,
481 1506 584 1563 nisi
614 1510 794 1577 primi,
834 1509 986 1579 cujus
1024 1510 1177 1564 unius
1224 1506 1625 1563 translationem
1656 1524 1802 1564 com-

209 1589 574 1634 memoratam
633 1580 892 1635 habemus
928 1581 997 1633 ab
1035 1581 1313 1634 Anastasio
1367 1578 1796 1645 Bibliothecario,
1848 1596 1849 1599 η

212 1665 319 1705 seu
348 1653 540 1720 quovis
566 1652 671 1705 alio
690 1660 906 1705 auctore
940 1652 1059 1705 libri
1090 1650 1428 1720 Pontiﬁcalis,
1462 1651 1548 1703 ubi
1576 1651 1643 1704 de
1672 1650 1798 1705 Ser-

212 1722 308 1790 gio
333 1719 467 1791 papa
492 1736 506 1776 :
541 1720 663 1791 llic,
689 1722 877 1791 inquit,
895 1738 1076 1792 corpus
1101 1721 1231 1773 beati
1249 1719 1433 1775 Leonis
1455 1722 1795 1792 probatissimi

214 1794 383 1861 patris
413 1802 567 1860 atque
590 1793 863 1861 pontiﬁcis,
896 1794 1034 1861 quod
1060 1794 1110 1844 in
1140 1792 1309 1844 abdito
1340 1792 1598 1861 inferioris
1634 1810 1798 1846 secre-

213 1862 343 1935 t‘arii
370 1863 631 1935 praedicta:
663 1861 886 1935 basilicae
912 1863 1113 1935 (Sancti
1148 1862 1313 1935 Petri)
1352 1864 1575 1933 positum
1605 1865 1797 1935 fuerat,

208 1931 678 2007 [acta‘dilig‘entius
701 1934 955 2007 tumba‘in
993 1931 1321 2007 denominata
1352 1931 1564 2007 basilica
1598 1931 1800 2007 publica

204 2003 325 2056 loco
352 2004 431 2079 (ut
450 2003 544 2057 sibi
566 2007 738 2074 fuerat
764 2004 1059 2074 revelatum)
1080 2006 1325 2075 reposuit,
1353 2022 1412 2058 ac
1438 2003 1611 2061 locum
1633 2009 1801 2079 ipsum

204 2077 429 2129 ornavit.

284 2145 507 2218 Eadem,
540 2147 727 2218 paucis
756 2149 994 2212 mutatis,
1026 2147 1289 2203 habentur
1309 2148 1363 2203 in
1400 2164 1498 2203 ms.
1531 2150 1653 2205 cod.
1677 2149 1803 2207 Col-

204 2215 335 2290 legii
360 2215 648 2275 Orielensis
676 2220 728 2274 in
753 2220 1041 2275 Academia
1061 2220 1385 2287 Oxoniensi;
1416 2222 1528 2287 illo,
1562 2222 1797 2290 inquam,

203 2287 399 2363 codice
429 2306 494 2345 ex
518 2306 625 2363 quo
644 2292 857 2363 prodiit
882 2290 1155 2363 Romanus
1180 2307 1443 2346 canonum
1472 2287 1661 2359 codex,
1687 2287 1804 2363 qui;

204 2373 317 2434 que
347 2359 496 2434 idem,
522 2359 750 2430 plurima
773 2362 1025 2434 continet
1053 2362 1311 2428 Leonina,
1350 2363 1491 2418 inter
1521 2380 1638 2434 qua:
1679 2359 1803 2420 nar-

204 2430 353 2502 ratio
378 2431 575 2502 duplex
604 2434 673 2487 de
706 2433 869 2488 rebus
913 2436 1078 2502 gestis
1115 2434 1171 2489 S.
1208 2434 1402 2489 Leonis
1444 2430 1552 2489 PP.
1592 2437 1630 2500 Ι,
1675 2453 1799 2502 una,

206 2499 309 2555 fol.
350 2499 722 2569 9l,'convenit
758 2503 870 2559 fere
905 2499 1026 2559 cum
1070 2504 1421 2560 Anastasiana
1473 2499 1799 2573 narratione,

206 2574 318 2698 :tsi
348 2577 523 2702 cidsit
572 2575 814 2641 brevior;
846 2576 1013 2631 altera
1052 2576 1279 2632 habetur
1317 2577 1410 2632 fol.
1457 2576 1585 2645 214,
1612 2587 1800 2650 estque

241 2659 389 2702 Jusm
469 2664 519 2701 t:

211 2649 481 2715 ejusmodi
506 2664 519 2700 :

290 2718 437 2771 Anno
468 2717 751 2792 Dominicre
788 2720 1156 2775 incarnationis
1201 2720 1324 2792 440,
1371 2718 1473 2775 Leo
1503 2738 1637 2792 papa
1681 2721 1801 2777 Μα-

207 2804 343 2863 gnus
370 2791 792 2863 quadragesimus
840 2802 1049 2862 quartus
1081 2801 1194 2863 post
1232 2790 1442 2845 Petrum
1483 2790 1609 2846 sedit
1656 2796 1805 2849 annis

206 2860 857 2935 ttiginti_uno,'mensibus
886 2860 1103 2919 duobus.
1153 2862 1291 2917 Obiit
1330 2880 1387 2917 ιιι
1431 2863 1546 2917 idus
1586 2865 1797 2935 Aprilis.

208 2929 369 3005 Anno
399 2932 683 2989 Dominicw
710 2936 1077 2989 incarnationis
1100 2934 1224 3001 685,
1256 2934 1467 3005 Sergius
1498 2929 1642 3005 papa'
1664 2948 1805 2991 octo-

204 3003 441 3077 gesimus
494 3016 705 3075 quartus
749 3006 876 3060 sedit
919 3008 1066 3061 annis
1111 3003 1505 3077 quatuordecim'
1547 3003 1804 3061 mensibus

207 3083 357 3160 pcto.
389 3073 455 3158 In
482 3073 633 3157 Itujus
657 3079 808 3160 gestis
837 3078 908 3130 ita
936 3073 1154 3160 legitur:
1183 3097 1201 3129 ι
1233 3078 1327 3160 Hic
1348 3078 1752 3160 corpusnLeoni-s
1783 3078 1803 3131 I

208 3144 512 3201 beatissimi
544 3144 713 3216 putris
754 3164 815 3203 ac
862 3144 1147 3215 pontiﬁcis,
1178 3148 1318 3216 quod
1359 3148 1410 3200 itt
1449 3144 1633 3199 abdito
1669 3148 1806 3202 infe-

1906 513 2201 585 epitapbia,
2231 531 2350 584 qua:
2382 530 2587 585 reperta
2616 533 2734 572 esse
2778 517 3029 570 dicuntur
3073 517 3125 571 in
3160 517 3397 573 Ecclesia
3430 520 3488 574 S.

1904 583 2073 650 Petri,
2108 583 2517 714 rere‘rgitturque
2541 604 2569 643 a
2597 588 2903 645 Mabillonio
2932 598 3075 643 tonio
3097 587 3162 643 lll
3190 588 3487 644 Analecto-
3514 636 3531 663 ί

1905 670 2024 710 rum
2057 672 2178 714 patr.
2333 675 2347 714 :
3506 694 3525 703 η

2057 672 2178 727 pag.
2211 672 2310 714 sos
2333 675 2347 714 :
3506 694 3525 703 η

1902 771 2063 837 Hujus
2086 777 2338 841 apostolici
2358 779 2569 842 primum
2589 778 2703 842 [11³.
2722 782 2896 843 Oxon,
2917 783 3097 846 magni]
3120 787 3194 846 est
3211 782 3291 829 hic
3313 790 3490 840 corpus
3508 778 3511 785 ’
3526 750 3547 767 ι’

3004 844 3013 845 “
3080 844 3095 846 ⁷
3135 844 3422 907 [humatum,
3508 860 3541 915 ές

1968 900 2107 968 Quod
2133 902 2261 968 foret
2280 908 2339 968 et
2362 904 2552 955 tumulo
2574 906 2753 968 dignus
2775 908 2821 955 in
2845 919 2955 955 arce
2974 908 3127 957 Petri.
3526 932 3541 951 κ

1902 959 2031 1013 Hinc
2055 964 2254 1029 [Vulg.,
2278 966 2427 1030 hunc]
2453 959 2991 1032 vatumvprocerumque
3015 970 3205 1042 cohors,
3231 982 3354 1042 quos
3376 978 3489 1018 cer.

2643 1030 2653 1032 '
2918 1030 2923 1031 '
3110 1030 3204 1091 [nis
3233 1030 3427 1091 adesse,

1970 1086 2191 1155 Membra
2210 1091 2301 1139 sub
2328 1094 2535 1153 egregia
2560 1099 2674 1143 sunt
2695 1092 2929 1155 adoperta
2949 1091 3105 1140 domo.

1906 1148 2283 1216 Seddudumgut
2302 1148 2692 1216 pastor'magnus
2714 1148 2811 1204 Leo
2833 1160 2970 1216 septa
2996 1165 3298 1215 gregemque

1968 1210 2315 1262 Christicolam'
2332 1227 2533 1277 servans
2550 1210 2730 1277 ianitor
2750 1218 2879 1266 arcis
2894 1210 3026 1265 'eraf.

1908 1271 2194 1340 Copgmpnet
2217 1289 2245 1340 e
2267 1276 2471 1340 tumulo,
2496 1271 2621 1337 quod
2647 1286 2873 1340 gesserat
2895 1279 3002 1339 ipse
3027 1283 3294 1339 superstes,

1970 1333 2047 1383 Ne
2071 1335 2211 1396 lupus
2234 1337 2464 1386 insidians
2489 1333 2799 1389 vastetvotile
2821 1333 2934 1389 Dei'.

1906 1393 2173 1460 Testantur
2198 1400 2329 1446 missi
2357 1412 2442 1460 pro
2466 1409 2601 1448 recto
2622 1400 2851 1460 dogmate
2875 1401 3006 1457 libri,

1969 1457 2102 1517 Quos
2122 1461 2198 1519 pia
2221 1457 2369 1509 corda
2388 1461 2572 1524 colunt,
2598 1457 2721 1524 quos
2752 1463 2875 1512 mala
2901 1463 2921 1525 [
2950 1462 3118 1526 Πάθη
3155 1463 3337 1535 ρῖίιιςει]
3362 1462 3500 1519 turba

1902 1577 2090 1690 Rulgiit,
2120 1589 2169 1631 et
2194 1584 2363 1645 pavida
2382 1589 2675 1649 stupuerant
2698 1586 2841 1637 corda
2866 1587 3112 1647 ferarum;
3256 1525 3437 1585 “una.

2011 1646 2287 1690 astorisoue
2312 1650 2387 1690 sui
2412 1649 2542 1690 iussa
2566 1657 2839 1690 RPﬂllnnllll‘
2862 1662 3003 1690 nunc-

2011 1649 2287 1707 astorisque
2312 1650 2388 1696 sui
2407 1649 2542 1708 jussa
2566 1657 2839 1711 sequuntur
2862 1662 3004 1700 oves.

1897 1703 1994 1772 Hic
2014 1711 2179 1772 tamen
2205 1703 2602 1772 extremoiiacuit
2624 1703 2717 1760 s'ub
2741 1724 2983 1761 marmore
3004 1711 3172 1772 templi

1963 1768 2246 1837 Querulam
2286 1768 2561 1837 pontiﬁcum
2597 1772 2734 1835 plura
2760 1774 2979 1837 [Oxon.,
3009 1768 3207 1837 pulchra
3231 1776 3249 1837 ]
3276 1774 3499 1837 sepulcra

1833 1831 1875 1889 Β
1902 1835 2079 1897 tegunt
2104 1830 2301 1895 [Vulg,,
2327 1832 2523 1897 celant].

1902 1890 2358 1959 Sejgiusiant‘ivsles,
2380 1890 2542 1946 divino
2560 1898 2794 1959 impulsus
2817 1910 3001 1956 amore,

1964 1952 2105 2003 Hunc
2125 1956 2172 2004 in
2197 1952 2359 2006 fronte
2381 1969 2532 2007 sacrae
2555 1952 2799 2010 transtulit
2819 1961 2935 2010 inde
2956 1952 3125 2009 domus
3147 1974 3158 2009 :

1903 2013 2158 2067 Exornans
2180 2019 2369 2068 rutilam
2396 2023 2613 2082 pretioso
2647 2035 2893 2073 marmore
2930 2024 3149 2072 tumbam
3174 2022 3369 2085 [Yulg.,
3399 2022 3496 2071 ltu~

2949 2085 3145 2133 tilum...
3175 2086 3439 2148 lumbum],

1977 2142 2141 2226 600
2167 2150 2223 2201 In
2245 2161 2619 2226 quoposcentes
2642 2156 2762 2226 mira
2785 2167 2999 2226 superna
3020 2156 3206 2205 vident.

1905 2210 2382 2322 Etgttia'pratmicui't
2403 2218 2539 2266 miris
2567 2218 2829 2266 virtutibus
2847 2210 2999 2277 olim;

2016 2275 2149 2322 ltima
2172 2276 2407 2322 pontiﬁcis
2435 2278 2585 2322 gloria
2612 2278 2763 2322 maior
2787 2280 2899 2322 erit.

2016 2275 2149 2324 ltima
2172 2276 2407 2338 pontiﬁcis
2435 2278 2586 2341 gloria
2612 2278 2763 2341 major
2787 2280 2899 2330 erit.

1906 2379 1986 2455 Ad
2015 2381 2172 2455 hujus
2192 2384 2448 2453 epitaphii
2473 2384 2675 2441 calcem
2710 2385 2900 2455 legitur
2931 2386 2983 2441 in
3006 2385 3383 2441 Mabilloniano
3406 2400 3495 2440 co-

1906 2452 2025 2506 dice
2053 2452 2157 2507 hoc
2185 2452 2495 2511 chronicum
2529 2452 2951 2511 additamentum
2981 2474 2996 2510 :
3028 2457 3179 2511 Sedit
3215 2460 3269 2511 in
3303 2461 3495 2522 episco«

1906 2534 2030 2591 patu
2044 2540 2205 2578 annos
2218 2524 2278 2580 2!
2294 2570 2307 2589 ,
2328 2544 2549 2581 mensem
2564 2528 2587 2581 1
2603 2570 2615 2591 ,
2637 2529 2744 2581 dies
2759 2529 2843 2583 l3.
2866 2528 3138 2594 Depositus
3149 2539 3223 2582 est
3238 2544 3295 2583 ιιι
3312 2528 3447 2581 idus.
3460 2568 3471 2580 .
3484 2566 3497 2580 .

1904 2604 1951 2717 ft
1963 2596 2163 2722 ἆςεῖωέι
2190 2599 2471 2653 translatus
2496 2597 2595 2653 huc
2623 2600 2766 2654 beato
2800 2599 2982 2672 Sergio
3012 2614 3063 2653 iv
3088 2598 3297 2653 kalend.
3341 2597 3495 2666 Julii,

1926 2682 1957 2719 n
2002 2684 2047 2719 te
2076 2706 2089 2719 .
2164 2708 2177 2721 .

1904 2678 2089 2720 macet.
2126 2678 2147 2721 1
2164 2708 2177 2721 .

1980 2739 2101 2793 Ilaec
2130 2738 2196 2793 de
2217 2741 2388 2811 prima
2422 2742 2773 2798 translatione
2814 2743 3059 2809 corporis
3102 2742 3271 2798 sancti
3303 2741 3500 2797 Leonis

1906 2810 2128 2879 ejusque
2161 2810 2428 2879 sepulcro,
2464 2815 2605 2877 quod
2630 2826 2683 2869 et
2714 2813 2986 2869 miraculis
3031 2814 3234 2868 clarum
3267 2822 3322 2866 et
3360 2827 3501 2881 pra:-

1908 2896 2033 2936 sens
2059 2881 2315 2937 auxilium
2347 2886 2531 2938 multis
2558 2885 2722 2939 fuisse
2750 2900 2938 2938 versus
2969 2885 3055 2938 hic
3078 2883 3347 2939 ostendit:

2028 2983 2085 3033 In
2110 2997 2207 3048 quo
2233 2991 2494 3047 poscentes
2511 2987 2629 3034 mira
2654 2997 2867 3048 superna
2890 2984 3077 3034 vident.

1985 3086 2102 3141 XII.
2138 3088 2306 3142 Porro
2329 3088 2470 3141 diem
2496 3089 2557 3141 11
2586 3089 2783 3156 Aprilis
2806 3087 3082 3141 memoria:
3107 3087 3347 3154 ejusdem
3373 3103 3505 3154 pon-

1912 3156 2070 3211 tiﬁcis
2092 3173 2297 3212 sacram
2327 3159 2517 3220 fuisse,
2542 3174 2604 3211 ex
2647 3158 2878 3225 antiquis
2904 3158 3064 3211 etiam
3092 3156 3366 3209 codicibus
3381 3174 3503 3212 cer-

210 3218 384 3298 [iOIfiS
410 3214 679 3298 §§§rélarii
718 3220 951 3298 basilica:
974 3221 1135 3298 beati
1170 3214 1310 3298 ῐίθῑγὶ
1342 3217 1807 3298 βοεξιηιῃγυειτιι,
1837 3214 1883 3279 C
1915 3236 2026 3281 tum
2062 3243 2183 3283 esse
2226 3244 2385 3297 supra
2419 3214 2727 3282 monuimus
2766 3214 2788 3282 τ’
2822 3244 2925 3298 qua
2958 3236 3133 3280 autent
3174 3228 3384 3282 ratione
3424 3230 3509 3284 vel

212 3287 366 3360 facta
400 3290 698 3360 diligentius
744 3291 924 3345 tumba
972 3291 1024 3343 in
1061 3289 1401 3344 denominata
1450 3288 1667 3343 basilica
1710 3306 1810 3354 pu-

220 3356 374 3429 blico
406 3356 532 3426 loco,
564 3372 623 3417 ut
653 3361 755 3417 sibi
793 3362 965 3415 fuerat
1005 3360 1323 3425 revelatum,
1352 3363 1593 3429 reposuit
1636 3376 1689 3416 tv
1718 3360 1814 3417 ka-

219 3428 416 3501 lendas
440 3433 561 3487 Julii
588 3447 653 3488 ac
684 3435 857 3488 locum
889 3434 1059 3501 ipsum
1088 3434 1319 3485 ornavit.
1357 3450 1377 3483 s
1420 3428 1429 3429 “
1755 3476 1763 3485 .

292 3500 547 3573 Sequitur
580 3506 631 3558 itt
663 3504 846 3559 codice
875 3500 1152 3573 inscriptio
1185 3502 1369 3571 viginti
1410 3502 1655 3559 versibus
1681 3519 1811 3561 con-

212 3579 395 3637 stans,
425 3591 543 3642 quze
574 3575 660 3630 hic
690 3591 886 3631 excusa
927 3576 1136 3645 legitur.
1173 3574 1344 3630 Unum
1384 3590 1541 3642 porro
1578 3578 1717 3646 quod
1756 3578 1810 3633 in

214 3655 479 3715 excerpto
506 3656 780 3718 gestorum
803 3648 970 3713 Sergii
998 3648 1335 3718 obscuratum
1364 3647 1544 3713 velim,
1576 3659 1657 3702 est
1687 3661 1811 3705 nota

210 3717 568 3789 temporaria,
595 3719 679 3774 cui
710 3720 943 3773 concinit
965 3717 1371 3789 blabillmtiantts
1393 3718 1561 3773 codex
1590 3720 1810 3789 jamjam

212 3787 389 3912 §99
426 3791 951 3844 commemorandus.
996 3787 1231 3857 Uterque
1275 3790 1419 3844 enim
1472 3787 1639 3845 codex
1688 3787 1811 3847 cum

263 3862 515 3912 rontonis
535 3862 913 3912 Martvroloeto
944 3868 997 3912 et
1023 3859 1200 3912 Allatii
1224 3859 1536 3912 kalendario
1566 3864 1811 3912 superius

263 3859 515 3933 runtonis
535 3862 913 3933 Martyrologio
944 3868 997 3914 et
1023 3859 1200 3915 Allatii
1224 3859 1536 3915 kalendario
1566 3864 1812 3931 superius

211 3930 477 3999 laudatis,
510 3930 1092 4002 testes'sunt’quatuor,
1118 3947 1346 4002 quorum
1380 3930 1695 3988 auctoritate
1715 3933 1810 3989 Ju-

214 4002 295 4057 nii
326 4002 473 4059 diem
519 4005 590 4060 28
625 4001 959 4059 translationi
992 4001 1049 4057 S.
1088 4001 1281 4059 Leonis
1326 4002 1346 4058 Ι
1402 4018 1607 4058 sacram
1645 4005 1812 4061 fuisse

212 4082 375 4130 certo
403 4084 655 4132 constare
685 4075 913 4130 videtur.

290 4145 373 4200 Ex
400 4145 588 4203 eodem
606 4146 1062 4217 Sergiigestornm
1095 4154 1347 4217 excerpto
1376 4146 1650 4211 docemur,
1669 4148 1811 4217 quod

214 4217 336 4272 Leo
363 4230 550 4273 nOSter
579 4226 817 4288 sepultus
844 4228 958 4273 erat
983 4220 1033 4272 in
1064 4218 1283 4273 basilica
1312 4218 1496 4288 Sancti
1531 4220 1695 4285 Petri,
1721 4221 1810 4287 qui

214 4288 400 4344 honos
438 4290 566 4345 nulli
608 4287 951 4345 decessurum
996 4289 1315 4357 contigerat.
1356 4287 1565 4342 Primus
1601 4291 1810 4359 quippe,

212 4360 297 4415 ait
320 4370 510 4416 auctor
528 4360 713 4417 Romae
736 4361 1137 4425 Subterranete,
1163 4361 1294 4413 inter
1313 4368 1518 4413 sanctos
1550 4361 1813 4427 pontiﬁces

214 4448 329 4503 non
350 4444 600 4503 martyres
619 4443 1017 4487 annumeratur:
1047 4432 1183 4485 haud
1201 4441 1368 4503 tamen
1386 4434 1540 4500 juxta
1564 4430 1814 4485 Sanctum

213 4502 462 4567 Petrum,
488 4502 577 4558 sed
612 4506 663 4558 in
694 4504 919 4559 basilica:
955 4503 1185 4573 ejusdem
1214 4502 1461 4555 vestibulo
1494 4511 1614 4555 ante
1646 4517 1813 4556 secre-

214 4574 438 4637 larium,
461 4577 516 4628 in
546 4587 797 4645 postrema
842 4572 1085 4629 nimirum
1127 4572 1360 4645 ejusdem
1399 4573 1631 4627 vestibuli
1667 4585 1810 4641 parte

214 4646 294 4699 ad
316 4646 497 4701 lwvam
520 4644 936 4717 ingredientibus.
966 4646 1117 4714 Quod
1150 4644 1664 4717 epitaphiiijatnjam
1711 4644 1807 4700 de-

216 4718 503 4773 scribendi
531 4716 719 4773 versus
749 4726 801 4785 b‘,
841 4718 872 4771 7
912 4728 967 4773 et
996 4719 1029 4772 8
1060 4717 1381 4785 signiﬁcant.
1422 4716 1563 4772 Multi
1614 4717 1809 4773 deinde

214 4788 513 4860 pontiﬁces
542 4790 735 4845 ibidem
771 4790 1013 4844 tumulati
1045 4799 1201 4853 sunt;
1225 4789 1298 4860 ita
1325 4794 1384 4841 ut
1412 4789 1579 4843 sancti
1614 4788 1808 4844 Leonis

211 4859 533 4931 Sepulcrum
577 4862 803 4916 aliorum
850 4863 1098 4915 obrutum
1138 4859 1398 4931 sepulcris
1446 4860 1806 4927 delitesceret,

213 4930 350 5003 cum
381 4932 603 5003 Sergius
634 4948 761 5003 papa
806 4933 846 4997 l,
878 4933 969 5001 qui
1020 4932 1119 4985 sub
1170 4930 1328 4984 ﬁnem
1372 4932 1582 4998 septimi
1626 4934 1808 4987 δτροιιιί

210 5002 417 5076 Romae
447 5002 604 5071 sedit,
638 5002 1191 5076 prieviairevelatione
1234 5003 1559 5076 admonitus,
1613 5018 1809 5072 corpus

209 5074 426 5130 Leonis
450 5090 482 5130 e
509 5078 624 5130 loco
644 5074 947 5131 obscuriori
980 5074 1140 5139 eruit,
1172 5075 1543 5142 transtttlitque
1573 5076 1622 5129 in
1652 5091 1812 5144 supe-

209 5149 427 5202 riorem
465 5147 851 5216 editioremque
888 5162 1073 5201 versus
1104 5146 1293 5211 altare,
1331 5148 1442 5200 sive
1489 5148 1542 5199 in
1588 5149 1811 5201 oratorio

208 5218 290 5273 ad
326 5218 590 5273 dexteram
620 5221 832 5289 majoris
867 5218 1057 5273 obsidis
1093 5233 1249 5287 pmpe
1277 5218 1439 5270 sancti
1472 5216 1615 5272 Petri
1644 5234 1807 5284 aram,

209 5299 279 5344 ut
313 5290 505 5343 scribit
534 5293 677 5345 idem
703 5291 883 5344 Romae
906 5291 1280 5344 Subterranea:
1309 5298 1513 5342 auctor.
1540 5290 1814 5345 Exstrttxit

207 5362 687 5433 qUOqueVSergius
716 5363 1049 5431 magnilicttm
1082 5369 1353 5433 tumultth
1376 5360 1535 5415 Leoni
1559 5376 1681 5417 cum
1714 5362 1814 5416 hoc

207 5431 527 5503 épitapltio,
553 5431 695 5504 quod
723 5442 895 5489 exstat
929 5435 1065 5501 apud
1098 5433 1292 5488 Janum
1323 5431 1633 5498 Gruterum,
1660 5444 1715 5486 et
1744 5433 1812 5485 ad

206 5518 338 5561 ms.
379 5506 580 5560 codicis
620 5505 935 5561 Oxoniensis
993 5506 1379 5575 apograpltum,
1432 5518 1462 5557 a
1513 5505 1815 5559 clarissimo

206 5576 355 5648 {iro
371 5575 726 5637 E.Bernardo
757 5592 924 5648 nuper
952 5576 1016 5631 ad
1059 5591 1155 5631 nos
1200 5577 1602 5648 transmissum,
1630 5590 1815 5648 emen-

201 5646 498 5708 davimus.
532 5649 676 5706 Idem
708 5646 981 5705 inventum
1012 5657 1093 5703 est
1116 5664 1146 5703 a
1175 5648 1486 5705 doctissimo
1509 5646 1816 5702 Mabillonio

297 5862 387 5941 (a)
408 5861 542 5921 Vide
567 5871 751 5918 annot.
782 5862 800 5917 1
832 5858 1111 5935 (601.319,
1142 5876 1192 5915 η.
1228 5857 1304 5931 a).

517 5963 788 6023 Ρλτιιοι..
834 5956 967 6015 LV.

1836 4609 1891 4672 D

1917 3300 2199 3354 occasione
2231 3299 2281 3353 id
2310 3302 2615 3368 contigerit,
2656 3300 2873 3353 omnino
2903 3299 3236 3365 exploratum
3267 3316 3370 3352 non
3413 3298 3509 3353 ha-

1916 3369 2126 3425 bemus.
2160 3370 2385 3425 Mortem
2438 3371 2553 3440 ejus
2595 3374 2693 3425 hac
2724 3370 2811 3425 die
2849 3372 3035 3434 recoli,
3077 3372 3376 3425 communis
3426 3380 3509 3426 est

1917 3440 2017 3495 hac
2045 3452 2201 3497 rotate
2228 3442 2433 3513 opinio,
2467 3442 2743 3497 hodiernis
2779 3442 3034 3498 Ecclesia:
3076 3442 3226 3496 lastis
3268 3452 3321 3496 et
3372 3442 3509 3497 Brc-

1914 3514 2099 3566 viariis
2141 3515 2473 3583 consignata,
2511 3530 2669 3583 quam
2714 3522 2890 3567 tamen
2947 3515 3099 3580 sequi
3159 3529 3263 3567 non
3324 3514 3508 3568 sinunt

1916 3584 2220 3639 testimonia
2263 3586 2481 3639 Mariani
2516 3587 2688 3651 Scoti,
2720 3585 2931 3640 Martini
2973 3584 3158 3638 Poloni
3188 3592 3243 3638 et
3276 3584 3505 3639 aliorum

1914 3671 2049 3725 quos
2081 3671 2241 3727 supra
2274 3658 2576 3717 retulimus,
2611 3659 2801 3725 partim
2830 3660 3044 3721 festum,
3073 3654 3266 3727 partim
3298 3657 3505 3709 obitum

1916 3727 2087 3782 sancti
2112 3726 2307 3782 Leonis
2329 3728 2418 3782 alii
2442 3728 2547 3783 diei
2568 3729 2977 3797 assignantium,
2998 3742 3153 3795 quam
3190 3726 3249 3780 11
3282 3728 3504 3791 Aprilis.

1986 3798 2135 3853 lianc
2162 3800 2301 3853 diem
2332 3798 2408 3869 (a)
2442 3799 2812 3855 anniversario
2852 3797 3236 3866 assumptionis
3276 3797 3395 3869 ejus
3424 3797 3505 3869 ad

1915 3870 2283 3938 pontificatum
2322 3867 2690 3925 consecratam
2735 3871 2897 3924 fuisse
2937 3885 3042 3923 non
3082 3882 3223 3937 atgre
3254 3867 3507 3938 credide-

1916 3937 2039 3996 rim.
2064 3940 2121 3995 1⁸
2152 3942 2283 4007 Quia
2315 3942 2456 3996 circa
2489 3942 2606 3996 haec
2632 3950 2873 4007 tempora
2902 3939 3191 4008 contigisse
3213 3937 3508 3991 ordinatio-

1916 4027 2038 4066 nem
2067 4013 2184 4081 ejus
2214 4026 2453 4067 consona
2482 4022 2565 4067 est
2599 4012 2844 4081 omnium
2887 4010 3172 4081 sententia.
3213 4008 3339 4081 Scio
3381 4022 3504 4081 cum

1915 4077 2186 4136 communi
2216 4082 2583 4151 chronologia,
2616 4096 2736 4152 quae
2762 4080 2963 4134 obitum
2995 4078 3130 4152 Six‘ti
3160 4092 3217 4129 ιιι
3240 4078 3319 4152 rel
3350 4093 3383 4129 v
3406 4077 3504 4130 ka-

1915 4152 2104 4208 lendas
2128 4154 2327 4223 Aprilis
2356 4146 2601 4223 evenisse
2635 4146 2820 4223 docet,
2846 4148 3095 4223 componi
3134 4146 3505 4223 conjecturam

1918 4232 2155 4277 nostram
2175 4216 2295 4277 'non
2324 4238 2505 4291 posse,
2538 4222 2583 4275 si
2610 4222 2821 4291 quidem
2846 4236 2912 4274 ex
2938 4216 3509 4291 Prospero_iudubita-

1919 4303 2030 4347 tum
2057 4292 2313 4348 habemus
2327 4285 2829 4362 'quadragin'tagdies
2860 4298 2909 4343 et
2941 4289 3169 4362 amplius
3208 4285 3505 4362 Romanam

1920 4364 2213 4418 Ecclesiam
2244 4356 2373 4419 sine
2392 4362 2643 4432 pontiﬁce
2673 4360 2855 4417 fuisse.
2886 4360 2988 4417 Sed
3012 4374 3118 4432 quo
3150 4356 3506 4432 auctore_diei

1918 4434 1997 4489 illi
2025 4449 2171 4489 mors
2198 4435 2330 4489 Sixti
2373 4429 2638 4503 pontiﬁcis
2664 4432 2997 4503 assignatur?
3041 4430 3158 4503 Non
3191 4440 3339 4503 certe
3375 4429 3507 4503 Pro-

1918 4521 2099 4571 spero,
2128 4505 2269 4577 quod
2312 4500 2893 4577 Ciaconio‘visum’_est
2937 4502 3149 4577 Barouii
3194 4500 3507 4577 verbisde-

1919 4587 2104 4647 cepto;
2129 4572 2371 4645 nuspiam
2397 4575 2539 4631 enim
2578 4574 2630 4630 id
2675 4574 2815 4645 apud
2847 4576 2985 4629 illm”
3030 4572 3505 4647 chronographum

1918 4644 2133 4717 legitur,
2166 4644 2259 4704 sed
2282 4663 2380 4705 nec
2400 4647 2541 4718 apud
2564 4644 2732 4703 ullum
2760 4644 3388 4718 scriptorcmAnaStasio
3414 4660 3508 4699 an-

1916 4715 2223 4789 tiquiorem.
2254 4720 2421 4789 Hujus
2436 4715 2624 4775 autem
2654 4728 2761 4773 tam
2790 4715 3038 4787 suspecta
3068 4715 3364 4789 diligentia,
3392 4726 3498 4789 tant

1916 4787 2221 4861 frequentes
2255 4787 2457 4861 lapsus,
2490 4798 2548 4844 ut
2575 4790 2784 4863 inﬁrma
2822 4791 2895 4863 sit
2931 4787 3312 4863 admodumst;
3340 4788 3505 4841 vacil-

1918 4858 2034 4917 lans
2063 4863 2289 4917 assertio
2309 4858 2493 4916 omnis
2520 4862 2630 4916 sola
2664 4862 2781 4930 ejus
2808 4858 3124 4914 auctoritate
3158 4858 3410 4911 subnixa.

1988 4935 2051 4987 2ο
2084 4934 2249 4989 Vetus
2278 4933 2645 4988 kalendarium
2675 4934 2921 4999 superius
2954 4930 3222 4984 laudatum
3255 4942 3323 4981 ex
3358 4935 3507 4981 tomo

1918 5006 1967 5061 Χ
1995 5004 2269 5074 Snicilegii
2314 5002 2617 5074 Aclteriani.
2652 4998 3045 5069 depositionem
3076 4998 3291 5070 qttidem
3330 4999 3503 5052 sancti

1921 5077 2117 5132 Leonis
2145 5073 2295 5145 papae
2336 5090 2391 5129 ιιι
2438 5073 2697 5129 kalendas
2738 5074 3056 5145 Novembris
3094 5079 3504 5145 commemorat,

1915 5164 1971 5204 ιιι
2002 5140 2279 5202 νει-θ’ἱάὶιε
2312 5146 2507 5214 Aprilis
2542 5161 2633 5200 seu
2668 5145 2722 5198 11
2759 5144 2848 5199 die
2880 5144 3109 5214 natalem
3138 5140 3506 5214 eju~dem_re7

1916 5226 2122 5276 censet.
2154 5209 2540 5286 Natalis'porro
2567 5216 2634 5271 de
2665 5216 2751 5269 die
2782 5212 3101 5286 mortisltoc
3136 5212 3251 5263 loco
3280 5209 3507 5277 intelligi

1918 5308 2026 5348 non
2054 5299 2248 5358 potest,
2275 5284 2395 5343 cum
2427 5290 2539 5342 haec
2563 5303 2745 5343 mense
2767 5284 2985 5340 Oetobri
3009 5284 3322 5358 deputetur;
3346 5295 3528 5349 quem,

1918 5352 2105 5433 igitur,
2132 5361 2231 5414 nisi
2259 5358 2700 5433 consecrationis,
2728 5358 2869 5433 diem
2902 5352 3259 5433 signiﬁcabit?
3282 5368 3388 5421 quo
3414 5368 3507 5433 una

1920 5422 2064 5490 mine
2089 5422 2236 5487 inter
2266 5432 2402 5485 alios
2438 5430 2715 5499 pontiﬁces
2751 5427 2934 5499 Sixtus
2966 5424 3051 5499 ll‘l,
3082 5422 3276 5499 Leonis
3306 5422 3510 5499 praede-

1920 5519 2125 5577 cessor,
2149 5491 2542 5577 ordinationem
2572 5513 2723 5577 suam
2752 5494 3217 5577 appellavitepist.
3246 5494 3269 5547 1
3304 5493 3369 5547 ad
3399 5491 3509 5577 CX-

1924 5563 2597 5631 rillutn'Alexandrinum:
2634 5563 2879 5645 Synodo1
2908 5566 3100 5645 inquit,
3130 5580 3283 5626 quam
3322 5563 3511 5645 natalis

1923 5648 2022 5703 mei
2047 5646 2155 5701 dies
2182 5651 2552 5717 congregarat;
2580 5647 2634 5697 et
2656 5636 2816 5709 epist.
2848 5638 2885 5691 2
2912 5636 2980 5693 ad
3023 5637 3285 5693 Joannem
3316 5636 3511 5692 Antio-

1303 5760 1861 5822 BALLERINIORUM
1900 5754 2443 5819 ANNOTATIONES.

2962 5936 3039 6009 il
