3968 6308
503 432 613 494 355

971 427 1209 489 PASCII.
1251 429 1638 501 QUESNELLI
1681 427 2265 488 DISSER'I‘ATIONES
2305 430 2370 488 IN
2411 431 2469 489 S.
2510 429 2759 490 LEONIS
2798 430 3015 491 MAGNI
3052 430 3309 491 OPERA.

3662 438 3749 495 356

508 549 861 626 gitabaturab
886 547 1199 626 Innocentio
1222 550 1268 605 X
1291 564 1503 605 summo
1545 549 1831 626 pontifice,
1855 559 1909 626 ut
1945 549 2087 626 idem
2116 551 2168 613 Α
2195 551 2544 626 uopolitanum
2566 552 2938 622 patriarcham,
2963 571 3165 610 sensum
3190 553 3397 626 quidem
3417 556 3473 626 et
3489 555 3745 626 scaturrig-

507 621 697 679 auctor
718 621 884 678 refert
916 622 1105 677 eodem
1134 624 1274 688 loco,
1319 632 1437 688 post
1469 637 1653 691 pauca.
1684 622 1852 686 Illud,
1895 622 2083 692 inquit,

506 706 764 765 postremo
793 696 906 748 loco
936 695 1286 764 adiungimus,
1323 692 1611 747 Innocentii
1644 693 1688 747 Χ
1718 696 1903 765 pontif.
1952 712 2089 748 max.

507 769 678 838 jussu,
710 767 778 820 ad
797 766 1119 821 recolendam
1144 766 1409 836 apostolici
1431 767 1522 838 viri
1547 766 1862 833 memoriam,
1896 766 1951 819 in
1989 765 2095 819 Va-

510 836 682 892 ticana
710 838 919 891 basilica
946 839 1189 891 sacellum
1231 839 1282 889 in
1314 838 1423 906 ejus
1462 836 1707 890 honorem
1756 838 1822 889 ad
1869 854 2095 906 pressant

509 911 702 979 aptari,
742 911 827 963 ubi
852 910 1031 977 equilis
1062 902 1347 961 Alexandri
1371 902 2091 979 Algarcli__Bf:::';‘°:f"f_l’_'_‘f:

509 957 1887 1045 ἷιῖι’,’⁷ὲιὶὶεἷὶὶᾶιῖέᾶέ-ὶὶιε’ἁὶξᾰέ’ἑξείλὲῖιξίέἒξβνίηιανίίν,ἕη
1916 957 2093 1045 ‘.“‘.’.',"“

787 1027 1229 1097 "-",[;:',}'J:Jifé5:,
1260 1028 1382 1079 dum
1414 1027 1587 1081 Attila:
1630 1030 1846 1081 occurrit
1875 1030 1942 1081 ad
1973 1029 2096 1082 libe-

514 1119 724 1153 -....mm
750 1070 955 1153 ﬂrbem.
979 1101 1272 1153 exsculntus
1297 1100 1601 1152 intuentium
1622 1100 1783 1152 oculis
1808 1101 2089 1153 exhibetur.

797 1118 822 1154 r

514 1100 724 1159 εἰ.άὶὶῶ
741 1100 955 1163 Urbem,
979 1101 1272 1164 exsculptus
1297 1100 1601 1152 intuentium
1622 1100 1783 1152 oculis
1808 1101 2089 1164 exhibetur,

509 1184 559 1228 et
587 1191 787 1227 sacram
818 1188 983 1232 aram,
1012 1180 1103 1223 sub
1124 1188 1223 1239 qua
1246 1170 1472 1241 ejusdem
1501 1171 1682 1223 deinde
1714 1187 1897 1242 corpus
1936 1171 2093 1223 collo-

510 1248 733 1298 candum
757 1253 853 1308 est,
884 1242 1211 1297 nobilissima:
1251 1244 1411 1295 instar
1458 1243 1672 1314 pictura:
1697 1242 1963 1313 splendide
2008 1258 2096 1295 e1:-

510 1329 680 1370 ornat.

584 1388 722 1443 XVI.
748 1387 813 1442 Et
839 1388 953 1443 haec
977 1385 1193 1458 quidem
1215 1386 1383 1440 sancti
1405 1388 1646 1454 corporis
1665 1386 1902 1455 reliquiis
1924 1394 2098 1449 certa-

510 1460 607 1514 tim
640 1462 878 1529 impensa
912 1469 1036 1513 sunt
1063 1458 1257 1512 ofﬁcia.
1307 1458 1413 1513 Sed
1466 1458 1604 1511 haud
1645 1459 1820 1511 minus
1865 1458 2099 1529 pretiosa

512 1532 685 1586 sancti
702 1528 898 1586 Leonis
916 1532 1134 1595 scripta,
1151 1544 1270 1599 quae
1292 1541 1601 1598 supersunt,
1618 1529 1763 1585 velut
1777 1528 2101 1583 venerandae

513 1604 677 1656 animi
715 1604 821 1656 l)eo
855 1602 995 1669 pleni
1027 1602 1283 1669 reliquiae,
1313 1601 1506 1670 quibus
1536 1616 1681 1668 saepe
1714 1600 1918 1654 reddita
1950 1601 2100 1653 sani-

514 1682 601 1727 tas
632 1674 822 1727 animis
846 1688 980 1742 quos
1004 1682 1094 1725 aut
1116 1673 1298 1725 vntium
1351 1681 1444 1725 aut
1467 1688 1621 1725 error
1650 1680 1989 1740 corruperat:
2017 1670 2102 1724 hic

516 1759 731 1810 semper
762 1747 863 1798 tela
890 1756 1072 1810 parata
1102 1743 1380 1810 Ecclesiae,
1407 1744 1815 1813 quibusjugulet
1844 1742 2099 1813 haereses,

515 1814 747 1869 debellet
768 1816 1092 1882 daemonem,
1124 1826 1178 1869 et
1227 1815 1480 1868 vitiorum
1528 1812 1764 1869 monstra
1804 1812 2098 1868 confudiat.

517 1886 781 1979 yrmjclara
809 1887 896 1941 illa
940 1886 1414 1979 magnirpoutilicis
1466 1888 1792 1979 ulionilnenlta
1849 1885 2103 1979 divinitus
2136 1920 2185 1979 B

516 1957 712 2012 tradita
744 1973 883 2024 esse,
911 1958 1180 2011 miraculis
1202 1958 1472 2027 signisque
1497 1956 1635 2010 haud
1669 1957 1971 2021 vulgaribus
2002 1972 2105 2012 HB-

516 2044 585 2097 pe
615 2040 888 2083 ostensum
922 2040 1023 2083 est.
1051 2029 1187 2096 Quin
1229 2030 1388 2082 etiam
1416 2039 1533 2096 post
1565 2040 1789 2082 mortem
1820 2028 2107 2096 aliquando

518 2102 669 2156 visus
716 2110 912 2168 praesto
941 2115 1060 2153 esse
1093 2100 1158 2152 ad
1192 2100 1585 2168 rependendam
1628 2103 1853 2165 gratiam
1902 2100 1965 2152 iis
2017 2100 2105 2168 qui

518 2186 673 2226 suam
700 2172 763 2225 ad
792 2170 1104 2225 Flavianum
1137 2172 1417 2236 epistulam
1447 2171 1607 2241 607
1644 2170 2016 2235 defenderant,
2052 2170 2095 2223 si

522 2242 657 2296 ﬁdes
685 2242 985 2297 estanctori
1009 2241 1153 2295 Prati
1172 2241 1482 2311 Spiritnalis
1506 2259 1592 2308 qui
1610 2244 1810 2294 hancce
1826 2243 2104 2295 historiam

521 2313 611 2367 his
627 2313 803 2367 verbis
819 2324 1233 2385 Commemorat.
1253 2312 1766 2385 Theodorustinquit
1791 2312 2106 2385 (Canuti),

517 2386 868 2438 sanctissimus
896 2384 1162 2451 episcopus
1208 2383 1395 2437 Dornm
1423 2384 1522 2453 (vel
1562 2382 1771 2451 Dernte)
1802 2382 1923 2453 qua:
1948 2395 2021 2438 est
2054 2386 2107 2436 in

518 2455 705 2527 Libya,
736 2457 962 2527 narravit
983 2455 1146 2518 nobis,
1180 2455 1353 2527 dicens
1379 2472 1396 2509 .'
1424 2455 1552 2509 Cum
1582 2472 1739 2509 essem
1768 2456 2106 2509 cubicularius

519 2528 684 2581 sancti
713 2543 861 2595 papa:
903 2526 1132 2595 Eulogii,
1181 2526 1284 2579 vidi
1315 2528 1368 2579 in
1396 2528 1589 2580 somnis
1637 2528 1803 2579 virum
1842 2528 2106 2580 reverendi

521 2599 744 2660 habitus,
802 2607 1001 2651 statura
1048 2613 1345 2667 procerum,
1396 2600 1646 2651 dicentem
1692 2599 1852 2652 mihi:
1904 2597 2106 2651 Nuntia

519 2685 690 2723 meum
721 2667 943 2740 Eulogio
987 2684 1132 2740 papa:
1178 2670 1466 2722 adventum.
1516 2670 1594 2722 Ad
1622 2686 1771 2737 quem
1819 2669 2108 2739 ego:Quis

519 2750 679 2813 estu,
710 2742 811 2813 qui
850 2742 1003 2813 jubes
1033 2742 1396 2813 ut_nuntiem?
1436 2741 1773 2813 Respondens
1813 2742 1899 2793 ille
1925 2741 2106 2813 ,Vdixit

520 2812 683 2865 mihi:
702 2810 814 2881 Ego
827 2810 939 2864 sum
960 2811 1064 2864 Leo
1085 2811 1348 2865 Romanus
1381 2814 1631 2882 pontifex.
1660 2810 1933 2881 Ingressus
1951 2812 2109 2881 igitur

519 2898 615 2951 ego
638 2885 868 2936 nuntiavi
890 2884 1094 2936 dicens:
1122 2882 1493 2937 Sanctissimus
1532 2894 1579 2936 et
1623 2883 1940 2936 beatissimus
1971 2898 2108 2950 papa

517 2952 625 3007 Leo
652 2955 900 3007 [laniante
926 2955 1057 3007 sedis
1074 2955 1283 3007 antistes
1302 2955 1569 3007 convenire
1596 2971 1680 3007 vos
1709 2958 1835 3008 vult.
1855 2956 1985 3007 Cum
2015 2956 2109 3007 hoc

519 3026 763 3078 audiisset
787 3042 920 3095 papa
951 3024 1223 3095 Eulogius,
1272 3042 1552 3094 exsurgens
1576 3027 1804 3078 concitus
1848 3027 1901 3078 in
1932 3042 2111 3079 occur-

517 3111 634 3149 sum
662 3100 797 3168 ejus,
829 3095 1206 3167 salutantesque
1230 3113 1283 3151 se
1310 3098 1519 3149 invicem
1547 3098 1778 3150 oratione
1807 3101 1946 3168 facta
1986 3114 2109 3151 con-

518 3168 777 3221 sederunt.
811 3168 956 3221 Tunc
981 3184 1095 3221 vero
1126 3169 1362 3222 dominus
1388 3178 1437 3223 et
1460 3169 1676 3221 eximius
1700 3168 1801 3221 Leo
1831 3170 1961 3221 dixit
1986 3186 2108 3223 san-

517 3244 602 3311 cto
624 3236 884 3311 Eulogio:
910 3240 1026 3293 Scis
1049 3256 1206 3311 quare
1230 3242 1449 3293 venerim
1469 3239 1569 3292 huc
1589 3242 1656 3293 ad
1678 3241 1805 3293 vos?
1830 3241 2109 3311 Respondit

2200 613 2363 695 meam
2385 613 2711 695 aperientem,
2733 613 3092 680 hwreticorum
3116 613 3745 695 autkmﬂrg;

2208 674 2361 749 seu
2380 674 3434 764 sarta;"i.:uajnia'41"-"--75:'z'tenwm
3455 681 3661 764 3W"
3685 674 3748 724 αε-

2658 741 2995 824 Zliirluiiiique
3017 742 3309 824 contulistis
3328 783 3343 806 ,
3372 741 3480 823 ⁹θεά
3506 741 3747 824 etiamusu~

2197 812 2372 883 ξιῗέῖῖἱδ
2393 812 2600 866 culmini
2624 814 2974 879 apostolorum
3008 813 3183 879 Petro,
3216 824 3262 865 et
3286 814 3383 879 ipsi
3406 828 3512 882 pra:
3531 812 3746 879 omnibus,

2196 882 2310 954 qua:
2338 902 2369 937 a
2398 883 2538 956 nobis
2563 884 2882 956 prwdicatur
2912 884 3153 947 Veritati,
3179 886 3269 954 qui
3298 892 3368 938 est
3396 882 3615 937 Christus
3644 883 3749 937 Deus

2199 964 2387 1008 noster.
2422 954 2533 1009 Ista
2561 954 2661 1009 non
2689 956 2843 1009 semel
2872 966 3093 1022 tantum,
3136 958 3224 1009 sed
3269 956 3346 1009 bis
3380 966 3550 1024 terque
3578 956 3747 1021 conspi-

2201 1027 2363 1099 ciens,
2391 1028 2527 1080 trina
2558 1029 2884 1099 apparitione
2898 1028 3157 1097 ﬁrmatus.
3184 1028 3417 1081 enarravi
3442 1040 3610 1078 sancto
3634 1041 3752 1095 papa

2202 1096 2445 1171 Eulogio,
2468 1099 2555 1168 qui
2583 1096 2697 1151 cum
2719 1100 3278 1171 audisset_lacrymatus
3301 1110 3401 1160 est;
3426 1099 3753 1171 «claudensque

2200 1170 2253 1239 in
2287 1172 2467 1223 caelum
2498 1189 2676 1225 manus
2733 1188 2873 1230 suas.
2927 1169 3036 1224 Deo
3081 1168 3290 1239 gratias
3338 1168 3549 1229 retulit,
3587 1172 3753 1239 dicens:

2202 1238 2409 1294 Gratias
2431 1244 2519 1295 tibi
2547 1260 2666 1312 ago,
2696 1241 2999 1295 Dominator
3033 1238 3190 1304 orbis,
3223 1241 3424 1294 Christe
3463 1241 3622 1311 608
3646 1238 3753 1293 Deus

2204 1324 2397 1379 noster,
2429 1316 2517 1382 qui
2548 1331 2662 1367 cum
2701 1314 2945 1383 indignus
2973 1316 3089 1377 sim,
3120 1314 3348 1367 veritatis
3381 1322 3482 1364 tute
3509 1328 3751 1383 primum

2205 1400 2283 1436 me
2305 1380 2489 1453 facere,
2520 1395 2568 1437 et
2604 1402 2692 1454 per
2723 1380 2978 1439 orationes
3022 1401 3283 1438 servorum
3332 1380 3537 1437 tuorum
3577 1380 3699 1437 Petri
3721 1390 3757 1435 et

2205 1454 2391 1508 Leonis
2422 1472 2628 1520 parvam
2649 1466 2695 1509 et
2724 1459 2976 1509 modicam
3006 1456 3324 1509 alacritatem
3367 1469 3621 1518 nostram,
3653 1466 3757 1505 tam-

2206 1544 2362 1596 quam
2385 1528 2484 1581 duo
2514 1529 2680 1581 vidua:
2712 1532 2931 1589 minuta,
2966 1545 3167 1581 summa
3205 1536 3251 1580 et
3284 1526 3536 1595 ine/fabili
3566 1525 3755 1595 benigni-

2210 1606 2319 1671 tate
2334 1609 2429 1671 tua
2455 1601 2714 1671 suscipere
2734 1599 2975 1671 dignatus
3006 1616 3076 1653 es.

2281 1668 2445 1724 XVII.
2476 1670 2674 1723 Cusum
2718 1668 2982 1725 numisma
3014 1685 3212 1725 aereum
3242 1670 3294 1724 in
3330 1670 3385 1725 S.
3416 1669 3612 1724 Leonis
3645 1684 3759 1737 papa:

2211 1741 2547 1809 memoriam,
2582 1757 2704 1796 cum
2742 1743 2974 1812 imagine
3005 1751 3059 1796 et
3091 1743 3305 1796 nomine
3333 1743 3389 1795 S.
3426 1742 3567 1795 Petri
3596 1758 3620 1794 a
3649 1750 3761 1806 parte

2213 1813 2404 1877 altera,
2435 1816 2600 1867 altera
2626 1830 2754 1867 vero
2782 1814 2998 1867 nomine
3018 1828 3277 1881 expresso
3306 1814 3476 1877 ipsius
3499 1814 3555 1867 S.
3587 1814 3755 1875 Leonis,

2213 1895 2565 1951 reprmseutat
2598 1886 2648 1939 in
2678 1886 2789 1939 suis
2822 1885 3115 1941 Annalibus
3147 1885 3493 1938 doctissimus
3520 1882 3758 1938 cardinalis

2214 1954 2475 2009 Baronins
2507 1972 2573 2010 ex
2626 1958 2845 2010 arcliivo
2880 1957 3022 2009 Laelii
3059 1957 3383 2023 Pasqualiui,
3433 1956 3649 2024 ejusque
3684 1970 3757 2007 nu-

2211 2027 2471 2099 mismatis
2500 2029 2751 2099 mySIeria
2780 2028 3065 2095 investigat
3096 2027 3197 2096 (Al
3222 2044 3343 2079 ann.
3368 2026 3497 2084 46!.
3526 2044 3649 2099 num.
3680 2025 3760 2089 12).

2209 2097 2315 2152 Sed
2346 2097 2595 2152 Nicnlaus
2624 2100 2912 2153 Alemanus
2962 2102 3013 2151 in
3062 2098 3442 2153 dissertatione
3483 2100 3549 2152 de
3580 2098 3757 2151 Latera-

2210 2185 2335 2223 ncn.
2371 2170 2595 2235 Pariet.,
2630 2182 2683 2225 et
2714 2186 2831 2239 pOSt
2866 2170 3038 2238 ipsum
3084 2170 3326 2223 Andreas
3378 2167 3692 2239 Vieloreilusr
3718 2167 3759 2219 in

2209 2240 2574 2296 additionibus
2618 2242 2684 2294 ad
2718 2238 3044 2297 Ciacnnium
3097 2241 3174 2308 (a)
3211 2242 3276 2295 ad
3324 2241 3561 2296 Leonem
3588 2239 3657 2303 Ill,
3685 2238 3765 2291 hoc

2210 2313 2476 2366 numisma
2526 2312 2712 2367 relerri
2760 2313 2953 2368 merito
2986 2322 3173 2380 putant
3208 2312 3278 2365 ob
3316 2313 3455 2365 hanc
3522 2311 3763 2380 rationein,

2209 2384 2352 2451 quod
2388 2385 2592 2437 Domini
2624 2385 2811 2438 titulus
2852 2385 2935 2438 his
2960 2383 3165 2437 nummi
3190 2384 3377 2437 litteris
3400 2394 3692 2445 contentus,
3720 2379 3764 2451 I).

2209 2449 2273 2508 N.
2310 2454 2477 2509 LEoNt
2499 2472 2665 2519 Papia,
2694 2472 2798 2510 non
2828 2456 2990 2510 Leoni
3025 2456 3041 2508 I
3073 2461 3378 2513 coiiveniat.
3408 2455 3505 2510 sed
3538 2449 3765 2515 Leonilll,

2210 2526 2298 2579 cui
2325 2526 2480 2581 Urbis
2508 2528 2804 2581 dominium
2833 2527 3059 2581 Carolus
3090 2526 3308 2596 Magnus
3340 2525 3661 2580 Francorum
3686 2537 3757 2576 rex

2210 2604 2267 2651 et
2295 2599 2586 2664 imperator
2626 2598 2956 2662 restituerat,
2990 2609 3047 2653 et
3105 2596 3434 2660 ﬁrmaverat,
3491 2607 3545 2651 ut
3575 2597 3767 2664 loquitur

2212 2669 2525 2728 Alemanus.
2563 2671 2646 2726 vel
2688 2671 2862 2739 potius
2900 2676 2958 2725 ut
2999 2668 3145 2740 loqui
3186 2669 3372 2724 debuit
3404 2667 3507 2740 (b),
3542 2678 3640 2722 tum
3673 2664 3759 2735 ρι’ἰ-

2214 2756 2357 2793 mum
2392 2742 2613 2810 largitus
2640 2753 2777 2797 erat.

2286 2811 2354 2867 Ut
2376 2822 2432 2867 ut
2461 2815 2528 2866 sit
2559 2814 2627 2868 de
2659 2814 2760 2869 hoc
2807 2826 2951 2869 aereo
2979 2822 3348 2877 monumento,
3402 2817 3768 2868 monumentum

2214 2896 2363 2938 certe
2394 2886 2583 2954 quovis
2617 2900 2724 2939 aere
2775 2886 3065 2955 perennius
3095 2885 3199 2939 sibi
3244 2886 3435 2939 vivens
3481 2880 3771 2955 posuituLeo

2214 2952 2428 3021 noster,
2491 2959 2603 3010 suis
2654 2952 2943 3026 numquam
2993 2958 3287 3011 interituris
3326 2952 3769 3013 lucubrationibus,

2214 3027 2337 3079 vitae.
2363 3032 2741 3093 sanctimonia,
2776 3029 2902 3082 dum
2930 3027 3170 3083 Ecclesia
3218 3028 3481 3091 manebit,
3506 3043 3533 3080 a
3560 3026 3773 3081 Cluistia'

2214 3098 2296 3152 nis
2327 3100 2631 3163 reeiilenda,
2654 3116 2834 3154 rerum
2860 3100 3116 3167 praeclare
3147 3109 3417 3169 gestarum
3446 3093 3777 3167 magnitudine

2214 3184 2277 3224 ac
2302 3173 2568 3240 susceptis
2601 3188 2697 3237 pro
2722 3171 2960 3225 Ecclesia
2996 3180 3050 3225 et
3081 3170 3304 3233 imperio
3348 3170 3645 3240 laboribus;
3680 3178 3774 3231 qute

2216 3243 2397 3297 oumia
2451 3238 2499 3295 iu
2542 3258 2647 3297 uno
2679 3242 2859 3297 Li-one
2907 3242 3174 3296 Ambrosii
3204 3245 3580 3302 constantiam,
3620 3238 3775 3292 lacun-

518 3309 643 3385 ille:
676 3302 816 3362 Non.
844 3302 1085 3385 Aitipsi}
1123 3310 1249 3363 Veni
1277 3321 1329 3363 ut
1357 3311 1493 3385 vobis
1520 3314 1713 3380 gratias
1739 3302 1965 3385 agerem,
1991 3313 2113 3381 quia
2138 3302 2184 3363 C
2219 3312 2360 3385 diam
2400 3312 2791 3385 Chrysostomi,
2820 3313 3097 3382 Augustini
3125 3314 3449 3379 doctrinam,
3485 3311 3619 3368 Petri
3641 3308 3781 3379 ipsius

524 3381 624 3453 rite
652 3390 699 3433 et
728 3382 1002 3453 magniﬁce
1018 3399 1111 3451 pro
1143 3398 1255 3435 mea
1293 3381 1915 3453 epistolawrespondistis,
1960 3398 2119 3453 quam

523 3449 763 3518 scriptam
790 3452 905 3505 misi
934 3449 1026 3504 ad.
1044 3456 1254 3522 fratrem
1278 3468 1448 3506 meum
1480 3449 1789 3507 Flavianum
1820 3449 2115 3508 Constanti-

2230 3383 2390 3439 ﬁdem
2415 3383 2527 3441 sub
2546 3401 2653 3440 uno
2682 3395 2978 3455 conspectu
3008 3393 3416 3455 reprtesentant.

1588 3593 2152 3656 BALLERINIORUM
2190 3598 2722 3658 ANNOTATIONES

522 3705 813 3763 anterioris
844 3707 1210 3764 translationis
1239 3709 1339 3765 sub
1385 3709 1553 3765 Paulo
1583 3711 1649 3779 V,
1680 3727 1892 3767 sacrum
1926 3715 2121 3770 Leonis

520 3780 696 3852 Magni
726 3780 1223 3852 corpusjnventum
1257 3784 1305 3834 in
1347 3781 1598 3837 distincta
1630 3799 1790 3852 capsa
1818 3786 1917 3839 sub
1945 3786 2117 3842 altare

523 3856 581 3906 δ.
618 3850 796 3905 Maria
825 3851 892 3905 de
921 3850 1200 3923 columna,
1236 3854 1567 3923 recognitum
1602 3850 1717 3909 luit.
1753 3857 1905 3922 Dein,
1940 3859 2026 3913 die
2047 3859 2118 3917 20

528 3923 707 3977 Martii
739 3938 828 3977 an.
860 3921 1020 3984 17M,
1052 3939 1080 3976 a
1109 3925 1252 3978 dicto
1272 3921 1427 3979 altari
1465 3925 1768 3982 traductum
1815 3921 1913 3983 fuit
1940 3930 2006 3983 ad
2038 3946 2123 3985 sa-

522 3992 719 4070 cellum
742 3996 807 4070 _S.
831 3993 1038 4070 Nicolai
1058 3995 1343 4051 Bariensis.
1373 3997 1469 4070 Die
1492 4005 1667 4054 autem
1700 4002 1935 4055 secunda
1959 4003 2115 4070 Apri-

524 4064 593 4141 l_i_s
631 4065 768 4141 anni
795 4065 1036 4141 ejusdem
1060 4083 1194 4122 nova
1224 4068 1804 4141 rgecognitiorperacta:
1835 4089 1897 4127 ac
1930 4064 2119 4141 postea

522 4135 689 4190 die“
722 4136 961 4207 ejusdem
1002 4141 1202 4213 mensis
1234 4139 1291 4194 S.
1325 4135 1493 4213 Leoni
1518 4135 1691 4196 dicata
1722 4142 1864 4198 idem
1894 4135 2119 4213 corpus,

521 4218 787 4279 prrcsente
812 4224 1024 4264 summo
1053 4212 1302 4279 pontiﬁce
1322 4211 1601 4268 Clemente
1632 4213 1702 4267 XI
1728 4228 1791 4269 ac
1841 4211 2123 4271 nonnullis

522 4278 910 4353 cardinalibus,
930 4278 1090 4353 tertio
1110 4284 1442 4352 recognitum
1466 4293 1521 4339 et
1546 4300 1574 4337 a
1601 4286 1774 4353 perito
1792 4287 1905 4341 viro
1932 4297 2121 4343 exacte

523 4349 1062 4423 descriptum,rcujus
1092 4349 1303 4409 icone'm
1354 4354 1537 4410 videre
1567 4349 1650 4411 eét
1690 4357 1830 4423 apud
1867 4357 2121 4413 Francis-

524 4422 1072 4498 eum_Blancliini_um,
1109 4434 1146 4478 t.
1176 4424 1250 4498 III
1268 4425 1536 4498 Anastasii
1562 4442 1683 4498 pag.
1721 4422 1843 4481 161.
1880 4430 2119 4486 Tandem

526 4492 613 4545 die
652 4490 787 4547 l‘esto
812 4493 1056 4568 ejusdem
1087 4497 1255 4549 sancti
1277 4497 1398 4550 anni
1426 4490 1699 4568 sequeniis
1718 4498 1875 4565 1715,
1910 4516 2123 4557 sacrum

526 4576 722 4634 corpus
770 4564 993 4618 solemni
1061 4580 1254 4634 pompa
1293 4564 1519 4630 elatum,
1582 4578 1636 4623 et
1689 4564 1961 4625 conditum
2010 4574 2110 4627 sub

528 4633 684 4686 altari
724 4635 942 4707 proprio
986 4633 1299 4707 S.'Leonis,
1344 4639 1484 4707 quod
1532 4639 1943 4697 InnocentiusX
1986 4659 2120 4699 con-

528 4704 979 4827 ῗὲιὲιὲχὲἷῗὲίονὶἀθ
1002 4706 1149 4775 plura
1172 4708 1309 4778 apud
1344 4704 1588 4765 eumdem
1609 4712 1957 4769 Benedictum
1979 4714 2119 4784 XIV,

552 4789 651 4829 0(‘0
688 4784 871 4832 cttato.

603 4845 678 4917 (a)
704 4846 785 4929 Ad
809 4847 1071 4930 _Leonem
1102 4852 1281 4919 potius
1320 4852 1437 4909 VIII
1469 4853 1570 4930 hoc
1605 4856 1870 4913 numisma
1924 4874 2119 4930 argen-

528 4926 675 4974 teum
696 4918 935 4993 quidem,
970 4938 1073 4976 nun
1098 4918 1316 4987 aereum,
1350 4928 1599 4993 pertinet,
1635 4940 1691 4982 ut
1733 4930 1912 4986 videre
1939 4918 2020 4985 esi
2050 4947 2116 4986 ex

526 5003 693 5070 opere
720 4991 1057 5070 Antig-mores
1072 4991 1369 5070 pontiﬁcum
1394 4991 1743 5055 Romanorum
1773 5002 1969 5057 denarii
1995 5005 2117 5056 olim

526 5060 581 5113 in
612 5060 785 5139 lucem
818 5064 941 5139 editi
968 5083 1004 5139 (ιΔ
1027 5060 1227 5139 Joanne
1262 5068 1520 5139 Vignolio,
1558 5073 1740 5125 iterum
1780 5075 1917 5127 aucti
1942 5076 2117 5127 studio

481 5178 486 5183 .
528 5141 716 5211 ethcu’ra
744 5132 1005 5211 lieuedicti
1058 5132 1403 5211 Elorat'ant'is.
1441 5140 1617 5195 liomw
1644 5145 1801 5211 “Si,
1833 5161 1950 5211 pag.
2001 5147 2033 5199 5
2064 5153 2117 5200 et

645 5201 844 5285 Catili?!
873 5208 1031 5261 etiam
1059 5208 1429 5285 Muratorinttt,
1466 5220 1595 5285 tum.
1632 5215 1669 5267 Il
1705 5201 2112 5285 Antiq.ultalic.,

528 5273 742 5331 dissert.
772 5278 860 5347 27,
914 5295 1120 5336 numm.
1162 5281 1250 5349 45,
1292 5286 1392 5338 col.
1418 5273 1570 5339 '558.
1618 5285 1673 5341 In
1729 5273 1910 5343 nota'm
1942 5273 2121 5344 autem

2228 3718 2686 3788 compendiariam
2714 3716 2822 3773 DN.
2843 3717 2956 3772 haec
2985 3715 3234 3771 observat
3263 3713 3542 3783 Vignolius
3569 3706 3785 3782 pag.78:

2232 3788 2513 3860 Perperam
2540 3793 2745 3857 quidem
2773 3792 2928 3843 iidem
2956 3788 3211 3841 Baronius
3241 3799 3290 3841 et
3319 3788 3593 3841 Alemanus
3638 3791 3791 3860 notam

2227 3859 2360 3913 hanc
2384 3863 2820 3929 compendiariam
2849 3862 3054 3917 ΒοωΝο
3096 3862 3307 3914 Nosrao
3332 3868 3451 3913 sunt
3480 3859 3790 3925 interpretati,

2229 3948 2345 4005 cum
2380 3931 2575 3987 litteras
2604 3944 2847 3999 punctum
2877 3950 2976 3986 non
3001 3933 3219 4005 dividat,
3240 3932 3329 3987 sed
3373 3932 3511 3983 linea
3548 3932 3612 4005 sit
3640 3940 3793 4005 super-

2227 4003 2425 4067 addita,
2456 4020 2569 4070 qua:
2600 3998 2802 4058 unicam
2853 4021 3020 4057 vocem
3052 4020 3159 4058 esse
3186 4003 3531 4056 demonstrat.
3566 3998 3646 4053 Ita
3684 3998 3793 4070 enim

2228 4068 2615 4146 tunctem’poris
2656 4076 2837 4131 titulus
2868 4077 3036 4131 DOINI
3066 4076 3367 4142 compendio
3403 4072 3563 4146 scribi
3604 4068 3793 4145 solebat,

2235 4146 2318 4201 Ad
2348 4144 2582 4201 Leonem
2619 4147 2640 4201 ι
2678 4147 2947 4203 referendi
2976 4148 3227 4201 videntur
3249 4144 3591 4201 recentiores
3621 4144 3795 4195 nummi

2227 4216 2449 4272 Joannaa
2496 4219 2697 4287 reginae
2752 4218 3022 4288 Neapolis,
3069 4226 3123 4271 et
3174 4216 3405 4272 Ladislai
3462 4217 3630 4288 regis,
3683 4204 3799 4278 apud

2228 4288 2477 4343 eumdem
2509 4286 3006 4345 Muratorium’loco
3030 4289 3262 4356 laudato,
3306 4288 3411 4343 col.
3445 4286 3578 4353 6w,
3610 4294 3799 4356 numplo

2230 4362 2262 4414 8
2287 4371 2339 4415 et
2365 4360 2491 4427 659,
2525 4377 2746 4416 nummo
2768 4364 2821 4427 7,
2841 4364 2891 4415 in
2921 4376 3147 4431 quorum
3174 4350 3375 4428 postica
3407 4350 3610 4427 legitur
3634 4350 3798 4431 $._Leo

2229 4448 2388 4503 papa,
2431 4424 2605 4503 ubiqin
2627 4433 2744 4487 aliis
2776 4424 3006 4487 nummis
3032 4424 3274 4503 ejusdem
3296 4432 3395 4485 arvi
3418 4424 3491 4486 ac
3517 4429 3667 4500 regni
3703 4424 3802 4479 loco

2226 4502 2284 4557 S.
2308 4502 2505 4557 Leonis
2534 4502 2762 4559 habetur
2793 4504 2855 4560 S.
2888 4502 3072 4559 Petrus
3094 4520 3246 4574 papa.

2300 4574 2373 4645 (b)
2406 4574 2459 4627 Id
2488 4574 2679 4631 falsum
2735 4576 3001 4631 evincitur
3028 4572 3101 4631 ex
3142 4572 3209 4629 iis
3261 4588 3381 4644 qua:
3431 4573 3561 4629 fuse
3592 4572 3801 4645 disputat

2226 4643 2710 4717 revereudissimus
2746 4646 2980 4703 Joannes
3012 4643 3339 4717 Augustinus
3367 4646 3503 4717 Orsi
3546 4643 3800 4717 sacrit):-

2229 4716 2340 4771 latii
2365 4722 2619 4785 magister
2643 4717 2695 4771 iu
2725 4714 3117 4774 dissertatione
3145 4718 3428 4784 inscripta:
3462 4714 3801 4782 Detl‘Origine

2228 4789 2311 4841 del
2339 4791 2567 4843 dominio
2596 4807 2622 4843 e
2643 4790 2780 4843 delia
2800 4791 3063 4844 sovranitt‘t
3084 4789 3384 4843 de’liomani
3409 4787 3658 4856 ponteﬁci
3675 4795 3809 4853 supra

2227 4860 2298 4928 gli
2330 4862 2449 4914 stati
2477 4862 2585 4913 loro
2608 4863 3022 4931 temporalmente
3052 4858 3483 4933 soggeititlioma
3514 4858 3673 4933 12:42.
3706 4870 3805 4922 ταρ-

2229 4933 2283 4997 8,
2320 4933 2405 4985 ubi
2431 4934 2633 4997 jamdiu
2664 4929 2787 4987 ante
2838 4929 3421 4998 Rullianus—pontifices
3471 4934 3525 4983 in
3562 4929 3704 4986 Urbe
3732 4940 3809 4998 δυς

2228 4991 2471 5069 premuin
2531 5004 2827 5057 dominium
2882 4991 3177 5058 obtinuisse
3233 5004 3603 5057 demonstrat.
3646 4991 3814 5065 Quoad

2229 5074 2373 5141 ipsas
2404 5092 2530 5129 vero
2557 5077 2798 5143 ejusdem
2823 5076 3041 5129 ditionis
3074 5075 3398 5143 provincias,
3428 5086 3703 5142 quatenus
3730 5078 3815 5121 una

2226 5161 2346 5200 cum
2380 5146 2683 5200 donationis
2718 5150 2869 5201 titulo
2910 5144 3093 5200 titulus
3125 5144 3677 5219 etiamireslitntiouis
3701 5152 3807 5219 ςιξζιξ

2229 5220 2481 5284 currerit,
2506 5235 2625 5274 cum
2659 5218 2885 5273 Carolus
2910 5220 3128 5289 Magnus
3157 5232 3249 5273 eas
3280 5218 3335 5273 S.
3369 5216 3540 5273 Petro
3582 5214 3819 5273 reddidit.

2233 5290 2431 5345 ibidem
2468 5292 2574 5346 late
2600 5289 2837 5347 ostendit
2860 5305 2910 5345 c.
2945 5290 3000 5345 6.

540 5440 3823 5475 ..______________________________________________________.

1973 5566 2222 5630 APPEN
2232 5565 2373 5630 DIX
2386 5614 2400 5628 .

601 5698 893 5790 {ramis-ste.
909 5708 1259 5790 dissertationi
1290 5711 1352 5790 de
1378 5712 1480 5790 vita
1508 5721 1553 5768 et
1576 5711 1723 5790 rebus
1758 5712 1913 5784 gestis
1946 5712 2014 5790 S._
2037 5716 2242 5790 Leonis,
2279 5714 2395 5787 qua:
2434 5715 2488 5771 in
2539 5716 2903 5775 recentioribus
2947 5713 3139 5790 notitiis
3168 5714 3237 5768 ad
3258 5712 3414 5783 ipsius
3431 5715 3658 5790 fultum
3684 5707 3831 5790 pet-tia

532 5774 761 5861 qsntibus
789 5776 992 5861 d'esinit,
1023 5797 1178 5834 unum
1205 5785 1533 5861 novissimum
1564 5774 1925 5861 documEntum
1948 5774 2243 5861 addendum
2268 5774 2360 5856 est,
2394 5806 2491 5859 quo
2531 5774 2765 5845 summus
2799 5790 3045 5861 pontifex_
3080 5774 3407 5861 Beuenuz'rus
3431 5784 3567 5842 XIV
3604 5774 3829 5841 eumdem

534 5841 1023 5933 agituttt_Leoitent
1045 5868 1295 5933 bocrouts
1315 5858 1457 5909 titulo
1481 5867 1526 5909 et
1550 5859 1691 5933 cultu
1719 5858 1773 5933 in
1809 5860 2042 5933 universa
2067 5841 2310 5915 Ecclesia
2328 5841 3084 5933 honorandumd
3110 5841 3304 5913 a'nobis
3324 5841 3661 5933 summopere
3688 5871 3832 5933 espe-

535 5919 679 5969 tilum
710 5919 824 5978 fuit,
858 5930 907 5973 ut
937 5937 997 5973 ex
1019 5925 1231 5987 epistola
1264 5931 1640 5996 nimcupatoria
1658 5932 1724 5983 ad
1744 5932 1973 5986 eumdem
2000 5949 2252 5988 summum
2282 5933 2574 6004 pontiﬁcem
2610 5919 2745 5989 torno
2775 5919 2938 6003 primo
2958 5933 3162 6001 afﬁxam
3197 5919 3677 5999 manifestum-ﬁet.
3713 5919 3830 5998 Ιρεη
