3968 6308
267 335 375 395 537

887 336 1193 395 DlSSERT.
1234 337 1274 391 Ι.
1319 336 1403 391 DE
1443 336 1603 391 VITA
1648 334 1736 391 ET
1778 334 2002 393 REBUS
2042 336 2284 393 GESTIS
2325 338 2380 393 S.
2426 341 2666 398 LEONIS
2707 343 2941 401 MAGNI.

3456 349 3561 409 538

267 465 437 529 autem
466 454 738 529 peculiaris
766 452 1061 529 constitutio
1080 452 1387 529 apostolica,
1416 468 1517 529 qua
1709 452 1875 505 cultus
1991 451 2148 529 Leoni
2173 454 2407 529 decretus
2434 456 2553 529 fuit,
2583 475 2639 511 eo
2663 461 2822 528 magis
2848 462 2929 515 hic
2964 462 3296 518 describenda
3329 464 3435 519 uisa
3459 476 3557 529 est,

264 528 406 607 quod
443 523 743 596 quicumque
770 541 881 607 eam
904 525 1103 607 legerit,
1134 540 1251 577 cum
1272 523 1539 607 selectiora
1560 524 1715 607 hujus
1738 523 1966 605 encomia
1992 540 2052 578 ac
2081 524 2245 605 ipsius
2277 523 2779 607 cultus‘decernendi
2819 534 3041 589 rationes
3078 536 3371 607 propositas
3407 523 3555 592 inve;

266 593 394 664 itiet,
424 593 531 653 tum
558 593 673 654 vero
694 593 1059 666 sapientissimi
1084 596 1311 653 auctoris
1333 593 1688 665 eruditionem,
1720 611 1782 651 ac
1808 596 2059 668 insignem
2091 593 2145 650 in
2170 605 2401 655 nostrum
2431 598 2683 655 Sanctum
2708 604 2941 674 pietatem
2972 593 3264 681 cognoséet.

334 765 497 838 609
541 761 966 820 BENEDICTUS
1009 761 1301 834 episcopus
1344 772 1537 819 servus
1573 773 1855 819 servorum
1880 764 1937 827 Α
1959 762 2065 819 odo
2093 764 2473 833 ﬁrmamentem
2504 766 2809 823 orthodoxa
2852 773 2971 840 ﬁdei
3008 774 3359 843 praedicatur;
3408 776 3554 833 idem

262 859 361 915 Dei
393 860 458 912 ad
492 868 801 928 perpetuam
833 857 912 914 rei
943 855 1281 914 memoriam.

336 952 609 1009 Militantis
653 952 914 1009 Ecclesiae
961 962 1150 1010 auctor
1188 962 1482 1025 rectorque
1526 953 1693 1021 Deus,
1730 967 1854 1009 cum

257 1062 379 1103 eam
419 1064 586 1118 super
616 1047 1023 1106 fundamentum
1061 1050 1433 1120 apostolorum
1478 1058 1533 1105 et
1557 1047 1854 1121 propheta-

257 1156 375 1196 rum
407 1141 776 1209 :ediﬁcaverit,
810 1157 1131 1213 summoque
1156 1142 1402 1213 angulari
1432 1141 1613 1213 lapide
1641 1140 1857 1197 Christo

252 1235 384 1293 Jesu
414 1237 655 1292 innixam
679 1237 936 1303 voluerit,
973 1250 1083 1290 tum
1118 1235 1347 1306 provido
1378 1234 1523 1290 cavit
1550 1234 1779 1291 consilio
1802 1243 1858 1291 ut

253 1330 322 1386 ad
354 1330 499 1386 illius
540 1331 847 1387 custodiam
897 1338 1059 1400 atque
1097 1328 1411 1400 praesidium
1447 1344 1621 1399 usque
1650 1329 1701 1384 in
1749 1342 1855 1385 ste-

252 1424 503 1480 culurum
530 1424 697 1479 ﬁnem
724 1423 1082 1493 advigilarent
1116 1422 1318 1492 egregii
1355 1422 1635 1491 sanctique
1662 1420 1854 1476 docto-

253 1534 368 1581 res,
395 1518 488 1586 qui
518 1518 718 1573 nedum
743 1515 1072 1572 sublimioris
1098 1515 1311 1570 virtutis
1331 1514 1581 1583 exemplo
1611 1512 1849 1568 ﬁdelium

253 1626 444 1668 mores
468 1612 535 1667 ad
564 1611 899 1666 sanctitatem
918 1608 1289 1679 justitiamque
1318 1615 1725 1676 componerent,
1754 1605 1847 1661 sed

252 1709 421 1764 etiam
453 1706 713 1762 doctrina:
734 1706 785 1759 vi
812 1713 865 1760 et
891 1702 1210 1759 excellentia
1240 1701 1462 1756 eosdem
1492 1700 1545 1755 in
1580 1698 1707 1754 ﬁdei
1737 1698 1849 1753 sin-

244 1802 481 1855 ceritate
528 1807 583 1853 et
621 1796 871 1852 salutaris
917 1795 1160 1851 scientiae
1199 1794 1429 1850 veritate
1477 1792 1841 1849 continerent.

238 1894 453 1950 ﬂorum
477 1890 694 1964 quidem
726 1904 945 1960 Operam
968 1888 1102 1945 tanti
1130 1903 1189 1945 se
1219 1887 1397 1942 facere
1423 1884 1662 1941 ostendit
1690 1900 1843 1941 com-

236 1986 433 2043 munis
460 1983 722 2039 Dominus
748 1992 802 2038 et
831 1982 1107 2053 Magister,
1152 1988 1213 2036 ut
1241 1994 1336 2036 eos
1374 1978 1455 2034 sal
1486 1988 1645 2035 terrae
1672 1985 1729 2035 et
1757 1978 1844 2033 lu-

236 2096 367 2137 cem
400 2078 584 2135 mundi
606 2077 990 2151 appellaverit;
1020 2085 1207 2147 utpote
1228 2076 1320 2147 qui
1346 2090 1454 2131 non
1470 2075 1606 2131 vivae
1632 2083 1843 2131 tantum

1958 856 2014 914 in
2067 868 2383 928 pervetusto
2437 860 2780 932 Synodnrum
2828 863 2965 919 libro
3009 868 3411 937 apostoliearum
3456 871 3555 926 do-

1957 962 2188 1021 gmatum
2233 952 2476 1021 defensor
2532 964 2581 1007 et
2647 953 2895 1024 apostolis
2946 962 3284 1028 coa'quandus
3329 962 3550 1019 dicitur.

1959 1044 2098 1111 Quid
2137 1056 2317 1102 autem
2351 1047 2638 1102 clarissimi
2664 1049 2945 1119 religionis
2970 1061 3165 1107 nostra:
3199 1071 3448 1121 proceres
3487 1072 3553 1114 ac

1960 1139 2189 1196 Patres?
2229 1141 2457 1197 Sanctus
2498 1142 2839 1213 Sephronius
2876 1144 3369 1217 Hierosolymorum
3412 1152 3553 1207 auti-

1959 1241 2074 1288 stes
2114 1234 2492 1289 sanctissimum
2537 1236 2788 1289 Romana:
2827 1233 3094 1299 Ecclesia,
3138 1239 3293 1294 immo
3324 1246 3552 1299 omnium

1957 1343 2075 1398 ante
2105 1328 2200 1381 sub
2240 1329 2366 1383 calo
2399 1339 2517 1382 sunt
2552 1329 2808 1384 luminare
2843 1330 3079 1387 Leonem
3111 1331 3280 1389 fuisse
3318 1333 3555 1392 afﬁrma-

1955 1420 2053 1473 vit.
2083 1420 2256 1487 thue
2295 1420 2522 1477 aliorum
2557 1422 2837 1479 innumera
2879 1434 3268 1491 praetereamus
3310 1428 3555 1483 testimo-

1953 1511 2063 1579 nia,
2092 1510 2151 1567 S.
2184 1511 2440 1567 Nicolaus
2468 1528 2606 1584 papa
2644 1514 2685 1581 l,
2724 1514 2788 1569 ad
2818 1515 3136 1572 Michaelem
3166 1518 3554 1588 imperatorem

1951 1604 2221 1671 scribens,
2254 1605 2421 1661 libere
2462 1607 2697 1663 asseruit
2730 1607 2877 1677 quod
2907 1610 3011 1664 nisi
3046 1610 3186 1665 Deus
3210 1609 3411 1667 Leonis
3443 1614 3553 1668 vir-

1951 1708 2120 1755 tutem
2144 1710 2307 1770 atque
2330 1700 2630 1756 doctrinam
2662 1702 2923 1757 adversus
2949 1703 3289 1760 latrocinium
3321 1706 3551 1775 Ephesic

1950 1806 2078 1845 num
2111 1791 2423 1860 excitasset,
2458 1794 2637 1865 religio
2668 1791 2964 1849 Christiana
3004 1797 3204 1866 penitus
3248 1801 3545 1855 corruisset.

1951 1883 2068 1939 Etsi
2093 1895 2273 1942 autem
2298 1885 2541 1942 Ecclesia
2572 1888 2715 1943 inter
2740 1904 2835 1944 eos
2853 1903 2986 1960 quos
3008 1889 3288 1947 doctorum
3314 1892 3471 1947 titulo
3492 1905 3549 1950 et

1955 1976 2325 2046 appellatione
2346 1978 2652 2049 distinguit,
2681 1989 2926 2037 sanctum
2968 1980 3204 2037 Leonem
3238 1984 3547 2053 pontiﬁcem

1949 2068 2189 2125 nondum
2232 2070 2493 2141 peculiari
2543 2070 2766 2127 decreto
2811 2072 3112 2140 recensuit,
3168 2074 3310 2129 illius
3361 2084 3547 2133 tamen

232 2176 397 2232 vocis
424 2171 625 2240 ofﬁcio,
667 2170 1121 2242 quemadmodum
1165 2169 1351 2227 caeteri
1390 2178 1697 2226 sanctarum
1726 2170 1840 2240 ple-
1870 2177 1921 2241 ι
1948 2161 2255 2219 doctrinam
2305 2172 2457 2220 tanto
2498 2164 2551 2220 in
2593 2165 2804 2221 honore
2842 2180 2901 2222 se
2949 2166 3151 2223 habere
3196 2169 3451 2236 ostendit,
3484 2182 3545 2229 ut

234 2269 393 2323 bium
438 2274 718 2337 pastores,
760 2263 1108 2335 praesentium
1158 2262 1261 2319 sibi
1306 2263 1626 2334 populorum
1682 2263 1838 2320 saluti

233 2358 545 2415 consulturi
573 2365 750 2425 erant,
784 2357 879 2413 sed
906 2356 1162 2427 peculiari
1191 2355 1469 2427 sapientiae
1496 2355 1696 2413 lumine
1718 2357 1837 2429 Spi-

235 2453 382 2509 ritus
410 2450 581 2506 sancti
605 2451 746 2506 dono
762 2449 937 2519 dilati,
961 2448 1288 2507 doctissimis
1310 2450 1633 2521 conscriptis
1659 2451 1831 2524 libris,

233 2548 553 2602 universam
585 2544 883 2601 Ecclesium
916 2544 1205 2613 instruere,
1251 2552 1307 2601 et
1332 2546 1569 2601 omnium
1598 2547 1832 2603 saeculo-

230 2654 361 2697 rum
388 2639 753 2706 posteritatem
778 2637 831 2693 in
858 2638 1119 2709 religione
1137 2638 1353 2694 erudire
1375 2638 1663 2695 debebant.
1696 2640 1832 2697 Hinc

232 2732 485 2789 Ecclesia
510 2732 645 2803 ipsa,
680 2732 874 2802 Sponsi
903 2733 985 2787 sui
1010 2733 1201 2803 spiritu
1242 2733 1467 2802 imbuta,
1499 2734 1724 2805 ejusque
1751 2736 1832 2791 in-

228 2826 425 2883 stituta
454 2838 677 2880 servare
702 2824 944 2891 studens,
987 2824 1206 2880 eosdem
1232 2826 1497 2896 gloriosos
1524 2827 1669 2882 viros
1697 2826 1831 2883 ube-

230 2920 371 2977 riori
397 2919 658 2974 doctrinae
679 2933 905 2974 munere
932 2932 962 2972 a
1004 2918 1115 2974 Deo
1142 2919 1401 2988 repletos,
1440 2919 1541 2975 hoc
1572 2920 1831 2990 singulari

232 3014 447 3071 honore
477 3012 725 3083 prosequi
757 3012 1059 3078 consuevit,
1092 3021 1151 3066 ut
1184 3014 1238 3067 in
1275 3013 1609 3069 solemnibus
1638 3016 1829 3082 sacris,

231 3123 361 3180 quae
390 3106 791 3163 recurrentibus
831 3120 1020 3160 eorum
1052 3104 1430 3160 festivitatibus
1465 3106 1831 3175 celebrantur,

237 3211 355 3257 tam
377 3200 580 3256 scilicet
606 3199 659 3255 in
687 3198 956 3254 sacriﬁcio
978 3197 1161 3251 missa:
1183 3212 1341 3266 quam
1367 3197 1421 3252 in
1452 3198 1833 3256 ecclesiasticis

240 3294 451 3360 ofﬁciis,
464 3293 726 3365 ejusmodi
740 3306 946 3363 preces,
963 3289 1224 3347 lectiones
1237 3300 1289 3346 et
1303 3290 1487 3347 laudes
1499 3290 1743 3346 adhiberi
1754 3292 1835 3362 ju-

233 3388 387 3452 beat,
404 3386 655 3457 inquibus
677 3396 731 3441 et
752 3384 1173 3441 sanctidoctoris
1198 3385 1531 3455 titulusipsis
1552 3386 1825 3457 tribuitur,

232 3490 291 3538 et
307 3496 493 3536 eorum
512 3479 775 3550 sapientia
793 3493 855 3535 ac
871 3477 1115 3534 doctrina
1132 3477 1419 3550 specialius
1438 3478 1824 3549 prtedicantur.

1946 2258 2117 2329 ipsius
2150 2258 2373 2329 scripta,
2410 2273 2517 2315 non
2547 2274 2707 2316 secus
2735 2275 2800 2316 ac
2838 2260 3052 2316 illorum
3074 2276 3211 2332 quos
3242 2264 3540 2334 praecipuos

1945 2352 2225 2425 religionis
2254 2354 2541 2425 magistros
2571 2364 2732 2426 atque
2754 2355 3005 2412 doctores
3031 2357 3346 2425 jamdudum
3372 2376 3540 2417 vene-

1940 2455 2129 2514 ratur,
2182 2448 2239 2503 in
2287 2447 2483 2503 divinis
2521 2448 2714 2504 ofﬁciis
2753 2448 3064 2521 frequenter
3116 2449 3292 2506 locum
3336 2451 3541 2509 habere

1930 2542 2176 2613 jusserit,
2207 2542 2347 2599 etin
2390 2542 2456 2597 iis
2496 2544 2796 2614 praesertim
2845 2543 3301 2613 solemnitatibus,
3345 2548 3539 2619 quibus

1935 2636 2141 2705 majora
2180 2634 2304 2691 ﬁdei
2346 2646 2545 2691 nostra:
2592 2639 2854 2710 mysteria
2898 2654 2994 2709 per
3032 2639 3161 2694 anni
3200 2655 3417 2697 cursum
3451 2658 3540 2699 re-

1935 2727 2216 2796 coluntur,
2258 2728 2572 2783 universum
2615 2729 2820 2785 clerum
2863 2740 2918 2784 et
2961 2731 3219 2801 populum
3275 2751 3342 2789 ex
3391 2733 3535 2791 illius

1934 2837 2245 2879 sermonum
2278 2824 2508 2878 lectione
2552 2824 2785 2879 solidam
2815 2823 3177 2881 eruditionem
3209 2837 3263 2882 et
3296 2827 3537 2897 spiritale

1935 2916 2192 2985 pabulum
2220 2916 2438 2971 haurire
2462 2918 2713 2971 voluerit.

2007 3008 2089 3062 Ad
2130 3008 2250 3062 haec
2284 3017 2461 3062 autem
2514 3024 2633 3077 quae
2673 3009 2742 3063 de
2790 3013 2959 3066 sancti
3002 3010 3199 3065 Leonis
3237 3014 3446 3068 meritis
3482 3026 3539 3071 et

1935 3102 2108 3171 gloria
2151 3116 2272 3155 cum
2308 3100 2560 3155 omnibus
2598 3101 2877 3167 sentimus,
2915 3111 2968 3157 et
2992 3101 3319 3172 jampridem
3357 3106 3539 3161 animo

1938 3205 2127 3250 nostro
2172 3196 2568 3265 reputavimus,
2620 3195 2910 3266 peculiaris
2953 3197 3223 3269 quaedam,
3264 3198 3539 3271 Nohisquo

1936 3305 2058 3346 cum
2088 3290 2271 3360 paucis
2300 3291 2627 3358 communis,
2674 3291 2885 3347 accedit
2923 3307 3107 3359 causa,
3141 3309 3260 3364 qua:
3292 3305 3539 3353 nostram

1934 3383 2064 3438 olim
2094 3398 2220 3453 erga
2252 3383 2427 3453 ipsum
2462 3386 2715 3455 pietatem
2757 3394 2811 3440 et
2853 3388 3263 3444 venerationem
3308 3406 3536 3459 magno-

1933 3491 2063 3547 pere
2115 3476 2361 3532 accendit
2407 3486 2460 3533 et
2489 3478 2678 3533 auxit:
2714 3478 2859 3547 quod
2901 3481 3108 3537 scilicet
3136 3482 3261 3538 dum
3296 3482 3349 3538 in
3386 3482 3537 3541 Vati-

308 3573 480 3629 Porro
510 3574 649 3628 inter
677 3587 772 3628 eos
799 3580 1026 3641 quorum
1054 3573 1262 3627 natales
1292 3572 1406 3627 dies
1440 3571 1542 3627 hoc
1570 3573 1829 3644 peculiari
1858 3569 1904 3634 C
1934 3584 2069 3625 cana
2098 3569 2241 3625 beati
2278 3569 2423 3624 Petri
2470 3570 2688 3627 basilica
2730 3574 3100 3629 canonicalem
3134 3576 3447 3647 dignitatem
3478 3577 3537 3635 iu

229 3668 340 3725 ritu
370 3681 434 3723 ac
462 3667 744 3738 privilegio
772 3666 1117 3733 decorantur,
1154 3666 1348 3722 merito
1385 3683 1600 3739 semper
1640 3685 1830 3725 nume-

230 3759 463 3817 randum
489 3759 913 3814 existimavimus
949 3757 1403 3827 praedecessorem
1434 3768 1679 3815 nostrum
1705 3777 1830 3816 san-

228 3864 379 3910 ctum
413 3853 647 3908 Leonem
686 3852 729 3919 Ι,
780 3852 1081 3907 Romanum
1124 3851 1456 3922 pontiﬁcem,
1502 3851 1593 3922 qui
1623 3854 1704 3925 (ut
1732 3854 1829 3909 do-

229 3946 466 4002 ctissimi
505 3944 793 4001 cardinalis
836 3944 1257 4001 Baroniiverbls
1300 3945 1538 4016 utamur)
1571 3946 1632 4000 ob
1662 3947 1831 4003 excel-

228 4040 420 4095 lentem
442 4040 704 4103 virtutem,
744 4038 1054 4105 doctrinam,
1100 4048 1143 4092 et
1170 4040 1223 4093 in
1252 4056 1378 4093 cura
1422 4041 1671 4109 pastorali
1702 4042 1831 4113 vigi-

230 4132 583 4185 lantissimum
608 4130 859 4197 studium,
905 4147 938 4183 a
969 4131 1253 4201 majoribus
1289 4132 1466 4188 Maca!
1497 4144 1829 4202 cognomento

217 4227 347 4299 jure
370 4223 559 4278 meruit
602 4222 875 4295 appellari.
908 4223 1075 4293 Cujus
1110 4223 1326 4291 quidem
1358 4225 1619 4279 doctrinae
1646 4226 1827 4281 excel-

227 4318 421 4383 lentia,
469 4317 582 4372 sive
622 4318 675 4371 in
719 4316 1004 4372 altioribus
1036 4315 1159 4371 ﬁdei
1193 4327 1391 4372 nostrae
1434 4318 1705 4389 mysteriis
1735 4333 1831 4373 ex-

228 4413 521 4484 plicandis,
556 4420 611 4467 et
642 4421 829 4467 contra
858 4411 1200 4481 insurgentes
1222 4426 1439 4467 errores
1468 4410 1826 4481 vindicandis,

226 4508 348 4562 sive
374 4505 431 4559 in
462 4503 735 4559 tradendis
762 4504 1065 4574 disciplinae
1112 4503 1312 4574 regulis
1359 4512 1416 4559 et
1446 4519 1655 4559 morum
1694 4520 1831 4575 pra:-

228 4598 437 4670 ceptis,
470 4614 591 4654 cum
640 4599 897 4670 singulari
942 4600 1297 4655 sacerdotalis
1337 4600 1539 4672 eloquii
1570 4602 1831 4670 gravitate

225 4704 286 4750 et
327 4692 594 4759 ubertate,
642 4692 778 4749 adeo
813 4693 1091 4763 elucescit,
1136 4708 1200 4750 ac
1230 4698 1393 4750 etiam
1425 4705 1505 4751 tot
1550 4697 1827 4752 hominum

225 4786 486 4844 laudibus
532 4788 826 4854 cumulata,
878 4797 1134 4859 tantoque
1177 4790 1556 4860 conciliorum,
1606 4792 1827 4849 Patrum

225 4881 668 4953 scriptorumque
714 4880 1200 4939 ecclesiasticorum
1244 4884 1518 4947 studio,et
1559 4901 1827 4944 consensu

1936 3664 2239 3719 minoribus
2267 3664 2657 3730 obtineremus,
2692 3682 2813 3721 cum
2847 3684 3060 3724 sacrum
3092 3670 3233 3726 illius
3263 3688 3478 3742 corpus,
3503 3689 3536 3728 a

1936 3756 2104 3811 multo
2127 3756 2234 3826 jam
2270 3765 2514 3827 tempore
2556 3758 2659 3812 sub
2700 3758 2853 3813 altari
2886 3760 3098 3816 Sanctae
3122 3762 3300 3818 Maria:
3328 3763 3393 3819 de
3432 3763 3535 3819 Co-

1934 3851 2114 3905 lutnna
2148 3861 2467 3921 nuncupata:
2498 3855 2804 3922 quiescens,
2840 3852 2906 3907 ad
2949 3854 3179 3909 alterum
3207 3856 3371 3923 ipsius
3402 3871 3534 3913 san-

1934 3943 2003 3997 cti
2042 3942 2313 4011 pontiﬁcis
2353 3943 2570 3999 nomine
2616 3945 2668 3997 in
2701 3942 2891 3998 eadem
2932 3944 3163 4000 Basilica
3194 3956 3433 4002 erectum
3477 3961 3534 4006 et

1933 4034 2271 4099 dedicatum,
2316 4035 2541 4089 solemni
2592 4036 2695 4089 ritu
2743 4050 2803 4089 ac
2851 4050 3043 4105 pompa
3098 4038 3533 4096 translerendum

1934 4125 2053 4189 fuit,
2094 4126 2490 4181 venerabilium
2533 4126 2678 4181 illius
2710 4130 2912 4182 ossium
2956 4128 3247 4183 elevatioui
3285 4143 3335 4185 et
3380 4147 3528 4188 reco.

1934 4218 2159 4289 gnitioni
2200 4230 2495 4289 praesentes
2558 4219 2848 4285 adfuimus,
2894 4235 3066 4290 eaque
3116 4224 3317 4277 nostris
3358 4227 3530 4283 oculis

1935 4314 2129 4367 intueri
2169 4329 2233 4369 ac
2271 4312 2455 4368 debito
2502 4314 2647 4368 cultu
2698 4316 2949 4385 prosequi
2988 4331 3213 4373 summie
3256 4318 3531 4383 felicitatis

1934 4408 2054 4463 loco
2113 4408 2425 4475 habuimus;
2485 4411 2639 4477 cujus
2686 4412 2763 4466 rei
2807 4410 2915 4465 Nos
2964 4411 3110 4481 alibi,
3170 4414 3423 4472 nitnirum
3471 4418 3529 4475 in

1933 4518 2096 4573 opere
2142 4504 2208 4560 de
2252 4502 2676 4560 Canonizatione
2717 4518 3029 4563 sanctorum
3058 4506 3154 4566 lib.
3185 4526 3259 4579 tv,
3300 4522 3439 4586 part.
3463 4529 3524 4586 tt,

1932 4613 2051 4667 cap.
2084 4599 2176 4663 23,
2218 4599 2547 4655 mentionem
2576 4599 2823 4657 fecimus.

2003 4696 2154 4762 Quod
2179 4696 2357 4766 itaque
2381 4711 2619 4766 semper,
2653 4699 2961 4766 praemissas
2982 4698 3054 4755 ob
3080 4714 3293 4767 causas,
3319 4704 3526 4775 justum

1932 4800 1984 4849 et
2022 4808 2231 4862 aequum
2270 4794 2600 4861 censuimus,
2652 4794 2905 4865 quodque
2952 4790 3227 4855 nostrain
3278 4813 3524 4859 sanctum

1932 4885 2241 4955 poutilicem
2273 4886 2557 4955 singularis
2594 4885 2810 4942 devotio
2851 4887 3015 4945 Nobis
3053 4892 3257 4958 suadet,
3291 4892 3395 4949 hoc
3422 4895 3521 4951 de-

224 4976 509 5034 celebrata
556 4976 929 5047 dignoscitur,
986 4986 1046 5033 ut
1104 4979 1534 5048 sapientissimus
1583 4970 2102 5051 pontifexDmum,
2144 4980 2463 5035 auctoritate
2506 4982 2814 5051 apostolicae
2861 4984 3026 5049 sedis,
3072 4984 3282 5054 inqua,
3328 5002 3521 5055 magno

225 5068 370 5125 nulli
396 5068 565 5123 ferme
590 5077 899 5124 sanctorum
923 5070 1227 5137 doctorum,
1257 5071 1349 5142 qui
1373 5072 1425 5127 in
1456 5072 1695 5129 Ecclesia
1724 5074 1825 5130 llo-

224 5170 478 5229 ruerunt,
530 5169 623 5216 aut
666 5162 808 5216 lama
856 5171 949 5218 aut
987 5164 1385 5221 existimatione
1421 5167 1825 5238 postponendus

222 5270 354 5312 esse
378 5253 647 5310 videatur.
702 5254 768 5311 Et
804 5270 935 5313 sane
974 5266 1160 5314 sancta
1216 5258 1543 5317 universalis
1586 5261 1826 5334 synodus

225 5346 377 5418 apud
420 5343 814 5404 Chalcedonem
856 5360 1198 5422 congregata,
1237 5367 1342 5409 non
1396 5354 1544 5410 illum
1587 5364 1821 5411 tantum-

223 5439 399 5496 modo
434 5439 570 5494 vocis
592 5439 724 5494 beati
748 5438 891 5495 Petri
930 5443 1257 5515 interpretem
1301 5447 1609 5517 appellavit,
1644 5448 1739 5505 sed
1768 5457 1825 5506 et

222 5531 379 5589 illius
408 5531 478 5588 de
527 5531 899 5591 incarnatione
923 5536 1086 5609 6n
1133 5538 1349 5595 Domini
1393 5541 1698 5598 doctrinam
1728 5559 1823 5601 vc-

224 5625 549 5685 nerabunda
577 5626 896 5699 suscipiens,
919 5631 1221 5687 exclamare
1246 5648 1352 5689 non
1382 5632 1647 5691 dubitavit
1674 5654 1686 5690 :
1712 5635 1823 5691 Pe-

169 5713 175 5719 ’
228 5731 345 5780 true
374 5738 465 5795 per
490 5737 545 5778 os
564 5720 752 5777 Leonis
776 5724 993 5778 :locutns
1025 5733 1119 5778 est.
1152 5724 1298 5781 idem
1338 5736 1556 5783 sanctus
1580 5728 1825 5797 pontifex

228 5831 265 5873 a
292 5814 527 5873 concilio
555 5814 1150 5886 ConstantinOpolitano
1171 5818 1271 5873 sub
1299 5818 1489 5876 Menna
1518 5819 1818 5891 celebrato,

224 5910 561 5975 illuminator
582 5914 901 5999 «potamus
923 5910 1200 5986 Ecclesia;
1238 5912 1394 6002 idem.
1428 5929 1459 5977 a
1499 5924 1659 5978 sexta
1695 5930 1841 6000 syn-_

1932 5071 2057 5127 licet
2086 5079 2410 5142 temporum,
2441 5072 2645 5143 majore
2667 5085 2843 5130 autem
2874 5076 3187 5129 meritorum
3216 5075 3519 5148 intervallo,

1930 5165 2107 5221 eidem
2148 5166 2531 5235 successimus,
2582 5185 2723 5225 nunc
2764 5170 2939 5237 reipsa
2980 5179 3239 5240 prmstare
3279 5171 3522 5230 decrevi-

1930 5274 2069 5316 mus.
2102 5259 2336 5332 Ideoque
2361 5262 2608 5331 exempla
2648 5274 2937 5332 sequentes
2980 5262 3204 5317 aliorum
3250 5262 3522 5321 Romano-

1929 5372 2047 5412 rum
2073 5357 2384 5427 pontiﬁcum
2416 5357 2877 5428 praedecessorum
2912 5368 3242 5423 nostrorum,
3268 5360 3356 5429 qui
3385 5375 3524 5429 prte-

1930 5458 2011 5507 tcr
2038 5465 2277 5506 summos
2305 5451 2426 5506 illos
2452 5451 2707 5506 Ecclesiae
2736 5450 3010 5514 doctores,
3040 5452 3175 5505 alios
3206 5454 3367 5507 etiam
3394 5469 3522 5508 sau-

1926 5547 2199 5602 ctissimos
2230 5547 2396 5613 viros,
2430 5546 2519 5617 qui
2548 5545 2743 5599 eximia
2780 5543 3041 5600 doctrinae
3064 5545 3223 5603 laude
3254 5546 3306 5601 in
3332 5547 3522 5603 Ecclc-
3540 5552 3551 5617 ί

1928 5640 2008 5695 sia
2044 5638 2364 5705 ﬂoruerunt,
2417 5652 2643 5707 eamque
2684 5637 2901 5705 scriptis
2942 5639 3054 5692 suis
3106 5603 3549 5712 Iocupletarunt,!

1928 5731 2147 5804 proprio
2168 5732 2450 5787 doctorum
2480 5729 2634 5784 titulo
2662 5737 2715 5783 et
2735 5729 2880 5787 cultu
2912 5732 3258 5790 honorandos
3288 5750 3408 5793 esse
3430 5738 3526 5792 de-

1929 5828 2239 5889 creverunt,
2293 5830 2443 5877 motu
2491 5822 2731 5892 proprio,
2784 5833 2836 5879 et
2875 5834 3020 5882 certa
3068 5829 3315 5899 scientia,
3358 5844 3421 5886 ac
3456 5828 3527 5887 de

1926 5912 2238 5999 apostolica:
2268 5914 2549 5989 p0testatis
2580 5914 2939 5990 plenitudine,
2976 5920 3245 5995 volumus,
3277 5918 3528 5992 praecipi-
