3968 6308
465 360 572 423 559

468 492 587 532 mus
613 483 672 532 et
712 471 1028 528 mandamus
1065 481 1122 526 ut
1167 473 1220 528 in
1266 470 1427 528 officii
1460 470 1626 528 divini
1655 470 1953 536 Breviario,
2001 471 2055 526 in
2084 501 2134 562 Α

470 572 608 626 festo
639 569 807 624 sancti
841 568 1036 623 Leonis
1067 581 1218 638 papae
1263 576 1318 623 et
1360 565 1710 634 confessoris,
1759 565 2054 636 antiphona

470 665 538 719 ad
585 663 888 736 Mttgniﬁcal
937 662 988 715 in
1021 660 1260 730 utrisque
1304 661 1543 730 vesperis
1572 668 1802 730 ponatur
1847 673 1912 714 ea
1937 675 2057 730 quin

473 760 681 825 incipit,
717 757 761 810 0
785 756 965 816 doctor
990 756 1179 826 Optime
1197 769 1215 818 ;
1240 754 1295 810 in
1325 753 1486 810 missa
1526 760 1704 810 autem
1735 752 1945 812 dicatur
1971 751 2058 808 in.-

477 854 668 912 troitus
703 871 716 908 :
749 853 815 906 In
843 851 1010 909 medio
1038 848 1314 914 Ecclesiae;
1344 848 1507 922 613
1541 855 1595 908 et
1631 854 1748 916 p0st
1773 847 2058 908 collectam

475 950 834 1021 subsequatur
879 946 1036 1002 lectio
1074 941 1195 998 libri
1220 943 1534 1012 Sapientiae,
1570 939 1750 998 Justus
1782 957 1869 995 cor
1913 958 2062 998 suum

475 1044 667 1107 tradet,
694 1057 816 1096 cum
847 1037 1107 1110 graduali,
1142 1043 1198 1094 ut
1219 1037 1270 1092 in
1296 1035 1572 1094 communi
1594 1035 1906 1099 doctorum;
1942 1043 2061 1107 post

477 1134 813 1206 evangelium
843 1149 971 1189 vero
1004 1132 1212 1190 dicatur
1242 1128 1442 1200 Credo;
1474 1130 1707 1200 reliqua,
1743 1137 1799 1184 ut
1837 1129 1890 1186 in
1931 1144 2063 1184 con-

475 1237 629 1290 sueta
659 1229 823 1286 missa
855 1228 1070 1298 propria
1109 1226 1177 1282 de
1215 1234 1401 1280 sancto
1431 1223 1631 1280 Leone.
1659 1223 1842 1293 Atque
1867 1222 1941 1278 ita
1971 1238 2066 1293 per

478 1335 666 1380 omnes
699 1318 992 1388 Ecclesias,
1041 1326 1096 1378 et
1137 1318 1436 1386 respective
1477 1316 1543 1372 ab
1574 1315 1823 1372 omnibus
1863 1320 1919 1370 et
1957 1314 2067 1373 sin—

478 1414 640 1488 gulis,
688 1411 779 1484 qui
823 1413 891 1467 ad
939 1410 1106 1473 divini
1155 1409 1318 1464 ofticii
1372 1407 1744 1464 recitationem
1793 1415 2067 1478 tenentur,

479 1520 743 1584 perpetuo
773 1505 1095 1564 servandum
1127 1503 1411 1558 statuimus
1459 1511 1511 1558 et
1553 1501 1929 1567 decernimus;
1962 1515 2071 1558 non

483 1599 821 1658 obstantibus
852 1594 1136 1652 contrariis
1183 1593 1435 1662 rubricis,
1477 1591 1662 1650 usibus
1703 1601 1756 1650 et
1786 1601 2074 1648 consuetu-

485 1695 724 1759 dinibus,
755 1693 914 1750 etiam
960 1703 1218 1761 expresse
1250 1704 1346 1759 per
1389 1687 1572 1744 sedem
1603 1686 1955 1762 apostolicam
1979 1701 2074 1756 ap-

491 1787 731 1858 probatis
772 1793 827 1842 et
870 1783 1219 1850 conﬁrmatis,
1254 1781 1492 1853 aliisque
1532 1783 1588 1838 in
1633 1781 1961 1845 contrarium
1995 1778 2074 1838 fa-

491 1879 756 1936 cientibus
779 1878 1220 1949 quibuscumque.

559 1972 700 2028 Nulli
732 1988 859 2044 ergo
901 1970 1178 2028 hominum
1225 1970 1384 2030 liceat
1422 1967 1669 2042 paginam
1716 1965 1854 2028 hanc
1901 1969 2077 2030 nostri

489 2065 774 2136 prmeepti,
831 2063 1098 2129 mandati,
1152 2063 1366 2131 statuti,
1419 2061 1620 2124 decreti
1675 2068 1730 2118 et
1781 2059 2075 2124 voluntatis

492 2159 814 2231 infringere,
848 2159 933 2214 vel
973 2157 1024 2213 ei
1063 2173 1194 2212 ausu
1237 2155 1518 2214 temerario
1549 2156 1836 2216 contraire.
1869 2156 1926 2214 Si
1953 2156 2074 2230 quis

491 2257 670 2306 autem
718 2251 818 2306 hoc
864 2258 1126 2308 attentare
1165 2249 1602 2324 praesumpserit,
1655 2247 2070 2318 indignationem

518 2362 1830 2386 mm—

934 356 1170 416 PASCH.
1209 355 1596 428 QUESNELLI
1638 355 2221 413 DlSSERTATlONliS
2261 355 2324 413 IN
2365 355 2422 414 S.
2470 356 2710 413 LEONIS
2751 353 2963 413 MAGNI
2999 353 3254 411 OPERA.

2162 473 2548 542 omnipotentis
2573 472 2687 539 Dei,
2710 485 2765 527 et
2794 471 3070 528 beatorum
3103 468 3246 524 Petri
3270 476 3324 524 et
3348 467 3496 526 Pauli
3527 478 3730 540 aposto-

2165 564 2338 621 lorum
2370 564 2506 636 ejus,
2532 581 2590 620 se
2619 564 2823 622 noverit
2854 563 3216 619 ineursururn.

2234 659 2422 714 Datum
2479 659 2664 715 Romae
2711 661 2849 729 apud
2907 660 3156 716 Sanctam
3215 657 3433 714 Mariam
3493 657 3729 728 Maiorem

2165 769 2307 814 anno
2329 754 2715 816 incarnationis
2745 752 3038 815 ﬂaminicae
3069 753 3358 810 millesimo
3387 751 3732 824 septingenta

2172 850 2309 904 simo
2331 849 2771 920 quinquagesimo
2795 857 3010 924 quarto.
3039 846 3214 906 idibus
3236 846 3510 916 Octobris,
3539 847 3732 918 pontiﬁ-

2169 952 2319 1004 catus
2348 945 2512 1004 nostri
2543 958 2684 1002 anno
2713 941 3143 1018 quimodeeimo.

2167 1034 2223 1092 J.
2253 1037 2396 1095 card.
2421 1035 2796 1108 pro-datarius.
2828 1034 2898 1094 D.
2931 1035 3074 1094 card.
3111 1032 3448 1092 Passioneus.

2384 1127 2423 1183 V
2434 1128 2543 1190 [SA

2174 1222 2249 1284 De
2275 1223 2419 1284 curia
2442 1221 2490 1286 J.
2524 1221 2585 1280 C.
2617 1223 2830 1283 Boscat.

2298 1321 2302 1325 ’
2458 1317 2602 1374 Loco
2635 1322 2691 1382 >3
2722 1315 2946 1388 plumbi.
3294 1314 3359 1375 L.
3402 1315 3680 1373 EUGENIUS.

2246 1408 2537 1482 Registrata
2566 1409 2620 1463 in
2655 1410 2932 1467 secretaria
2969 1408 3202 1464 brevium
3244 1425 3384 1464 anno
3425 1426 3460 1464 α
3488 1407 3739 1464 Natiritute

2179 1500 2387 1556 Domini
2418 1501 2594 1558 Nostri
2631 1499 2758 1558 Jesu
2791 1500 2981 1560 Christi
3011 1501 3279 1556 millesimo
3314 1502 3738 1576 septingentesimo

2175 1595 2590 1667 quinquagesimo
2608 1605 2807 1666 quarto,
2829 1595 3107 1648 indictione
3129 1593 3374 1658 secunda,
3391 1595 3480 1647 die
3510 1611 3619 1648 vero
3633 1609 3739 1648 nono

2180 1689 2364 1746 mensis
2406 1688 2736 1757 Novembris,
2791 1689 3117 1758 pontiﬁcatus
3160 1699 3329 1742 autem
3367 1687 3668 1742 sanctissimi
3698 1688 3738 1740 in

2181 1779 2383 1836 Christo
2407 1782 2568 1852 patris
2595 1790 2642 1836 et
2674 1781 2867 1836 domini
2897 1782 3057 1834 nostri
3089 1781 3280 1834 domini
3305 1777 3576 1833 Benedicti
3600 1779 3738 1834 dicina

2108 1906 2157 1968 Β
2186 1873 2519 1932 Providentia
2538 1873 2700 1947 Papa:
2716 1872 2801 1932 XI
2817 1874 3028 1941 V,anno
3059 1875 3253 1928 decimo
3278 1875 3462 1945 quinto
3487 1873 3739 1946 supradicta

2183 1969 2478 2026 constitutio
2503 1969 2651 2039 affixa
2677 1978 2722 2024 et
2746 1968 3002 2040 publicata
3026 1968 3122 2040 fuit
3147 1969 3214 2024 ad
3235 1967 3402 2021 valvas
3439 1967 3594 2022 curia
3613 1965 3739 2020 lano-

2182 2063 2448 2128 centianw,
2463 2072 2510 2116 et
2533 2063 2582 2116 in
2598 2063 2705 2116 acie
2718 2062 2884 2130 campi
2898 2058 3094 2126 Florw,
3109 2078 3169 2114 ac
3187 2060 3235 2112 in
3249 2061 3365 2112 aliis
3389 2059 3522 2113 locis
3537 2059 3692 2121 solitis,
3704 2065 3739 2111 et

2182 2158 2432 2214 consuetis
2457 2155 2630 2226 Urbis,
2660 2173 2746 2227 per
2767 2172 2848 2210 me
2872 2155 3199 2212 Dominicum
3224 2152 3432 2207 Contini
3453 2164 3735 2223 apostxnrs.

2751 2252 3020 2308 ANTONIUS
3060 2249 3258 2302 BEFANI
3296 2262 3441 2318 mag.
3489 2262 3621 2300 curs.

3453 2353 3735 2376 _——‘

1426 2434 2198 2520 DISSERTATIO
2258 2434 2637 2520 SECUN
2652 2431 2803 2519 DA
2824 2489 2843 2527 ι

493 2556 582 2615 De
618 2563 870 2620 auctore
898 2549 1203 2626 librorum
1230 2569 1313 2610 nn
1347 2551 1712 2616 Vocsrtonn
1739 2568 1995 2616 omnem
2024 2571 2338 2628 GENTlUII,
2363 2552 2472 2632 qui
2501 2554 2833 2614 Pnosrnno
2868 2552 3203 2623 AQUIrsNo
3235 2550 3435 2631 vulgo
3476 2549 3740 2614 tribuum

611 2653 624 2664 α
933 2641 1037 2692 tur
1066 2653 1085 2693 :
1116 2632 1184 2693 in
1211 2650 1331 2710 qua
1357 2640 1411 2692 et
1446 2632 1894 2710 abiudicantur
1922 2634 2277 2706 Peospnno,
2310 2642 2364 2693 et
2397 2634 2594 2694 Leom
2631 2633 2865 2696 MAGNO
2897 2633 3335 2698 vindicantur.

563 2735 930 2808 εισι-βία
957 2733 1208 2808 estquod
1255 2750 1282 2808 a
1325 2735 1452 2788 viris
1488 2734 1714 2808 eruditis
1754 2734 1820 2808 de
1857 2742 2081 2808 auctore

491 2805 782 2890 βριὶιιῖιῇιθ
816 2805 1106 2890 νωριξιὶοῃε
1127 2806 1364 2859 omnium
1393 2807 1632 2886 gentium
1660 2805 1822 2890 libelli
1846 2807 2081 2890 quaestio

496 2875 550 2932 in
585 2877 816 2932 medium
859 2876 1086 2931 adducta
1118 2886 1197 2931 est
1231 2886 1285 2930 et
1320 2878 1603 2945 operosius
1641 2875 1895 2930 ventilata
1936 2893 1948 2930 :
1985 2891 2083 2933 nec

496 2951 634 3003 ullus
668 2948 780 3003 fere
815 2951 1046 3015 scriptor
1084 2949 1504 3002 commentarios
1530 2961 1658 3001 suos
1688 2947 1767 3002 vel
1801 2947 1867 3001 de
1895 2948 2082 3018 gratiae

491 3022 687 3076 divina:
709 3019 945 3083 auxiliis,
977 3023 1060 3074 vel
1083 3019 1151 3073 de
1178 3018 1561 3078 ecclesiasticis
1591 3019 1949 3085 scriptoribus
1979 3019 2082 3073 hoc

493 3103 546 3146 et
567 3090 828 3162 superiori
851 3091 1048 3148 saeculo
1070 3090 1258 3162 edidit.
1283 3091 1370 3160 qui
1393 3105 1547 3144 suum
1564 3091 1630 3144 de
1650 3090 2080 3162 genuinolibelli

493 3161 651 3230 hujus
682 3174 898 3229 parente
927 3161 1187 3229 judicium
1216 3164 1462 3216 conferre
1482 3177 1585 3215 non
1607 3161 1867 3231 gestierit.
1895 3161 2005 3216 Nec
2028 3161 2078 3215 id

491 3234 710 3301 quidem
751 3235 1019 3287 immerito
1061 3250 1074 3285 :
1128 3232 1352 3287 interest
1392 3234 1534 3285 enim
1571 3233 1953 3287 ecclesiasticae
1984 3234 2080 3287 do-

493 3309 678 3360 ctrinae
710 3319 814 3358 non
844 3318 1030 3372 parum
1061 3313 1119 3358 ut
1145 3313 1250 3358 tam
1279 3303 1521 3358 eruditus
1551 3303 1833 3371 theologus
1865 3313 2079 3373 tamque

2186 2736 2401 2805 feliciter
2425 2734 2774 2789 accommodat
2803 2734 2869 2790 ad
2891 2733 3077 2790 seriam
3100 2734 3493 2800 Scripturarum
3517 2732 3741 2788 tractatio-

2188 2804 2321 2878 nem.
2349 2804 2453 2878 ec
2468 2805 2603 2858 deest
2623 2806 2865 2878 orationis
2887 2807 3051 2878 copia,
3071 2806 3223 2875 idque
3242 2806 3368 2878 citra
3393 2805 3538 2878 medii
3557 2818 3742 2878 sensum.

2257 2877 2321 2931 ll.
2352 2877 2481 2930 Tam
2510 2876 2823 2944 prteclarum
2859 2876 3018 2945 igitur
3046 2877 3358 2944 opusculum
3397 2876 3493 2930 alii
3521 2877 3628 2930 aliis
3648 2876 3742 2929 vin-

2189 2947 2392 3002 dicant.
2423 2950 2608 3001 Datum
2638 2956 2720 3001 est
2749 2948 2976 3016 primum
3001 2960 3188 3001 sancto
3213 2946 3505 3001 Ambrosio
3528 2947 3743 3016 Mediola-

2189 3020 2341 3078 nensi
2375 3020 2626 3088 episeopo
2661 3015 2997 3088 :si’quidem
3043 3018 3362 3074 Franciscus
3401 3016 3588 3080 Cutnel
3626 3015 3743 3088 (Ini

2190 3090 2342 3144 Part.
2374 3091 2434 3145 S.
2489 3089 2723 3159 Thomas)
2755 3105 2818 3144 ex
2867 3090 3023 3158 hujus
3067 3090 3300 3143 auctoris
3344 3091 3528 3144 verbis
3569 3099 3742 3144 certum

2186 3162 2392 3231 putat-it
2428 3162 2694 3214 Ambrosii
2721 3173 2876 3215 natale
2905 3162 3134 3231 viguisse
3159 3161 3568 3231 Pelagianorum
3602 3162 3744 3213 haere-

2183 3235 2284 3287 sim
2319 3250 2334 3286 :
2377 3248 2479 3285 non
2511 3234 2689 3299 aliam,
2723 3235 2937 3302 Opinor,
2971 3234 3039 3285 ob
3071 3248 3284 3287 causam
3315 3236 3366 3286 iu
3409 3249 3526 3285 eam
3549 3243 3742 3287 semen.

2185 3305 2310 3360 tiam
2335 3305 2574 3369 veniens,
2605 3319 2762 3374 quam
2787 3305 2927 3374 quod
2954 3306 3092 3364 inter
3113 3303 3498 3366 Ambrmiauas
3521 3303 3741 3374 lucubra-

497 3353 740 3441 t'ti'c'tiiiie's'
753 3353 2077 3444 at.iniustissima.tangas}:instigatizen
2107 3353 2154 3419 C
2185 3353 3738 3444 naiasin”;adsenseum:'3}.igt'a'ssg';‘as.;{mc

499 3448 635 3499 hanc
660 3445 867 3498 laudem
900 3446 1175 3513 impertire
1208 3459 1311 3497 non
1344 3457 1558 3498 veretur
1589 3447 1821 3511 scriptor
1850 3444 2079 3498 celebris

499 3516 596 3586 (Η.
627 3515 962 3586 Bullingerus
987 3523 1258 3588 comment.
1282 3516 1335 3567 in
1363 3513 1536 3588 Epist.
1569 3513 1630 3568 11
1665 3518 1730 3569 ad
1764 3515 1896 3569 Tim.
1925 3533 1970 3570 c.
2000 3514 2039 3588 ι)
2065 3533 2078 3570 :

495 3604 683 3640 omnes
719 3603 747 3639 a
780 3586 1272 3642 concertationibus
1302 3587 1532 3649 alienos,
1566 3602 1666 3641 nec
1695 3588 1774 3641 vel
1821 3589 1930 3641 Deo
1959 3586 2083 3656 pec—

494 3671 692 3724 Catum,
714 3660 793 3712 vel
818 3656 1022 3712 hoinini
1046 3658 1242 3713 bonum
1263 3657 1537 3723 Spirituale
1567 3660 1800 3712 tribuere
1816 3658 2079 3726 volentes,

497 3747 562 3782 ot)
597 3745 660 3784 ex
690 3731 948 3798 scriptore
971 3726 1277 3799 actiuiuami
1295 3728 1628 3797 antiquitatis
1664 3730 1982 3784 sententiam
2005 3731 2083 3783 di-

496 3815 672 3865 scere,
697 3811 855 3868 atque
880 3800 1046 3861 illam,
1071 3806 1338 3872 tamquam
1369 3799 1508 3872 inter
1527 3801 1757 3872 Scyllam
1777 3799 2083 3872 etCharyb-

495 3873 630 3937 dim,
663 3872 984 3926 tutis~imatn
1012 3870 1260 3924 Insistere
1290 3871 1428 3928 viam
1457 3871 1673 3942 debere.
1711 3873 1893 3942 Magna
1930 3870 2044 3926 laus
2064 3914 2079 3938 ,

495 3944 589 3998 sed
617 3960 735 3998 vera
761 3944 896 4009 laus,
919 3943 1042 3998 licet
1062 3956 1130 3999 ex
1157 3941 1579 3996 heterodoxiore
1604 3945 1861 4012 profecta.
1885 3943 2078 4012 Quam,

493 4015 682 4084 quatis
711 4015 797 4069 ille
820 4025 997 4069 mente
1024 4014 1326 4083 protulerit,
1357 4013 1661 4068 eatnobrem
1685 4016 2078 4084 amplecmnur,

494 4087 635 4155 quod
667 4086 1111 4154 Angustinianam
1143 4084 1571 4154 catholicamque
1616 4087 1751 4140 adeo
1785 4087 1848 4139 dc
1879 4087 2083 4152 praede-

493 4160 782 4212 stinatione
813 4165 1206 4211 sanctorumet
1226 4157 1392 4225 gratia
1426 4155 1516 4209 Dei
1546 4157 1840 4210 doctrinam
1872 4157 2080 4211 felicius

493 4244 654 4284 nemo
683 4238 962 4284 assecutus
989 4237 1092 4294 est,
1126 4244 1284 4280 nemo
1311 4227 1517 4281 erudite
1546 4227 1878 4299 facundaque
1914 4232 2080 4298 magis

494 4299 769 4368 explicuit.
805 4302 1061 4354 Eutndem
1105 4299 1486 4370 castigatissimi
1520 4316 1580 4352 ac
1619 4300 1900 4370 ederumuti
1931 4301 2084 4370 plane

489 4367 677 4443 judicii
703 4372 867 4423 virum
899 4372 1134 4440 appellat
1168 4367 1384 4443 vossitts
1413 4368 1577 4441 (Hist.
1614 4367 1796 4443 Pelag.
1837 4367 2076 4437 libfvn).

497 4441 754 4507 Ejusdem
784 4443 1016 4494 auctoris
1043 4442 1308 4494 scribendi
1353 4444 1560 4494 ratione
1590 4457 1653 4495 ac
1689 4441 1936 4495 sensibus
1975 4443 2079 4496 tui-

495 4526 615 4564 rum
647 4511 700 4566 in
735 4513 949 4566 modum
979 4513 1112 4564 allici
1153 4526 1212 4564 se
1241 4512 1477 4564 ostendit
1511 4514 1657 4580 llugo
1705 4513 1920 4567 Grotius
1942 4553 1956 4578 ,
1990 4515 2077 4582 qui

497 4596 634 4649 opus
660 4583 796 4634 istud
817 4582 1222 4650 diligentissime
1251 4582 1542 4649 perlegisse
1562 4598 1618 4635 se
1637 4583 1916 4650 significat.
1948 4585 2078 4639 Eum

500 4655 699 4726 passim
732 4661 884 4726 vocat
908 4654 1203 4726 scriptomn
1231 4667 1490 4726 magnum,
1517 4654 1762 4721 optimum
1790 4665 1836 4707 et
1866 4654 2080 4726 Pelagio

2188 3446 2347 3502 hodie
2373 3449 2544 3500 locum
2569 3449 2782 3501 retinet.
2807 3448 3008 3502 Verum
3035 3448 3252 3500 alterius
3276 3461 3395 3502 esse
3414 3445 3735 3500 certissimum

2185 3528 2285 3589 est.
2318 3516 2476 3588 Cujus
2517 3520 2589 3572 rei
2623 3520 2668 3571 si
2696 3518 2891 3589 nullum
2923 3528 3048 3572 esset
3077 3518 3222 3572 aliud
3267 3528 3645 3589 argumentum,
3669 3513 3738 3566 ait

2186 3587 2248 3644 D.
2278 3587 2532 3661 Erasmus
2558 3589 2692 3661 (loco
2722 3588 2920 3660 citato),
2965 3600 3107 3646 tanta
3138 3599 3308 3646 tamen
3332 3587 3411 3646 est
3434 3588 3577 3643 totius
3599 3587 3740 3656 phra-

2185 3677 2293 3732 seos
2320 3660 2703 3727 dissimilitudo,
2737 3673 2788 3718 ut
2820 3664 2984 3732 primo
3015 3663 3183 3715 statim
3212 3672 3362 3731 gustu
3393 3663 3546 3720 lector
3584 3661 3744 3732 depre-

2187 3731 2373 3784 hendat
2413 3733 2570 3785 alium
2615 3733 2755 3800 loqui
2792 3731 2943 3801 quam
2973 3734 3318 3786 Ambrosium.
3366 3733 3527 3802 Atque
3571 3731 3742 3802 utinam

2187 3804 2314 3856 tales
2347 3804 2531 3856 multos
2557 3803 2754 3857 libellos
2784 3805 3132 3858 Ambrosianis
3155 3801 3530 3868 admiscuisset,
3560 3801 3639 3874 qni
3667 3801 3745 3854 hos

2184 3875 2480 3929 admiscuit.
2503 3874 2652 3930 Tales
2692 3878 3000 3945 imposturas
3032 3877 3183 3945 facile
3221 3875 3511 3938 tulerimus,
3543 3888 3646 3942 qua
3669 3886 3748 3940 pro

2185 3962 2312 4002 auro
2341 3958 2631 4017 supponunt
2669 3964 2874 4004 aurum.
2910 3947 3172 4004 Pltraseos
3217 3945 3634 4017 όὶεηὶηηιίιυάίηί
3668 3957 3747 4000 ac-

2185 4017 2322 4070 cedit
2353 4016 2760 4087 Pelagianorum
2787 4020 3007 4082 mentio,
3033 4034 3168 4088 quos
3195 4016 3603 4087 Ambrosiojam
3631 4016 3749 4067 inter

2186 4091 2393 4142 emittes
2418 4102 2631 4157 recepto
2661 4101 2811 4143 natus
2830 4105 2950 4143 esse
2972 4087 3202 4143 constat.
3233 4087 3342 4142 Nec
3367 4088 3746 4157 Pelagianorum

2186 4161 2346 4236 modo
2387 4159 2648 4226 meminit,
2681 4162 2773 4216 sed
2799 4171 2850 4236 et
2873 4161 3454 4236 Setnipelagianorum,
3482 4174 3612 4230 quos
3634 4169 3750 4236 praef

2185 4233 2371 4287 ειη-εἰη]
2431 4243 2544 4287 toto
2592 4246 2760 4302 apere
2807 4228 3220 4298 insectaturfat
3257 4231 3325 4290 de
3369 4228 3628 4302 istis'nou
3665 4228 3748 4282 nisi

2187 4313 2305 4369 post
2355 4303 2430 4372 (α)
2472 4305 2658 4370 viginti
2702 4305 2769 4358 ab
2825 4305 3090 4358 Ambrosii
3130 4303 3276 4357 obitu
3319 4317 3492 4356 annos
3537 4301 3748 4358 auditum

2185 4384 2265 4427 est
2295 4374 2345 4427 in
2378 4376 2631 4428 lietrlesia.

2257 4444 2342 4498 Ill.
2367 4445 2609 4499 Eucherii
2639 4444 3009 4515 Lugdunensis
3024 4444 3258 4514 episcopi
3287 4457 3422 4512 opus
3442 4459 3568 4499 esse
3592 4441 3748 4515 suspi-

2185 4516 2292 4570 cari
2335 4517 2544 4570 videtur
2579 4514 2870 4581 Erasmus,
2916 4533 3036 4572 cunt
3071 4516 3230 4586 hujus
3273 4515 3474 4588 stylum
3513 4515 3665 4587 617
3695 4514 3748 4588 ait

2190 4588 2330 4658 illius
2366 4589 2543 4655 phrasi
2575 4605 2677 4642 non
2710 4605 2932 4658 prorsus
2955 4585 3246 4642 abhorrere
3281 4585 3560 4658 admonet:
3585 4585 3752 4654 suspi-

2188 4657 2396 4712 ci0uent
2427 4675 2622 4730 augere
2651 4657 2826 4728 potest
2855 4660 2994 4727 quod
3020 4659 3314 4714 Eucherius
3335 4659 3399 4712 ad
3433 4657 3748 4712 Lit-incusem

495 4724 550 4776 in
584 4724 761 4802 primis
792 4724 1091 4802 inimicum,
1123 4725 1335 4802 piatum
1367 4724 1447 4794 pie
1476 4740 1536 4802 ac
1566 4724 2084 4802 sapieutrrscribcn-
2109 4742 2162 4802 D
2189 4730 2418 4783 insulani
2466 4724 2692 4800 primum
2735 4724 3004 4802 appulisse
3043 4732 3272 4794 videtur,
3315 4745 3437 4802 curn
3468 4731 3633 4784 eremi
3675 4743 3751 4802 sc-

497 4804 616 4848 tem.
647 4795 753 4846 Nec
781 4808 947 4862 ntagts
976 4793 1076 4846 sibi
1109 4794 1176 4847 ab
1205 4793 1663 4863 ltujus'scriptoris
1688 4795 1928 4850 laudibus
1953 4810 2081 4851 tem-

496 4866 699 4933 peravit
724 4866 1030 4919 llesiderius
1051 4866 1324 4932 Erasmus,
1351 4864 1429 4918 vir
1462 4867 1509 4918 in
1529 4867 1754 4919 aliorum
1781 4869 1959 4922 laudes
1976 4885 2076 4926 non

492 4937 659 5008 616
682 4938 901 5008 nimium
918 4937 1137 4988 ellusu~.
1161 4935 1259 4988 Res
1283 4939 1390 5004 ipsa
1410 4937 1651 5006 loquitur,
1677 4939 1838 5007 inquit
1861 4940 1996 5008 (Lib.
2018 4945 2080 4995 de

504 5005 644 5062 ῖίᾶἶ
663 5005 827 5079 gent.)
859 5005 1110 5059 hominem
1143 5008 1301 5076 fuisse
1326 5009 1376 5060 in
1407 5005 1565 5061 sacris
1602 5005 1781 5063 litteris
1813 5005 2082 5079 diligenter

495 5085 864 5150 exercitatum,
915 5081 1117 5146 ingenio
1156 5094 1280 5131 sano
1322 5088 1368 5132 et
1399 5091 1570 5132 acuto.
1606 5079 1729 5150 Ipsa
1771 5083 1970 5149 phrasis
2008 5085 2082 5138 sic

493 5149 789 5222 Isocraticis
820 5149 923 5202 illis
955 5149 1293 5222 schematibus
1330 5151 1595 5202 modulata
1638 5149 1934 5222 tinnulaque
1973 5165 2075 5222 est,

494 5233 549 5295 ut.
573 5221 709 5288 quod
737 5232 809 5275 est
832 5224 883 5273 in
906 5221 1002 5295 hac
1031 5220 1354 5295 affectatione
1386 5222 1762 5292 difﬁcillimum,
1790 5220 2074 5295 pra'sertim

490 5294 544 5346 in
576 5303 873 5362 argumento
917 5293 1393 5367 sulttili,_unsqu_am
1425 5295 1678 5367 desideres
1721 5293 1842 5366 styli
1884 5299 2078 5367 perspi-

491 5366 750 5426 cuitatem,
783 5379 1028 5428 nusquam
1058 5362 1336 5430 o/Tendaris
1368 5365 1485 5418 odio
1509 5374 1727 5432 captata:
1753 5362 2076 5423 concinnita-

490 5434 575 5509 tis,
617 5451 705 5487 nec
734 5452 948 5504 ttsqxtam
979 5436 1161 5509 frigeat
1182 5435 1440 5509 a/I'ectatio
1467 5440 1835 5491 sententiarum
1863 5450 2079 5509 argutu-

492 5507 660 5558 larum
685 5524 702 5572 ;
731 5514 819 5560 sed
838 5551 850 5574 ,
883 5505 1017 5575 quod
1043 5505 1168 5576 puer
1195 5507 1248 5560 in
1277 5510 1538 5560 rhetorum
1570 5510 1758 5562 scholis
1789 5505 2041 5564 didic'erat
2061 5553 2075 5576 ,

2187 4813 2328 4855 creta
2343 4799 2638 4870 quaerebat,
2657 4819 2720 4859 ac
2741 4799 3076 4871 postmodum
3100 4802 3362 4858 Leronem
3389 4801 3576 4856 Lirino
3589 4799 3748 4871 prosi-

2189 4887 2326 4925 ntaut
2363 4869 2614 4938 incoluit;
2651 4869 2914 4943 hujusque
2947 4876 3134 4930 insulte
3181 4871 3458 4928 monachis
3491 4869 3748 4924 familiaris

2185 4943 2284 4996 fuit
2318 4961 2332 5000 :
2363 4946 2501 5011 apud
2525 4961 2655 5013 quos
2682 4962 2801 4999 cum
2826 4945 3093 5001 ferta-rent
3121 4945 3513 5014 disputationes
3545 4943 3612 4997 de
3648 4957 3752 5012 gra-

2191 5014 2260 5067 tia
2280 5056 2294 5079 ,
2321 5016 2473 5070 facile
2500 5019 2810 5085 contingere
2841 5020 3008 5082 potuit
3039 5029 3093 5069 ut
3131 5018 3209 5070 his
3235 5031 3292 5071 se
3326 5015 3626 5070 Eucherius
3669 5017 3753 5065 im-

2185 5087 2454 5142 misceret.
2491 5089 2611 5142 Fuit
2641 5089 2799 5142 etiam
2831 5088 3020 5144 Joanui
3045 5086 3302 5144 Cassiano
3331 5097 3386 5143 et
3413 5087 3616 5141 Hilario
3639 5085 3747 5140 Are-

2183 5156 2371 5212 latensi
2409 5161 2862 5228 pernecessarius,
2896 5161 3022 5226 illis,
3057 5161 3268 5230 inquam
3291 5202 3304 5224 ,
3332 5161 3468 5216 inter
3518 5155 3754 5228 Augusti-

2185 5230 2358 5282 nianze
2387 5232 2453 5284 de
2479 5233 2646 5300 gratia
2676 5233 2932 5284 doctrinae
2973 5229 3308 5284 adversarius
3337 5229 3713 5300 iusignioribus

2184 5311 2269 5362 ut,
2309 5301 2450 5370 quod
2483 5297 2548 5356 de
2580 5302 2758 5356 Leone
2789 5303 3040 5364 diximus,
3067 5302 3303 5372 potui-rit
3333 5297 3460 5354 suos
3483 5301 3698 5372 amicos
3726 5297 3767 5348 εἴ·

2184 5368 2363 5440 pravis
2394 5375 2736 5442 opinionibus
2764 5375 2865 5428 hoc
2891 5368 3088 5439 scripto
3111 5373 3384 5427 dimovere
3412 5372 3550 5427 velle
3577 5389 3592 5425 ε
3622 5368 3754 5424 vide-

2182 5452 2271 5496 tur
2321 5447 2463 5516 ettim
2517 5446 2630 5515 ipse
2667 5448 3055 5516 Augustiniano
3085 5445 3319 5516 dogmati
3348 5442 3753 5516 adita-s_i_sse,_ut

2182 5529 2247 5568 ex
2295 5515 2410 5586 ejus
2465 5512 2666 5588 ﬁliique
2732 5512 2931 5574 Salonii
2979 5512 3194 5587 scriptis
3251 5515 3466 5586 conjicd
3521 5512 3752 5567 Norisius

1556 5619 2119 5680 BALLERINIORUM
2158 5627 2705 5689 ANNOTATIONES.

562 5708 638 5788 (ᾳ)
667 5709 840 5788 Forte
860 5727 1044 5788 errore
1071 5715 1478 5788 amanuensium
1503 5717 1683 5785 viginti
1732 5733 1823 5788 pro
1856 5718 2067 5788 triginta

489 5783 749 5848 scriptum
772 5783 887 5840 iuit.
927 5784 1240 5840 Ambrosius
1271 5787 1410 5840 enim
1441 5783 1572 5840 obiit
1601 5803 1690 5841 an.
1735 5787 1858 5851 597,
1893 5783 2065 5844 Semi-

487 5853 883 5928 pelagianorum
905 5869 1032 5911 vero
1053 5870 1208 5912 error
1248 5857 1420 5912 audiri
1450 5859 1614 5929 coepit
1635 5875 1721 5916 an.
1756 5859 1885 5928 427,
1922 5869 1978 5917 ut
2001 5862 2061 5917 li-

2176 5734 2316 5851 (6:31
2324 5727 2701 5853 £exlAuqustini
2733 5727 2959 5802 epistola
2988 5725 3117 5797 217,
3161 5724 3262 5784 hoc
3281 5739 3422 5784 anno
3459 5722 3662 5798 scripta
3693 5715 3752 5780 ad

2271 5815 2279 5826 ⁸
2358 5816 2388 5852 η
2418 5839 2429 5852 .

2271 5815 2429 5852 atem.
