  <div class='ocr_page' id='page_1' title='image "/cluster/home/n/w/nwhite01/storage/ocr_20150623/55/hvd.32044015471592/177.png"; bbox 0 0 3968 6308; ppageno 0'>
   <div class='ocr_carea' id='block_1_1' title="bbox 452 345 564 405">
    <p class='ocr_par' dir='ltr' id='par_1_1' title="bbox 452 345 564 405">
     <span class='ocr_line' id='line_1_1' title="bbox 452 345 564 405; baseline -0.018 0"><span class='ocrx_word' id='word_1_1' title='bbox 452 345 564 405; x_wconf 72' lang='grc'><strong><em>343</em></strong></span> 
     </span>
    </p>
   </div>
   <div class='ocr_carea' id='block_1_2' title="bbox 941 323 3262 403">
    <p class='ocr_par' dir='ltr' id='par_1_2' title="bbox 941 323 3262 403">
     <span class='ocr_line' id='line_1_2' title="bbox 941 323 3262 403; baseline -0.003 -9"><span class='ocrx_word' id='word_1_2' title='bbox 941 335 1179 396; x_wconf 84' lang='lat' dir='ltr'><strong><em>PASCH.</em></strong></span> <span class='ocrx_word' id='word_1_3' title='bbox 1222 330 1607 403; x_wconf 84' lang='lat' dir='ltr'><strong><em>QUESNELL!</em></strong></span> <span class='ocrx_word' id='word_1_4' title='bbox 1646 326 2230 387; x_wconf 78' lang='lat' dir='ltr'><strong><em>DISSERTATIONES</em></strong></span> <span class='ocrx_word' id='word_1_5' title='bbox 2268 326 2336 383; x_wconf 82' lang='lat' dir='ltr'><strong>1N</strong></span> <span class='ocrx_word' id='word_1_6' title='bbox 2376 327 2431 386; x_wconf 91' lang='lat' dir='ltr'><strong><em>S.</em></strong></span> <span class='ocrx_word' id='word_1_7' title='bbox 2477 323 2720 385; x_wconf 83' lang='lat' dir='ltr'><strong>LEONIS</strong></span> <span class='ocrx_word' id='word_1_8' title='bbox 2759 323 2971 380; x_wconf 79' lang='lat' dir='ltr'><strong><em>MAGNI</em></strong></span> <span class='ocrx_word' id='word_1_9' title='bbox 3011 323 3262 386; x_wconf 80' lang='lat' dir='ltr'><strong><em>OPERA.</em></strong></span> 
     </span>
    </p>
   </div>
   <div class='ocr_carea' id='block_1_3' title="bbox 3630 330 3740 388">
    <p class='ocr_par' dir='ltr' id='par_1_3' title="bbox 3630 330 3740 388">
     <span class='ocr_line' id='line_1_3' title="bbox 3630 330 3740 388; baseline 0 -3"><span class='ocrx_word' id='word_1_10' title='bbox 3630 330 3740 388; x_wconf 70' lang='lat' dir='ltr'><strong><em>3N</em></strong></span> 
     </span>
    </p>
   </div>
   <div class='ocr_carea' id='block_1_4' title="bbox 457 444 3739 534">
    <p class='ocr_par' dir='ltr' id='par_1_4' title="bbox 457 444 3739 534">
     <span class='ocr_line' id='line_1_4' title="bbox 457 444 3739 534; baseline 0 0"><span class='ocrx_word' id='word_1_11' title='bbox 457 479 583 534; x_wconf 73' lang='lat' dir='ltr'><strong><em>quos</em></strong></span> <span class='ocrx_word' id='word_1_12' title='bbox 612 461 778 534; x_wconf 64' lang='lat' dir='ltr'><strong><em>caluo.</em></strong></span> <span class='ocrx_word' id='word_1_13' title='bbox 800 457 1264 534; x_wconf 63' lang='grc' dir='ltr'><strong><em>ίειίιιερρεηξρςξιεο.</em></strong></span> <span class='ocrx_word' id='word_1_14' title='bbox 1281 468 1399 523; x_wconf 65' lang='lat' dir='ltr'><strong><em>quae</em></strong></span> <span class='ocrx_word' id='word_1_15' title='bbox 1428 450 1832 534; x_wconf 62' lang='lat' dir='ltr'><strong><em>Anausimane</em></strong></span> <span class='ocrx_word' id='word_1_16' title='bbox 1861 449 2051 529; x_wconf 66' lang='grc' dir='ltr'><strong><em>θάνρτ-</em></strong></span> <span class='ocrx_word' id='word_1_17' title='bbox 2078 453 2133 510; x_wconf 75' lang='grc' dir='ltr'>Α</span> <span class='ocrx_word' id='word_1_18' title='bbox 2160 446 2499 534; x_wconf 51' lang='lat' dir='ltr'><strong><em>sublimes!</em></strong></span> <span class='ocrx_word' id='word_1_19' title='bbox 2529 444 3460 534; x_wconf 46' lang='lat' dir='ltr'><strong><em>silaureasqueexuberans:</em></strong></span> <span class='ocrx_word' id='word_1_20' title='bbox 3484 447 3739 534; x_wconf 65' lang='grc' dir='ltr'><strong><em>Νευιτίυξ</em></strong></span> 
     </span>
    </p>
   </div>
   <div class='ocr_carea' id='block_1_5' title="bbox 458 521 2043 596">
    <p class='ocr_par' dir='ltr' id='par_1_5' title="bbox 458 521 2043 596">
     <span class='ocr_line' id='line_1_5' title="bbox 458 521 2043 596; baseline -0.009 -7"><span class='ocrx_word' id='word_1_21' title='bbox 458 521 1053 596; x_wconf 55' lang='lat' dir='ltr'><strong><em>sabatur,&#39;obscuraba&#39;t.</em></strong></span> <span class='ocrx_word' id='word_1_22' title='bbox 1104 521 1335 580; x_wconf 80' lang='lat' dir='ltr'><strong><em>Hilarius</em></strong></span> <span class='ocrx_word' id='word_1_23' title='bbox 1365 532 1542 596; x_wconf 82' lang='lat' dir='ltr'><strong><em>autem</em></strong></span> <span class='ocrx_word' id='word_1_24' title='bbox 1577 521 1838 596; x_wconf 82' lang='lat' dir='ltr'><strong><em>Prosperi</em></strong></span> <span class='ocrx_word' id='word_1_25' title='bbox 1860 521 2043 596; x_wconf 82' lang='lat' dir='ltr'><strong><em>socius</em></strong></span> 
     </span>
    </p>
   </div>
   <div class='ocr_carea' id='block_1_6' title="bbox 458 592 2044 668">
    <p class='ocr_par' dir='ltr' id='par_1_6' title="bbox 458 592 2044 668">
     <span class='ocr_line' id='line_1_6' title="bbox 458 592 2044 668; baseline -0.008 -9"><span class='ocrx_word' id='word_1_26' title='bbox 458 592 723 659; x_wconf 69' lang='lat' dir='ltr'><strong><em>doctrinae</em></strong></span> <span class='ocrx_word' id='word_1_27' title='bbox 752 602 923 655; x_wconf 91' lang='lat' dir='ltr'><strong><em>sancti</em></strong></span> <span class='ocrx_word' id='word_1_28' title='bbox 954 598 1235 668; x_wconf 87' lang='lat' dir='ltr'><strong><em>Augustini</em></strong></span> <span class='ocrx_word' id='word_1_29' title='bbox 1274 594 1612 668; x_wconf 74' lang='lat' dir='ltr'><strong><em>ittomnibus</em></strong></span> <span class='ocrx_word' id='word_1_30' title='bbox 1643 592 2044 668; x_wconf 61' lang='lat' dir='ltr'><strong><em>addictissimus</em></strong></span> 
     </span>
    </p>
   </div>
   <div class='ocr_carea' id='block_1_7' title="bbox 454 662 2046 741">
    <p class='ocr_par' dir='ltr' id='par_1_7' title="bbox 454 662 2046 741">
     <span class='ocr_line' id='line_1_7' title="bbox 454 662 2046 741; baseline -0.01 -10"><span class='ocrx_word' id='word_1_31' title='bbox 454 683 605 739; x_wconf 85' lang='lat' dir='ltr'><strong><em>erat,</em></strong></span> <span class='ocrx_word' id='word_1_32' title='bbox 652 685 710 727; x_wconf 90' lang='lat' dir='ltr'><strong><em>ut</em></strong></span> <span class='ocrx_word' id='word_1_33' title='bbox 752 673 865 741; x_wconf 87' lang='lat' dir='ltr'><strong><em>ipse</em></strong></span> <span class='ocrx_word' id='word_1_34' title='bbox 894 673 962 725; x_wconf 89' lang='lat' dir='ltr'><strong><em>de</em></strong></span> <span class='ocrx_word' id='word_1_35' title='bbox 991 662 1305 741; x_wconf 45' lang='lat' dir='ltr'><strong><em>se&#39;testatur</em></strong></span> <span class='ocrx_word' id='word_1_36' title='bbox 1336 666 1417 741; x_wconf 84' lang='lat' dir='ltr'><strong><em>his</em></strong></span> <span class='ocrx_word' id='word_1_37' title='bbox 1450 664 1663 741; x_wconf 73' lang='lat' dir='ltr'><strong><em>verbis:</em></strong></span> <span class='ocrx_word' id='word_1_38' title='bbox 1702 662 1840 717; x_wconf 78' lang='lat' dir='ltr'><strong><em>Nolo</em></strong></span> <span class='ocrx_word' id='word_1_39' title='bbox 1871 674 2046 741; x_wconf 64' lang='lat' dir='ltr'><strong><em>autem</em></strong></span> 
     </span>
    </p>
   </div>
   <div class='ocr_carea' id='block_1_8' title="bbox 457 734 2047 805">
    <p class='ocr_par' dir='ltr' id='par_1_8' title="bbox 457 734 2047 805">
     <span class='ocr_line' id='line_1_8' title="bbox 457 734 2047 805; baseline -0.008 -5"><span class='ocrx_word' id='word_1_40' title='bbox 457 734 701 801; x_wconf 76' lang='lat' dir='ltr'><strong><em>sanctitas</em></strong></span> <span class='ocrx_word' id='word_1_41' title='bbox 730 734 816 796; x_wconf 72' lang='lat' dir='ltr'><strong><em>tua</em></strong></span> <span class='ocrx_word' id='word_1_42' title='bbox 846 745 916 796; x_wconf 86' lang='lat' dir='ltr'><strong><em>sic</em></strong></span> <span class='ocrx_word' id='word_1_43' title='bbox 954 758 1033 794; x_wconf 88' lang='lat' dir='ltr'><strong><em>me</em></strong></span> <span class='ocrx_word' id='word_1_44' title='bbox 1070 740 1338 794; x_wconf 76' lang='lat' dir='ltr'><strong><em>arbitretur</em></strong></span> <span class='ocrx_word' id='word_1_45' title='bbox 1368 738 1477 791; x_wconf 70' lang='lat' dir='ltr'><strong><em>hac</em></strong></span> <span class='ocrx_word' id='word_1_46' title='bbox 1516 734 1755 805; x_wconf 82' lang='lat' dir='ltr'><strong><em>scribere,</em></strong></span> <span class='ocrx_word' id='word_1_47' title='bbox 1797 736 1945 805; x_wconf 83' lang='lat' dir='ltr'><strong><em>quasi</em></strong></span> <span class='ocrx_word' id='word_1_48' title='bbox 1983 734 2047 788; x_wconf 85' lang='lat' dir='ltr'><strong><em>de</em></strong></span> 
     </span>
    </p>
   </div>
   <div class='ocr_carea' id='block_1_9' title="bbox 457 804 2047 882">
    <p class='ocr_par' dir='ltr' id='par_1_9' title="bbox 457 804 2047 882">
     <span class='ocr_line' id='line_1_9' title="bbox 457 804 2047 882; baseline -0.008 -11"><span class='ocrx_word' id='word_1_49' title='bbox 457 820 527 871; x_wconf 84' lang='lat' dir='ltr'><strong><em>iis</em></strong></span> <span class='ocrx_word' id='word_1_50' title='bbox 576 832 688 882; x_wconf 73' lang='lat' dir='ltr'><strong><em>qua:</em></strong></span> <span class='ocrx_word' id='word_1_51' title='bbox 736 830 869 868; x_wconf 86' lang='lat' dir='ltr'><strong><em>nunc</em></strong></span> <span class='ocrx_word' id='word_1_52' title='bbox 917 813 1121 867; x_wconf 74' lang='lat' dir='ltr'><strong><em>edidisti</em></strong></span> <span class='ocrx_word' id='word_1_53' title='bbox 1166 826 1257 881; x_wconf 86' lang='lat' dir='ltr'><strong><em>ego</em></strong></span> <span class='ocrx_word' id='word_1_54' title='bbox 1301 808 1596 882; x_wconf 84' lang='lat' dir='ltr'><strong><em>dubitem.._.</em></strong></span> <span class='ocrx_word' id='word_1_55' title='bbox 1649 804 1901 882; x_wconf 70' lang='lat' dir='ltr'><strong><em>caeterum</em></strong></span> <span class='ocrx_word' id='word_1_56' title='bbox 1950 806 2047 859; x_wconf 84' lang='lat' dir='ltr'><strong><em>hac</em></strong></span> 
     </span>
    </p>
   </div>
   <div class='ocr_carea' id='block_1_10' title="bbox 459 878 2046 957">
    <p class='ocr_par' dir='ltr' id='par_1_10' title="bbox 459 878 2046 957">
     <span class='ocr_line' id='line_1_10' title="bbox 459 878 2046 957; baseline -0.009 -14"><span class='ocrx_word' id='word_1_57' title='bbox 459 878 749 957; x_wconf 75' lang='lat' dir='ltr'><strong><em>suspicione</em></strong></span> <span class='ocrx_word' id='word_1_58' title='bbox 796 887 849 937; x_wconf 88' lang='lat' dir='ltr'><strong><em>in</em></strong></span> <span class='ocrx_word' id='word_1_59' title='bbox 897 895 1092 936; x_wconf 86' lang='lat' dir='ltr'><strong><em>tantum</em></strong></span> <span class='ocrx_word' id='word_1_60' title='bbox 1140 878 1320 957; x_wconf 65' lang='lat' dir='ltr'><strong><em>careo,</em></strong></span> <span class='ocrx_word' id='word_1_61' title='bbox 1376 889 1432 957; x_wconf 70' lang='lat' dir='ltr'><strong><em>ut</em></strong></span> <span class='ocrx_word' id='word_1_62' title='bbox 1478 879 1646 947; x_wconf 91' lang='lat' dir='ltr'><strong><em>potius</em></strong></span> <span class='ocrx_word' id='word_1_63' title='bbox 1682 878 2046 957; x_wconf 68' lang='lat' dir='ltr'><strong><em>inﬁrmitatem</em></strong></span> 
     </span>
    </p>
   </div>
   <div class='ocr_carea' id='block_1_11' title="bbox 460 948 2043 1026">
    <p class='ocr_par' dir='ltr' id='par_1_11' title="bbox 460 948 2043 1026">
     <span class='ocr_line' id='line_1_11' title="bbox 460 948 2043 1026; baseline -0.006 -14"><span class='ocrx_word' id='word_1_64' title='bbox 460 948 648 1013; x_wconf 79' lang='lat' dir='ltr'><strong><em>meam.</em></strong></span> <span class='ocrx_word' id='word_1_65' title='bbox 671 959 755 1026; x_wconf 86' lang='lat' dir='ltr'><strong><em>qui</em></strong></span> <span class='ocrx_word' id='word_1_66' title='bbox 778 957 902 1010; x_wconf 87' lang='lat' dir='ltr'><strong><em>tales</em></strong></span> <span class='ocrx_word' id='word_1_67' title='bbox 924 972 1105 1023; x_wconf 85' lang='lat' dir='ltr'><strong><em>parum</em></strong></span> <span class='ocrx_word' id='word_1_68' title='bbox 1126 954 1373 1025; x_wconf 82' lang='lat' dir='ltr'><strong><em>patienter</em></strong></span> <span class='ocrx_word' id='word_1_69' title='bbox 1394 950 1527 1026; x_wconf 63' lang='lat' dir='ltr'><strong><em>(ero,</em></strong></span> <span class='ocrx_word' id='word_1_70' title='bbox 1552 948 1827 1026; x_wconf 75' lang='lat' dir='ltr'><strong><em>notabilem</em></strong></span> <span class='ocrx_word' id='word_1_71' title='bbox 1847 958 2043 1026; x_wconf 80' lang='lat' dir='ltr'><strong><em>putem.</em></strong></span> 
     </span>
    </p>
   </div>
   <div class='ocr_carea' id='block_1_12' title="bbox 461 1020 2038 1095">
    <p class='ocr_par' dir='ltr' id='par_1_12' title="bbox 461 1020 2038 1095">
     <span class='ocr_line' id='line_1_12' title="bbox 461 1020 2038 1095; baseline -0.008 -11"><span class='ocrx_word' id='word_1_72' title='bbox 461 1030 607 1085; x_wconf 82' lang='lat' dir='ltr'><strong><em>Inter</em></strong></span> <span class='ocrx_word' id='word_1_73' title='bbox 638 1020 728 1082; x_wconf 54' lang='lat' dir='ltr'><strong><em>eos</em></strong></span> <span class='ocrx_word' id='word_1_74' title='bbox 760 1020 1084 1095; x_wconf 25' lang='lat' dir='ltr'><strong><em>pOH‘OVqIIOS</em></strong></span> <span class='ocrx_word' id='word_1_75' title='bbox 1126 1020 1347 1078; x_wconf 80' lang='lat' dir='ltr'><strong><em>moleste</em></strong></span> <span class='ocrx_word' id='word_1_76' title='bbox 1388 1021 1590 1095; x_wconf 76' lang='lat' dir='ltr'><strong><em>ferebat</em></strong></span> <span class='ocrx_word' id='word_1_77' title='bbox 1630 1020 1802 1087; x_wconf 89' lang='lat' dir='ltr'><strong><em>ipsum</em></strong></span> <span class='ocrx_word' id='word_1_78' title='bbox 1843 1022 2038 1074; x_wconf 89' lang='lat' dir='ltr'><strong><em>Arela-</em></strong></span> 
     </span>
    </p>
   </div>
   <div class='ocr_carea' id='block_1_13' title="bbox 465 1092 2043 1172">
    <p class='ocr_par' dir='ltr' id='par_1_13' title="bbox 465 1092 2043 1172">
     <span class='ocr_line' id='line_1_13' title="bbox 465 1092 2043 1172; baseline -0.008 -17"><span class='ocrx_word' id='word_1_79' title='bbox 465 1111 672 1156; x_wconf 89' lang='lat' dir='ltr'><strong><em>tensem</em></strong></span> <span class='ocrx_word' id='word_1_80' title='bbox 702 1092 1007 1167; x_wconf 81' lang='lat' dir='ltr'><strong><em>episcOpum</em></strong></span> <span class='ocrx_word' id='word_1_81' title='bbox 1025 1096 1187 1168; x_wconf 78' lang='lat'><strong><em>620</em></strong></span> <span class='ocrx_word' id='word_1_82' title='bbox 1206 1095 1368 1172; x_wconf 84' lang='lat' dir='ltr'><strong><em>fuisse</em></strong></span> <span class='ocrx_word' id='word_1_83' title='bbox 1390 1092 1615 1147; x_wconf 88' lang='lat' dir='ltr'><strong><em>dubium</em></strong></span> <span class='ocrx_word' id='word_1_84' title='bbox 1642 1106 1745 1172; x_wconf 89' lang='lat' dir='ltr'><strong><em>non</em></strong></span> <span class='ocrx_word' id='word_1_85' title='bbox 1775 1099 2043 1172; x_wconf 41' lang='lat' dir='ltr'><strong><em>est.._cum,</em></strong></span> 
     </span>
    </p>
   </div>
   <div class='ocr_carea' id='block_1_14' title="bbox 465 1162 2044 1237">
    <p class='ocr_par' dir='ltr' id='par_1_14' title="bbox 465 1162 2044 1237">
     <span class='ocr_line' id='line_1_14' title="bbox 465 1162 2044 1237; baseline -0.006 -12"><span class='ocrx_word' id='word_1_86' title='bbox 465 1174 566 1225; x_wconf 87' lang='lat' dir='ltr'><strong><em>etsi</em></strong></span> <span class='ocrx_word' id='word_1_87' title='bbox 601 1172 714 1237; x_wconf 77' lang='lat' dir='ltr'><strong><em>ejus</em></strong></span> <span class='ocrx_word' id='word_1_88' title='bbox 737 1162 947 1222; x_wconf 53' lang='lat' dir='ltr'><strong><em>&#39;nomen</em></strong></span> <span class='ocrx_word' id='word_1_89' title='bbox 991 1162 1429 1237; x_wconf 53' lang='lat' dir='ltr'><strong><em>utﬁt—Exprimat.</em></strong></span> <span class='ocrx_word' id='word_1_90' title='bbox 1471 1178 1592 1217; x_wconf 85' lang='lat' dir='ltr'><strong><em>eum</em></strong></span> <span class='ocrx_word' id='word_1_91' title='bbox 1636 1171 1810 1237; x_wconf 78' lang='lat' dir='ltr'><strong><em>tamen</em></strong></span> <span class='ocrx_word' id='word_1_92' title='bbox 1853 1162 2044 1237; x_wconf 80' lang='lat' dir='ltr'><strong><em>iisdem</em></strong></span> 
     </span>
    </p>
   </div>
   <div class='ocr_carea' id='block_1_15' title="bbox 464 1232 2044 1310">
    <p class='ocr_par' dir='ltr' id='par_1_15' title="bbox 464 1232 2044 1310">
     <span class='ocr_line' id='line_1_15' title="bbox 464 1232 2044 1310; baseline -0.008 -13"><span class='ocrx_word' id='word_1_93' title='bbox 464 1232 733 1298; x_wconf 76' lang='lat' dir='ltr'><strong><em>coloribus</em></strong></span> <span class='ocrx_word' id='word_1_94' title='bbox 772 1241 1023 1310; x_wconf 78' lang='lat' dir='ltr'><strong><em>depingat</em></strong></span> <span class='ocrx_word' id='word_1_95' title='bbox 1060 1232 1345 1310; x_wconf 78' lang='lat' dir='ltr'><strong><em>qttibtiset</em></strong></span> <span class='ocrx_word' id='word_1_96' title='bbox 1386 1236 1635 1310; x_wconf 65' lang='lat' dir='ltr'><strong><em>Proslier.</em></strong></span> <span class='ocrx_word' id='word_1_97' title='bbox 1695 1233 1801 1310; x_wconf 82' lang='lat' dir='ltr'><strong><em>S__ed</em></strong></span> <span class='ocrx_word' id='word_1_98' title='bbox 1851 1232 2044 1302; x_wconf 88' lang='lat' dir='ltr'><strong><em>plane,</em></strong></span> 
     </span>
    </p>
   </div>
   <div class='ocr_carea' id='block_1_16' title="bbox 463 1304 2046 1379">
    <p class='ocr_par' dir='ltr' id='par_1_16' title="bbox 463 1304 2046 1379">
     <span class='ocr_line' id='line_1_16' title="bbox 463 1304 2046 1379; baseline -0.008 -12"><span class='ocrx_word' id='word_1_99' title='bbox 463 1316 657 1379; x_wconf 86' lang='lat' dir='ltr'><strong><em>inquit,</em></strong></span> <span class='ocrx_word' id='word_1_100' title='bbox 701 1304 1036 1365; x_wconf 45' lang='lat' dir='ltr'><strong><em>illud-tacere</em></strong></span> <span class='ocrx_word' id='word_1_101' title='bbox 1071 1304 1170 1361; x_wconf 81' lang='lat' dir='ltr'><strong><em>non</em></strong></span> <span class='ocrx_word' id='word_1_102' title='bbox 1201 1307 1386 1369; x_wconf 76' lang='lat' dir='ltr'><strong><em>debeo,</em></strong></span> <span class='ocrx_word' id='word_1_103' title='bbox 1428 1305 1577 1379; x_wconf 62' lang='lat' dir='ltr'><strong><em>quod</em></strong></span> <span class='ocrx_word' id='word_1_104' title='bbox 1599 1322 1652 1379; x_wconf 87' lang='lat' dir='ltr'><strong><em>se</em></strong></span> <span class='ocrx_word' id='word_1_105' title='bbox 1690 1304 1865 1379; x_wconf 72' lang='lat' dir='ltr'><strong><em>dicant</em></strong></span> <span class='ocrx_word' id='word_1_106' title='bbox 1905 1314 2046 1379; x_wconf 83' lang='lat' dir='ltr'><strong><em>tuam</em></strong></span> 
     </span>
    </p>
   </div>
   <div class='ocr_carea' id='block_1_17' title="bbox 462 1373 2047 1448">
    <p class='ocr_par' dir='ltr' id='par_1_17' title="bbox 462 1373 2047 1448">
     <span class='ocr_line' id='line_1_17' title="bbox 462 1373 2047 1448; baseline -0.007 -11"><span class='ocrx_word' id='word_1_107' title='bbox 462 1373 805 1443; x_wconf 80' lang='lat' dir='ltr'><strong><em>sanctitatem,</em></strong></span> <span class='ocrx_word' id='word_1_108' title='bbox 836 1387 929 1433; x_wconf 86' lang='lat' dir='ltr'><strong><em>hoc</em></strong></span> <span class='ocrx_word' id='word_1_109' title='bbox 950 1390 1180 1448; x_wconf 69' lang='lat' dir='ltr'><strong><em>excepto,</em></strong></span> <span class='ocrx_word' id='word_1_110' title='bbox 1207 1381 1260 1429; x_wconf 91' lang='lat' dir='ltr'><strong><em>in</em></strong></span> <span class='ocrx_word' id='word_1_111' title='bbox 1284 1379 1431 1447; x_wconf 81' lang='lat' dir='ltr'><strong><em>factis</em></strong></span> <span class='ocrx_word' id='word_1_112' title='bbox 1456 1385 1500 1448; x_wconf 71' lang='lat' dir='ltr'><strong><em>et</em></strong></span> <span class='ocrx_word' id='word_1_113' title='bbox 1525 1376 1672 1427; x_wconf 82' lang='lat' dir='ltr'><strong><em>dictis</em></strong></span> <span class='ocrx_word' id='word_1_114' title='bbox 1696 1373 1926 1427; x_wconf 85' lang='lat' dir='ltr'><strong><em>omnibus</em></strong></span> <span class='ocrx_word' id='word_1_115' title='bbox 1949 1374 2047 1426; x_wconf 84' lang='lat' dir='ltr'><strong><em>ad-</em></strong></span> 
     </span>
    </p>
   </div>
   <div class='ocr_carea' id='block_1_18' title="bbox 462 1446 2043 1511">
    <p class='ocr_par' dir='ltr' id='par_1_18' title="bbox 462 1446 2043 1511">
     <span class='ocr_line' id='line_1_18' title="bbox 462 1446 2043 1511; baseline -0.006 -3"><span class='ocrx_word' id='word_1_116' title='bbox 462 1457 660 1508; x_wconf 84' lang='lat' dir='ltr'><strong><em>mirari.</em></strong></span> <span class='ocrx_word' id='word_1_117' title='bbox 706 1446 1085 1506; x_wconf 69' lang='lat' dir='ltr'><strong><em>EtrHilarium</em></strong></span> <span class='ocrx_word' id='word_1_118' title='bbox 1105 1446 1428 1503; x_wconf 73' lang='lat' dir='ltr'><strong><em>Arelatensis</em></strong></span> <span class='ocrx_word' id='word_1_119' title='bbox 1458 1446 1709 1499; x_wconf 77' lang='lat' dir='ltr'><strong><em>Ecclesiae</em></strong></span> <span class='ocrx_word' id='word_1_120' title='bbox 1738 1449 2043 1511; x_wconf 74' lang='lat' dir='ltr'><strong><em>przesnlem,</em></strong></span> 
     </span>
    </p>
   </div>
   <div class='ocr_carea' id='block_1_19' title="bbox 463 1518 2048 1594">
    <p class='ocr_par' dir='ltr' id='par_1_19' title="bbox 463 1518 2048 1594">
     <span class='ocr_line' id='line_1_19' title="bbox 463 1518 2048 1594; baseline -0.008 -15"><span class='ocrx_word' id='word_1_121' title='bbox 463 1542 621 1594; x_wconf 85' lang='lat' dir='ltr'><strong><em>quem</em></strong></span> <span class='ocrx_word' id='word_1_122' title='bbox 657 1526 885 1591; x_wconf 79' lang='lat' dir='ltr'><strong><em>Prosper</em></strong></span> <span class='ocrx_word' id='word_1_123' title='bbox 909 1537 1068 1594; x_wconf 22' lang='lat' dir='ltr'><strong><em>~u‘pra</em></strong></span> <span class='ocrx_word' id='word_1_124' title='bbox 1095 1520 1307 1594; x_wconf 83' lang='lat' dir='ltr'><strong><em>dicebat</em></strong></span> <span class='ocrx_word' id='word_1_125' title='bbox 1331 1518 1693 1594; x_wconf 73' lang='lat' dir='ltr'><strong><em>admiratorem</em></strong></span> <span class='ocrx_word' id='word_1_126' title='bbox 1720 1524 2048 1568; x_wconf 84' lang='lat' dir='ltr'><strong><em>sectatorem-</em></strong></span> 
     </span>
    </p>
   </div>
   <div class='ocr_carea' id='block_1_20' title="bbox 464 1588 2048 1666">
    <p class='ocr_par' dir='ltr' id='par_1_20' title="bbox 464 1588 2048 1666">
     <span class='ocr_line' id='line_1_20' title="bbox 464 1588 2048 1666; baseline -0.004 -17"><span class='ocrx_word' id='word_1_127' title='bbox 464 1588 560 1666; x_wconf 70' lang='lat' dir='ltr'><strong><em>que</em></strong></span> <span class='ocrx_word' id='word_1_128' title='bbox 588 1598 639 1649; x_wconf 88' lang='lat' dir='ltr'><strong><em>in</em></strong></span> <span class='ocrx_word' id='word_1_129' title='bbox 670 1588 1048 1666; x_wconf 35' lang='lat' dir='ltr'><strong><em>aliis—Omnibus</em></strong></span> <span class='ocrx_word' id='word_1_130' title='bbox 1076 1591 1491 1666; x_wconf 35' lang='lat' dir='ltr'><strong><em>Attgustinianm.</em></strong></span> <span class='ocrx_word' id='word_1_131' title='bbox 1510 1588 1789 1655; x_wconf 64' lang='lat' dir='ltr'><strong><em>doctrinae,</em></strong></span> <span class='ocrx_word' id='word_1_132' title='bbox 1823 1595 2048 1656; x_wconf 82' lang='lat' dir='ltr'><strong><em>excepta</em></strong></span> 
     </span>
    </p>
   </div>
   <div class='ocr_carea' id='block_1_21' title="bbox 468 1659 1579 1737">
    <p class='ocr_par' dir='ltr' id='par_1_21' title="bbox 468 1659 1579 1737">
     <span class='ocr_line' id='line_1_21' title="bbox 468 1659 1579 1737; baseline -0.005 -18"><span class='ocrx_word' id='word_1_133' title='bbox 468 1659 765 1737; x_wconf 71' lang='lat' dir='ltr'><strong><em>qumstione</em></strong></span> <span class='ocrx_word' id='word_1_134' title='bbox 788 1681 940 1733; x_wconf 84' lang='lat' dir='ltr'><strong><em>quam</em></strong></span> <span class='ocrx_word' id='word_1_135' title='bbox 969 1665 1017 1737; x_wconf 81' lang='lat' dir='ltr'><strong><em>in</em></strong></span> <span class='ocrx_word' id='word_1_136' title='bbox 1043 1662 1299 1737; x_wconf 83' lang='lat' dir='ltr'><strong><em>querelam</em></strong></span> <span class='ocrx_word' id='word_1_137' title='bbox 1328 1659 1579 1737; x_wconf 75' lang='lat' dir='ltr'><strong><em>trahebat.</em></strong></span> 
     </span>
    </p>
   </div>
   <div class='ocr_carea' id='block_1_22' title="bbox 540 1728 2042 1803">
    <p class='ocr_par' dir='ltr' id='par_1_22' title="bbox 540 1728 2042 1803">
     <span class='ocr_line' id='line_1_22' title="bbox 540 1728 2042 1803; baseline -0.005 -13"><span class='ocrx_word' id='word_1_138' title='bbox 540 1737 629 1790; x_wconf 79' lang='grc' dir='ltr'><strong><em>ΙΧ.</em></strong></span> <span class='ocrx_word' id='word_1_139' title='bbox 673 1737 725 1790; x_wconf 80' lang='grc'><strong>5.</strong></span> <span class='ocrx_word' id='word_1_140' title='bbox 757 1728 1004 1803; x_wconf 82' lang='lat' dir='ltr'><strong><em>Prosperi</em></strong></span> <span class='ocrx_word' id='word_1_141' title='bbox 1028 1728 1203 1787; x_wconf 84' lang='lat' dir='ltr'><strong><em>socius</em></strong></span> <span class='ocrx_word' id='word_1_142' title='bbox 1226 1742 1412 1803; x_wconf 82' lang='lat' dir='ltr'><strong><em>auctor</em></strong></span> <span class='ocrx_word' id='word_1_143' title='bbox 1438 1731 1532 1784; x_wconf 91' lang='lat' dir='ltr'><strong><em>fuit</em></strong></span> <span class='ocrx_word' id='word_1_144' title='bbox 1556 1729 1730 1803; x_wconf 89' lang='lat' dir='ltr'><strong><em>eidem</em></strong></span> <span class='ocrx_word' id='word_1_145' title='bbox 1756 1728 2042 1803; x_wconf 81' lang='lat' dir='ltr'><strong><em>Prospero,</em></strong></span> 
     </span>
    </p>
   </div>
   <div class='ocr_carea' id='block_1_23' title="bbox 469 1798 2127 1894">
    <p class='ocr_par' dir='ltr' id='par_1_23' title="bbox 469 1798 2127 1894">
     <span class='ocr_line' id='line_1_23' title="bbox 469 1798 2127 1894; baseline -0.004 -33"><span class='ocrx_word' id='word_1_146' title='bbox 469 1809 617 1889; x_wconf 78' lang='lat' dir='ltr'><strong><em>ut_ad</em></strong></span> <span class='ocrx_word' id='word_1_147' title='bbox 646 1798 1569 1894; x_wconf 52' lang='lat' dir='ltr'><strong><em>Sattctutn&#39;Augostiuumscriberet.</em></strong></span> <span class='ocrx_word' id='word_1_148' title='bbox 1595 1802 1814 1894; x_wconf 50' lang='lat' dir='ltr'><strong><em>ejtjsque</em></strong></span> <span class='ocrx_word' id='word_1_149' title='bbox 1838 1798 2045 1881; x_wconf 74' lang='lat' dir='ltr'><strong><em>litteras</em></strong></span> <span class='ocrx_word' id='word_1_150' title='bbox 2078 1833 2127 1894; x_wconf 75' lang='grc' dir='ltr'><strong>Β</strong></span> 
     </span>
    </p>
   </div>
   <div class='ocr_carea' id='block_1_24' title="bbox 466 1870 2048 1947">
    <p class='ocr_par' dir='ltr' id='par_1_24' title="bbox 466 1870 2048 1947">
     <span class='ocr_line' id='line_1_24' title="bbox 466 1870 2048 1947; baseline -0.004 -15"><span class='ocrx_word' id='word_1_151' title='bbox 466 1881 578 1933; x_wconf 87' lang='lat' dir='ltr'><strong><em>suis</em></strong></span> <span class='ocrx_word' id='word_1_152' title='bbox 600 1880 912 1947; x_wconf 90' lang='lat' dir='ltr'><strong><em>conjunctas</em></strong></span> <span class='ocrx_word' id='word_1_153' title='bbox 934 1870 1075 1929; x_wconf 71' lang='lat' dir='ltr'><strong><em>misit</em></strong></span> <span class='ocrx_word' id='word_1_154' title='bbox 1098 1876 1149 1929; x_wconf 89' lang='lat' dir='ltr'><strong><em>in</em></strong></span> <span class='ocrx_word' id='word_1_155' title='bbox 1175 1874 1432 1947; x_wconf 84' lang='lat' dir='ltr'><strong><em>Africam,</em></strong></span> <span class='ocrx_word' id='word_1_156' title='bbox 1456 1870 1906 1947; x_wconf 77' lang='lat' dir='ltr'><strong><em>quemadmodum</em></strong></span> <span class='ocrx_word' id='word_1_157' title='bbox 1932 1872 2048 1936; x_wconf 89' lang='lat' dir='ltr'><strong><em>ipse</em></strong></span> 
     </span>
    </p>
   </div>
   <div class='ocr_carea' id='block_1_25' title="bbox 467 1943 2047 2014">
    <p class='ocr_par' dir='ltr' id='par_1_25' title="bbox 467 1943 2047 2014">
     <span class='ocr_line' id='line_1_25' title="bbox 467 1943 2047 2014; baseline -0.005 -11"><span class='ocrx_word' id='word_1_158' title='bbox 467 1960 648 2004; x_wconf 73' lang='lat' dir='ltr'><strong><em>narrat</em></strong></span> <span class='ocrx_word' id='word_1_159' title='bbox 672 1943 721 2003; x_wconf 80' lang='lat' dir='ltr'><strong><em>in</em></strong></span> <span class='ocrx_word' id='word_1_160' title='bbox 750 1950 852 2003; x_wconf 90' lang='lat' dir='ltr'><strong><em>line</em></strong></span> <span class='ocrx_word' id='word_1_161' title='bbox 872 1964 983 2001; x_wconf 70' lang='lat' dir='ltr'><strong><em>sua:</em></strong></span> <span class='ocrx_word' id='word_1_162' title='bbox 1004 1948 1276 2014; x_wconf 65' lang='lat' dir='ltr'><strong><em>epistolae;</em></strong></span> <span class='ocrx_word' id='word_1_163' title='bbox 1309 1945 1397 1997; x_wconf 92' lang='lat' dir='ltr'><strong><em>ubi</em></strong></span> <span class='ocrx_word' id='word_1_164' title='bbox 1423 1952 1478 1997; x_wconf 90' lang='lat' dir='ltr'><strong><em>et</em></strong></span> <span class='ocrx_word' id='word_1_165' title='bbox 1503 1943 1633 1996; x_wconf 81' lang='lat' dir='ltr'><strong><em>alias</em></strong></span> <span class='ocrx_word' id='word_1_166' title='bbox 1656 1950 2047 2014; x_wconf 72' lang='lat' dir='ltr'><strong><em>commemorat</em></strong></span> 
     </span>
    </p>
   </div>
   <div class='ocr_carea' id='block_1_26' title="bbox 466 2011 2047 2087">
    <p class='ocr_par' dir='ltr' id='par_1_26' title="bbox 466 2011 2047 2087">
     <span class='ocr_line' id='line_1_26' title="bbox 466 2011 2047 2087; baseline -0.005 -13"><span class='ocrx_word' id='word_1_167' title='bbox 466 2020 716 2087; x_wconf 78' lang='lat' dir='ltr'><strong><em>superius</em></strong></span> <span class='ocrx_word' id='word_1_168' title='bbox 746 2037 774 2073; x_wconf 88' lang='lat' dir='ltr'><strong><em>a</em></strong></span> <span class='ocrx_word' id='word_1_169' title='bbox 804 2034 861 2073; x_wconf 90' lang='lat' dir='ltr'><strong><em>se</em></strong></span> <span class='ocrx_word' id='word_1_170' title='bbox 887 2011 1115 2080; x_wconf 80' lang='lat' dir='ltr'><strong><em>scriptas</em></strong></span> <span class='ocrx_word' id='word_1_171' title='bbox 1142 2017 1207 2071; x_wconf 90' lang='lat' dir='ltr'><strong><em>ad</em></strong></span> <span class='ocrx_word' id='word_1_172' title='bbox 1238 2016 1483 2070; x_wconf 89' lang='lat' dir='ltr'><strong><em>eumdem</em></strong></span> <span class='ocrx_word' id='word_1_173' title='bbox 1516 2011 1896 2087; x_wconf 80' lang='lat' dir='ltr'><strong><em>AuguSIinum,</em></strong></span> <span class='ocrx_word' id='word_1_174' title='bbox 1927 2012 2047 2082; x_wconf 93' lang='lat' dir='ltr'><strong><em>qui-</em></strong></span> 
     </span>
    </p>
   </div>
   <div class='ocr_carea' id='block_1_27' title="bbox 467 2084 2051 2156">
    <p class='ocr_par' dir='ltr' id='par_1_27' title="bbox 467 2084 2051 2156">
     <span class='ocr_line' id='line_1_27' title="bbox 467 2084 2051 2156; baseline -0.005 -11"><span class='ocrx_word' id='word_1_175' title='bbox 467 2084 589 2145; x_wconf 85' lang='lat' dir='ltr'><strong><em>cum</em></strong></span> <span class='ocrx_word' id='word_1_176' title='bbox 624 2090 961 2146; x_wconf 82' lang='lat' dir='ltr'><strong><em>necessitudo</em></strong></span> <span class='ocrx_word' id='word_1_177' title='bbox 988 2089 1347 2156; x_wconf 73' lang='lat' dir='ltr'><strong><em>frequensque</em></strong></span> <span class='ocrx_word' id='word_1_178' title='bbox 1374 2086 1757 2140; x_wconf 85' lang='lat' dir='ltr'><strong><em>commercium</em></strong></span> <span class='ocrx_word' id='word_1_179' title='bbox 1790 2084 2051 2156; x_wconf 82' lang='lat' dir='ltr'><strong><em>interces-</em></strong></span> 
     </span>
    </p>
   </div>
   <div class='ocr_carea' id='block_1_28' title="bbox 466 2154 2052 2220">
    <p class='ocr_par' dir='ltr' id='par_1_28' title="bbox 466 2154 2052 2220">
     <span class='ocr_line' id='line_1_28' title="bbox 466 2154 2052 2220; baseline -0.003 -5"><span class='ocrx_word' id='word_1_180' title='bbox 466 2163 605 2217; x_wconf 88' lang='lat' dir='ltr'><strong><em>sisse</em></strong></span> <span class='ocrx_word' id='word_1_181' title='bbox 634 2163 866 2216; x_wconf 90' lang='lat' dir='ltr'><strong><em>videtur.</em></strong></span> <span class='ocrx_word' id='word_1_182' title='bbox 916 2161 957 2214; x_wconf 88' lang='lat' dir='ltr'><strong>E</strong></span> <span class='ocrx_word' id='word_1_183' title='bbox 992 2168 1179 2214; x_wconf 89' lang='lat' dir='ltr'><strong><em>contra</em></strong></span> <span class='ocrx_word' id='word_1_184' title='bbox 1206 2154 1332 2213; x_wconf 86' lang='lat' dir='ltr'><strong><em>vero</em></strong></span> <span class='ocrx_word' id='word_1_185' title='bbox 1369 2157 1560 2212; x_wconf 89' lang='lat' dir='ltr'><strong><em>eodem</em></strong></span> <span class='ocrx_word' id='word_1_186' title='bbox 1592 2164 1834 2220; x_wconf 87' lang='lat' dir='ltr'><strong><em>tempore</em></strong></span> <span class='ocrx_word' id='word_1_187' title='bbox 1862 2154 2052 2211; x_wconf 80' lang='lat' dir='ltr'><strong><em>scribit</em></strong></span> 
     </span>
    </p>
   </div>
   <div class='ocr_carea' id='block_1_29' title="bbox 468 2226 2049 2306">
    <p class='ocr_par' dir='ltr' id='par_1_29' title="bbox 468 2226 2049 2306">
     <span class='ocr_line' id='line_1_29' title="bbox 468 2226 2049 2306; baseline -0.005 -19"><span class='ocrx_word' id='word_1_188' title='bbox 468 2244 688 2288; x_wconf 78' lang='lat' dir='ltr'><strong><em>sanctus</em></strong></span> <span class='ocrx_word' id='word_1_189' title='bbox 718 2235 943 2302; x_wconf 81' lang='lat' dir='ltr'><strong><em>Prosper</em></strong></span> <span class='ocrx_word' id='word_1_190' title='bbox 970 2231 1172 2306; x_wconf 82' lang='lat' dir='ltr'><strong><em>Hilario</em></strong></span> <span class='ocrx_word' id='word_1_191' title='bbox 1193 2230 1493 2306; x_wconf 69' lang='lat' dir='ltr'><strong><em>Arelatensi</em></strong></span> <span class='ocrx_word' id='word_1_192' title='bbox 1521 2229 1628 2296; x_wconf 91' lang='lat' dir='ltr'><strong><em>jam</em></strong></span> <span class='ocrx_word' id='word_1_193' title='bbox 1658 2226 1784 2306; x_wconf 78' lang='lat' dir='ltr'><strong><em>olim</em></strong></span> <span class='ocrx_word' id='word_1_194' title='bbox 1812 2226 1865 2306; x_wconf 78' lang='lat' dir='ltr'><strong><em>in</em></strong></span> <span class='ocrx_word' id='word_1_195' title='bbox 1897 2240 2049 2280; x_wconf 89' lang='lat' dir='ltr'><strong><em>men-</em></strong></span> 
     </span>
    </p>
   </div>
   <div class='ocr_carea' id='block_1_30' title="bbox 470 2297 2047 2370">
    <p class='ocr_par' dir='ltr' id='par_1_30' title="bbox 470 2297 2047 2370">
     <span class='ocr_line' id='line_1_30' title="bbox 470 2297 2047 2370; baseline -0.004 -13"><span class='ocrx_word' id='word_1_196' title='bbox 470 2315 577 2359; x_wconf 91' lang='lat' dir='ltr'><strong><em>tem</em></strong></span> <span class='ocrx_word' id='word_1_197' title='bbox 612 2306 821 2359; x_wconf 87' lang='lat' dir='ltr'><strong><em>venisse</em></strong></span> <span class='ocrx_word' id='word_1_198' title='bbox 852 2297 908 2357; x_wconf 83' lang='lat' dir='ltr'><strong><em>ut</em></strong></span> <span class='ocrx_word' id='word_1_199' title='bbox 936 2304 1243 2370; x_wconf 82' lang='lat' dir='ltr'><strong><em>episcopum</em></strong></span> <span class='ocrx_word' id='word_1_200' title='bbox 1274 2301 1668 2369; x_wconf 90' lang='lat' dir='ltr'><strong><em>Hipponensem</em></strong></span> <span class='ocrx_word' id='word_1_201' title='bbox 1702 2297 1890 2370; x_wconf 77' lang='lat' dir='ltr'><strong><em>litteris</em></strong></span> <span class='ocrx_word' id='word_1_202' title='bbox 1917 2311 2047 2350; x_wconf 90' lang='lat' dir='ltr'><strong><em>con-</em></strong></span> 
     </span>
    </p>
   </div>
   <div class='ocr_carea' id='block_1_31' title="bbox 469 2367 2046 2441">
    <p class='ocr_par' dir='ltr' id='par_1_31' title="bbox 469 2367 2046 2441">
     <span class='ocr_line' id='line_1_31' title="bbox 469 2367 2046 2441; baseline -0.004 -13"><span class='ocrx_word' id='word_1_203' title='bbox 469 2376 695 2441; x_wconf 83' lang='lat' dir='ltr'><strong><em>veniret,</em></strong></span> <span class='ocrx_word' id='word_1_204' title='bbox 726 2390 941 2430; x_wconf 87' lang='lat' dir='ltr'><strong><em>sensum</em></strong></span> <span class='ocrx_word' id='word_1_205' title='bbox 970 2367 1270 2429; x_wconf 41' lang='lat' dir='ltr'><strong><em>suum-cum</em></strong></span> <span class='ocrx_word' id='word_1_206' title='bbox 1302 2367 1420 2440; x_wconf 84' lang='lat' dir='ltr'><strong><em>ejus</em></strong></span> <span class='ocrx_word' id='word_1_207' title='bbox 1449 2371 1693 2426; x_wconf 89' lang='lat' dir='ltr'><strong><em>doctrina</em></strong></span> <span class='ocrx_word' id='word_1_208' title='bbox 1720 2367 2046 2434; x_wconf 79' lang='lat' dir='ltr'><strong><em>collaturus;</em></strong></span> 
     </span>
    </p>
   </div>
   <div class='ocr_carea' id='block_1_32' title="bbox 470 2442 2047 2506">
    <p class='ocr_par' dir='ltr' id='par_1_32' title="bbox 470 2442 2047 2506">
     <span class='ocr_line' id='line_1_32' title="bbox 470 2442 2047 2506; baseline -0.005 -7"><span class='ocrx_word' id='word_1_209' title='bbox 470 2446 734 2501; x_wconf 91' lang='lat' dir='ltr'><strong><em>incertum</em></strong></span> <span class='ocrx_word' id='word_1_210' title='bbox 762 2456 936 2501; x_wconf 89' lang='lat' dir='ltr'><strong><em>tamen</em></strong></span> <span class='ocrx_word' id='word_1_211' title='bbox 964 2446 1064 2499; x_wconf 86' lang='lat' dir='ltr'><strong><em>sibi</em></strong></span> <span class='ocrx_word' id='word_1_212' title='bbox 1095 2460 1216 2499; x_wconf 87' lang='lat' dir='ltr'><strong><em>esse</em></strong></span> <span class='ocrx_word' id='word_1_213' title='bbox 1246 2454 1423 2497; x_wconf 90' lang='lat' dir='ltr'><strong><em>utrum</em></strong></span> <span class='ocrx_word' id='word_1_214' title='bbox 1445 2442 1496 2495; x_wconf 90' lang='lat' dir='ltr'><strong><em>id</em></strong></span> <span class='ocrx_word' id='word_1_215' title='bbox 1522 2449 1669 2495; x_wconf 85' lang='lat' dir='ltr'><strong><em>esset</em></strong></span> <span class='ocrx_word' id='word_1_216' title='bbox 1692 2444 2047 2506; x_wconf 68' lang='lat' dir='ltr'><strong><em>prazstiturus.</em></strong></span> 
     </span>
    </p>
   </div>
   <div class='ocr_carea' id='block_1_33' title="bbox 471 2509 2051 2584">
    <p class='ocr_par' dir='ltr' id='par_1_33' title="bbox 471 2509 2051 2584">
     <span class='ocr_line' id='line_1_33' title="bbox 471 2509 2051 2584; baseline -0.005 -13"><span class='ocrx_word' id='word_1_217' title='bbox 471 2518 625 2584; x_wconf 88' lang='lat' dir='ltr'><strong><em>Quod</em></strong></span> <span class='ocrx_word' id='word_1_218' title='bbox 655 2520 873 2571; x_wconf 88' lang='lat' dir='ltr'><strong><em>omnino</em></strong></span> <span class='ocrx_word' id='word_1_219' title='bbox 904 2516 1098 2571; x_wconf 85' lang='lat' dir='ltr'><strong><em>sufﬁcit</em></strong></span> <span class='ocrx_word' id='word_1_220' title='bbox 1126 2524 1185 2569; x_wconf 92' lang='lat' dir='ltr'><strong><em>ut</em></strong></span> <span class='ocrx_word' id='word_1_221' title='bbox 1212 2529 1347 2569; x_wconf 88' lang='lat' dir='ltr'><strong><em>unus</em></strong></span> <span class='ocrx_word' id='word_1_222' title='bbox 1376 2514 1444 2567; x_wconf 91' lang='lat' dir='ltr'><strong><em>ab</em></strong></span> <span class='ocrx_word' id='word_1_223' title='bbox 1481 2512 1653 2584; x_wconf 73' lang='lat' dir='ltr'><strong><em>altero</em></strong></span> <span class='ocrx_word' id='word_1_224' title='bbox 1684 2510 1936 2584; x_wconf 77' lang='lat' dir='ltr'><strong><em>diversus</em></strong></span> <span class='ocrx_word' id='word_1_225' title='bbox 1958 2509 2051 2584; x_wconf 85' lang='lat' dir='ltr'><strong><em>de-</em></strong></span> 
     </span>
    </p>
   </div>
   <div class='ocr_carea' id='block_1_34' title="bbox 471 2579 2047 2656">
    <p class='ocr_par' dir='ltr' id='par_1_34' title="bbox 471 2579 2047 2656">
     <span class='ocr_line' id='line_1_34' title="bbox 471 2579 2047 2656; baseline -0.004 -14"><span class='ocrx_word' id='word_1_226' title='bbox 471 2579 817 2645; x_wconf 74' lang='lat' dir='ltr'><strong><em>monstretur.</em></strong></span> <span class='ocrx_word' id='word_1_227' title='bbox 870 2589 1021 2643; x_wconf 88' lang='lat' dir='ltr'><strong><em>Prior</em></strong></span> <span class='ocrx_word' id='word_1_228' title='bbox 1058 2587 1198 2642; x_wconf 89' lang='lat' dir='ltr'><strong><em>enim</em></strong></span> <span class='ocrx_word' id='word_1_229' title='bbox 1238 2585 1538 2656; x_wconf 79' lang='lat' dir='ltr'><strong><em>Augustino</em></strong></span> <span class='ocrx_word' id='word_1_230' title='bbox 1586 2581 1865 2637; x_wconf 78' lang='lat' dir='ltr'><strong><em>familiaris</em></strong></span> <span class='ocrx_word' id='word_1_231' title='bbox 1911 2579 2047 2648; x_wconf 84' lang='lat' dir='ltr'><strong><em>fuit,</em></strong></span> 
     </span>
    </p>
   </div>
   <div class='ocr_carea' id='block_1_35' title="bbox 472 2663 1119 2730">
    <p class='ocr_par' dir='ltr' id='par_1_35' title="bbox 472 2663 1119 2730">
     <span class='ocr_line' id='line_1_35' title="bbox 472 2663 1119 2730; baseline -0.006 -15"><span class='ocrx_word' id='word_1_232' title='bbox 472 2663 740 2730; x_wconf 81' lang='lat' dir='ltr'><strong><em>posterior</em></strong></span> <span class='ocrx_word' id='word_1_233' title='bbox 766 2674 1119 2728; x_wconf 77' lang='lat' dir='ltr'><strong><em>nequaquam.</em></strong></span> 
     </span>
    </p>
   </div>
   <div class='ocr_carea' id='block_1_36' title="bbox 547 2723 2052 2798">
    <p class='ocr_par' dir='ltr' id='par_1_36' title="bbox 547 2723 2052 2798">
     <span class='ocr_line' id='line_1_36' title="bbox 547 2723 2052 2798; baseline -0.007 -12"><span class='ocrx_word' id='word_1_234' title='bbox 547 2734 598 2786; x_wconf 67' lang='grc' dir='ltr'><strong><em>ὀ.</em></strong></span> <span class='ocrx_word' id='word_1_235' title='bbox 644 2723 870 2785; x_wconf 81' lang='lat' dir='ltr'><strong><em>Hilarius</em></strong></span> <span class='ocrx_word' id='word_1_236' title='bbox 903 2723 1147 2798; x_wconf 78' lang='lat' dir='ltr'><strong><em>Prosperi</em></strong></span> <span class='ocrx_word' id='word_1_237' title='bbox 1181 2727 1477 2783; x_wconf 79' lang='lat' dir='ltr'><strong><em>commilito</em></strong></span> <span class='ocrx_word' id='word_1_238' title='bbox 1502 2724 1629 2798; x_wconf 89' lang='lat' dir='ltr'><strong><em>olim</em></strong></span> <span class='ocrx_word' id='word_1_239' title='bbox 1660 2723 1941 2793; x_wconf 75' lang='lat' dir='ltr'><strong><em>Augustini</em></strong></span> <span class='ocrx_word' id='word_1_240' title='bbox 1974 2724 2052 2798; x_wconf 82' lang='lat' dir='ltr'><strong><em>la-</em></strong></span> 
     </span>
    </p>
   </div>
   <div class='ocr_carea' id='block_1_37' title="bbox 476 2794 2055 2869">
    <p class='ocr_par' dir='ltr' id='par_1_37' title="bbox 476 2794 2055 2869">
     <span class='ocr_line' id='line_1_37' title="bbox 476 2794 2055 2869; baseline -0.005 -12"><span class='ocrx_word' id='word_1_241' title='bbox 476 2804 680 2858; x_wconf 89' lang='lat' dir='ltr'><strong><em>teribus</em></strong></span> <span class='ocrx_word' id='word_1_242' title='bbox 708 2794 1273 2869; x_wconf 52' lang='lat' dir='ltr'><strong><em>aditaaserat,&#39;ejttsque</em></strong></span> <span class='ocrx_word' id='word_1_243' title='bbox 1294 2798 1553 2852; x_wconf 66' lang='lat' dir='ltr'><strong><em>doctrinm</em></strong></span> <span class='ocrx_word' id='word_1_244' title='bbox 1579 2797 1716 2869; x_wconf 82' lang='lat' dir='ltr'><strong><em>lacte</em></strong></span> <span class='ocrx_word' id='word_1_245' title='bbox 1743 2794 2055 2869; x_wconf 80' lang='lat' dir='ltr'><strong><em>aliquandiu</em></strong></span> 
     </span>
    </p>
   </div>
   <div class='ocr_carea' id='block_1_38' title="bbox 474 2865 2050 2937">
    <p class='ocr_par' dir='ltr' id='par_1_38' title="bbox 474 2865 2050 2937">
     <span class='ocr_line' id='line_1_38' title="bbox 474 2865 2050 2937; baseline -0.006 -9"><span class='ocrx_word' id='word_1_246' title='bbox 474 2876 530 2928; x_wconf 89' lang='lat' dir='ltr'><strong><em>in</em></strong></span> <span class='ocrx_word' id='word_1_247' title='bbox 558 2873 734 2927; x_wconf 87' lang='lat' dir='ltr'><strong><em>Africa</em></strong></span> <span class='ocrx_word' id='word_1_248' title='bbox 766 2874 936 2927; x_wconf 89' lang='lat' dir='ltr'><strong><em>fuerat</em></strong></span> <span class='ocrx_word' id='word_1_249' title='bbox 971 2865 1268 2934; x_wconf 72' lang='lat' dir='ltr'><strong><em>enuiritus;</em></strong></span> <span class='ocrx_word' id='word_1_250' title='bbox 1314 2871 1415 2923; x_wconf 85' lang='lat' dir='ltr'><strong><em>hoc</em></strong></span> <span class='ocrx_word' id='word_1_251' title='bbox 1444 2869 1585 2922; x_wconf 84' lang='lat' dir='ltr'><strong><em>enim</em></strong></span> <span class='ocrx_word' id='word_1_252' title='bbox 1618 2868 1733 2937; x_wconf 88' lang='lat' dir='ltr'><strong><em>ipse</em></strong></span> <span class='ocrx_word' id='word_1_253' title='bbox 1764 2865 2050 2934; x_wconf 79' lang='lat' dir='ltr'><strong><em>significat.</em></strong></span> 
     </span>
    </p>
   </div>
   <div class='ocr_carea' id='block_1_39' title="bbox 478 2938 2056 3015">
    <p class='ocr_par' dir='ltr' id='par_1_39' title="bbox 478 2938 2056 3015">
     <span class='ocr_line' id='line_1_39' title="bbox 478 2938 2056 3015; baseline -0.006 -14"><span class='ocrx_word' id='word_1_254' title='bbox 478 2944 739 3015; x_wconf 65' lang='lat' dir='ltr'><strong><em>Sufﬁciat,</em></strong></span> <span class='ocrx_word' id='word_1_255' title='bbox 776 2944 967 3013; x_wconf 81' lang='lat' dir='ltr'><strong><em>inquit,</em></strong></span> <span class='ocrx_word' id='word_1_256' title='bbox 1011 2943 1133 2996; x_wconf 82' lang='lat' dir='ltr'><strong><em>mihi</em></strong></span> <span class='ocrx_word' id='word_1_257' title='bbox 1172 2957 1487 3015; x_wconf 65' lang='lat' dir='ltr'><strong><em>pallantea,</em></strong></span> <span class='ocrx_word' id='word_1_258' title='bbox 1526 2939 1665 3015; x_wconf 73' lang='lat' dir='ltr'><strong><em>quod</em></strong></span> <span class='ocrx_word' id='word_1_259' title='bbox 1702 2955 1747 3015; x_wconf 85' lang='lat' dir='ltr'><strong><em>a_</em></strong></span> <span class='ocrx_word' id='word_1_260' title='bbox 1772 2938 2056 3015; x_wconf 69' lang='lat' dir='ltr'><strong><em>prtesentia:</em></strong></span> 
     </span>
    </p>
   </div>
   <div class='ocr_carea' id='block_1_40' title="bbox 476 3009 2055 3075">
    <p class='ocr_par' dir='ltr' id='par_1_40' title="bbox 476 3009 2055 3075">
     <span class='ocr_line' id='line_1_40' title="bbox 476 3009 2055 3075; baseline -0.005 -7"><span class='ocrx_word' id='word_1_261' title='bbox 476 3009 580 3071; x_wconf 60' lang='lat' dir='ltr'><strong><em>md;</em></strong></span> <span class='ocrx_word' id='word_1_262' title='bbox 605 3017 799 3070; x_wconf 80' lang='lat' dir='ltr'><strong><em>deliciis</em></strong></span> <span class='ocrx_word' id='word_1_263' title='bbox 826 3009 1106 3075; x_wconf 59' lang='lat' dir='ltr'><strong><em>eisttlalus,</em></strong></span> <span class='ocrx_word' id='word_1_264' title='bbox 1142 3009 1224 3066; x_wconf 85' lang='lat' dir='ltr'><strong><em>ubi</em></strong></span> <span class='ocrx_word' id='word_1_265' title='bbox 1254 3009 1544 3066; x_wconf 73' lang='lat' dir='ltr'><strong><em>salubribus</em></strong></span> <span class='ocrx_word' id='word_1_266' title='bbox 1573 3012 1670 3064; x_wconf 84' lang='lat' dir='ltr'><strong><em>tuis</em></strong></span> <span class='ocrx_word' id='word_1_267' title='bbox 1697 3009 1927 3062; x_wconf 83' lang='lat' dir='ltr'><strong><em>uberibus</em></strong></span> <span class='ocrx_word' id='word_1_268' title='bbox 1956 3025 2055 3061; x_wconf 84' lang='lat' dir='ltr'><strong><em>uu-</em></strong></span> 
     </span>
    </p>
   </div>
   <div class='ocr_carea' id='block_1_41' title="bbox 478 3084 2055 3153">
    <p class='ocr_par' dir='ltr' id='par_1_41' title="bbox 478 3084 2055 3153">
     <span class='ocr_line' id='line_1_41' title="bbox 478 3084 2055 3153; baseline -0.005 -13"><span class='ocrx_word' id='word_1_269' title='bbox 478 3088 683 3153; x_wconf 85' lang='lat' dir='ltr'><strong><em>triebar,</em></strong></span> <span class='ocrx_word' id='word_1_270' title='bbox 728 3104 829 3140; x_wconf 90' lang='lat' dir='ltr'><strong><em>non</em></strong></span> <span class='ocrx_word' id='word_1_271' title='bbox 866 3088 1029 3139; x_wconf 84' lang='lat' dir='ltr'><strong><em>solum</em></strong></span> <span class='ocrx_word' id='word_1_272' title='bbox 1062 3084 1290 3138; x_wconf 79' lang='lat' dir='ltr'><strong><em>absentia</em></strong></span> <span class='ocrx_word' id='word_1_273' title='bbox 1318 3093 1406 3137; x_wconf 90' lang='lat' dir='ltr'><strong><em>tua</em></strong></span> <span class='ocrx_word' id='word_1_274' title='bbox 1438 3084 1659 3143; x_wconf 85' lang='lat' dir='ltr'><strong><em>crucior,</em></strong></span> <span class='ocrx_word' id='word_1_275' title='bbox 1700 3095 1873 3153; x_wconf 76' lang='lat' dir='ltr'><strong><em>uerum</em></strong></span> <span class='ocrx_word' id='word_1_276' title='bbox 1899 3085 2055 3133; x_wconf 84' lang='lat' dir='ltr'><strong><em>etiam</em></strong></span> 
     </span>
    </p>
   </div>
   <div class='ocr_carea' id='block_1_42' title="bbox 476 3152 2055 3228">
    <p class='ocr_par' dir='ltr' id='par_1_42' title="bbox 476 3152 2055 3228">
     <span class='ocr_line' id='line_1_42' title="bbox 476 3152 2055 3228; baseline -0.005 -16"><span class='ocrx_word' id='word_1_277' title='bbox 476 3152 757 3228; x_wconf 85' lang='lat' dir='ltr'><strong><em>pervicacia</em></strong></span> <span class='ocrx_word' id='word_1_278' title='bbox 779 3158 1132 3228; x_wconf 86' lang='lat' dir='ltr'><strong><em>quorumdam.</em></strong></span> <span class='ocrx_word' id='word_1_279' title='bbox 1158 3156 1491 3228; x_wconf 74' lang='lat' dir='ltr'><strong><em>Arelatensis</em></strong></span> <span class='ocrx_word' id='word_1_280' title='bbox 1506 3169 1635 3228; x_wconf 68' lang='lat' dir='ltr'><strong><em>vero</em></strong></span> <span class='ocrx_word' id='word_1_281' title='bbox 1654 3152 1884 3228; x_wconf 83' lang='lat' dir='ltr'><strong><em>Hilarius</em></strong></span> <span class='ocrx_word' id='word_1_282' title='bbox 1898 3166 2055 3228; x_wconf 84' lang='lat' dir='ltr'><strong><em>num-</em></strong></span> 
     </span>
    </p>
   </div>
   <div class='ocr_carea' id='block_1_43' title="bbox 2159 515 3737 591">
    <p class='ocr_par' dir='ltr' id='par_1_43' title="bbox 2159 515 3737 591">
     <span class='ocr_line' id='line_1_43' title="bbox 2159 515 3737 591; baseline 0.001 -20"><span class='ocrx_word' id='word_1_283' title='bbox 2159 518 2376 591; x_wconf 85' lang='lat' dir='ltr'><strong><em>demum</em></strong></span> <span class='ocrx_word' id='word_1_284' title='bbox 2406 515 2631 591; x_wconf 83' lang='lat' dir='ltr'><strong><em>epistola</em></strong></span> <span class='ocrx_word' id='word_1_285' title='bbox 2660 516 2844 591; x_wconf 82' lang='lat' dir='ltr'><strong><em>ullum</em></strong></span> <span class='ocrx_word' id='word_1_286' title='bbox 2854 531 2966 591; x_wconf 80' lang='lat' dir='ltr'><strong><em>prae</em></strong></span> <span class='ocrx_word' id='word_1_287' title='bbox 3000 531 3065 591; x_wconf 82' lang='lat' dir='ltr'><strong><em>se</em></strong></span> <span class='ocrx_word' id='word_1_288' title='bbox 3098 516 3201 591; x_wconf 88' lang='lat' dir='ltr'><strong><em>fert</em></strong></span> <span class='ocrx_word' id='word_1_289' title='bbox 3230 518 3619 591; x_wconf 71' lang='lat' dir='ltr'><strong><em>characterem</em></strong></span> <span class='ocrx_word' id='word_1_290' title='bbox 3645 522 3737 591; x_wconf 82' lang='lat' dir='ltr'><strong><em>qui</em></strong></span> 
     </span>
    </p>
   </div>
   <div class='ocr_carea' id='block_1_44' title="bbox 2154 587 3732 658">
    <p class='ocr_par' dir='ltr' id='par_1_44' title="bbox 2154 587 3732 658">
     <span class='ocr_line' id='line_1_44' title="bbox 2154 587 3732 658; baseline 0.003 -15"><span class='ocrx_word' id='word_1_291' title='bbox 2154 600 2260 643; x_wconf 91' lang='lat' dir='ltr'><strong><em>tam</em></strong></span> <span class='ocrx_word' id='word_1_292' title='bbox 2293 589 2543 657; x_wconf 83' lang='lat' dir='ltr'><strong><em>eleganti,</em></strong></span> <span class='ocrx_word' id='word_1_293' title='bbox 2580 599 2684 640; x_wconf 89' lang='lat' dir='ltr'><strong><em>tam</em></strong></span> <span class='ocrx_word' id='word_1_294' title='bbox 2715 588 2939 642; x_wconf 77' lang='lat' dir='ltr'><strong><em>erudita:</em></strong></span> <span class='ocrx_word' id='word_1_295' title='bbox 2965 588 3244 655; x_wconf 88' lang='lat' dir='ltr'><strong><em>scriptioni</em></strong></span> <span class='ocrx_word' id='word_1_296' title='bbox 3268 587 3448 645; x_wconf 88' lang='lat' dir='ltr'><strong><em>simile</em></strong></span> <span class='ocrx_word' id='word_1_297' title='bbox 3476 589 3603 658; x_wconf 86' lang='lat' dir='ltr'><strong><em>quid</em></strong></span> <span class='ocrx_word' id='word_1_298' title='bbox 3634 587 3732 647; x_wconf 69' lang='lat' dir='ltr'><strong><em>ei-</em></strong></span> 
     </span>
    </p>
   </div>
   <div class='ocr_carea' id='block_1_45' title="bbox 2152 658 3739 730">
    <p class='ocr_par' dir='ltr' id='par_1_45' title="bbox 2152 658 3739 730">
     <span class='ocr_line' id='line_1_45' title="bbox 2152 658 3739 730; baseline 0.003 -17"><span class='ocrx_word' id='word_1_299' title='bbox 2152 670 2398 730; x_wconf 84' lang='lat' dir='ltr'><strong><em>spectare</em></strong></span> <span class='ocrx_word' id='word_1_300' title='bbox 2430 658 2589 712; x_wconf 91' lang='lat' dir='ltr'><strong><em>sinat.</em></strong></span> <span class='ocrx_word' id='word_1_301' title='bbox 2637 658 2960 729; x_wconf 84' lang='lat' dir='ltr'><strong><em>Syracusani</em></strong></span> <span class='ocrx_word' id='word_1_302' title='bbox 2988 661 3131 714; x_wconf 85' lang='lat' dir='ltr'><strong><em>enim</em></strong></span> <span class='ocrx_word' id='word_1_303' title='bbox 3162 659 3378 716; x_wconf 87' lang='lat' dir='ltr'><strong><em>brevior</em></strong></span> <span class='ocrx_word' id='word_1_304' title='bbox 3417 658 3644 728; x_wconf 85' lang='lat' dir='ltr'><strong><em>epistola</em></strong></span> <span class='ocrx_word' id='word_1_305' title='bbox 3683 672 3739 721; x_wconf 86' lang='lat' dir='ltr'><strong><em>et</em></strong></span> 
     </span>
    </p>
   </div>
   <div class='ocr_carea' id='block_1_46' title="bbox 2152 730 3741 801">
    <p class='ocr_par' dir='ltr' id='par_1_46' title="bbox 2152 730 3741 801">
     <span class='ocr_line' id='line_1_46' title="bbox 2152 730 3741 801; baseline 0.001 -15"><span class='ocrx_word' id='word_1_306' title='bbox 2152 732 2477 786; x_wconf 83' lang='lat' dir='ltr'><strong><em>contractior</em></strong></span> <span class='ocrx_word' id='word_1_307' title='bbox 2503 744 2661 801; x_wconf 85' lang='lat' dir='ltr'><strong><em>quam</em></strong></span> <span class='ocrx_word' id='word_1_308' title='bbox 2693 745 2813 798; x_wconf 78' lang='lat' dir='ltr'><strong><em>quae</em></strong></span> <span class='ocrx_word' id='word_1_309' title='bbox 2838 730 2917 801; x_wconf 78' lang='lat' dir='ltr'><strong><em>ab</em></strong></span> <span class='ocrx_word' id='word_1_310' title='bbox 2947 730 3164 785; x_wconf 88' lang='lat' dir='ltr'><strong><em>homine</em></strong></span> <span class='ocrx_word' id='word_1_311' title='bbox 3199 730 3410 785; x_wconf 89' lang='lat' dir='ltr'><strong><em>erudito</em></strong></span> <span class='ocrx_word' id='word_1_312' title='bbox 3439 731 3509 787; x_wconf 84' lang='lat' dir='ltr'><strong><em>de</em></strong></span> <span class='ocrx_word' id='word_1_313' title='bbox 3551 731 3741 801; x_wconf 83' lang='lat' dir='ltr'><strong><em>hujus-</em></strong></span> 
     </span>
    </p>
   </div>
   <div class='ocr_carea' id='block_1_47' title="bbox 2153 799 3739 873">
    <p class='ocr_par' dir='ltr' id='par_1_47' title="bbox 2153 799 3739 873">
     <span class='ocr_line' id='line_1_47' title="bbox 2153 799 3739 873; baseline 0.003 -18"><span class='ocrx_word' id='word_1_314' title='bbox 2153 803 2295 856; x_wconf 90' lang='lat' dir='ltr'><strong><em>modi</em></strong></span> <span class='ocrx_word' id='word_1_315' title='bbox 2328 799 2713 873; x_wconf 70' lang='lat' dir='ltr'><strong><em>quaastionibus</em></strong></span> <span class='ocrx_word' id='word_1_316' title='bbox 2739 800 2907 873; x_wconf 87' lang='lat' dir='ltr'><strong><em>scribi</em></strong></span> <span class='ocrx_word' id='word_1_317' title='bbox 2936 801 3217 856; x_wconf 86' lang='lat' dir='ltr'><strong><em>debuerat.</em></strong></span> <span class='ocrx_word' id='word_1_318' title='bbox 3260 803 3414 873; x_wconf 84' lang='lat' dir='ltr'><strong><em>Alter</em></strong></span> <span class='ocrx_word' id='word_1_319' title='bbox 3442 803 3585 857; x_wconf 90' lang='lat' dir='ltr'><strong><em>ultro</em></strong></span> <span class='ocrx_word' id='word_1_320' title='bbox 3614 799 3739 873; x_wconf 77' lang='lat' dir='ltr'><strong><em>pro-</em></strong></span> 
     </span>
    </p>
   </div>
   <div class='ocr_carea' id='block_1_48' title="bbox 2152 872 3739 938">
    <p class='ocr_par' dir='ltr' id='par_1_48' title="bbox 2152 872 3739 938">
     <span class='ocr_line' id='line_1_48' title="bbox 2152 872 3739 938; baseline 0.003 -11"><span class='ocrx_word' id='word_1_321' title='bbox 2152 874 2333 927; x_wconf 82' lang='lat' dir='ltr'><strong><em>litetur</em></strong></span> <span class='ocrx_word' id='word_1_322' title='bbox 2362 872 2676 926; x_wconf 86' lang='lat' dir='ltr'><strong><em>tenuitatem</em></strong></span> <span class='ocrx_word' id='word_1_323' title='bbox 2701 872 2892 926; x_wconf 90' lang='lat' dir='ltr'><strong><em>virium</em></strong></span> <span class='ocrx_word' id='word_1_324' title='bbox 2918 887 3171 938; x_wconf 90' lang='lat' dir='ltr'><strong><em>suarum;</em></strong></span> <span class='ocrx_word' id='word_1_325' title='bbox 3204 872 3417 928; x_wconf 85' lang='lat' dir='ltr'><strong><em>videtur</em></strong></span> <span class='ocrx_word' id='word_1_326' title='bbox 3441 872 3739 932; x_wconf 31' lang='lat' dir='ltr'><strong><em>etiam’nou</em></strong></span> 
     </span>
    </p>
   </div>
   <div class='ocr_carea' id='block_1_49' title="bbox 2152 942 3738 1012">
    <p class='ocr_par' dir='ltr' id='par_1_49' title="bbox 2152 942 3738 1012">
     <span class='ocr_line' id='line_1_49' title="bbox 2152 942 3738 1012; baseline 0.003 -13"><span class='ocrx_word' id='word_1_327' title='bbox 2152 946 2285 999; x_wconf 86' lang='lat' dir='ltr'><strong><em>satis</em></strong></span> <span class='ocrx_word' id='word_1_328' title='bbox 2306 942 2727 1012; x_wconf 87' lang='lat' dir='ltr'><strong><em>deprehendisse</em></strong></span> <span class='ocrx_word' id='word_1_329' title='bbox 2749 958 2906 1010; x_wconf 88' lang='lat' dir='ltr'><strong><em>quam</em></strong></span> <span class='ocrx_word' id='word_1_330' title='bbox 2932 945 3291 1012; x_wconf 89' lang='lat' dir='ltr'><strong><em>perniciosum</em></strong></span> <span class='ocrx_word' id='word_1_331' title='bbox 3315 954 3458 999; x_wconf 82' lang='lat' dir='ltr'><strong><em>esset</em></strong></span> <span class='ocrx_word' id='word_1_332' title='bbox 3481 945 3738 1003; x_wconf 65' lang='lat' dir='ltr'><strong><em>doctrina:</em></strong></span> 
     </span>
    </p>
   </div>
   <div class='ocr_carea' id='block_1_50' title="bbox 2152 1014 3737 1083">
    <p class='ocr_par' dir='ltr' id='par_1_50' title="bbox 2152 1014 3737 1083">
     <span class='ocr_line' id='line_1_50' title="bbox 2152 1014 3737 1083; baseline 0.003 -14"><span class='ocrx_word' id='word_1_333' title='bbox 2152 1015 2430 1069; x_wconf 68' lang='lat' dir='ltr'><strong><em>catholica:</em></strong></span> <span class='ocrx_word' id='word_1_334' title='bbox 2450 1014 2881 1068; x_wconf 77' lang='lat' dir='ltr'><strong><em>adversariorum</em></strong></span> <span class='ocrx_word' id='word_1_335' title='bbox 2902 1015 3109 1083; x_wconf 83' lang='lat' dir='ltr'><strong><em>dogma.</em></strong></span> <span class='ocrx_word' id='word_1_336' title='bbox 3134 1029 3269 1083; x_wconf 88' lang='lat' dir='ltr'><strong><em>quos</em></strong></span> <span class='ocrx_word' id='word_1_337' title='bbox 3290 1014 3499 1070; x_wconf 86' lang='lat' dir='ltr'><strong><em>dubitat</em></strong></span> <span class='ocrx_word' id='word_1_338' title='bbox 3520 1017 3737 1074; x_wconf 86' lang='lat' dir='ltr'><strong><em>tolerari</em></strong></span> 
     </span>
    </p>
   </div>
   <div class='ocr_carea' id='block_1_51' title="bbox 2152 1086 3735 1155">
    <p class='ocr_par' dir='ltr' id='par_1_51' title="bbox 2152 1086 3735 1155">
     <span class='ocr_line' id='line_1_51' title="bbox 2152 1086 3735 1155; baseline 0.003 -16"><span class='ocrx_word' id='word_1_339' title='bbox 2152 1102 2342 1155; x_wconf 81' lang='lat' dir='ltr'><strong><em>posse:</em></strong></span> <span class='ocrx_word' id='word_1_340' title='bbox 2378 1094 2602 1141; x_wconf 67' lang='lat' dir='ltr'><strong><em>excusat</em></strong></span> <span class='ocrx_word' id='word_1_341' title='bbox 2632 1100 2689 1137; x_wconf 88' lang='lat' dir='ltr'><strong><em>se</em></strong></span> <span class='ocrx_word' id='word_1_342' title='bbox 2723 1087 2863 1153; x_wconf 90' lang='lat' dir='ltr'><strong><em>apud</em></strong></span> <span class='ocrx_word' id='word_1_343' title='bbox 2896 1088 3283 1155; x_wconf 79' lang='lat' dir='ltr'><strong><em>Augustinum,</em></strong></span> <span class='ocrx_word' id='word_1_344' title='bbox 3315 1087 3461 1155; x_wconf 87' lang='lat' dir='ltr'><strong><em>quod</em></strong></span> <span class='ocrx_word' id='word_1_345' title='bbox 3492 1086 3655 1141; x_wconf 87' lang='lat' dir='ltr'><strong><em>aliter</em></strong></span> <span class='ocrx_word' id='word_1_346' title='bbox 3683 1090 3735 1144; x_wconf 89' lang='lat' dir='ltr'><strong><em>in</em></strong></span> 
     </span>
    </p>
   </div>
   <div class='ocr_carea' id='block_1_52' title="bbox 2153 1156 3733 1227">
    <p class='ocr_par' dir='ltr' id='par_1_52' title="bbox 2153 1156 3733 1227">
     <span class='ocr_line' id='line_1_52' title="bbox 2153 1156 3733 1227; baseline 0.002 -17"><span class='ocrx_word' id='word_1_347' title='bbox 2153 1158 2417 1226; x_wconf 84' lang='lat' dir='ltr'><strong><em>superiori</em></strong></span> <span class='ocrx_word' id='word_1_348' title='bbox 2459 1156 2681 1223; x_wconf 87' lang='lat' dir='ltr'><strong><em>epistola</em></strong></span> <span class='ocrx_word' id='word_1_349' title='bbox 2724 1157 3029 1222; x_wconf 66' lang='lat' dir='ltr'><strong><em>scripsisset</em></strong></span> <span class='ocrx_word' id='word_1_350' title='bbox 3067 1157 3134 1212; x_wconf 90' lang='lat' dir='ltr'><strong><em>de</em></strong></span> <span class='ocrx_word' id='word_1_351' title='bbox 3182 1157 3393 1211; x_wconf 87' lang='lat' dir='ltr'><strong><em>illorum</em></strong></span> <span class='ocrx_word' id='word_1_352' title='bbox 3441 1159 3733 1227; x_wconf 83' lang='lat' dir='ltr'><strong><em>sententia,</em></strong></span> 
     </span>
    </p>
   </div>
   <div class='ocr_carea' id='block_1_53' title="bbox 2154 1227 3737 1298">
    <p class='ocr_par' dir='ltr' id='par_1_53' title="bbox 2154 1227 3737 1298">
     <span class='ocr_line' id='line_1_53' title="bbox 2154 1227 3737 1298; baseline 0.003 -16"><span class='ocrx_word' id='word_1_353' title='bbox 2154 1244 2312 1297; x_wconf 90' lang='lat' dir='ltr'><strong><em>quam</em></strong></span> <span class='ocrx_word' id='word_1_354' title='bbox 2346 1238 2470 1283; x_wconf 91' lang='lat' dir='ltr'><strong><em>tunc</em></strong></span> <span class='ocrx_word' id='word_1_355' title='bbox 2497 1228 2777 1281; x_wconf 88' lang='lat' dir='ltr'><strong><em>scriberet.</em></strong></span> <span class='ocrx_word' id='word_1_356' title='bbox 2831 1227 3069 1297; x_wconf 85' lang='lat' dir='ltr'><strong><em>Denique</em></strong></span> <span class='ocrx_word' id='word_1_357' title='bbox 3098 1228 3480 1283; x_wconf 84' lang='lat' dir='ltr'><strong><em>imbecillitatis</em></strong></span> <span class='ocrx_word' id='word_1_358' title='bbox 3506 1230 3737 1298; x_wconf 66' lang='lat' dir='ltr'><strong><em>prOpria‘:</em></strong></span> 
     </span>
    </p>
   </div>
   <div class='ocr_carea' id='block_1_54' title="bbox 2153 1299 3738 1369">
    <p class='ocr_par' dir='ltr' id='par_1_54' title="bbox 2153 1299 3738 1369">
     <span class='ocr_line' id='line_1_54' title="bbox 2153 1299 3738 1369; baseline 0.001 -17"><span class='ocrx_word' id='word_1_359' title='bbox 2153 1302 2425 1363; x_wconf 88' lang='lat' dir='ltr'><strong><em>conscius,</em></strong></span> <span class='ocrx_word' id='word_1_360' title='bbox 2463 1314 2525 1353; x_wconf 89' lang='lat' dir='ltr'><strong><em>ac</em></strong></span> <span class='ocrx_word' id='word_1_361' title='bbox 2554 1300 2746 1353; x_wconf 85' lang='lat' dir='ltr'><strong><em>timens</em></strong></span> <span class='ocrx_word' id='word_1_362' title='bbox 2774 1299 2966 1353; x_wconf 91' lang='lat' dir='ltr'><strong><em>iterum</em></strong></span> <span class='ocrx_word' id='word_1_363' title='bbox 2997 1314 3063 1355; x_wconf 89' lang='lat' dir='ltr'><strong><em>ne</em></strong></span> <span class='ocrx_word' id='word_1_364' title='bbox 3092 1301 3265 1353; x_wconf 89' lang='lat' dir='ltr'><strong><em>minus</em></strong></span> <span class='ocrx_word' id='word_1_365' title='bbox 3291 1300 3449 1369; x_wconf 88' lang='lat' dir='ltr'><strong><em>digne</em></strong></span> <span class='ocrx_word' id='word_1_366' title='bbox 3484 1316 3547 1354; x_wconf 91' lang='lat' dir='ltr'><strong><em>ac</em></strong></span> <span class='ocrx_word' id='word_1_367' title='bbox 3584 1301 3738 1355; x_wconf 89' lang='lat' dir='ltr'><strong><em>intel-</em></strong></span> 
     </span>
    </p>
   </div>
   <div class='ocr_carea' id='block_1_55' title="bbox 2156 1370 3737 1440">
    <p class='ocr_par' dir='ltr' id='par_1_55' title="bbox 2156 1370 3737 1440">
     <span class='ocr_line' id='line_1_55' title="bbox 2156 1370 3737 1440; baseline 0.003 -17"><span class='ocrx_word' id='word_1_368' title='bbox 2156 1372 2382 1439; x_wconf 86' lang='lat' dir='ltr'><strong><em>ligenter</em></strong></span> <span class='ocrx_word' id='word_1_369' title='bbox 2410 1370 2718 1437; x_wconf 79' lang='lat' dir='ltr'><strong><em>Opinionem</em></strong></span> <span class='ocrx_word' id='word_1_370' title='bbox 2752 1370 3303 1440; x_wconf 86' lang='lat' dir='ltr'><strong><em>Semipelagianorum</em></strong></span> <span class='ocrx_word' id='word_1_371' title='bbox 3335 1370 3583 1436; x_wconf 86' lang='lat' dir='ltr'><strong><em>referret,</em></strong></span> <span class='ocrx_word' id='word_1_372' title='bbox 3626 1386 3737 1427; x_wconf 88' lang='lat' dir='ltr'><strong><em>mo-</em></strong></span> 
     </span>
    </p>
   </div>
   <div class='ocr_carea' id='block_1_56' title="bbox 2155 1440 3737 1511">
    <p class='ocr_par' dir='ltr' id='par_1_56' title="bbox 2155 1440 3737 1511">
     <span class='ocr_line' id='line_1_56' title="bbox 2155 1440 3737 1511; baseline 0 -16"><span class='ocrx_word' id='word_1_373' title='bbox 2155 1454 2247 1495; x_wconf 89' lang='lat' dir='ltr'><strong><em>net</em></strong></span> <span class='ocrx_word' id='word_1_374' title='bbox 2284 1458 2344 1497; x_wconf 90' lang='lat' dir='ltr'><strong><em>se</em></strong></span> <span class='ocrx_word' id='word_1_375' title='bbox 2386 1441 2438 1495; x_wconf 91' lang='lat' dir='ltr'><strong><em>in</em></strong></span> <span class='ocrx_word' id='word_1_376' title='bbox 2472 1440 2795 1509; x_wconf 67' lang='lat' dir='ltr'><strong><em>Prosperum</em></strong></span> <span class='ocrx_word' id='word_1_377' title='bbox 2830 1441 2974 1495; x_wconf 88' lang='lat' dir='ltr'><strong><em>illius</em></strong></span> <span class='ocrx_word' id='word_1_378' title='bbox 3006 1442 3195 1497; x_wconf 89' lang='lat' dir='ltr'><strong><em>melius</em></strong></span> <span class='ocrx_word' id='word_1_379' title='bbox 3231 1441 3566 1509; x_wconf 64' lang='lat' dir='ltr'><strong><em>explicandas</em></strong></span> <span class='ocrx_word' id='word_1_380' title='bbox 3611 1457 3737 1511; x_wconf 83' lang='lat' dir='ltr'><strong><em>pro-</em></strong></span> 
     </span>
    </p>
   </div>
   <div class='ocr_carea' id='block_1_57' title="bbox 2157 1512 3738 1581">
    <p class='ocr_par' dir='ltr' id='par_1_57' title="bbox 2157 1512 3738 1581">
     <span class='ocr_line' id='line_1_57' title="bbox 2157 1512 3738 1581; baseline 0.003 -18"><span class='ocrx_word' id='word_1_381' title='bbox 2157 1512 2386 1566; x_wconf 80' lang='lat' dir='ltr'><strong><em>vinciam</em></strong></span> <span class='ocrx_word' id='word_1_382' title='bbox 2424 1512 2817 1575; x_wconf 67' lang='lat' dir='ltr'><strong><em>transmisisse,</em></strong></span> <span class='ocrx_word' id='word_1_383' title='bbox 2857 1521 2915 1566; x_wconf 92' lang='lat' dir='ltr'><strong><em>ut</em></strong></span> <span class='ocrx_word' id='word_1_384' title='bbox 2941 1513 3187 1568; x_wconf 85' lang='lat' dir='ltr'><strong><em>videatur</em></strong></span> <span class='ocrx_word' id='word_1_385' title='bbox 3214 1514 3434 1567; x_wconf 91' lang='lat' dir='ltr'><strong><em>omnino</em></strong></span> <span class='ocrx_word' id='word_1_386' title='bbox 3466 1512 3584 1567; x_wconf 81' lang='lat' dir='ltr'><strong><em>zelo</em></strong></span> <span class='ocrx_word' id='word_1_387' title='bbox 3616 1528 3738 1581; x_wconf 79' lang='lat' dir='ltr'><strong><em>erga</em></strong></span> 
     </span>
    </p>
   </div>
   <div class='ocr_carea' id='block_1_58' title="bbox 2155 1583 3739 1654">
    <p class='ocr_par' dir='ltr' id='par_1_58' title="bbox 2155 1583 3739 1654">
     <span class='ocr_line' id='line_1_58' title="bbox 2155 1583 3739 1654; baseline 0.001 -17"><span class='ocrx_word' id='word_1_388' title='bbox 2155 1584 2358 1637; x_wconf 87' lang='lat' dir='ltr'><strong><em>Christi</em></strong></span> <span class='ocrx_word' id='word_1_389' title='bbox 2404 1584 2635 1649; x_wconf 86' lang='lat' dir='ltr'><strong><em>gratiam</em></strong></span> <span class='ocrx_word' id='word_1_390' title='bbox 2683 1584 2990 1639; x_wconf 87' lang='lat' dir='ltr'><strong><em>ardentiore</em></strong></span> <span class='ocrx_word' id='word_1_391' title='bbox 3037 1584 3200 1638; x_wconf 87' lang='lat' dir='ltr'><strong><em>fuisse</em></strong></span> <span class='ocrx_word' id='word_1_392' title='bbox 3249 1583 3531 1651; x_wconf 66' lang='lat' dir='ltr'><strong><em>praeditus,</em></strong></span> <span class='ocrx_word' id='word_1_393' title='bbox 3581 1598 3739 1654; x_wconf 81' lang='lat' dir='ltr'><strong><em>quam</em></strong></span> 
     </span>
    </p>
   </div>
   <div class='ocr_carea' id='block_1_59' title="bbox 2156 1654 3737 1724">
    <p class='ocr_par' dir='ltr' id='par_1_59' title="bbox 2156 1654 3737 1724">
     <span class='ocr_line' id='line_1_59' title="bbox 2156 1654 3737 1724; baseline 0 -15"><span class='ocrx_word' id='word_1_394' title='bbox 2156 1669 2218 1709; x_wconf 87' lang='lat' dir='ltr'><strong><em>ea</em></strong></span> <span class='ocrx_word' id='word_1_395' title='bbox 2262 1654 2484 1709; x_wconf 73' lang='lat' dir='ltr'><strong><em>selectis</em></strong></span> <span class='ocrx_word' id='word_1_396' title='bbox 2525 1654 2819 1711; x_wconf 88' lang='lat' dir='ltr'><strong><em>instructus</em></strong></span> <span class='ocrx_word' id='word_1_397' title='bbox 2860 1670 2980 1724; x_wconf 73' lang='lat' dir='ltr'><strong><em>qua:</em></strong></span> <span class='ocrx_word' id='word_1_398' title='bbox 3018 1654 3074 1711; x_wconf 86' lang='lat' dir='ltr'><strong><em>in</em></strong></span> <span class='ocrx_word' id='word_1_399' title='bbox 3111 1654 3252 1711; x_wconf 91' lang='lat' dir='ltr'><strong><em>illius</em></strong></span> <span class='ocrx_word' id='word_1_400' title='bbox 3292 1654 3585 1711; x_wconf 85' lang='lat' dir='ltr'><strong><em>defensore</em></strong></span> <span class='ocrx_word' id='word_1_401' title='bbox 3627 1655 3737 1711; x_wconf 77' lang='lat' dir='ltr'><strong><em>exi-</em></strong></span> 
     </span>
    </p>
   </div>
   <div class='ocr_carea' id='block_1_60' title="bbox 2154 1735 2393 1793">
    <p class='ocr_par' dir='ltr' id='par_1_60' title="bbox 2154 1735 2393 1793">
     <span class='ocr_line' id='line_1_60' title="bbox 2154 1735 2393 1793; baseline -0.008 -12"><span class='ocrx_word' id='word_1_402' title='bbox 2154 1735 2393 1793; x_wconf 81' lang='lat' dir='ltr'><strong><em>geretur.</em></strong></span> 
     </span>
    </p>
   </div>
   <div class='ocr_carea' id='block_1_61' title="bbox 2226 1796 3739 1863">
    <p class='ocr_par' dir='ltr' id='par_1_61' title="bbox 2226 1796 3739 1863">
     <span class='ocr_line' id='line_1_61' title="bbox 2226 1796 3739 1863; baseline 0.002 -12"><span class='ocrx_word' id='word_1_403' title='bbox 2226 1796 2317 1851; x_wconf 79' lang='lat' dir='ltr'><strong><em>Xl.</em></strong></span> <span class='ocrx_word' id='word_1_404' title='bbox 2352 1797 2475 1852; x_wconf 85' lang='lat' dir='ltr'><strong><em>Haec</em></strong></span> <span class='ocrx_word' id='word_1_405' title='bbox 2504 1796 2689 1852; x_wconf 89' lang='lat' dir='ltr'><strong><em>eadem</em></strong></span> <span class='ocrx_word' id='word_1_406' title='bbox 2727 1797 2867 1852; x_wconf 89' lang='lat' dir='ltr'><strong><em>ratio</em></strong></span> <span class='ocrx_word' id='word_1_407' title='bbox 2904 1800 3104 1854; x_wconf 90' lang='lat' dir='ltr'><strong><em>retinet</em></strong></span> <span class='ocrx_word' id='word_1_408' title='bbox 3132 1814 3239 1863; x_wconf 89' lang='lat' dir='ltr'><strong><em>me,</em></strong></span> <span class='ocrx_word' id='word_1_409' title='bbox 3281 1813 3351 1854; x_wconf 90' lang='lat' dir='ltr'><strong><em>ne</em></strong></span> <span class='ocrx_word' id='word_1_410' title='bbox 3384 1798 3540 1853; x_wconf 84' lang='lat' dir='ltr'><strong><em>alteri</em></strong></span> <span class='ocrx_word' id='word_1_411' title='bbox 3566 1797 3739 1854; x_wconf 82' lang='lat' dir='ltr'><strong><em>Vossii</em></strong></span> 
     </span>
    </p>
   </div>
   <div class='ocr_carea' id='block_1_62' title="bbox 2158 1869 3740 1940">
    <p class='ocr_par' dir='ltr' id='par_1_62' title="bbox 2158 1869 3740 1940">
     <span class='ocr_line' id='line_1_62' title="bbox 2158 1869 3740 1940; baseline 0.001 -17"><span class='ocrx_word' id='word_1_412' title='bbox 2158 1870 2495 1940; x_wconf 55' lang='lat' dir='ltr'><strong><em>conjectura</em></strong></span> <span class='ocrx_word' id='word_1_413' title='bbox 2521 1869 2885 1934; x_wconf 90' lang='lat' dir='ltr'><strong><em>subscribam,</em></strong></span> <span class='ocrx_word' id='word_1_414' title='bbox 2935 1872 3023 1940; x_wconf 90' lang='lat' dir='ltr'><strong><em>qui</em></strong></span> <span class='ocrx_word' id='word_1_415' title='bbox 3063 1870 3151 1925; x_wconf 80' lang='lat' dir='ltr'><strong><em>vix</em></strong></span> <span class='ocrx_word' id='word_1_416' title='bbox 3192 1870 3544 1924; x_wconf 87' lang='lat' dir='ltr'><strong><em>dubitandum</em></strong></span> <span class='ocrx_word' id='word_1_417' title='bbox 3600 1880 3740 1937; x_wconf 80' lang='lat' dir='ltr'><strong><em>putat</em></strong></span> 
     </span>
    </p>
   </div>
   <div class='ocr_carea' id='block_1_63' title="bbox 2157 1939 3739 2010">
    <p class='ocr_par' dir='ltr' id='par_1_63' title="bbox 2157 1939 3739 2010">
     <span class='ocr_line' id='line_1_63' title="bbox 2157 1939 3739 2010; baseline 0.003 -19"><span class='ocrx_word' id='word_1_418' title='bbox 2157 1942 2282 2009; x_wconf 91' lang='lat' dir='ltr'><strong><em>quin</em></strong></span> <span class='ocrx_word' id='word_1_419' title='bbox 2309 1939 2559 2009; x_wconf 81' lang='lat' dir='ltr'><strong><em>ProSperi</em></strong></span> <span class='ocrx_word' id='word_1_420' title='bbox 2586 1939 2987 1995; x_wconf 77' lang='lat' dir='ltr'><strong><em>Aurelianensis</em></strong></span> <span class='ocrx_word' id='word_1_421' title='bbox 3008 1942 3245 2010; x_wconf 90' lang='lat' dir='ltr'><strong><em>episcopi</em></strong></span> <span class='ocrx_word' id='word_1_422' title='bbox 3283 1940 3459 1996; x_wconf 90' lang='lat' dir='ltr'><strong><em>studio</em></strong></span> <span class='ocrx_word' id='word_1_423' title='bbox 3485 1949 3541 1995; x_wconf 88' lang='lat' dir='ltr'><strong><em>et</em></strong></span> <span class='ocrx_word' id='word_1_424' title='bbox 3564 1955 3739 2009; x_wconf 66' lang='lat' dir='ltr'><strong><em>operae</em></strong></span> 
     </span>
    </p>
   </div>
   <div class='ocr_carea' id='block_1_64' title="bbox 2156 2011 3739 2081">
    <p class='ocr_par' dir='ltr' id='par_1_64' title="bbox 2156 2011 3739 2081">
     <span class='ocr_line' id='line_1_64' title="bbox 2156 2011 3739 2081; baseline 0.001 -15"><span class='ocrx_word' id='word_1_425' title='bbox 2156 2011 2449 2066; x_wconf 87' lang='lat' dir='ltr'><strong><em>debeamus</em></strong></span> <span class='ocrx_word' id='word_1_426' title='bbox 2490 2011 2625 2081; x_wconf 81' lang='lat' dir='ltr'><strong><em>hanc</em></strong></span> <span class='ocrx_word' id='word_1_427' title='bbox 2664 2012 2732 2065; x_wconf 93' lang='lat' dir='ltr'><strong><em>de</em></strong></span> <span class='ocrx_word' id='word_1_428' title='bbox 2777 2013 2947 2081; x_wconf 87' lang='lat' dir='ltr'><strong><em>gratia</em></strong></span> <span class='ocrx_word' id='word_1_429' title='bbox 2988 2012 3435 2067; x_wconf 89' lang='lat' dir='ltr'><strong><em>lucubrationem.</em></strong></span> <span class='ocrx_word' id='word_1_430' title='bbox 3478 2014 3739 2080; x_wconf 80' lang='lat' dir='ltr'><strong><em>Quantam</em></strong></span> 
     </span>
    </p>
   </div>
   <div class='ocr_carea' id='block_1_65' title="bbox 2156 2080 3718 2154">
    <p class='ocr_par' dir='ltr' id='par_1_65' title="bbox 2156 2080 3718 2154">
     <span class='ocr_line' id='line_1_65' title="bbox 2156 2080 3718 2154; baseline 0 -17"><span class='ocrx_word' id='word_1_431' title='bbox 2156 2083 2300 2137; x_wconf 88' lang='lat' dir='ltr'><strong><em>enim</em></strong></span> <span class='ocrx_word' id='word_1_432' title='bbox 2332 2086 2383 2134; x_wconf 88' lang='lat' dir='ltr'><strong><em>ln</em></strong></span> <span class='ocrx_word' id='word_1_433' title='bbox 2415 2095 2480 2135; x_wconf 90' lang='lat' dir='ltr'><strong><em>eo</em></strong></span> <span class='ocrx_word' id='word_1_434' title='bbox 2514 2080 2729 2154; x_wconf 83' lang='lat' dir='ltr'><strong><em>dicendi</em></strong></span> <span class='ocrx_word' id='word_1_435' title='bbox 2763 2080 3139 2154; x_wconf 84' lang='lat' dir='ltr'><strong><em>scribendique</em></strong></span> <span class='ocrx_word' id='word_1_436' title='bbox 3175 2083 3384 2149; x_wconf 86' lang='lat' dir='ltr'><strong><em>c0piam</em></strong></span> <span class='ocrx_word' id='word_1_437' title='bbox 3425 2081 3588 2137; x_wconf 86' lang='lat' dir='ltr'><strong><em>fuisse</em></strong></span> <span class='ocrx_word' id='word_1_438' title='bbox 3630 2084 3718 2137; x_wconf 74' lang='lat' dir='ltr'><strong><em>exi</em></strong></span> 
     </span>
    </p>
   </div>
   <div class='ocr_carea' id='block_1_66' title="bbox 2155 2152 3737 2225">
    <p class='ocr_par' dir='ltr' id='par_1_66' title="bbox 2155 2152 3737 2225">
     <span class='ocr_line' id='line_1_66' title="bbox 2155 2152 3737 2225; baseline -0.001 -17"><span class='ocrx_word' id='word_1_439' title='bbox 2155 2154 2461 2225; x_wconf 86' lang='lat' dir='ltr'><strong><em>stimemus,</em></strong></span> <span class='ocrx_word' id='word_1_440' title='bbox 2484 2154 2571 2225; x_wconf 81' lang='lat' dir='ltr'><strong><em>qui</em></strong></span> <span class='ocrx_word' id='word_1_441' title='bbox 2596 2152 2920 2220; x_wconf 86' lang='lat' dir='ltr'><strong><em>Apollinaris</em></strong></span> <span class='ocrx_word' id='word_1_442' title='bbox 2934 2152 3141 2209; x_wconf 81' lang='lat' dir='ltr'><strong><em>Sidonii</em></strong></span> <span class='ocrx_word' id='word_1_443' title='bbox 3163 2154 3299 2225; x_wconf 81' lang='lat' dir='ltr'><strong><em>(Lib.</em></strong></span> <span class='ocrx_word' id='word_1_444' title='bbox 3321 2169 3437 2219; x_wconf 83' lang='lat' dir='ltr'><strong><em>vui,</em></strong></span> <span class='ocrx_word' id='word_1_445' title='bbox 3466 2155 3608 2221; x_wconf 72' lang='lat' dir='ltr'><strong><em>epist.</em></strong></span> <span class='ocrx_word' id='word_1_446' title='bbox 3644 2155 3737 2223; x_wconf 77' lang='grc'><strong><em>15)</em></strong></span> 
     </span>
    </p>
   </div>
   <div class='ocr_carea' id='block_1_67' title="bbox 2155 2223 3735 2296">
    <p class='ocr_par' dir='ltr' id='par_1_67' title="bbox 2155 2223 3735 2296">
     <span class='ocr_line' id='line_1_67' title="bbox 2155 2223 3735 2296; baseline 0.002 -20"><span class='ocrx_word' id='word_1_447' title='bbox 2155 2224 2354 2296; x_wconf 83' lang='lat' dir='ltr'><strong><em>stylnm</em></strong></span> <span class='ocrx_word' id='word_1_448' title='bbox 2385 2223 2722 2279; x_wconf 88' lang='lat' dir='ltr'><strong><em>emendicare</em></strong></span> <span class='ocrx_word' id='word_1_449' title='bbox 2750 2233 2966 2280; x_wconf 84' lang='lat' dir='ltr'><strong><em>coactus</em></strong></span> <span class='ocrx_word' id='word_1_450' title='bbox 2986 2236 3089 2293; x_wconf 89' lang='lat' dir='ltr'><strong><em>est,</em></strong></span> <span class='ocrx_word' id='word_1_451' title='bbox 3114 2223 3356 2281; x_wconf 31' lang='lat' dir='ltr'><strong><em>nt‘sancti</em></strong></span> <span class='ocrx_word' id='word_1_452' title='bbox 3374 2225 3735 2280; x_wconf 83' lang='lat' dir='ltr'><strong><em>AnianiAure-</em></strong></span> 
     </span>
    </p>
   </div>
   <div class='ocr_carea' id='block_1_68' title="bbox 2155 2294 3736 2366">
    <p class='ocr_par' dir='ltr' id='par_1_68' title="bbox 2155 2294 3736 2366">
     <span class='ocr_line' id='line_1_68' title="bbox 2155 2294 3736 2366; baseline 0 -17"><span class='ocrx_word' id='word_1_453' title='bbox 2155 2294 2412 2349; x_wconf 75' lang='lat' dir='ltr'><strong><em>lianensis</em></strong></span> <span class='ocrx_word' id='word_1_454' title='bbox 2453 2296 2655 2363; x_wconf 90' lang='lat' dir='ltr'><strong><em>pariter</em></strong></span> <span class='ocrx_word' id='word_1_455' title='bbox 2683 2296 2920 2364; x_wconf 81' lang='lat' dir='ltr'><strong><em>episcOpi</em></strong></span> <span class='ocrx_word' id='word_1_456' title='bbox 2962 2312 3049 2351; x_wconf 90' lang='lat' dir='ltr'><strong><em>res</em></strong></span> <span class='ocrx_word' id='word_1_457' title='bbox 3073 2304 3261 2366; x_wconf 58' lang='lat' dir='ltr'><strong><em>gestas,</em></strong></span> <span class='ocrx_word' id='word_1_458' title='bbox 3298 2310 3502 2359; x_wconf 88' lang='lat' dir='ltr'><strong><em>mores,</em></strong></span> <span class='ocrx_word' id='word_1_459' title='bbox 3531 2296 3736 2363; x_wconf 87' lang='lat' dir='ltr'><strong><em>merita,</em></strong></span> 
     </span>
    </p>
   </div>
   <div class='ocr_carea' id='block_1_69' title="bbox 2156 2366 3737 2447">
    <p class='ocr_par' dir='ltr' id='par_1_69' title="bbox 2156 2366 3737 2447">
     <span class='ocr_line' id='line_1_69' title="bbox 2156 2366 3737 2447; baseline 0.001 -27"><span class='ocrx_word' id='word_1_460' title='bbox 2156 2366 2493 2447; x_wconf 66' lang='lat' dir='ltr'><strong><em>virtutesque</em></strong></span> <span class='ocrx_word' id='word_1_461' title='bbox 2521 2367 2792 2447; x_wconf 52' lang='lat' dir='ltr'><strong><em>memoria:</em></strong></span> <span class='ocrx_word' id='word_1_462' title='bbox 2812 2368 3351 2447; x_wconf 71' lang='lat' dir='ltr'><strong><em>commendarentur!</em></strong></span> <span class='ocrx_word' id='word_1_463' title='bbox 3373 2367 3516 2447; x_wconf 80' lang='lat' dir='ltr'><strong><em>quod</em></strong></span> <span class='ocrx_word' id='word_1_464' title='bbox 3545 2366 3737 2422; x_wconf 88' lang='lat' dir='ltr'><strong><em>factum</em></strong></span> 
     </span>
    </p>
   </div>
   <div class='ocr_carea' id='block_1_70' title="bbox 2156 2436 3737 2510">
    <p class='ocr_par' dir='ltr' id='par_1_70' title="bbox 2156 2436 3737 2510">
     <span class='ocr_line' id='line_1_70' title="bbox 2156 2436 3737 2510; baseline 0.001 -19"><span class='ocrx_word' id='word_1_465' title='bbox 2156 2437 2334 2507; x_wconf 89' lang='lat' dir='ltr'><strong><em>prodit</em></strong></span> <span class='ocrx_word' id='word_1_466' title='bbox 2358 2436 2627 2492; x_wconf 88' lang='lat' dir='ltr'><strong><em>Sidonius.</em></strong></span> <span class='ocrx_word' id='word_1_467' title='bbox 2674 2438 2820 2493; x_wconf 87' lang='lat' dir='ltr'><strong><em>Hanc</em></strong></span> <span class='ocrx_word' id='word_1_468' title='bbox 2859 2439 3042 2507; x_wconf 89' lang='lat' dir='ltr'><strong><em>procul</em></strong></span> <span class='ocrx_word' id='word_1_469' title='bbox 3075 2439 3237 2493; x_wconf 91' lang='lat' dir='ltr'><strong><em>dubio</em></strong></span> <span class='ocrx_word' id='word_1_470' title='bbox 3270 2436 3600 2510; x_wconf 84' lang='lat' dir='ltr'><strong><em>provinciam</em></strong></span> <span class='ocrx_word' id='word_1_471' title='bbox 3638 2452 3737 2493; x_wconf 87' lang='lat' dir='ltr'><strong><em>non</em></strong></span> 
     </span>
    </p>
   </div>
   <div class='ocr_carea' id='block_1_71' title="bbox 2157 2509 3735 2579">
    <p class='ocr_par' dir='ltr' id='par_1_71' title="bbox 2157 2509 3735 2579">
     <span class='ocr_line' id='line_1_71' title="bbox 2157 2509 3735 2579; baseline 0.001 -16"><span class='ocrx_word' id='word_1_472' title='bbox 2157 2510 2541 2573; x_wconf 86' lang='lat' dir='ltr'><strong><em>detrectasset,</em></strong></span> <span class='ocrx_word' id='word_1_473' title='bbox 2584 2510 2773 2579; x_wconf 90' lang='lat' dir='ltr'><strong><em>suique</em></strong></span> <span class='ocrx_word' id='word_1_474' title='bbox 2817 2510 3228 2577; x_wconf 62' lang='lat' dir='ltr'><strong><em>prmdecessoris</em></strong></span> <span class='ocrx_word' id='word_1_475' title='bbox 3268 2509 3463 2577; x_wconf 80' lang='lat' dir='ltr'><strong><em>vitam,</em></strong></span> <span class='ocrx_word' id='word_1_476' title='bbox 3517 2509 3735 2564; x_wconf 85' lang='lat' dir='ltr'><strong><em>aliorum</em></strong></span> 
     </span>
    </p>
   </div>
   <div class='ocr_carea' id='block_1_72' title="bbox 2157 2580 3731 2650">
    <p class='ocr_par' dir='ltr' id='par_1_72' title="bbox 2157 2580 3731 2650">
     <span class='ocr_line' id='line_1_72' title="bbox 2157 2580 3731 2650; baseline -0.001 -15"><span class='ocrx_word' id='word_1_477' title='bbox 2157 2582 2531 2647; x_wconf 85' lang='lat' dir='ltr'><strong><em>episc0porum</em></strong></span> <span class='ocrx_word' id='word_1_478' title='bbox 2556 2581 2861 2649; x_wconf 79' lang='lat' dir='ltr'><strong><em>exemplum</em></strong></span> <span class='ocrx_word' id='word_1_479' title='bbox 2901 2590 3149 2646; x_wconf 89' lang='lat' dir='ltr'><strong><em>secutus,</em></strong></span> <span class='ocrx_word' id='word_1_480' title='bbox 3191 2581 3303 2650; x_wconf 86' lang='lat' dir='ltr'><strong><em>ipse</em></strong></span> <span class='ocrx_word' id='word_1_481' title='bbox 3342 2580 3731 2650; x_wconf 85' lang='lat' dir='ltr'><strong><em>descripsisset,</em></strong></span> 
     </span>
    </p>
   </div>
   <div class='ocr_carea' id='block_1_73' title="bbox 2158 2650 3739 2722">
    <p class='ocr_par' dir='ltr' id='par_1_73' title="bbox 2158 2650 3739 2722">
     <span class='ocr_line' id='line_1_73' title="bbox 2158 2650 3739 2722; baseline 0.001 -18"><span class='ocrx_word' id='word_1_482' title='bbox 2158 2652 2206 2705; x_wconf 89' lang='lat' dir='ltr'><strong><em>si</em></strong></span> <span class='ocrx_word' id='word_1_483' title='bbox 2233 2653 2283 2705; x_wconf 91' lang='lat' dir='ltr'><strong><em>in</em></strong></span> <span class='ocrx_word' id='word_1_484' title='bbox 2313 2666 2379 2705; x_wconf 91' lang='lat' dir='ltr'><strong><em>eo</em></strong></span> <span class='ocrx_word' id='word_1_485' title='bbox 2405 2660 2549 2705; x_wconf 89' lang='lat' dir='ltr'><strong><em>tanta</em></strong></span> <span class='ocrx_word' id='word_1_486' title='bbox 2591 2651 2778 2706; x_wconf 75' lang='lat' dir='ltr'><strong><em>fuisset</em></strong></span> <span class='ocrx_word' id='word_1_487' title='bbox 2802 2651 3047 2707; x_wconf 78' lang='lat' dir='ltr'><strong><em>facundia</em></strong></span> <span class='ocrx_word' id='word_1_488' title='bbox 3076 2662 3327 2722; x_wconf 88' lang='lat' dir='ltr'><strong><em>quantam</em></strong></span> <span class='ocrx_word' id='word_1_489' title='bbox 3357 2652 3411 2705; x_wconf 91' lang='lat' dir='ltr'><strong><em>in</em></strong></span> <span class='ocrx_word' id='word_1_490' title='bbox 3445 2650 3645 2705; x_wconf 85' lang='lat' dir='ltr'><strong><em>libellis</em></strong></span> <span class='ocrx_word' id='word_1_491' title='bbox 3678 2650 3739 2707; x_wconf 85' lang='lat' dir='ltr'><strong><em>de</em></strong></span> 
     </span>
    </p>
   </div>
   <div class='ocr_carea' id='block_1_74' title="bbox 2158 2722 3733 2803">
    <p class='ocr_par' dir='ltr' id='par_1_74' title="bbox 2158 2722 3733 2803">
     <span class='ocr_line' id='line_1_74' title="bbox 2158 2722 3733 2803; baseline 0.001 -28"><span class='ocrx_word' id='word_1_492' title='bbox 2158 2722 2451 2803; x_wconf 66' lang='lat' dir='ltr'><strong><em>Yocatione</em></strong></span> <span class='ocrx_word' id='word_1_493' title='bbox 2478 2722 2715 2803; x_wconf 82' lang='lat' dir='ltr'><strong><em>gentium</em></strong></span> <span class='ocrx_word' id='word_1_494' title='bbox 2748 2725 3013 2803; x_wconf 75' lang='lat' dir='ltr'><strong><em>mirantur</em></strong></span> <span class='ocrx_word' id='word_1_495' title='bbox 3034 2724 3248 2803; x_wconf 78' lang='lat' dir='ltr'><strong><em>eruditi.</em></strong></span> <span class='ocrx_word' id='word_1_496' title='bbox 3266 2722 3403 2791; x_wconf 87' lang='lat' dir='ltr'><strong><em>Quid</em></strong></span> <span class='ocrx_word' id='word_1_497' title='bbox 3421 2722 3575 2803; x_wconf 71' lang='lat' dir='ltr'><strong><em>quod</em></strong></span> <span class='ocrx_word' id='word_1_498' title='bbox 3601 2737 3733 2803; x_wconf 64' lang='lat' dir='ltr'><strong><em>eam,</em></strong></span> 
     </span>
    </p>
   </div>
   <div class='ocr_carea' id='block_1_75' title="bbox 2158 2792 3740 2863">
    <p class='ocr_par' dir='ltr' id='par_1_75' title="bbox 2158 2792 3740 2863">
     <span class='ocr_line' id='line_1_75' title="bbox 2158 2792 3740 2863; baseline -0.002 -15"><span class='ocrx_word' id='word_1_499' title='bbox 2158 2793 2228 2848; x_wconf 87' lang='lat' dir='ltr'><strong><em>de</em></strong></span> <span class='ocrx_word' id='word_1_500' title='bbox 2272 2808 2373 2862; x_wconf 91' lang='lat' dir='ltr'><strong><em>qua</em></strong></span> <span class='ocrx_word' id='word_1_501' title='bbox 2421 2792 2625 2863; x_wconf 89' lang='lat' dir='ltr'><strong><em>agitur,</em></strong></span> <span class='ocrx_word' id='word_1_502' title='bbox 2685 2796 3104 2849; x_wconf 83' lang='lat' dir='ltr'><strong><em>controversiam</em></strong></span> <span class='ocrx_word' id='word_1_503' title='bbox 3166 2796 3251 2848; x_wconf 76' lang='lat' dir='ltr'><strong><em>vix</em></strong></span> <span class='ocrx_word' id='word_1_504' title='bbox 3306 2794 3632 2849; x_wconf 87' lang='lat' dir='ltr'><strong><em>crediderim</em></strong></span> <span class='ocrx_word' id='word_1_505' title='bbox 3677 2792 3740 2846; x_wconf 80' lang='lat' dir='ltr'><strong><em>ad</em></strong></span> 
     </span>
    </p>
   </div>
   <div class='ocr_carea' id='block_1_76' title="bbox 2159 2864 3739 2991">
    <p class='ocr_par' dir='ltr' id='par_1_76' title="bbox 2159 2864 3739 2991">
     <span class='ocr_line' id='line_1_76' title="bbox 2159 2864 3739 2991; baseline 0.001 -72"><span class='ocrx_word' id='word_1_506' title='bbox 2159 2880 2417 2991; x_wconf 60' lang='lat' dir='ltr'><strong><em>eabusque</em></strong></span> <span class='ocrx_word' id='word_1_507' title='bbox 2442 2866 2557 2919; x_wconf 86' lang='lat' dir='ltr'><strong><em>loca</em></strong></span> <span class='ocrx_word' id='word_1_508' title='bbox 2589 2874 2918 2937; x_wconf 87' lang='lat' dir='ltr'><strong><em>penetrasse,</em></strong></span> <span class='ocrx_word' id='word_1_509' title='bbox 2954 2868 3005 2921; x_wconf 92' lang='lat' dir='ltr'><strong><em>in</em></strong></span> <span class='ocrx_word' id='word_1_510' title='bbox 3036 2866 3227 2937; x_wconf 89' lang='lat' dir='ltr'><strong><em>quibus</em></strong></span> <span class='ocrx_word' id='word_1_511' title='bbox 3256 2864 3491 2936; x_wconf 85' lang='lat' dir='ltr'><strong><em>Prosper</em></strong></span> <span class='ocrx_word' id='word_1_512' title='bbox 3513 2866 3606 2921; x_wconf 88' lang='lat' dir='ltr'><strong><em>ille</em></strong></span> <span class='ocrx_word' id='word_1_513' title='bbox 3632 2878 3739 2921; x_wconf 82' lang='lat' dir='ltr'><strong><em>tuo-</em></strong></span> 
     </span>
     <span class='ocr_line' id='line_1_77' title="bbox 2160 2946 2377 2989; baseline 0 0"><span class='ocrx_word' id='word_1_514' title='bbox 2160 2951 2217 2989; x_wconf 88' lang='lat' dir='ltr'><strong><em>ra</em></strong></span> <span class='ocrx_word' id='word_1_515' title='bbox 2260 2946 2377 2989; x_wconf 89' lang='lat' dir='ltr'><strong><em>atur</em></strong></span> 
     </span>
    </p>
   </div>
   <div class='ocr_carea' id='block_1_77' title="bbox 2160 2946 2377 2989">
    <p class='ocr_par' dir='ltr' id='par_1_77' title="bbox 2160 2946 2377 2989">
     <span class='ocr_line' id='line_1_78' title="bbox 2160 2946 2377 2989; baseline 0 0"><span class='ocrx_word' id='word_1_516' title='bbox 2160 2946 2377 2989; x_wconf 87' lang='lat' dir='ltr'><strong><em>rabatur</em></strong></span> 
     </span>
    </p>
   </div>
   <div class='ocr_carea' id='block_1_78' title="bbox 2230 3007 3743 3080">
    <p class='ocr_par' dir='ltr' id='par_1_78' title="bbox 2230 3007 3743 3080">
     <span class='ocr_line' id='line_1_79' title="bbox 2230 3007 3743 3080; baseline 0.001 -17"><span class='ocrx_word' id='word_1_517' title='bbox 2230 3007 2406 3080; x_wconf 87' lang='lat' dir='ltr'><strong><em>Alteri</em></strong></span> <span class='ocrx_word' id='word_1_518' title='bbox 2444 3008 2738 3078; x_wconf 86' lang='lat' dir='ltr'><strong><em>Prospero,</em></strong></span> <span class='ocrx_word' id='word_1_519' title='bbox 2772 3010 2862 3079; x_wconf 89' lang='lat' dir='ltr'><strong><em>qui</em></strong></span> <span class='ocrx_word' id='word_1_520' title='bbox 2900 3008 3367 3079; x_wconf 88' lang='lat' dir='ltr'><strong><em>Carpentoratensi</em></strong></span> <span class='ocrx_word' id='word_1_521' title='bbox 3418 3008 3743 3080; x_wconf 78' lang='lat' dir='ltr'><strong><em>Vasensique</em></strong></span> 
     </span>
    </p>
   </div>
   <div class='ocr_carea' id='block_1_79' title="bbox 2160 3079 3743 3150">
    <p class='ocr_par' dir='ltr' id='par_1_79' title="bbox 2160 3079 3743 3150">
     <span class='ocr_line' id='line_1_80' title="bbox 2160 3079 3743 3150; baseline 0 -17"><span class='ocrx_word' id='word_1_522' title='bbox 2160 3079 2402 3133; x_wconf 86' lang='lat' dir='ltr'><strong><em>conciliis</em></strong></span> <span class='ocrx_word' id='word_1_523' title='bbox 2453 3080 2789 3150; x_wconf 68' lang='lat' dir='ltr'><strong><em>subscripsit,</em></strong></span> <span class='ocrx_word' id='word_1_524' title='bbox 2842 3082 2983 3149; x_wconf 90' lang='lat' dir='ltr'><strong><em>quod</em></strong></span> <span class='ocrx_word' id='word_1_525' title='bbox 3028 3081 3298 3137; x_wconf 88' lang='lat' dir='ltr'><strong><em>nonnullis</em></strong></span> <span class='ocrx_word' id='word_1_526' title='bbox 3351 3081 3563 3150; x_wconf 87' lang='lat' dir='ltr'><strong><em>placet,</em></strong></span> <span class='ocrx_word' id='word_1_527' title='bbox 3615 3079 3743 3149; x_wconf 84' lang='lat' dir='ltr'><strong><em>opus</em></strong></span> 
     </span>
    </p>
   </div>
   <div class='ocr_carea' id='block_1_80' title="bbox 2161 3150 3741 3223">
    <p class='ocr_par' dir='ltr' id='par_1_80' title="bbox 2161 3150 3741 3223">
     <span class='ocr_line' id='line_1_81' title="bbox 2161 3150 3741 3223; baseline 0.001 -20"><span class='ocrx_word' id='word_1_528' title='bbox 2161 3150 2300 3223; x_wconf 85' lang='lat' dir='ltr'><strong><em>istud</em></strong></span> <span class='ocrx_word' id='word_1_529' title='bbox 2332 3153 2746 3223; x_wconf 58' lang='lat' dir='ltr'><strong><em>exconjectura</em></strong></span> <span class='ocrx_word' id='word_1_530' title='bbox 2788 3153 3021 3219; x_wconf 84' lang='lat' dir='ltr'><strong><em>tradere,</em></strong></span> <span class='ocrx_word' id='word_1_531' title='bbox 3065 3168 3133 3208; x_wconf 90' lang='lat' dir='ltr'><strong><em>ne</em></strong></span> <span class='ocrx_word' id='word_1_532' title='bbox 3171 3150 3496 3207; x_wconf 81' lang='lat' dir='ltr'><strong><em>refutatione</em></strong></span> <span class='ocrx_word' id='word_1_533' title='bbox 3532 3152 3741 3223; x_wconf 86' lang='lat' dir='ltr'><strong><em>quidem</em></strong></span> 
     </span>
    </p>
   </div>
   <div class='ocr_carea' id='block_1_81' title="bbox 476 3220 3745 3300">
    <p class='ocr_par' dir='ltr' id='par_1_81' title="bbox 476 3220 3745 3300">
     <span class='ocr_line' id='line_1_82' title="bbox 476 3220 3745 3300; baseline -0.002 -17"><span class='ocrx_word' id='word_1_534' title='bbox 476 3220 634 3300; x_wconf 81' lang='lat' dir='ltr'><strong><em>quam</em></strong></span> <span class='ocrx_word' id='word_1_535' title='bbox 668 3232 718 3283; x_wconf 89' lang='lat' dir='ltr'><strong><em>in</em></strong></span> <span class='ocrx_word' id='word_1_536' title='bbox 754 3220 985 3283; x_wconf 56' lang='lat' dir='ltr'><strong><em>A&#39;l&#39;ricam</em></strong></span> <span class='ocrx_word' id='word_1_537' title='bbox 1018 3226 1391 3300; x_wconf 81' lang='lat' dir='ltr'><strong><em>peregrinatus</em></strong></span> <span class='ocrx_word' id='word_1_538' title='bbox 1421 3234 1521 3279; x_wconf 89' lang='lat' dir='ltr'><strong><em>est.</em></strong></span> <span class='ocrx_word' id='word_1_539' title='bbox 1574 3226 1646 3300; x_wconf 70' lang='lat' dir='ltr'><strong><em>Ex</em></strong></span> <span class='ocrx_word' id='word_1_540' title='bbox 1678 3223 1796 3289; x_wconf 89' lang='lat' dir='ltr'><strong><em>ejus</em></strong></span> <span class='ocrx_word' id='word_1_541' title='bbox 1824 3224 2053 3300; x_wconf 86' lang='lat' dir='ltr'><strong><em>enim__et</em></strong></span> <span class='ocrx_word' id='word_1_542' title='bbox 2080 3220 2124 3282; x_wconf 90' lang='lat' dir='ltr'>C</span> <span class='ocrx_word' id='word_1_543' title='bbox 2158 3221 2379 3300; x_wconf 68' lang='lat' dir='ltr'><strong><em>indiget.</em></strong></span> <span class='ocrx_word' id='word_1_544' title='bbox 2407 3221 2558 3276; x_wconf 91' lang='lat' dir='ltr'><strong><em>Hunc</em></strong></span> <span class='ocrx_word' id='word_1_545' title='bbox 2578 3224 2721 3300; x_wconf 84' lang='lat' dir='ltr'><strong><em>enim</em></strong></span> <span class='ocrx_word' id='word_1_546' title='bbox 2748 3223 2858 3292; x_wconf 90' lang='lat' dir='ltr'><strong><em>jam</em></strong></span> <span class='ocrx_word' id='word_1_547' title='bbox 2891 3234 3157 3300; x_wconf 73' lang='lat' dir='ltr'><strong><em>mortuum</em></strong></span> <span class='ocrx_word' id='word_1_548' title='bbox 3190 3220 3563 3300; x_wconf 70' lang='lat' dir='ltr'><strong><em>laudarenou</em></strong></span> <span class='ocrx_word' id='word_1_549' title='bbox 3580 3223 3745 3290; x_wconf 89' lang='lat' dir='ltr'><strong><em>potuit</em></strong></span> 
     </span>
    </p>
   </div>
   <div class='ocr_carea' id='block_1_82' title="bbox 478 3294 2051 3372">
    <p class='ocr_par' dir='ltr' id='par_1_82' title="bbox 478 3294 2051 3372">
     <span class='ocr_line' id='line_1_83' title="bbox 478 3294 2051 3372; baseline -0.004 -18"><span class='ocrx_word' id='word_1_550' title='bbox 478 3294 549 3372; x_wconf 73' lang='lat' dir='ltr'><strong><em>ex</em></strong></span> <span class='ocrx_word' id='word_1_551' title='bbox 585 3300 840 3354; x_wconf 89' lang='lat' dir='ltr'><strong><em>Honorati</em></strong></span> <span class='ocrx_word' id='word_1_552' title='bbox 869 3300 981 3372; x_wconf 80' lang='lat' dir='ltr'><strong><em>vita</em></strong></span> <span class='ocrx_word' id='word_1_553' title='bbox 1004 3294 1259 3372; x_wconf 71' lang='lat' dir='ltr'><strong><em>docemur</em></strong></span> <span class='ocrx_word' id='word_1_554' title='bbox 1287 3298 1443 3365; x_wconf 89' lang='lat' dir='ltr'><strong><em>hujus</em></strong></span> <span class='ocrx_word' id='word_1_555' title='bbox 1474 3296 1650 3372; x_wconf 79' lang='lat' dir='ltr'><strong><em>studio</em></strong></span> <span class='ocrx_word' id='word_1_556' title='bbox 1682 3303 1736 3349; x_wconf 90' lang='lat' dir='ltr'><strong><em>et</em></strong></span> <span class='ocrx_word' id='word_1_557' title='bbox 1753 3308 1931 3372; x_wconf 31' lang='lat' dir='ltr'><strong><em>Iopera</em></strong></span> <span class='ocrx_word' id='word_1_558' title='bbox 1959 3294 2051 3347; x_wconf 91' lang='lat' dir='ltr'><strong><em>Hi-</em></strong></span> 
     </span>
    </p>
   </div>
   <div class='ocr_carea' id='block_1_83' title="bbox 480 3364 2055 3424">
    <p class='ocr_par' dir='ltr' id='par_1_83' title="bbox 480 3364 2055 3424">
     <span class='ocr_line' id='line_1_84' title="bbox 480 3364 2055 3424; baseline -0.002 -1"><span class='ocrx_word' id='word_1_559' title='bbox 480 3371 672 3423; x_wconf 88' lang='lat' dir='ltr'><strong><em>larium</em></strong></span> <span class='ocrx_word' id='word_1_560' title='bbox 697 3388 723 3421; x_wconf 86' lang='lat' dir='ltr'><strong><em>a</em></strong></span> <span class='ocrx_word' id='word_1_561' title='bbox 752 3370 931 3424; x_wconf 67' lang='lat' dir='ltr'><strong><em>saaculi</em></strong></span> <span class='ocrx_word' id='word_1_562' title='bbox 953 3369 1162 3423; x_wconf 88' lang='lat' dir='ltr'><strong><em>deliciis</em></strong></span> <span class='ocrx_word' id='word_1_563' title='bbox 1184 3369 1249 3421; x_wconf 90' lang='lat' dir='ltr'><strong><em>ad</em></strong></span> <span class='ocrx_word' id='word_1_564' title='bbox 1272 3364 1582 3421; x_wconf 67' lang='lat' dir='ltr'><strong><em>monasticae</em></strong></span> <span class='ocrx_word' id='word_1_565' title='bbox 1604 3366 1725 3419; x_wconf 63' lang='lat' dir='ltr'><strong><em>vitm</em></strong></span> <span class='ocrx_word' id='word_1_566' title='bbox 1753 3364 2055 3420; x_wconf 88' lang='lat' dir='ltr'><strong><em>institutum</em></strong></span> 
     </span>
    </p>
   </div>
   <div class='ocr_carea' id='block_1_84' title="bbox 478 3437 2050 3507">
    <p class='ocr_par' dir='ltr' id='par_1_84' title="bbox 478 3437 2050 3507">
     <span class='ocr_line' id='line_1_85' title="bbox 478 3437 2050 3507; baseline -0.003 -13"><span class='ocrx_word' id='word_1_567' title='bbox 478 3441 779 3494; x_wconf 86' lang='lat' dir='ltr'><strong><em>traductum</em></strong></span> <span class='ocrx_word' id='word_1_568' title='bbox 826 3449 1135 3494; x_wconf 85' lang='lat' dir='ltr'><strong><em>constanter</em></strong></span> <span class='ocrx_word' id='word_1_569' title='bbox 1173 3440 1309 3507; x_wconf 86' lang='lat' dir='ltr'><strong><em>apud</em></strong></span> <span class='ocrx_word' id='word_1_570' title='bbox 1360 3437 1606 3491; x_wconf 84' lang='lat' dir='ltr'><strong><em>Lerinum</em></strong></span> <span class='ocrx_word' id='word_1_571' title='bbox 1655 3448 2050 3507; x_wconf 62' lang='lat' dir='ltr'><strong><em>perseverasse,</em></strong></span> 
     </span>
    </p>
   </div>
   <div class='ocr_carea' id='block_1_85' title="bbox 480 3502 2054 3580">
    <p class='ocr_par' dir='ltr' id='par_1_85' title="bbox 480 3502 2054 3580">
     <span class='ocr_line' id='line_1_86' title="bbox 480 3502 2054 3580; baseline -0.001 -16"><span class='ocrx_word' id='word_1_572' title='bbox 480 3526 761 3580; x_wconf 77' lang='lat' dir='ltr'><strong><em>qUousque</em></strong></span> <span class='ocrx_word' id='word_1_573' title='bbox 793 3523 1004 3564; x_wconf 90' lang='lat' dir='ltr'><strong><em>mortuo</em></strong></span> <span class='ocrx_word' id='word_1_574' title='bbox 1033 3502 1302 3565; x_wconf 81' lang='lat' dir='ltr'><strong><em>Honorato</em></strong></span> <span class='ocrx_word' id='word_1_575' title='bbox 1339 3510 1390 3562; x_wconf 93' lang='lat' dir='ltr'><strong><em>in</em></strong></span> <span class='ocrx_word' id='word_1_576' title='bbox 1432 3510 1548 3575; x_wconf 89' lang='lat' dir='ltr'><strong><em>ejus</em></strong></span> <span class='ocrx_word' id='word_1_577' title='bbox 1590 3502 1765 3562; x_wconf 86' lang='lat' dir='ltr'><strong><em>locum</em></strong></span> <span class='ocrx_word' id='word_1_578' title='bbox 1797 3502 2054 3562; x_wconf 73' lang='lat' dir='ltr'><strong><em>suffectus</em></strong></span> 
     </span>
    </p>
   </div>
   <div class='ocr_carea' id='block_1_86' title="bbox 480 3581 1472 3651">
    <p class='ocr_par' dir='ltr' id='par_1_86' title="bbox 480 3581 1472 3651">
     <span class='ocr_line' id='line_1_87' title="bbox 480 3581 1472 3651; baseline -0.006 -14"><span class='ocrx_word' id='word_1_579' title='bbox 480 3593 585 3644; x_wconf 75' lang='grc' dir='ltr'><strong><em>εει,</em></strong></span> <span class='ocrx_word' id='word_1_580' title='bbox 614 3582 825 3651; x_wconf 87' lang='lat' dir='ltr'><strong><em>triginta</em></strong></span> <span class='ocrx_word' id='word_1_581' title='bbox 852 3581 1085 3635; x_wconf 88' lang='lat' dir='ltr'><strong><em>nondum</em></strong></span> <span class='ocrx_word' id='word_1_582' title='bbox 1108 3596 1275 3634; x_wconf 88' lang='lat' dir='ltr'><strong><em>annos</em></strong></span> <span class='ocrx_word' id='word_1_583' title='bbox 1298 3588 1472 3651; x_wconf 68' lang='lat' dir='ltr'><strong><em>natus.</em></strong></span> 
     </span>
    </p>
   </div>
   <div class='ocr_carea' id='block_1_87' title="bbox 553 3648 2055 3721">
    <p class='ocr_par' dir='ltr' id='par_1_87' title="bbox 553 3648 2055 3721">
     <span class='ocr_line' id='line_1_88' title="bbox 553 3648 2055 3721; baseline -0.001 -15"><span class='ocrx_word' id='word_1_584' title='bbox 553 3652 621 3706; x_wconf 80' lang='grc' dir='ltr'><strong><em>Χ.</em></strong></span> <span class='ocrx_word' id='word_1_585' title='bbox 666 3648 759 3707; x_wconf 88' lang='lat' dir='ltr'><strong><em>His</em></strong></span> <span class='ocrx_word' id='word_1_586' title='bbox 787 3654 853 3707; x_wconf 82' lang='lat' dir='ltr'><strong><em>tle</em></strong></span> <span class='ocrx_word' id='word_1_587' title='bbox 886 3654 1160 3721; x_wconf 88' lang='lat' dir='ltr'><strong><em>utriusque</em></strong></span> <span class='ocrx_word' id='word_1_588' title='bbox 1199 3651 1383 3704; x_wconf 87' lang='lat' dir='ltr'><strong><em>Hilarii</em></strong></span> <span class='ocrx_word' id='word_1_589' title='bbox 1424 3648 1733 3721; x_wconf 89' lang='lat' dir='ltr'><strong><em>discrimine</em></strong></span> <span class='ocrx_word' id='word_1_590' title='bbox 1774 3650 2055 3706; x_wconf 89' lang='lat' dir='ltr'><strong><em>elucidatis</em></strong></span> 
     </span>
    </p>
   </div>
   <div class='ocr_carea' id='block_1_88' title="bbox 482 3720 2052 3791">
    <p class='ocr_par' dir='ltr' id='par_1_88' title="bbox 482 3720 2052 3791">
     <span class='ocr_line' id='line_1_89' title="bbox 482 3720 2052 3791; baseline -0.002 -12"><span class='ocrx_word' id='word_1_591' title='bbox 482 3725 754 3780; x_wconf 81' lang='lat' dir='ltr'><strong><em>evanescit</em></strong></span> <span class='ocrx_word' id='word_1_592' title='bbox 783 3723 955 3777; x_wconf 89' lang='lat' dir='ltr'><strong><em>Vossii</em></strong></span> <span class='ocrx_word' id='word_1_593' title='bbox 996 3720 1330 3791; x_wconf 74' lang='lat' dir='ltr'><strong><em>alterumque</em></strong></span> <span class='ocrx_word' id='word_1_594' title='bbox 1358 3722 1604 3785; x_wconf 86' lang='lat' dir='ltr'><strong><em>assertio,</em></strong></span> <span class='ocrx_word' id='word_1_595' title='bbox 1634 3720 1725 3791; x_wconf 83' lang='lat' dir='ltr'><strong><em>qui</em></strong></span> <span class='ocrx_word' id='word_1_596' title='bbox 1757 3737 1863 3775; x_wconf 89' lang='lat' dir='ltr'><strong><em>non</em></strong></span> <span class='ocrx_word' id='word_1_597' title='bbox 1894 3722 2052 3776; x_wconf 91' lang='lat' dir='ltr'><strong><em>aliam</em></strong></span> 
     </span>
    </p>
   </div>
   <div class='ocr_carea' id='block_1_89' title="bbox 482 3790 2056 3861">
    <p class='ocr_par' dir='ltr' id='par_1_89' title="bbox 482 3790 2056 3861">
     <span class='ocr_line' id='line_1_90' title="bbox 482 3790 2056 3861; baseline -0.001 -12"><span class='ocrx_word' id='word_1_598' title='bbox 482 3796 551 3850; x_wconf 86' lang='lat' dir='ltr'><strong><em>ob</em></strong></span> <span class='ocrx_word' id='word_1_599' title='bbox 592 3810 805 3849; x_wconf 78' lang='lat' dir='ltr'><strong><em>causam</em></strong></span> <span class='ocrx_word' id='word_1_600' title='bbox 856 3795 1054 3847; x_wconf 88' lang='lat' dir='ltr'><strong><em>Hilario</em></strong></span> <span class='ocrx_word' id='word_1_601' title='bbox 1095 3795 1175 3848; x_wconf 92' lang='lat' dir='ltr'><strong><em>vel</em></strong></span> <span class='ocrx_word' id='word_1_602' title='bbox 1225 3790 1526 3848; x_wconf 87' lang='lat' dir='ltr'><strong><em>Arelatensi</em></strong></span> <span class='ocrx_word' id='word_1_603' title='bbox 1568 3794 1649 3845; x_wconf 88' lang='lat' dir='ltr'><strong><em>vel</em></strong></span> <span class='ocrx_word' id='word_1_604' title='bbox 1695 3790 2056 3861; x_wconf 58' lang='lat' dir='ltr'><strong><em>Praeperiano</em></strong></span> 
     </span>
    </p>
   </div>
   <div class='ocr_carea' id='block_1_90' title="bbox 482 3863 2052 3933">
    <p class='ocr_par' dir='ltr' id='par_1_90' title="bbox 482 3863 2052 3933">
     <span class='ocr_line' id='line_1_91' title="bbox 482 3863 2052 3933; baseline -0.002 -13"><span class='ocrx_word' id='word_1_605' title='bbox 482 3881 617 3931; x_wconf 88' lang='lat' dir='ltr'><strong><em>opus</em></strong></span> <span class='ocrx_word' id='word_1_606' title='bbox 654 3864 721 3920; x_wconf 88' lang='lat' dir='ltr'><strong><em>de</em></strong></span> <span class='ocrx_word' id='word_1_607' title='bbox 752 3866 1042 3919; x_wconf 86' lang='lat' dir='ltr'><strong><em>Vocatione</em></strong></span> <span class='ocrx_word' id='word_1_608' title='bbox 1080 3864 1318 3933; x_wconf 89' lang='lat' dir='ltr'><strong><em>gentium</em></strong></span> <span class='ocrx_word' id='word_1_609' title='bbox 1362 3863 1733 3919; x_wconf 86' lang='lat' dir='ltr'><strong><em>ascribendum</em></strong></span> <span class='ocrx_word' id='word_1_610' title='bbox 1776 3873 2052 3933; x_wconf 88' lang='lat' dir='ltr'><strong><em>putarunt,</em></strong></span> 
     </span>
    </p>
   </div>
   <div class='ocr_carea' id='block_1_91' title="bbox 483 3934 2053 4005">
    <p class='ocr_par' dir='ltr' id='par_1_91' title="bbox 483 3934 2053 4005">
     <span class='ocr_line' id='line_1_92' title="bbox 483 3934 2053 4005; baseline -0.001 -15"><span class='ocrx_word' id='word_1_611' title='bbox 483 3952 641 4004; x_wconf 89' lang='lat' dir='ltr'><strong><em>quam</em></strong></span> <span class='ocrx_word' id='word_1_612' title='bbox 670 3937 810 4005; x_wconf 84' lang='lat' dir='ltr'><strong><em>quod</em></strong></span> <span class='ocrx_word' id='word_1_613' title='bbox 841 3936 1142 3992; x_wconf 85' lang='lat' dir='ltr'><strong><em>conliarunt</em></strong></span> <span class='ocrx_word' id='word_1_614' title='bbox 1178 3950 1245 3990; x_wconf 81' lang='lat' dir='ltr'><strong><em>ex</em></strong></span> <span class='ocrx_word' id='word_1_615' title='bbox 1283 3934 1491 3989; x_wconf 89' lang='lat' dir='ltr'><strong><em>duobus</em></strong></span> <span class='ocrx_word' id='word_1_616' title='bbox 1533 3949 1716 3988; x_wconf 89' lang='lat' dir='ltr'><strong><em>unum.</em></strong></span> <span class='ocrx_word' id='word_1_617' title='bbox 1760 3935 1856 3989; x_wconf 88' lang='lat' dir='ltr'><strong><em>Cui</em></strong></span> <span class='ocrx_word' id='word_1_618' title='bbox 1892 3950 2053 4005; x_wconf 85' lang='lat' dir='ltr'><strong><em>argu-</em></strong></span> 
     </span>
    </p>
   </div>
   <div class='ocr_carea' id='block_1_92' title="bbox 484 4006 2055 4075">
    <p class='ocr_par' dir='ltr' id='par_1_92' title="bbox 484 4006 2055 4075">
     <span class='ocr_line' id='line_1_93' title="bbox 484 4006 2055 4075; baseline 0 -14"><span class='ocrx_word' id='word_1_619' title='bbox 484 4016 665 4061; x_wconf 90' lang='lat' dir='ltr'><strong><em>mento</em></strong></span> <span class='ocrx_word' id='word_1_620' title='bbox 689 4009 917 4068; x_wconf 81' lang='lat' dir='ltr'><strong><em>alterum</em></strong></span> <span class='ocrx_word' id='word_1_621' title='bbox 943 4007 1082 4061; x_wconf 89' lang='lat' dir='ltr'><strong><em>addo</em></strong></span> <span class='ocrx_word' id='word_1_622' title='bbox 1109 4008 1175 4061; x_wconf 89' lang='lat' dir='ltr'><strong><em>de</em></strong></span> <span class='ocrx_word' id='word_1_623' title='bbox 1205 4017 1431 4075; x_wconf 90' lang='lat' dir='ltr'><strong><em>utroque</em></strong></span> <span class='ocrx_word' id='word_1_624' title='bbox 1460 4006 1707 4059; x_wconf 73' lang='lat' dir='ltr'><strong><em>seorsim.</em></strong></span> <span class='ocrx_word' id='word_1_625' title='bbox 1746 4006 1823 4059; x_wconf 91' lang='lat' dir='ltr'><strong><em>De</em></strong></span> <span class='ocrx_word' id='word_1_626' title='bbox 1854 4006 2055 4061; x_wconf 87' lang='lat' dir='ltr'><strong><em>Hilario</em></strong></span> 
     </span>
    </p>
   </div>
   <div class='ocr_carea' id='block_1_93' title="bbox 484 4075 2056 4148">
    <p class='ocr_par' dir='ltr' id='par_1_93' title="bbox 484 4075 2056 4148">
     <span class='ocr_line' id='line_1_94' title="bbox 484 4075 2056 4148; baseline 0.001 -16"><span class='ocrx_word' id='word_1_627' title='bbox 484 4078 696 4148; x_wconf 89' lang='lat' dir='ltr'><strong><em>quidem</em></strong></span> <span class='ocrx_word' id='word_1_628' title='bbox 717 4080 1049 4144; x_wconf 87' lang='lat' dir='ltr'><strong><em>Arelatensi;</em></strong></span> <span class='ocrx_word' id='word_1_629' title='bbox 1082 4078 1222 4146; x_wconf 93' lang='lat' dir='ltr'><strong><em>quod</em></strong></span> <span class='ocrx_word' id='word_1_630' title='bbox 1252 4076 1383 4131; x_wconf 90' lang='lat' dir='ltr'><strong><em>nihil</em></strong></span> <span class='ocrx_word' id='word_1_631' title='bbox 1416 4078 1469 4148; x_wconf 89' lang='lat' dir='ltr'><strong><em>in</em></strong></span> <span class='ocrx_word' id='word_1_632' title='bbox 1493 4091 1657 4145; x_wconf 90' lang='lat' dir='ltr'><strong><em>opere</em></strong></span> <span class='ocrx_word' id='word_1_633' title='bbox 1681 4075 1747 4131; x_wconf 91' lang='lat' dir='ltr'><strong><em>de</em></strong></span> <span class='ocrx_word' id='word_1_634' title='bbox 1767 4077 2056 4133; x_wconf 85' lang='lat' dir='ltr'><strong><em>Vocatione</em></strong></span> 
     </span>
    </p>
   </div>
   <div class='ocr_carea' id='block_1_94' title="bbox 483 4147 2053 4219">
    <p class='ocr_par' dir='ltr' id='par_1_94' title="bbox 483 4147 2053 4219">
     <span class='ocr_line' id='line_1_95' title="bbox 483 4147 2053 4219; baseline -0.001 -14"><span class='ocrx_word' id='word_1_635' title='bbox 483 4147 720 4205; x_wconf 85' lang='lat' dir='ltr'><strong><em>omnium</em></strong></span> <span class='ocrx_word' id='word_1_636' title='bbox 748 4151 981 4219; x_wconf 88' lang='lat' dir='ltr'><strong><em>gentium</em></strong></span> <span class='ocrx_word' id='word_1_637' title='bbox 1014 4150 1279 4212; x_wconf 84' lang='lat' dir='ltr'><strong><em>occurrit,</em></strong></span> <span class='ocrx_word' id='word_1_638' title='bbox 1322 4147 1464 4217; x_wconf 93' lang='lat' dir='ltr'><strong><em>quod</em></strong></span> <span class='ocrx_word' id='word_1_639' title='bbox 1494 4148 1577 4203; x_wconf 86' lang='lat' dir='ltr'><strong><em>vel</em></strong></span> <span class='ocrx_word' id='word_1_640' title='bbox 1617 4148 1894 4201; x_wconf 90' lang='lat' dir='ltr'><strong><em>minimum</em></strong></span> <span class='ocrx_word' id='word_1_641' title='bbox 1929 4148 2053 4203; x_wconf 84' lang='lat' dir='ltr'><strong><em>luli-</em></strong></span> 
     </span>
    </p>
   </div>
   <div class='ocr_carea' id='block_1_95' title="bbox 476 4220 2053 4291">
    <p class='ocr_par' dir='ltr' id='par_1_95' title="bbox 476 4220 2053 4291">
     <span class='ocr_line' id='line_1_96' title="bbox 476 4220 2053 4291; baseline 0 -17"><span class='ocrx_word' id='word_1_642' title='bbox 476 4222 654 4286; x_wconf 80' lang='lat' dir='ltr'><strong><em>ginem</em></strong></span> <span class='ocrx_word' id='word_1_643' title='bbox 706 4221 1188 4291; x_wconf 86' lang='lat' dir='ltr'><strong><em>Semipelagianam</em></strong></span> <span class='ocrx_word' id='word_1_644' title='bbox 1238 4220 1519 4291; x_wconf 88' lang='lat' dir='ltr'><strong><em>redoleat;</em></strong></span> <span class='ocrx_word' id='word_1_645' title='bbox 1566 4234 1669 4291; x_wconf 80' lang='lat' dir='ltr'><strong><em>qua</em></strong></span> <span class='ocrx_word' id='word_1_646' title='bbox 1714 4228 1921 4274; x_wconf 89' lang='lat' dir='ltr'><strong><em>certum</em></strong></span> <span class='ocrx_word' id='word_1_647' title='bbox 1971 4229 2053 4275; x_wconf 92' lang='lat' dir='ltr'><strong><em>est</em></strong></span> 
     </span>
    </p>
   </div>
   <div class='ocr_carea' id='block_1_96' title="bbox 479 4289 2045 4347">
    <p class='ocr_par' dir='ltr' id='par_1_96' title="bbox 479 4289 2045 4347">
     <span class='ocr_line' id='line_1_97' title="bbox 479 4289 2045 4347; baseline -0.001 -1"><span class='ocrx_word' id='word_1_648' title='bbox 479 4292 739 4347; x_wconf 75' lang='lat' dir='ltr'><strong><em>Hilarium</em></strong></span> <span class='ocrx_word' id='word_1_649' title='bbox 775 4289 1139 4347; x_wconf 78' lang='lat' dir='ltr'><strong><em>Arelatensem</em></strong></span> <span class='ocrx_word' id='word_1_650' title='bbox 1169 4290 1519 4345; x_wconf 81' lang='lat' dir='ltr'><strong><em>vehementer</em></strong></span> <span class='ocrx_word' id='word_1_651' title='bbox 1559 4289 1817 4344; x_wconf 90' lang='lat' dir='ltr'><strong><em>infectum</em></strong></span> <span class='ocrx_word' id='word_1_652' title='bbox 1859 4291 2045 4346; x_wconf 86' lang='lat' dir='ltr'><strong><em>fuisse.</em></strong></span> 
     </span>
    </p>
   </div>
   <div class='ocr_carea' id='block_1_97' title="bbox 480 4362 2056 4431">
    <p class='ocr_par' dir='ltr' id='par_1_97' title="bbox 480 4362 2056 4431">
     <span class='ocr_line' id='line_1_98' title="bbox 480 4362 2056 4431; baseline 0.001 -16"><span class='ocrx_word' id='word_1_653' title='bbox 480 4362 651 4417; x_wconf 90' lang='lat' dir='ltr'><strong><em>lmmo</em></strong></span> <span class='ocrx_word' id='word_1_654' title='bbox 695 4378 826 4417; x_wconf 89' lang='lat' dir='ltr'><strong><em>vero</em></strong></span> <span class='ocrx_word' id='word_1_655' title='bbox 865 4379 1054 4418; x_wconf 89' lang='lat' dir='ltr'><strong><em>omnes</em></strong></span> <span class='ocrx_word' id='word_1_656' title='bbox 1098 4362 1649 4431; x_wconf 88' lang='lat' dir='ltr'><strong><em>Semipelagianorum</em></strong></span> <span class='ocrx_word' id='word_1_657' title='bbox 1695 4377 1906 4417; x_wconf 89' lang='lat' dir='ltr'><strong><em>errores</em></strong></span> <span class='ocrx_word' id='word_1_658' title='bbox 1952 4363 2056 4417; x_wconf 92' lang='lat' dir='ltr'><strong><em>hoc</em></strong></span> 
     </span>
    </p>
   </div>
   <div class='ocr_carea' id='block_1_98' title="bbox 481 4435 1144 4501">
    <p class='ocr_par' dir='ltr' id='par_1_98' title="bbox 481 4435 1144 4501">
     <span class='ocr_line' id='line_1_99' title="bbox 481 4435 1144 4501; baseline -0.005 -10"><span class='ocrx_word' id='word_1_659' title='bbox 481 4436 682 4501; x_wconf 74' lang='lat' dir='ltr'><strong><em>scripto</em></strong></span> <span class='ocrx_word' id='word_1_660' title='bbox 714 4435 1144 4501; x_wconf 88' lang='lat' dir='ltr'><strong><em>pessumdantur.</em></strong></span> 
     </span>
    </p>
   </div>
   <div class='ocr_carea' id='block_1_99' title="bbox 559 4503 2055 4576">
    <p class='ocr_par' dir='ltr' id='par_1_99' title="bbox 559 4503 2055 4576">
     <span class='ocr_line' id='line_1_100' title="bbox 559 4503 2055 4576; baseline 0.004 -20"><span class='ocrx_word' id='word_1_661' title='bbox 559 4504 637 4556; x_wconf 87' lang='lat' dir='ltr'><strong><em>Ad</em></strong></span> <span class='ocrx_word' id='word_1_662' title='bbox 666 4503 1076 4569; x_wconf 68' lang='lat' dir='ltr'><strong><em>Prostierianum</em></strong></span> <span class='ocrx_word' id='word_1_663' title='bbox 1108 4504 1249 4571; x_wconf 86' lang='lat' dir='ltr'><strong><em>quod</em></strong></span> <span class='ocrx_word' id='word_1_664' title='bbox 1277 4506 1488 4568; x_wconf 90' lang='lat' dir='ltr'><strong><em>attinet,</em></strong></span> <span class='ocrx_word' id='word_1_665' title='bbox 1514 4518 1610 4559; x_wconf 90' lang='lat' dir='ltr'><strong><em>seu</em></strong></span> <span class='ocrx_word' id='word_1_666' title='bbox 1638 4504 1778 4559; x_wconf 89' lang='lat' dir='ltr'><strong><em>idem</em></strong></span> <span class='ocrx_word' id='word_1_667' title='bbox 1809 4520 1929 4559; x_wconf 87' lang='lat' dir='ltr'><strong><em>cum</em></strong></span> <span class='ocrx_word' id='word_1_668' title='bbox 1956 4506 2055 4576; x_wconf 81' lang='lat' dir='ltr'><strong><em>Sy-</em></strong></span> 
     </span>
    </p>
   </div>
   <div class='ocr_carea' id='block_1_100' title="bbox 482 4576 2135 4667">
    <p class='ocr_par' dir='ltr' id='par_1_100' title="bbox 482 4576 2135 4667">
     <span class='ocr_line' id='line_1_101' title="bbox 482 4576 2135 4667; baseline 0.001 -41"><span class='ocrx_word' id='word_1_669' title='bbox 482 4587 766 4667; x_wconf 75' lang='lat' dir='ltr'><strong><em>racusano,</em></strong></span> <span class='ocrx_word' id='word_1_670' title='bbox 804 4588 899 4667; x_wconf 63' lang='lat' dir='ltr'><strong><em>seti</em></strong></span> <span class='ocrx_word' id='word_1_671' title='bbox 928 4576 1063 4667; x_wconf 58' lang='lat' dir='ltr'><strong><em>alter</em></strong></span> <span class='ocrx_word' id='word_1_672' title='bbox 1093 4578 1160 4667; x_wconf 76' lang='lat' dir='ltr'><strong><em>ab</em></strong></span> <span class='ocrx_word' id='word_1_673' title='bbox 1189 4588 1415 4667; x_wconf 39' lang='lat' dir='ltr'><strong><em>eo,.non‘</em></strong></span> <span class='ocrx_word' id='word_1_674' title='bbox 1444 4584 1743 4667; x_wconf 42' lang='lat' dir='ltr'><strong><em>auctrlir‘es&#39;t</em></strong></span> <span class='ocrx_word' id='word_1_675' title='bbox 1774 4585 1878 4667; x_wconf 55' lang='lat' dir='ltr'><strong><em>ta&#39;m</em></strong></span> <span class='ocrx_word' id='word_1_676' title='bbox 1912 4590 2051 4667; x_wconf 63' lang='lat' dir='ltr'><strong><em>prte-</em></strong></span> <span class='ocrx_word' id='word_1_677' title='bbox 2084 4608 2135 4667; x_wconf 67' lang='grc' dir='ltr'><strong>Β</strong></span> 
     </span>
    </p>
   </div>
   <div class='ocr_carea' id='block_1_101' title="bbox 485 4643 2056 4711">
    <p class='ocr_par' dir='ltr' id='par_1_101' title="bbox 485 4643 2056 4711">
     <span class='ocr_line' id='line_1_102' title="bbox 485 4643 2056 4711; baseline 0.003 -14"><span class='ocrx_word' id='word_1_678' title='bbox 485 4643 617 4698; x_wconf 90' lang='lat' dir='ltr'><strong><em>clari</em></strong></span> <span class='ocrx_word' id='word_1_679' title='bbox 662 4644 922 4711; x_wconf 91' lang='lat' dir='ltr'><strong><em>opusculi.</em></strong></span> <span class='ocrx_word' id='word_1_680' title='bbox 975 4646 1172 4699; x_wconf 81' lang='lat' dir='ltr'><strong><em>Neuter</em></strong></span> <span class='ocrx_word' id='word_1_681' title='bbox 1213 4646 1357 4699; x_wconf 91' lang='lat' dir='ltr'><strong><em>enim</em></strong></span> <span class='ocrx_word' id='word_1_682' title='bbox 1402 4645 1533 4697; x_wconf 91' lang='lat' dir='ltr'><strong><em>tanti</em></strong></span> <span class='ocrx_word' id='word_1_683' title='bbox 1575 4646 1673 4699; x_wconf 88' lang='lat' dir='ltr'><strong><em>fuit</em></strong></span> <span class='ocrx_word' id='word_1_684' title='bbox 1714 4645 1767 4698; x_wconf 91' lang='lat' dir='ltr'><strong><em>in</em></strong></span> <span class='ocrx_word' id='word_1_685' title='bbox 1816 4646 2056 4701; x_wconf 87' lang='lat' dir='ltr'><strong><em>Ecclesia</em></strong></span> 
     </span>
    </p>
   </div>
   <div class='ocr_carea' id='block_1_102' title="bbox 485 4714 2060 4784">
    <p class='ocr_par' dir='ltr' id='par_1_102' title="bbox 485 4714 2060 4784">
     <span class='ocr_line' id='line_1_103' title="bbox 485 4714 2060 4784; baseline 0.002 -15"><span class='ocrx_word' id='word_1_686' title='bbox 485 4714 753 4784; x_wconf 89' lang='lat' dir='ltr'><strong><em>nominis,</em></strong></span> <span class='ocrx_word' id='word_1_687' title='bbox 804 4724 861 4768; x_wconf 92' lang='lat' dir='ltr'><strong><em>ut</em></strong></span> <span class='ocrx_word' id='word_1_688' title='bbox 908 4716 1048 4769; x_wconf 88' lang='lat' dir='ltr'><strong><em>inter</em></strong></span> <span class='ocrx_word' id='word_1_689' title='bbox 1088 4715 1343 4770; x_wconf 69' lang='lat' dir='ltr'><strong><em>Ecclesia:</em></strong></span> <span class='ocrx_word' id='word_1_690' title='bbox 1384 4715 1667 4784; x_wconf 86' lang='lat' dir='ltr'><strong><em>magistros</em></strong></span> <span class='ocrx_word' id='word_1_691' title='bbox 1709 4731 1771 4769; x_wconf 92' lang='lat' dir='ltr'><strong><em>ac</em></strong></span> <span class='ocrx_word' id='word_1_692' title='bbox 1810 4718 2060 4773; x_wconf 91' lang='lat' dir='ltr'><strong><em>doctores</em></strong></span> 
     </span>
    </p>
   </div>
   <div class='ocr_carea' id='block_1_103' title="bbox 484 4783 2062 4851">
    <p class='ocr_par' dir='ltr' id='par_1_103' title="bbox 484 4783 2062 4851">
     <span class='ocr_line' id='line_1_104' title="bbox 484 4783 2062 4851; baseline 0.003 -12"><span class='ocrx_word' id='word_1_693' title='bbox 484 4783 746 4839; x_wconf 87' lang='lat' dir='ltr'><strong><em>meruerit</em></strong></span> <span class='ocrx_word' id='word_1_694' title='bbox 782 4800 809 4838; x_wconf 91' lang='lat' dir='ltr'><strong><em>a</em></strong></span> <span class='ocrx_word' id='word_1_695' title='bbox 836 4784 1049 4841; x_wconf 88' lang='lat' dir='ltr'><strong><em>Gelasio</em></strong></span> <span class='ocrx_word' id='word_1_696' title='bbox 1075 4786 1179 4841; x_wconf 88' lang='lat' dir='ltr'><strong><em>PP.</em></strong></span> <span class='ocrx_word' id='word_1_697' title='bbox 1211 4783 1515 4851; x_wconf 87' lang='lat' dir='ltr'><strong><em>numerari;</em></strong></span> <span class='ocrx_word' id='word_1_698' title='bbox 1558 4795 1615 4840; x_wconf 94' lang='lat' dir='ltr'><strong><em>ut</em></strong></span> <span class='ocrx_word' id='word_1_699' title='bbox 1643 4799 1954 4842; x_wconf 82' lang='lat' dir='ltr'><strong><em>numeratus</em></strong></span> <span class='ocrx_word' id='word_1_700' title='bbox 1978 4798 2062 4844; x_wconf 88' lang='lat' dir='ltr'><strong><em>est</em></strong></span> 
     </span>
    </p>
   </div>
   <div class='ocr_carea' id='block_1_104' title="bbox 486 4857 2062 4925">
    <p class='ocr_par' dir='ltr' id='par_1_104' title="bbox 486 4857 2062 4925">
     <span class='ocr_line' id='line_1_105' title="bbox 486 4857 2062 4925; baseline 0.003 -14"><span class='ocrx_word' id='word_1_701' title='bbox 486 4866 673 4911; x_wconf 86' lang='lat' dir='ltr'><strong><em>auctor</em></strong></span> <span class='ocrx_word' id='word_1_702' title='bbox 712 4871 870 4925; x_wconf 88' lang='lat' dir='ltr'><strong><em>quem</em></strong></span> <span class='ocrx_word' id='word_1_703' title='bbox 903 4858 1237 4912; x_wconf 88' lang='lat' dir='ltr'><strong><em>discutimus.</em></strong></span> <span class='ocrx_word' id='word_1_704' title='bbox 1292 4857 1492 4912; x_wconf 85' lang='lat' dir='ltr'><strong><em>Neuter</em></strong></span> <span class='ocrx_word' id='word_1_705' title='bbox 1529 4872 1593 4913; x_wconf 90' lang='lat' dir='ltr'><strong><em>ea</em></strong></span> <span class='ocrx_word' id='word_1_706' title='bbox 1633 4860 1932 4914; x_wconf 88' lang='lat' dir='ltr'><strong><em>sanctitatis</em></strong></span> <span class='ocrx_word' id='word_1_707' title='bbox 1970 4871 2062 4915; x_wconf 89' lang='lat' dir='ltr'><strong><em>aut</em></strong></span> 
     </span>
    </p>
   </div>
   <div class='ocr_carea' id='block_1_105' title="bbox 488 4927 2058 5000">
    <p class='ocr_par' dir='ltr' id='par_1_105' title="bbox 488 4927 2058 5000">
     <span class='ocr_line' id='line_1_106' title="bbox 488 4927 2058 5000; baseline 0.004 -18"><span class='ocrx_word' id='word_1_708' title='bbox 488 4927 749 5000; x_wconf 63' lang='lat' dir='ltr'><strong><em>doctrina:</em></strong></span> <span class='ocrx_word' id='word_1_709' title='bbox 781 4929 919 4982; x_wconf 87' lang='lat' dir='ltr'><strong><em>fama</em></strong></span> <span class='ocrx_word' id='word_1_710' title='bbox 950 4929 1173 4991; x_wconf 91' lang='lat' dir='ltr'><strong><em>claruit,</em></strong></span> <span class='ocrx_word' id='word_1_711' title='bbox 1206 4936 1265 4982; x_wconf 91' lang='lat' dir='ltr'><strong><em>ut</em></strong></span> <span class='ocrx_word' id='word_1_712' title='bbox 1292 4928 1590 5000; x_wconf 88' lang='lat' dir='ltr'><strong><em>Demetrias</em></strong></span> <span class='ocrx_word' id='word_1_713' title='bbox 1618 4930 1763 4999; x_wconf 85' lang='lat' dir='ltr'><strong><em>virgo</em></strong></span> <span class='ocrx_word' id='word_1_714' title='bbox 1792 4932 2058 5000; x_wconf 70' lang='lat' dir='ltr'><strong><em>optaverit</em></strong></span> 
     </span>
    </p>
   </div>
   <div class='ocr_carea' id='block_1_106' title="bbox 486 4999 2055 5071">
    <p class='ocr_par' dir='ltr' id='par_1_106' title="bbox 486 4999 2055 5071">
     <span class='ocr_line' id='line_1_107' title="bbox 486 4999 2055 5071; baseline 0.003 -18"><span class='ocrx_word' id='word_1_715' title='bbox 486 4999 586 5054; x_wconf 87' lang='lat' dir='ltr'><strong><em>sibi</em></strong></span> <span class='ocrx_word' id='word_1_716' title='bbox 616 4999 684 5053; x_wconf 92' lang='lat' dir='ltr'><strong><em>ab</em></strong></span> <span class='ocrx_word' id='word_1_717' title='bbox 713 5015 778 5055; x_wconf 92' lang='lat' dir='ltr'><strong><em>eo</em></strong></span> <span class='ocrx_word' id='word_1_718' title='bbox 806 5008 1089 5055; x_wconf 89' lang='lat' dir='ltr'><strong><em>tractatum</em></strong></span> <span class='ocrx_word' id='word_1_719' title='bbox 1118 5000 1281 5055; x_wconf 89' lang='lat' dir='ltr'><strong><em>scribi</em></strong></span> <span class='ocrx_word' id='word_1_720' title='bbox 1310 5001 1377 5055; x_wconf 88' lang='lat' dir='ltr'><strong><em>de</em></strong></span> <span class='ocrx_word' id='word_1_721' title='bbox 1402 4999 1720 5067; x_wconf 81' lang='lat' dir='ltr'><strong><em>virginitatis</em></strong></span> <span class='ocrx_word' id='word_1_722' title='bbox 1752 4999 2055 5071; x_wconf 81' lang='lat' dir='ltr'><strong><em>proposito;</em></strong></span> 
     </span>
    </p>
   </div>
   <div class='ocr_carea' id='block_1_107' title="bbox 488 5071 2061 5143">
    <p class='ocr_par' dir='ltr' id='par_1_107' title="bbox 488 5071 2061 5143">
     <span class='ocr_line' id='line_1_108' title="bbox 488 5071 2061 5143; baseline 0.003 -18"><span class='ocrx_word' id='word_1_723' title='bbox 488 5071 631 5125; x_wconf 88' lang='lat' dir='ltr'><strong><em>idem</em></strong></span> <span class='ocrx_word' id='word_1_724' title='bbox 660 5072 802 5124; x_wconf 92' lang='lat' dir='ltr'><strong><em>enim</em></strong></span> <span class='ocrx_word' id='word_1_725' title='bbox 837 5073 1021 5143; x_wconf 80' lang='lat' dir='ltr'><strong><em>procul</em></strong></span> <span class='ocrx_word' id='word_1_726' title='bbox 1052 5071 1213 5127; x_wconf 88' lang='lat' dir='ltr'><strong><em>dubio</em></strong></span> <span class='ocrx_word' id='word_1_727' title='bbox 1241 5074 1517 5139; x_wconf 89' lang='lat' dir='ltr'><strong><em>utriusque</em></strong></span> <span class='ocrx_word' id='word_1_728' title='bbox 1546 5073 1727 5143; x_wconf 90' lang='lat' dir='ltr'><strong><em>scripti</em></strong></span> <span class='ocrx_word' id='word_1_729' title='bbox 1758 5085 1968 5138; x_wconf 86' lang='lat' dir='ltr'><strong><em>auctor,</em></strong></span> <span class='ocrx_word' id='word_1_730' title='bbox 2001 5084 2061 5129; x_wconf 90' lang='lat' dir='ltr'><strong><em>ut</em></strong></span> 
     </span>
    </p>
   </div>
   <div class='ocr_carea' id='block_1_108' title="bbox 486 5142 2054 5215">
    <p class='ocr_par' dir='ltr' id='par_1_108' title="bbox 486 5142 2054 5215">
     <span class='ocr_line' id='line_1_109' title="bbox 486 5142 2054 5215; baseline 0.002 -19"><span class='ocrx_word' id='word_1_731' title='bbox 486 5143 832 5215; x_wconf 52' lang='lat' dir='ltr'><strong><em>ostendemus</em></strong></span> <span class='ocrx_word' id='word_1_732' title='bbox 853 5142 1013 5214; x_wconf 74' lang='lat'><strong><em>621</em></strong></span> <span class='ocrx_word' id='word_1_733' title='bbox 1043 5143 1285 5209; x_wconf 91' lang='lat' dir='ltr'><strong><em>inferius,</em></strong></span> <span class='ocrx_word' id='word_1_734' title='bbox 1319 5153 1373 5197; x_wconf 91' lang='lat' dir='ltr'><strong><em>et</em></strong></span> <span class='ocrx_word' id='word_1_735' title='bbox 1402 5146 1483 5198; x_wconf 92' lang='lat' dir='ltr'><strong><em>vel</em></strong></span> <span class='ocrx_word' id='word_1_736' title='bbox 1523 5142 1917 5215; x_wconf 86' lang='lat' dir='ltr'><strong><em>styliafftnitas</em></strong></span> <span class='ocrx_word' id='word_1_737' title='bbox 1954 5160 2054 5199; x_wconf 77' lang='lat' dir='ltr'><strong><em>una</em></strong></span> 
     </span>
    </p>
   </div>
   <div class='ocr_carea' id='block_1_109' title="bbox 488 5214 2056 5285">
    <p class='ocr_par' dir='ltr' id='par_1_109' title="bbox 488 5214 2056 5285">
     <span class='ocr_line' id='line_1_110' title="bbox 488 5214 2056 5285; baseline 0.003 -18"><span class='ocrx_word' id='word_1_738' title='bbox 488 5214 839 5267; x_wconf 82' lang='lat' dir='ltr'><strong><em>demonstrat.</em></strong></span> <span class='ocrx_word' id='word_1_739' title='bbox 882 5222 1077 5268; x_wconf 58' lang='grc' dir='ltr'><strong><em>δοίητε</em></strong></span> <span class='ocrx_word' id='word_1_740' title='bbox 1104 5229 1231 5268; x_wconf 87' lang='lat' dir='ltr'><strong><em>vero</em></strong></span> <span class='ocrx_word' id='word_1_741' title='bbox 1261 5228 1292 5267; x_wconf 90' lang='lat' dir='ltr'><strong><em>a</em></strong></span> <span class='ocrx_word' id='word_1_742' title='bbox 1320 5214 1461 5285; x_wconf 87' lang='lat' dir='ltr'><strong><em>stylo</em></strong></span> <span class='ocrx_word' id='word_1_743' title='bbox 1489 5215 1742 5270; x_wconf 90' lang='lat' dir='ltr'><strong><em>librorum</em></strong></span> <span class='ocrx_word' id='word_1_744' title='bbox 1783 5216 1849 5271; x_wconf 90' lang='lat' dir='ltr'><strong><em>de</em></strong></span> <span class='ocrx_word' id='word_1_745' title='bbox 1882 5215 2056 5271; x_wconf 84' lang='lat' dir='ltr'><strong><em>Voca-</em></strong></span> 
     </span>
    </p>
   </div>
   <div class='ocr_carea' id='block_1_110' title="bbox 486 5285 2057 5357">
    <p class='ocr_par' dir='ltr' id='par_1_110' title="bbox 486 5285 2057 5357">
     <span class='ocr_line' id='line_1_111' title="bbox 486 5285 2057 5357; baseline 0.003 -18"><span class='ocrx_word' id='word_1_746' title='bbox 486 5286 633 5339; x_wconf 90' lang='lat' dir='ltr'><strong><em>tione</em></strong></span> <span class='ocrx_word' id='word_1_747' title='bbox 650 5286 895 5357; x_wconf 82' lang='lat' dir='ltr'><strong><em>gentium</em></strong></span> <span class='ocrx_word' id='word_1_748' title='bbox 924 5286 1079 5355; x_wconf 88' lang='lat' dir='ltr'><strong><em>longe</em></strong></span> <span class='ocrx_word' id='word_1_749' title='bbox 1103 5285 1361 5341; x_wconf 89' lang='lat' dir='ltr'><strong><em>abhorret</em></strong></span> <span class='ocrx_word' id='word_1_750' title='bbox 1387 5286 1566 5341; x_wconf 88' lang='lat' dir='ltr'><strong><em>Hilarii</em></strong></span> <span class='ocrx_word' id='word_1_751' title='bbox 1597 5289 1871 5357; x_wconf 83' lang='lat' dir='ltr'><strong><em>utriusque</em></strong></span> <span class='ocrx_word' id='word_1_752' title='bbox 1900 5288 2057 5354; x_wconf 88' lang='lat' dir='ltr'><strong><em>phra-</em></strong></span> 
     </span>
    </p>
   </div>
   <div class='ocr_carea' id='block_1_111' title="bbox 489 5355 2051 5429">
    <p class='ocr_par' dir='ltr' id='par_1_111' title="bbox 489 5355 2051 5429">
     <span class='ocr_line' id='line_1_112' title="bbox 489 5355 2051 5429; baseline 0.001 -16"><span class='ocrx_word' id='word_1_753' title='bbox 489 5357 604 5413; x_wconf 82' lang='lat' dir='ltr'><strong><em>Iis:</em></strong></span> <span class='ocrx_word' id='word_1_754' title='bbox 647 5355 763 5415; x_wconf 66' lang='lat' dir='ltr'><strong><em>haec</em></strong></span> <span class='ocrx_word' id='word_1_755' title='bbox 795 5356 1005 5428; x_wconf 84' lang='lat' dir='ltr'><strong><em>jejuna,</em></strong></span> <span class='ocrx_word' id='word_1_756' title='bbox 1049 5357 1266 5413; x_wconf 85' lang='lat' dir='ltr'><strong><em>humilis</em></strong></span> <span class='ocrx_word' id='word_1_757' title='bbox 1306 5371 1369 5413; x_wconf 90' lang='lat' dir='ltr'><strong><em>ac</em></strong></span> <span class='ocrx_word' id='word_1_758' title='bbox 1402 5372 1635 5428; x_wconf 89' lang='lat' dir='ltr'><strong><em>repens;</em></strong></span> <span class='ocrx_word' id='word_1_759' title='bbox 1684 5355 2051 5429; x_wconf 47' lang='lat' dir='ltr'><strong><em>ille&#39;ornatus,</em></strong></span> 
     </span>
    </p>
   </div>
   <div class='ocr_carea' id='block_1_112' title="bbox 2159 3292 3743 3364">
    <p class='ocr_par' dir='ltr' id='par_1_112' title="bbox 2159 3292 3743 3364">
     <span class='ocr_line' id='line_1_113' title="bbox 2159 3292 3743 3364; baseline 0.001 -17"><span class='ocrx_word' id='word_1_760' title='bbox 2159 3292 2407 3347; x_wconf 85' lang='lat' dir='ltr'><strong><em>Gelasius</em></strong></span> <span class='ocrx_word' id='word_1_761' title='bbox 2438 3308 2591 3363; x_wconf 88' lang='lat' dir='ltr'><strong><em>papa,</em></strong></span> <span class='ocrx_word' id='word_1_762' title='bbox 2622 3295 2710 3364; x_wconf 92' lang='lat' dir='ltr'><strong><em>qui</em></strong></span> <span class='ocrx_word' id='word_1_763' title='bbox 2742 3310 2883 3349; x_wconf 90' lang='lat' dir='ltr'><strong><em>anno</em></strong></span> <span class='ocrx_word' id='word_1_764' title='bbox 2908 3296 3033 3361; x_wconf 72' lang='grc'><strong><em>496,</em></strong></span> <span class='ocrx_word' id='word_1_765' title='bbox 3068 3296 3170 3349; x_wconf 91' lang='lat' dir='ltr'><strong><em>hoc</em></strong></span> <span class='ocrx_word' id='word_1_766' title='bbox 3200 3304 3283 3350; x_wconf 86' lang='lat' dir='ltr'><strong><em>est</em></strong></span> <span class='ocrx_word' id='word_1_767' title='bbox 3308 3294 3524 3363; x_wconf 88' lang='lat' dir='ltr'><strong><em>triginta</em></strong></span> <span class='ocrx_word' id='word_1_768' title='bbox 3556 3303 3612 3349; x_wconf 86' lang='lat' dir='ltr'><strong><em>et</em></strong></span> <span class='ocrx_word' id='word_1_769' title='bbox 3632 3308 3743 3348; x_wconf 84' lang='lat' dir='ltr'><strong><em>am-</em></strong></span> 
     </span>
    </p>
   </div>
   <div class='ocr_carea' id='block_1_113' title="bbox 2157 3364 3746 3437">
    <p class='ocr_par' dir='ltr' id='par_1_113' title="bbox 2157 3364 3746 3437">
     <span class='ocr_line' id='line_1_114' title="bbox 2157 3364 3746 3437; baseline 0.001 -21"><span class='ocrx_word' id='word_1_770' title='bbox 2157 3364 2298 3437; x_wconf 81' lang='lat' dir='ltr'><strong><em>plius</em></strong></span> <span class='ocrx_word' id='word_1_771' title='bbox 2323 3366 2478 3418; x_wconf 90' lang='lat' dir='ltr'><strong><em>annis</em></strong></span> <span class='ocrx_word' id='word_1_772' title='bbox 2509 3376 2632 3421; x_wconf 87' lang='lat' dir='ltr'><strong><em>ante</em></strong></span> <span class='ocrx_word' id='word_1_773' title='bbox 2663 3376 2942 3437; x_wconf 88' lang='lat' dir='ltr'><strong><em>utramque</em></strong></span> <span class='ocrx_word' id='word_1_774' title='bbox 2964 3368 3106 3421; x_wconf 90' lang='lat' dir='ltr'><strong><em>illam</em></strong></span> <span class='ocrx_word' id='word_1_775' title='bbox 3138 3365 3399 3437; x_wconf 87' lang='lat' dir='ltr'><strong><em>synodum</em></strong></span> <span class='ocrx_word' id='word_1_776' title='bbox 3428 3382 3459 3437; x_wconf 80' lang='lat' dir='ltr'><strong><em>e</em></strong></span> <span class='ocrx_word' id='word_1_777' title='bbox 3486 3364 3746 3437; x_wconf 72' lang='lat' dir='ltr'><strong><em>vivisex-</em></strong></span> 
     </span>
    </p>
   </div>
   <div class='ocr_carea' id='block_1_114' title="bbox 2157 3434 3736 3506">
    <p class='ocr_par' dir='ltr' id='par_1_114' title="bbox 2157 3434 3736 3506">
     <span class='ocr_line' id='line_1_115' title="bbox 2157 3434 3736 3506; baseline 0.001 -19"><span class='ocrx_word' id='word_1_778' title='bbox 2157 3435 2358 3499; x_wconf 80' lang='lat' dir='ltr'><strong><em>cessit;</em></strong></span> <span class='ocrx_word' id='word_1_779' title='bbox 2395 3438 2539 3502; x_wconf 90' lang='lat' dir='ltr'><strong><em>prior</em></strong></span> <span class='ocrx_word' id='word_1_780' title='bbox 2569 3438 2711 3491; x_wconf 86' lang='lat' dir='ltr'><strong><em>enim</em></strong></span> <span class='ocrx_word' id='word_1_781' title='bbox 2742 3434 2886 3492; x_wconf 78' lang='lat' dir='ltr'><strong><em>anno</em></strong></span> <span class='ocrx_word' id='word_1_782' title='bbox 2926 3438 3050 3504; x_wconf 80' lang='grc'><strong><em>527,</em></strong></span> <span class='ocrx_word' id='word_1_783' title='bbox 3096 3434 3362 3506; x_wconf 81' lang='lat' dir='ltr'><strong><em>posterior</em></strong></span> <span class='ocrx_word' id='word_1_784' title='bbox 3390 3436 3504 3498; x_wconf 78' lang='lat'><strong><em>529.</em></strong></span> <span class='ocrx_word' id='word_1_785' title='bbox 3557 3434 3736 3506; x_wconf 80' lang='lat' dir='ltr'><strong><em>habita</em></strong></span> 
     </span>
    </p>
   </div>
   <div class='ocr_carea' id='block_1_115' title="bbox 2158 3504 3737 3577">
    <p class='ocr_par' dir='ltr' id='par_1_115' title="bbox 2158 3504 3737 3577">
     <span class='ocr_line' id='line_1_116' title="bbox 2158 3504 3737 3577; baseline 0 -18"><span class='ocrx_word' id='word_1_786' title='bbox 2158 3515 2259 3560; x_wconf 91' lang='lat' dir='ltr'><strong><em>est.</em></strong></span> <span class='ocrx_word' id='word_1_787' title='bbox 2291 3507 2444 3561; x_wconf 88' lang='lat' dir='ltr'><strong><em>Addo</em></strong></span> <span class='ocrx_word' id='word_1_788' title='bbox 2467 3507 2660 3561; x_wconf 89' lang='lat' dir='ltr'><strong><em>librum</em></strong></span> <span class='ocrx_word' id='word_1_789' title='bbox 2688 3510 2944 3577; x_wconf 89' lang='lat' dir='ltr'><strong><em>scriptum</em></strong></span> <span class='ocrx_word' id='word_1_790' title='bbox 2973 3504 3110 3564; x_wconf 75' lang='lat' dir='ltr'><strong><em>esse</em></strong></span> <span class='ocrx_word' id='word_1_791' title='bbox 3123 3509 3265 3563; x_wconf 85' lang='lat' dir='ltr'><strong><em>circa</em></strong></span> <span class='ocrx_word' id='word_1_792' title='bbox 3295 3507 3434 3563; x_wconf 85' lang='lat' dir='ltr'><strong><em>initia</em></strong></span> <span class='ocrx_word' id='word_1_793' title='bbox 3465 3514 3622 3560; x_wconf 73' lang='lat' dir='ltr'><strong><em>mota:</em></strong></span> <span class='ocrx_word' id='word_1_794' title='bbox 3643 3504 3737 3560; x_wconf 77' lang='lat' dir='ltr'><strong><em>ad-</em></strong></span> 
     </span>
    </p>
   </div>
   <div class='ocr_carea' id='block_1_116' title="bbox 2158 3577 3744 3648">
    <p class='ocr_par' dir='ltr' id='par_1_116' title="bbox 2158 3577 3744 3648">
     <span class='ocr_line' id='line_1_117' title="bbox 2158 3577 3744 3648; baseline 0 -19"><span class='ocrx_word' id='word_1_795' title='bbox 2158 3591 2347 3631; x_wconf 90' lang='lat' dir='ltr'><strong><em>versus</em></strong></span> <span class='ocrx_word' id='word_1_796' title='bbox 2375 3578 2732 3647; x_wconf 88' lang='lat' dir='ltr'><strong><em>Augustinum</em></strong></span> <span class='ocrx_word' id='word_1_797' title='bbox 2762 3581 3164 3643; x_wconf 61' lang='lat' dir='ltr'><strong><em>controversias,</em></strong></span> <span class='ocrx_word' id='word_1_798' title='bbox 3208 3596 3330 3648; x_wconf 70' lang='lat' dir='ltr'><strong><em>qua:</em></strong></span> <span class='ocrx_word' id='word_1_799' title='bbox 3368 3577 3489 3633; x_wconf 87' lang='lat' dir='ltr'><strong><em>totis</em></strong></span> <span class='ocrx_word' id='word_1_800' title='bbox 3524 3587 3744 3648; x_wconf 79' lang='lat' dir='ltr'><strong><em>centum</em></strong></span> 
     </span>
    </p>
   </div>
   <div class='ocr_carea' id='block_1_117' title="bbox 2159 3647 3746 3721">
    <p class='ocr_par' dir='ltr' id='par_1_117' title="bbox 2159 3647 3746 3721">
     <span class='ocr_line' id='line_1_118' title="bbox 2159 3647 3746 3721; baseline 0.001 -21"><span class='ocrx_word' id='word_1_801' title='bbox 2159 3648 2315 3721; x_wconf 84' lang='lat' dir='ltr'><strong><em>annis</em></strong></span> <span class='ocrx_word' id='word_1_802' title='bbox 2336 3648 2579 3719; x_wconf 85' lang='lat' dir='ltr'><strong><em>Prosperi</em></strong></span> <span class='ocrx_word' id='word_1_803' title='bbox 2606 3651 2765 3720; x_wconf 88' lang='lat' dir='ltr'><strong><em>hujus</em></strong></span> <span class='ocrx_word' id='word_1_804' title='bbox 2790 3661 3000 3706; x_wconf 59' lang='lat' dir='ltr'><strong><em>aetatem</em></strong></span> <span class='ocrx_word' id='word_1_805' title='bbox 3030 3647 3377 3721; x_wconf 64' lang='lat' dir='ltr'><strong><em>praevertere.</em></strong></span> <span class='ocrx_word' id='word_1_806' title='bbox 3404 3648 3489 3703; x_wconf 75' lang='lat' dir='ltr'><strong>Ex</strong></span> <span class='ocrx_word' id='word_1_807' title='bbox 3510 3664 3616 3721; x_wconf 83' lang='lat' dir='ltr'><strong><em>quo</em></strong></span> <span class='ocrx_word' id='word_1_808' title='bbox 3634 3647 3746 3721; x_wconf 77' lang='lat' dir='ltr'><strong><em>cul-</em></strong></span> 
     </span>
    </p>
   </div>
   <div class='ocr_carea' id='block_1_118' title="bbox 2197 3718 3742 3789">
    <p class='ocr_par' dir='ltr' id='par_1_118' title="bbox 2197 3718 3742 3789">
     <span class='ocr_line' id='line_1_119' title="bbox 2197 3718 3742 3789; baseline 0.001 -18"><span class='ocrx_word' id='word_1_809' title='bbox 2197 3719 2329 3773; x_wconf 83' lang='lat' dir='ltr'><strong><em>anda</em></strong></span> <span class='ocrx_word' id='word_1_810' title='bbox 2362 3718 2611 3777; x_wconf 34' lang='lat' dir='ltr'><strong><em>hoc&#39;loco</em></strong></span> <span class='ocrx_word' id='word_1_811' title='bbox 2643 3718 2840 3789; x_wconf 81' lang='lat' dir='ltr'><strong><em>Vossii,</em></strong></span> <span class='ocrx_word' id='word_1_812' title='bbox 2876 3724 2976 3778; x_wconf 90' lang='lat' dir='ltr'><strong><em>viri</em></strong></span> <span class='ocrx_word' id='word_1_813' title='bbox 2996 3718 3129 3777; x_wconf 85' lang='lat' dir='ltr'><strong><em>alias</em></strong></span> <span class='ocrx_word' id='word_1_814' title='bbox 3156 3718 3572 3787; x_wconf 79' lang='lat' dir='ltr'><strong><em>diligentissimi,</em></strong></span> <span class='ocrx_word' id='word_1_815' title='bbox 3605 3718 3742 3773; x_wconf 87' lang='lat' dir='ltr'><strong><em>iudi-</em></strong></span> 
     </span>
    </p>
   </div>
   <div class='ocr_carea' id='block_1_119' title="bbox 2184 3792 3749 3865">
    <p class='ocr_par' dir='ltr' id='par_1_119' title="bbox 2184 3792 3749 3865">
     <span class='ocr_line' id='line_1_120' title="bbox 2184 3792 3749 3865; baseline 0.003 -23"><span class='ocrx_word' id='word_1_816' title='bbox 2184 3792 2397 3865; x_wconf 83' lang='lat' dir='ltr'><strong><em>igentia,</em></strong></span> <span class='ocrx_word' id='word_1_817' title='bbox 2444 3792 2532 3862; x_wconf 91' lang='lat' dir='ltr'><strong><em>qui</em></strong></span> <span class='ocrx_word' id='word_1_818' title='bbox 2583 3793 2725 3848; x_wconf 90' lang='lat' dir='ltr'><strong><em>inter</em></strong></span> <span class='ocrx_word' id='word_1_819' title='bbox 2768 3795 3089 3863; x_wconf 89' lang='lat' dir='ltr'><strong><em>Prosperum</em></strong></span> <span class='ocrx_word' id='word_1_820' title='bbox 3120 3796 3282 3865; x_wconf 70' lang='grc'><strong><em>622</em></strong></span> <span class='ocrx_word' id='word_1_821' title='bbox 3307 3792 3749 3848; x_wconf 83' lang='lat' dir='ltr'><strong><em>Aurelianensetn</em></strong></span> 
     </span>
    </p>
   </div>
   <div class='ocr_carea' id='block_1_120' title="bbox 2161 3861 3213 3931">
    <p class='ocr_par' dir='ltr' id='par_1_120' title="bbox 2161 3861 3213 3931">
     <span class='ocr_line' id='line_1_121' title="bbox 2161 3861 3213 3931; baseline 0.004 -16"><span class='ocrx_word' id='word_1_822' title='bbox 2161 3871 2214 3915; x_wconf 87' lang='lat' dir='ltr'><strong><em>et</em></strong></span> <span class='ocrx_word' id='word_1_823' title='bbox 2242 3861 2381 3917; x_wconf 91' lang='lat' dir='ltr'><strong><em>hunc</em></strong></span> <span class='ocrx_word' id='word_1_824' title='bbox 2413 3861 2766 3931; x_wconf 81' lang='lat' dir='ltr'><strong><em>posteriorem</em></strong></span> <span class='ocrx_word' id='word_1_825' title='bbox 2799 3861 2916 3919; x_wconf 84' lang='lat' dir='ltr'><strong><em>non</em></strong></span> <span class='ocrx_word' id='word_1_826' title='bbox 2937 3861 3213 3921; x_wconf 63' lang='lat' dir='ltr'><strong><em>discerniE</em></strong></span> 
     </span>
    </p>
   </div>
   <div class='ocr_carea' id='block_1_121' title="bbox 2232 3930 3750 4007">
    <p class='ocr_par' dir='ltr' id='par_1_121' title="bbox 2232 3930 3750 4007">
     <span class='ocr_line' id='line_1_122' title="bbox 2232 3930 3750 4007; baseline 0.003 -22"><span class='ocrx_word' id='word_1_827' title='bbox 2232 3930 2345 4007; x_wconf 59' lang='lat' dir='ltr'><strong><em>XII.</em></strong></span> <span class='ocrx_word' id='word_1_828' title='bbox 2391 3930 2645 4007; x_wconf 81' lang='lat' dir='ltr'><strong><em>Venimus</em></strong></span> <span class='ocrx_word' id='word_1_829' title='bbox 2688 3936 2899 3991; x_wconf 89' lang='lat' dir='ltr'><strong><em>tandem</em></strong></span> <span class='ocrx_word' id='word_1_830' title='bbox 2948 3938 3025 4007; x_wconf 86' lang='lat' dir='ltr'><strong><em>(a)</em></strong></span> <span class='ocrx_word' id='word_1_831' title='bbox 3059 3937 3127 3992; x_wconf 90' lang='lat' dir='ltr'><strong><em>ad</em></strong></span> <span class='ocrx_word' id='word_1_832' title='bbox 3166 3937 3491 4007; x_wconf 86' lang='lat' dir='ltr'><strong><em>Prosperum</em></strong></span> <span class='ocrx_word' id='word_1_833' title='bbox 3529 3934 3750 4007; x_wconf 79' lang='lat' dir='ltr'><strong><em>Aquita-</em></strong></span> 
     </span>
    </p>
   </div>
   <div class='ocr_carea' id='block_1_122' title="bbox 2159 3950 3751 4079">
    <p class='ocr_par' dir='ltr' id='par_1_122' title="bbox 2159 3950 3751 4079">
     <span class='ocr_line' id='line_1_123' title="bbox 2232 3950 3750 4007; baseline 0.002 -21"><span class='ocrx_word' id='word_1_834' title='bbox 2232 3950 2345 3987; x_wconf 66' lang='grc' dir='ltr'><strong><em>λιι.</em></strong></span> <span class='ocrx_word' id='word_1_835' title='bbox 2399 3950 2645 3989; x_wconf 85' lang='lat' dir='ltr'><strong><em>venimus</em></strong></span> <span class='ocrx_word' id='word_1_836' title='bbox 2688 3950 2899 3991; x_wconf 82' lang='lat' dir='ltr'><strong><em>tandem</em></strong></span> <span class='ocrx_word' id='word_1_837' title='bbox 2948 3950 3025 4007; x_wconf 70' lang='lat' dir='ltr'><strong><em>ta)</em></strong></span> <span class='ocrx_word' id='word_1_838' title='bbox 3059 3950 3127 3992; x_wconf 85' lang='lat' dir='ltr'><strong><em>aa</em></strong></span> <span class='ocrx_word' id='word_1_839' title='bbox 3166 3950 3491 4005; x_wconf 73' lang='lat' dir='ltr'><strong><em>Prosperum</em></strong></span> <span class='ocrx_word' id='word_1_840' title='bbox 3529 3950 3573 3990; x_wconf 74' lang='grc' dir='ltr'>Α</span> <span class='ocrx_word' id='word_1_841' title='bbox 3614 3950 3750 3989; x_wconf 84' lang='lat' dir='ltr'><strong><em>uua-</em></strong></span> 
     </span>
     <span class='ocr_line' id='line_1_124' title="bbox 2159 3950 3751 4079; baseline 0.001 -22"><span class='ocrx_word' id='word_1_842' title='bbox 2159 4018 2286 4057; x_wconf 90' lang='lat' dir='ltr'><strong><em>num</em></strong></span> <span class='ocrx_word' id='word_1_843' title='bbox 2318 4005 2705 4079; x_wconf 83' lang='lat' dir='ltr'><strong><em>Leonisnostri</em></strong></span> <span class='ocrx_word' id='word_1_844' title='bbox 2728 4010 3015 4074; x_wconf 81' lang='lat' dir='ltr'><strong><em>notarium,</em></strong></span> <span class='ocrx_word' id='word_1_845' title='bbox 3040 4009 3153 4064; x_wconf 87' lang='lat' dir='ltr'><strong><em>sive</em></strong></span> <span class='ocrx_word' id='word_1_846' title='bbox 3176 4006 3517 4079; x_wconf 88' lang='lat' dir='ltr'><strong><em>postmodum</em></strong></span> <span class='ocrx_word' id='word_1_847' title='bbox 3541 3950 3614 4076; x_wconf 57' lang='lat' dir='ltr'><strong><em>aii</em></strong></span> <span class='ocrx_word' id='word_1_848' title='bbox 3639 4006 3751 4079; x_wconf 42' lang='lat' dir='ltr'><strong><em>epit</em></strong></span> 
     </span>
    </p>
   </div>
   <div class='ocr_carea' id='block_1_123' title="bbox 2160 4076 3753 4150">
    <p class='ocr_par' dir='ltr' id='par_1_123' title="bbox 2160 4076 3753 4150">
     <span class='ocr_line' id='line_1_125' title="bbox 2160 4076 3753 4150; baseline 0.002 -23"><span class='ocrx_word' id='word_1_849' title='bbox 2160 4090 2355 4144; x_wconf 78' lang='lat' dir='ltr'><strong><em>scapus</em></strong></span> <span class='ocrx_word' id='word_1_850' title='bbox 2404 4077 2581 4142; x_wconf 87' lang='lat' dir='ltr'><strong><em>fuerit,</em></strong></span> <span class='ocrx_word' id='word_1_851' title='bbox 2626 4087 2681 4132; x_wconf 94' lang='lat' dir='ltr'><strong><em>ut</em></strong></span> <span class='ocrx_word' id='word_1_852' title='bbox 2709 4080 2865 4149; x_wconf 89' lang='lat' dir='ltr'><strong><em>vulgo</em></strong></span> <span class='ocrx_word' id='word_1_853' title='bbox 2921 4088 3128 4150; x_wconf 88' lang='lat' dir='ltr'><strong><em>putant,</em></strong></span> <span class='ocrx_word' id='word_1_854' title='bbox 3176 4076 3292 4135; x_wconf 60' lang='lat' dir='ltr'><strong><em>Sive</em></strong></span> <span class='ocrx_word' id='word_1_855' title='bbox 3343 4092 3636 4150; x_wconf 85' lang='lat' dir='ltr'><strong><em>numquam</em></strong></span> <span class='ocrx_word' id='word_1_856' title='bbox 3686 4076 3753 4131; x_wconf 84' lang='lat' dir='ltr'><strong><em>ad</em></strong></span> 
     </span>
    </p>
   </div>
   <div class='ocr_carea' id='block_1_124' title="bbox 2161 4149 3753 4218">
    <p class='ocr_par' dir='ltr' id='par_1_124' title="bbox 2161 4149 3753 4218">
     <span class='ocr_line' id='line_1_126' title="bbox 2161 4149 3753 4218; baseline 0.003 -20"><span class='ocrx_word' id='word_1_857' title='bbox 2161 4161 2281 4218; x_wconf 90' lang='lat' dir='ltr'><strong><em>eum</em></strong></span> <span class='ocrx_word' id='word_1_858' title='bbox 2313 4149 2535 4217; x_wconf 89' lang='lat' dir='ltr'><strong><em>gradum</em></strong></span> <span class='ocrx_word' id='word_1_859' title='bbox 2564 4159 2781 4204; x_wconf 91' lang='lat' dir='ltr'><strong><em>evectus</em></strong></span> <span class='ocrx_word' id='word_1_860' title='bbox 2818 4149 2932 4218; x_wconf 33' lang='lat' dir='ltr'><strong><em>sit,’</em></strong></span> <span class='ocrx_word' id='word_1_861' title='bbox 2957 4160 3014 4205; x_wconf 88' lang='lat' dir='ltr'><strong><em>ut</em></strong></span> <span class='ocrx_word' id='word_1_862' title='bbox 3042 4151 3202 4207; x_wconf 90' lang='lat' dir='ltr'><strong><em>modo</em></strong></span> <span class='ocrx_word' id='word_1_863' title='bbox 3227 4158 3440 4206; x_wconf 87' lang='lat' dir='ltr'><strong><em>constat</em></strong></span> <span class='ocrx_word' id='word_1_864' title='bbox 3464 4149 3606 4218; x_wconf 85' lang='lat' dir='ltr'><strong><em>inter</em></strong></span> <span class='ocrx_word' id='word_1_865' title='bbox 3631 4163 3753 4202; x_wconf 83' lang='lat' dir='ltr'><strong><em>eru-</em></strong></span> 
     </span>
    </p>
   </div>
   <div class='ocr_carea' id='block_1_125' title="bbox 2160 4216 3756 4293">
    <p class='ocr_par' dir='ltr' id='par_1_125' title="bbox 2160 4216 3756 4293">
     <span class='ocr_line' id='line_1_127' title="bbox 2160 4216 3756 4293; baseline 0.001 -21"><span class='ocrx_word' id='word_1_866' title='bbox 2160 4216 2331 4272; x_wconf 81' lang='lat' dir='ltr'><strong><em>(litos.</em></strong></span> <span class='ocrx_word' id='word_1_867' title='bbox 2353 4219 2487 4293; x_wconf 84' lang='lat' dir='ltr'><strong><em>Huic</em></strong></span> <span class='ocrx_word' id='word_1_868' title='bbox 2507 4234 2572 4274; x_wconf 91' lang='lat' dir='ltr'><strong><em>co</em></strong></span> <span class='ocrx_word' id='word_1_869' title='bbox 2588 4220 2856 4277; x_wconf 74' lang='lat' dir='ltr'><strong><em>difﬁcilius</em></strong></span> <span class='ocrx_word' id='word_1_870' title='bbox 2874 4216 3168 4292; x_wconf 86' lang='lat' dir='ltr'><strong><em>abjudicari</em></strong></span> <span class='ocrx_word' id='word_1_871' title='bbox 3188 4237 3346 4293; x_wconf 85' lang='lat' dir='ltr'><strong><em>posse</em></strong></span> <span class='ocrx_word' id='word_1_872' title='bbox 3364 4220 3580 4274; x_wconf 84' lang='lat' dir='ltr'><strong><em>videtur</em></strong></span> <span class='ocrx_word' id='word_1_873' title='bbox 3598 4217 3756 4287; x_wconf 86' lang='lat' dir='ltr'><strong><em>hujus</em></strong></span> 
     </span>
    </p>
   </div>
   <div class='ocr_carea' id='block_1_126' title="bbox 2160 4290 3755 4364">
    <p class='ocr_par' dir='ltr' id='par_1_126' title="bbox 2160 4290 3755 4364">
     <span class='ocr_line' id='line_1_128' title="bbox 2160 4290 3755 4364; baseline -0.001 -21"><span class='ocrx_word' id='word_1_874' title='bbox 2160 4290 2401 4364; x_wconf 87' lang='lat' dir='ltr'><strong><em>opusculi</em></strong></span> <span class='ocrx_word' id='word_1_875' title='bbox 2457 4293 2753 4359; x_wconf 82' lang='lat' dir='ltr'><strong><em>possessio,</em></strong></span> <span class='ocrx_word' id='word_1_876' title='bbox 2820 4290 2962 4363; x_wconf 88' lang='lat' dir='ltr'><strong><em>quod</em></strong></span> <span class='ocrx_word' id='word_1_877' title='bbox 3010 4290 3437 4364; x_wconf 77' lang='lat' dir='ltr'><strong><em>octingentorum</em></strong></span> <span class='ocrx_word' id='word_1_878' title='bbox 3486 4304 3755 4364; x_wconf 74' lang='lat' dir='ltr'><strong><em>annorum</em></strong></span> 
     </span>
    </p>
   </div>
   <div class='ocr_carea' id='block_1_127' title="bbox 2162 4360 3756 4434">
    <p class='ocr_par' dir='ltr' id='par_1_127' title="bbox 2162 4360 3756 4434">
     <span class='ocr_line' id='line_1_129' title="bbox 2162 4360 3756 4434; baseline 0.003 -23"><span class='ocrx_word' id='word_1_879' title='bbox 2162 4362 2588 4434; x_wconf 79' lang='lat' dir='ltr'><strong><em>praescriptione.</em></strong></span> <span class='ocrx_word' id='word_1_880' title='bbox 2636 4360 2872 4434; x_wconf 82' lang='lat' dir='ltr'><strong><em>omnium</em></strong></span> <span class='ocrx_word' id='word_1_881' title='bbox 2910 4365 2998 4434; x_wconf 91' lang='lat' dir='ltr'><strong><em>qui</em></strong></span> <span class='ocrx_word' id='word_1_882' title='bbox 3036 4360 3301 4419; x_wconf 72' lang='lat' dir='ltr'><strong><em>habentur</em></strong></span> <span class='ocrx_word' id='word_1_883' title='bbox 3327 4376 3477 4434; x_wconf 13' lang='lat' dir='ltr'><strong><em>,inss.</em></strong></span> <span class='ocrx_word' id='word_1_884' title='bbox 3507 4360 3756 4434; x_wconf 80' lang='lat' dir='ltr'><strong><em>codicum</em></strong></span> 
     </span>
    </p>
   </div>
   <div class='ocr_carea' id='block_1_128' title="bbox 2161 4430 3753 4503">
    <p class='ocr_par' dir='ltr' id='par_1_128' title="bbox 2161 4430 3753 4503">
     <span class='ocr_line' id='line_1_130' title="bbox 2161 4430 3753 4503; baseline 0.001 -19"><span class='ocrx_word' id='word_1_885' title='bbox 2161 4430 2287 4503; x_wconf 76' lang='lat' dir='ltr'><strong><em>fide,</em></strong></span> <span class='ocrx_word' id='word_1_886' title='bbox 2320 4430 2589 4503; x_wconf 83' lang='lat' dir='ltr'><strong><em>totiusque</em></strong></span> <span class='ocrx_word' id='word_1_887' title='bbox 2620 4430 3208 4491; x_wconf 42' lang='lat' dir='ltr'><strong><em>Gallicanae—Ecclesia:</em></strong></span> <span class='ocrx_word' id='word_1_888' title='bbox 3248 4432 3500 4502; x_wconf 60' lang='grc' dir='ltr'><strong><em>δυσί-θεία</em></strong></span> <span class='ocrx_word' id='word_1_889' title='bbox 3543 4432 3753 4503; x_wconf 69' lang='lat' dir='ltr'><strong><em>ﬁrmata</em></strong></span> 
     </span>
    </p>
   </div>
   <div class='ocr_carea' id='block_1_129' title="bbox 2161 4501 3755 4574">
    <p class='ocr_par' dir='ltr' id='par_1_129' title="bbox 2161 4501 3755 4574">
     <span class='ocr_line' id='line_1_131' title="bbox 2161 4501 3755 4574; baseline 0.001 -18"><span class='ocrx_word' id='word_1_890' title='bbox 2161 4502 2383 4573; x_wconf 87' lang='lat' dir='ltr'><strong><em>legitur;</em></strong></span> <span class='ocrx_word' id='word_1_891' title='bbox 2414 4501 2555 4574; x_wconf 81' lang='lat' dir='ltr'><strong><em>quod</em></strong></span> <span class='ocrx_word' id='word_1_892' title='bbox 2586 4508 2823 4561; x_wconf 91' lang='lat' dir='ltr'><strong><em>omnium</em></strong></span> <span class='ocrx_word' id='word_1_893' title='bbox 2854 4508 3013 4562; x_wconf 91' lang='lat' dir='ltr'><strong><em>etiam</em></strong></span> <span class='ocrx_word' id='word_1_894' title='bbox 3048 4505 3159 4561; x_wconf 87' lang='lat' dir='ltr'><strong><em>fere</em></strong></span> <span class='ocrx_word' id='word_1_895' title='bbox 3188 4501 3509 4573; x_wconf 82' lang='lat' dir='ltr'><strong><em>scriptorum</em></strong></span> <span class='ocrx_word' id='word_1_896' title='bbox 3542 4501 3597 4556; x_wconf 89' lang='lat' dir='ltr'><strong><em>in</em></strong></span> <span class='ocrx_word' id='word_1_897' title='bbox 3629 4518 3755 4559; x_wconf 85' lang='lat' dir='ltr'><strong><em>eum</em></strong></span> 
     </span>
    </p>
   </div>
   <div class='ocr_carea' id='block_1_130' title="bbox 2161 4575 3759 4644">
    <p class='ocr_par' dir='ltr' id='par_1_130' title="bbox 2161 4575 3759 4644">
     <span class='ocr_line' id='line_1_132' title="bbox 2161 4575 3759 4644; baseline 0.001 -16"><span class='ocrx_word' id='word_1_898' title='bbox 2161 4586 2281 4628; x_wconf 84' lang='lat' dir='ltr'><strong><em>vota</em></strong></span> <span class='ocrx_word' id='word_1_899' title='bbox 2322 4586 2674 4641; x_wconf 88' lang='lat' dir='ltr'><strong><em>concurrunt;</em></strong></span> <span class='ocrx_word' id='word_1_900' title='bbox 2721 4588 2775 4632; x_wconf 90' lang='lat' dir='ltr'><strong><em>et</em></strong></span> <span class='ocrx_word' id='word_1_901' title='bbox 2819 4580 2871 4632; x_wconf 91' lang='lat' dir='ltr'><strong><em>in</em></strong></span> <span class='ocrx_word' id='word_1_902' title='bbox 2914 4580 3163 4632; x_wconf 91' lang='lat' dir='ltr'><strong><em>omnibus</em></strong></span> <span class='ocrx_word' id='word_1_903' title='bbox 3209 4577 3323 4632; x_wconf 87' lang='lat' dir='ltr'><strong><em>fere</em></strong></span> <span class='ocrx_word' id='word_1_904' title='bbox 3358 4575 3595 4643; x_wconf 83' lang='lat' dir='ltr'><strong><em>Operum</em></strong></span> <span class='ocrx_word' id='word_1_905' title='bbox 3639 4575 3759 4644; x_wconf 87' lang='lat' dir='ltr'><strong><em>ejus</em></strong></span> 
     </span>
    </p>
   </div>
   <div class='ocr_carea' id='block_1_131' title="bbox 2165 4644 3760 4719">
    <p class='ocr_par' dir='ltr' id='par_1_131' title="bbox 2165 4644 3760 4719">
     <span class='ocr_line' id='line_1_133' title="bbox 2165 4644 3760 4719; baseline 0 -19"><span class='ocrx_word' id='word_1_906' title='bbox 2165 4646 2487 4719; x_wconf 80' lang='lat' dir='ltr'><strong><em>editionibus</em></strong></span> <span class='ocrx_word' id='word_1_907' title='bbox 2512 4647 2622 4716; x_wconf 91' lang='lat' dir='ltr'><strong><em>jam</em></strong></span> <span class='ocrx_word' id='word_1_908' title='bbox 2652 4663 2716 4704; x_wconf 77' lang='lat' dir='ltr'><strong><em>ex</em></strong></span> <span class='ocrx_word' id='word_1_909' title='bbox 2746 4650 2966 4719; x_wconf 88' lang='lat' dir='ltr'><strong><em>antiquo</em></strong></span> <span class='ocrx_word' id='word_1_910' title='bbox 2996 4664 3089 4719; x_wconf 88' lang='lat' dir='ltr'><strong><em>pro</em></strong></span> <span class='ocrx_word' id='word_1_911' title='bbox 3115 4648 3347 4719; x_wconf 88' lang='lat' dir='ltr'><strong><em>genuino</em></strong></span> <span class='ocrx_word' id='word_1_912' title='bbox 3371 4644 3615 4717; x_wconf 84' lang='lat' dir='ltr'><strong><em>ejusdem</em></strong></span> <span class='ocrx_word' id='word_1_913' title='bbox 3646 4646 3760 4703; x_wconf 86' lang='lat' dir='ltr'><strong><em>fetu</em></strong></span> 
     </span>
    </p>
   </div>
   <div class='ocr_carea' id='block_1_132' title="bbox 2164 4717 2997 4789">
    <p class='ocr_par' dir='ltr' id='par_1_132' title="bbox 2164 4717 2997 4789">
     <span class='ocr_line' id='line_1_134' title="bbox 2164 4717 2997 4789; baseline 0.005 -19"><span class='ocrx_word' id='word_1_914' title='bbox 2164 4717 2403 4771; x_wconf 85' lang='lat' dir='ltr'><strong><em>habitum</em></strong></span> <span class='ocrx_word' id='word_1_915' title='bbox 2436 4729 2517 4772; x_wconf 88' lang='lat' dir='ltr'><strong><em>est</em></strong></span> <span class='ocrx_word' id='word_1_916' title='bbox 2547 4720 2807 4789; x_wconf 90' lang='lat' dir='ltr'><strong><em>scriptum</em></strong></span> <span class='ocrx_word' id='word_1_917' title='bbox 2836 4717 2997 4775; x_wconf 77' lang='lat' dir='ltr'><strong><em>istud.</em></strong></span> 
     </span>
    </p>
   </div>
   <div class='ocr_carea' id='block_1_133' title="bbox 2239 4790 3761 4861">
    <p class='ocr_par' dir='ltr' id='par_1_133' title="bbox 2239 4790 3761 4861">
     <span class='ocr_line' id='line_1_135' title="bbox 2239 4790 3761 4861; baseline 0.001 -19"><span class='ocrx_word' id='word_1_918' title='bbox 2239 4790 2331 4843; x_wconf 83' lang='lat' dir='ltr'><strong><em>Est</em></strong></span> <span class='ocrx_word' id='word_1_919' title='bbox 2360 4805 2461 4843; x_wconf 90' lang='lat' dir='ltr'><strong><em>una</em></strong></span> <span class='ocrx_word' id='word_1_920' title='bbox 2494 4790 2707 4858; x_wconf 89' lang='lat' dir='ltr'><strong><em>quidem</em></strong></span> <span class='ocrx_word' id='word_1_921' title='bbox 2737 4792 3003 4861; x_wconf 17' lang='lat' dir='ltr'><strong><em>Prosperi,</em></strong></span> <span class='ocrx_word' id='word_1_922' title='bbox 3030 4791 3291 4861; x_wconf 88' lang='lat' dir='ltr'><strong><em>hujusque</em></strong></span> <span class='ocrx_word' id='word_1_923' title='bbox 3342 4790 3584 4847; x_wconf 83' lang='lat' dir='ltr'><strong><em>auctoris</em></strong></span> <span class='ocrx_word' id='word_1_924' title='bbox 3612 4790 3761 4845; x_wconf 79' lang='lat' dir='ltr'><strong><em>circa</em></strong></span> 
     </span>
    </p>
   </div>
   <div class='ocr_carea' id='block_1_134' title="bbox 2164 4858 3763 4932">
    <p class='ocr_par' dir='ltr' id='par_1_134' title="bbox 2164 4858 3763 4932">
     <span class='ocr_line' id='line_1_136' title="bbox 2164 4858 3763 4932; baseline 0.001 -17"><span class='ocrx_word' id='word_1_925' title='bbox 2164 4858 2361 4915; x_wconf 89' lang='lat' dir='ltr'><strong><em>Christi</em></strong></span> <span class='ocrx_word' id='word_1_926' title='bbox 2409 4864 2632 4932; x_wconf 87' lang='lat' dir='ltr'><strong><em>gratiam</em></strong></span> <span class='ocrx_word' id='word_1_927' title='bbox 2664 4858 2929 4917; x_wconf 81' lang='lat' dir='ltr'><strong><em>doctrina.</em></strong></span> <span class='ocrx_word' id='word_1_928' title='bbox 2962 4858 3424 4931; x_wconf 38' lang='lat' dir='ltr'><strong><em>Uterque-sancto</em></strong></span> <span class='ocrx_word' id='word_1_929' title='bbox 3457 4862 3763 4932; x_wconf 83' lang='lat' dir='ltr'><strong><em>Augustino</em></strong></span> 
     </span>
    </p>
   </div>
   <div class='ocr_carea' id='block_1_135' title="bbox 2166 4931 3765 5002">
    <p class='ocr_par' dir='ltr' id='par_1_135' title="bbox 2166 4931 3765 5002">
     <span class='ocr_line' id='line_1_137' title="bbox 2166 4931 3765 5002; baseline -0.001 -15"><span class='ocrx_word' id='word_1_930' title='bbox 2166 4932 2415 4987; x_wconf 85' lang='lat' dir='ltr'><strong><em>succinit.</em></strong></span> <span class='ocrx_word' id='word_1_931' title='bbox 2456 4931 2644 4987; x_wconf 82' lang='lat' dir='ltr'><strong><em>Verbis</em></strong></span> <span class='ocrx_word' id='word_1_932' title='bbox 2673 4942 2847 4988; x_wconf 85' lang='lat' dir='ltr'><strong><em>tamen</em></strong></span> <span class='ocrx_word' id='word_1_933' title='bbox 2896 4942 2952 4990; x_wconf 90' lang='lat' dir='ltr'><strong><em>et</em></strong></span> <span class='ocrx_word' id='word_1_934' title='bbox 2992 4934 3164 4988; x_wconf 90' lang='lat' dir='ltr'><strong><em>modis</em></strong></span> <span class='ocrx_word' id='word_1_935' title='bbox 3214 4933 3465 5002; x_wconf 89' lang='lat' dir='ltr'><strong><em>loquendi</em></strong></span> <span class='ocrx_word' id='word_1_936' title='bbox 3508 4932 3765 4988; x_wconf 88' lang='lat' dir='ltr'><strong><em>videntur</em></strong></span> 
     </span>
    </p>
   </div>
   <div class='ocr_carea' id='block_1_136' title="bbox 2166 5003 3764 5075">
    <p class='ocr_par' dir='ltr' id='par_1_136' title="bbox 2166 5003 3764 5075">
     <span class='ocr_line' id='line_1_138' title="bbox 2166 5003 3764 5075; baseline 0.001 -18"><span class='ocrx_word' id='word_1_937' title='bbox 2166 5003 2505 5075; x_wconf 90' lang='lat' dir='ltr'><strong><em>discrepare;</em></strong></span> <span class='ocrx_word' id='word_1_938' title='bbox 2555 5010 2611 5057; x_wconf 88' lang='lat' dir='ltr'><strong><em>et</em></strong></span> <span class='ocrx_word' id='word_1_939' title='bbox 2656 5005 2723 5059; x_wconf 90' lang='lat' dir='ltr'><strong><em>ad</em></strong></span> <span class='ocrx_word' id='word_1_940' title='bbox 2766 5020 2885 5060; x_wconf 90' lang='lat' dir='ltr'><strong><em>eam</em></strong></span> <span class='ocrx_word' id='word_1_941' title='bbox 2914 5003 3224 5075; x_wconf 85' lang='lat' dir='ltr'><strong><em>explicandi</em></strong></span> <span class='ocrx_word' id='word_1_942' title='bbox 3252 5006 3537 5068; x_wconf 89' lang='lat' dir='ltr'><strong><em>rationem,</em></strong></span> <span class='ocrx_word' id='word_1_943' title='bbox 3589 5017 3764 5072; x_wconf 84' lang='lat' dir='ltr'><strong><em>eaque</em></strong></span> 
     </span>
    </p>
   </div>
   <div class='ocr_carea' id='block_1_137' title="bbox 2166 5074 3763 5144">
    <p class='ocr_par' dir='ltr' id='par_1_137' title="bbox 2166 5074 3763 5144">
     <span class='ocr_line' id='line_1_139' title="bbox 2166 5074 3763 5144; baseline -0.001 -15"><span class='ocrx_word' id='word_1_944' title='bbox 2166 5076 2313 5129; x_wconf 86' lang='lat' dir='ltr'><strong><em>velut</em></strong></span> <span class='ocrx_word' id='word_1_945' title='bbox 2333 5074 2691 5129; x_wconf 88' lang='lat' dir='ltr'><strong><em>cmollimenta</em></strong></span> <span class='ocrx_word' id='word_1_946' title='bbox 2718 5074 3003 5131; x_wconf 86' lang='lat' dir='ltr'><strong><em>descendit</em></strong></span> <span class='ocrx_word' id='word_1_947' title='bbox 3018 5075 3120 5130; x_wconf 84' lang='lat' dir='ltr'><strong><em>iste</em></strong></span> <span class='ocrx_word' id='word_1_948' title='bbox 3144 5086 3363 5141; x_wconf 63' lang='lat' dir='ltr'><strong><em>auctor,</em></strong></span> <span class='ocrx_word' id='word_1_949' title='bbox 3376 5075 3441 5129; x_wconf 91' lang='lat' dir='ltr'><strong><em>ad</em></strong></span> <span class='ocrx_word' id='word_1_950' title='bbox 3469 5090 3587 5144; x_wconf 72' lang='lat' dir='ltr'><strong><em>qua:</em></strong></span> <span class='ocrx_word' id='word_1_951' title='bbox 3612 5089 3763 5129; x_wconf 86' lang='lat' dir='ltr'><strong><em>num-</em></strong></span> 
     </span>
    </p>
   </div>
   <div class='ocr_carea' id='block_1_138' title="bbox 2166 5144 3769 5217">
    <p class='ocr_par' dir='ltr' id='par_1_138' title="bbox 2166 5144 3769 5217">
     <span class='ocr_line' id='line_1_140' title="bbox 2166 5144 3769 5217; baseline -0.001 -18"><span class='ocrx_word' id='word_1_952' title='bbox 2166 5160 2324 5217; x_wconf 87' lang='lat' dir='ltr'><strong><em>quam</em></strong></span> <span class='ocrx_word' id='word_1_953' title='bbox 2358 5146 2597 5217; x_wconf 84' lang='lat' dir='ltr'><strong><em>Prosper</em></strong></span> <span class='ocrx_word' id='word_1_954' title='bbox 2643 5148 2950 5217; x_wconf 84' lang='lat' dir='ltr'><strong><em>confugisse</em></strong></span> <span class='ocrx_word' id='word_1_955' title='bbox 3004 5148 3214 5216; x_wconf 88' lang='lat' dir='ltr'><strong><em>legitur.</em></strong></span> <span class='ocrx_word' id='word_1_956' title='bbox 3263 5144 3394 5213; x_wconf 75' lang='lat' dir='ltr'><strong><em>Quae</em></strong></span> <span class='ocrx_word' id='word_1_957' title='bbox 3456 5160 3618 5201; x_wconf 84' lang='lat' dir='ltr'><strong><em>causa</em></strong></span> <span class='ocrx_word' id='word_1_958' title='bbox 3673 5144 3769 5199; x_wconf 81' lang='lat' dir='ltr'><strong><em>fuit</em></strong></span> 
     </span>
    </p>
   </div>
   <div class='ocr_carea' id='block_1_139' title="bbox 2167 5215 3767 5288">
    <p class='ocr_par' dir='ltr' id='par_1_139' title="bbox 2167 5215 3767 5288">
     <span class='ocr_line' id='line_1_141' title="bbox 2167 5215 3767 5288; baseline -0.002 -17"><span class='ocrx_word' id='word_1_959' title='bbox 2167 5215 2407 5271; x_wconf 89' lang='lat' dir='ltr'><strong><em>Gerardo</em></strong></span> <span class='ocrx_word' id='word_1_960' title='bbox 2437 5216 2625 5273; x_wconf 86' lang='lat' dir='ltr'><strong><em>Vossio</em></strong></span> <span class='ocrx_word' id='word_1_961' title='bbox 2661 5215 2934 5273; x_wconf 80' lang='lat' dir='ltr'><strong><em>asserendi</em></strong></span> <span class='ocrx_word' id='word_1_962' title='bbox 2963 5215 3106 5288; x_wconf 87' lang='lat' dir='ltr'><strong><em>quod</em></strong></span> <span class='ocrx_word' id='word_1_963' title='bbox 3142 5220 3254 5288; x_wconf 80' lang='lat' dir='ltr'><strong><em>ejus</em></strong></span> <span class='ocrx_word' id='word_1_964' title='bbox 3283 5216 3535 5288; x_wconf 79' lang='lat' dir='ltr'><strong><em>sententia</em></strong></span> <span class='ocrx_word' id='word_1_965' title='bbox 3569 5233 3679 5270; x_wconf 81' lang='lat' dir='ltr'><strong><em>non</em></strong></span> <span class='ocrx_word' id='word_1_966' title='bbox 3704 5231 3767 5268; x_wconf 78' lang='lat' dir='ltr'><strong><em>ea:</em></strong></span> 
     </span>
    </p>
   </div>
   <div class='ocr_carea' id='block_1_140' title="bbox 2166 5287 3766 5358">
    <p class='ocr_par' dir='ltr' id='par_1_140' title="bbox 2166 5287 3766 5358">
     <span class='ocr_line' id='line_1_142' title="bbox 2166 5287 3766 5358; baseline -0.001 -17"><span class='ocrx_word' id='word_1_967' title='bbox 2166 5289 2414 5341; x_wconf 84' lang='lat' dir='ltr'><strong><em>amussim</em></strong></span> <span class='ocrx_word' id='word_1_968' title='bbox 2443 5290 2661 5358; x_wconf 87' lang='lat' dir='ltr'><strong><em>quadrat</em></strong></span> <span class='ocrx_word' id='word_1_969' title='bbox 2692 5290 2938 5345; x_wconf 77' lang='lat' dir='ltr'><strong><em>doctrina:</em></strong></span> <span class='ocrx_word' id='word_1_970' title='bbox 2966 5287 3235 5357; x_wconf 67' lang='lat' dir='ltr'><strong><em>Prospeh&#39;,</em></strong></span> <span class='ocrx_word' id='word_1_971' title='bbox 3270 5291 3365 5342; x_wconf 88' lang='lat' dir='ltr'><strong><em>sed</em></strong></span> <span class='ocrx_word' id='word_1_972' title='bbox 3398 5287 3633 5343; x_wconf 86' lang='lat' dir='ltr'><strong><em>mediam</em></strong></span> <span class='ocrx_word' id='word_1_973' title='bbox 3664 5303 3766 5356; x_wconf 56' lang='lat' dir='ltr'><strong><em>po.</em></strong></span> 
     </span>
    </p>
   </div>
   <div class='ocr_carea' id='block_1_141' title="bbox 2169 5359 3767 5432">
    <p class='ocr_par' dir='ltr' id='par_1_141' title="bbox 2169 5359 3767 5432">
     <span class='ocr_line' id='line_1_143' title="bbox 2169 5359 3767 5432; baseline -0.002 -19"><span class='ocrx_word' id='word_1_974' title='bbox 2169 5359 2272 5414; x_wconf 87' lang='lat' dir='ltr'><strong><em>tius</em></strong></span> <span class='ocrx_word' id='word_1_975' title='bbox 2302 5364 2442 5415; x_wconf 88' lang='lat' dir='ltr'><strong><em>viam</em></strong></span> <span class='ocrx_word' id='word_1_976' title='bbox 2469 5362 2711 5432; x_wconf 87' lang='lat' dir='ltr'><strong><em>sequitur</em></strong></span> <span class='ocrx_word' id='word_1_977' title='bbox 2738 5362 2880 5417; x_wconf 88' lang='lat' dir='ltr'><strong><em>inter</em></strong></span> <span class='ocrx_word' id='word_1_978' title='bbox 2908 5360 3191 5432; x_wconf 88' lang='lat' dir='ltr'><strong><em>Augustini</em></strong></span> <span class='ocrx_word' id='word_1_979' title='bbox 3221 5360 3544 5417; x_wconf 88' lang='lat' dir='ltr'><strong><em>sententiam</em></strong></span> <span class='ocrx_word' id='word_1_980' title='bbox 3566 5368 3623 5416; x_wconf 89' lang='lat' dir='ltr'><strong><em>et</em></strong></span> <span class='ocrx_word' id='word_1_981' title='bbox 3646 5370 3767 5414; x_wconf 85' lang='lat' dir='ltr'><strong><em>eam</em></strong></span> 
     </span>
    </p>
   </div>
   <div class='ocr_carea' id='block_1_142' title="bbox 1556 5468 2699 5537">
    <p class='ocr_par' dir='ltr' id='par_1_142' title="bbox 1556 5468 2699 5537">
     <span class='ocr_line' id='line_1_144' title="bbox 1556 5468 2699 5537; baseline 0.007 -8"><span class='ocrx_word' id='word_1_982' title='bbox 1556 5473 2117 5534; x_wconf 81' lang='lat' dir='ltr'><strong><em>BALLERINIORUM</em></strong></span> <span class='ocrx_word' id='word_1_983' title='bbox 2154 5468 2699 5537; x_wconf 78' lang='lat' dir='ltr'><strong><em>ANNOTATIONES.</em></strong></span> 
     </span>
    </p>
   </div>
   <div class='ocr_carea' id='block_1_143' title="bbox 494 5568 2070 5711">
    <p class='ocr_par' dir='ltr' id='par_1_143' title="bbox 494 5568 2070 5711">
     <span class='ocr_line' id='line_1_145' title="bbox 494 5568 2070 5711; baseline 0.002 -89"><span class='ocrx_word' id='word_1_984' title='bbox 494 5569 647 5693; x_wconf 49' lang='grc' dir='ltr'><strong><em>ἀὲαέ</em></strong></span> <span class='ocrx_word' id='word_1_985' title='bbox 683 5571 874 5711; x_wconf 49' lang='lat' dir='ltr'><strong><em>Cognlier</em></strong></span> <span class='ocrx_word' id='word_1_986' title='bbox 902 5569 1301 5628; x_wconf 87' lang='lat' dir='ltr'><strong><em>observationes</em></strong></span> <span class='ocrx_word' id='word_1_987' title='bbox 1340 5571 1466 5626; x_wconf 87' lang='lat' dir='ltr'><strong><em>huic</em></strong></span> <span class='ocrx_word' id='word_1_988' title='bbox 1510 5568 1873 5625; x_wconf 90' lang='lat' dir='ltr'><strong><em>dissertationi</em></strong></span> <span class='ocrx_word' id='word_1_989' title='bbox 1901 5568 2070 5639; x_wconf 87' lang='lat' dir='ltr'><strong><em>subji-</em></strong></span> 
     </span>
     <span class='ocr_line' id='line_1_146' title="bbox 579 5655 853 5695; baseline 0.011 -3"><span class='ocrx_word' id='word_1_990' title='bbox 579 5655 611 5692; x_wconf 91' lang='lat' dir='ltr'><strong><em>n</em></strong></span> <span class='ocrx_word' id='word_1_991' title='bbox 651 5655 709 5694; x_wconf 91' lang='lat' dir='ltr'><strong><em>as</em></strong></span> <span class='ocrx_word' id='word_1_992' title='bbox 840 5682 853 5695; x_wconf 99' lang='lat'><strong><em>.</em></strong></span> 
     </span>
    </p>
   </div>
   <div class='ocr_carea' id='block_1_144' title="bbox 579 5655 853 5695">
    <p class='ocr_par' dir='ltr' id='par_1_144' title="bbox 579 5655 853 5695">
     <span class='ocr_line' id='line_1_147' title="bbox 579 5655 853 5695; baseline 0.011 -3"><span class='ocrx_word' id='word_1_993' title='bbox 579 5655 709 5694; x_wconf 72' lang='lat'><strong><em>“088</em></strong></span> <span class='ocrx_word' id='word_1_994' title='bbox 741 5655 769 5695; x_wconf 64' lang='grc' dir='ltr'>δ</span> <span class='ocrx_word' id='word_1_995' title='bbox 804 5655 853 5695; x_wconf 80' lang='grc' dir='ltr'><strong>Ι.</strong></span> 
     </span>
    </p>
   </div>
   <div class='ocr_carea' id='block_1_145' title="bbox 570 5708 2070 5784">
    <p class='ocr_par' dir='ltr' id='par_1_145' title="bbox 570 5708 2070 5784">
     <span class='ocr_line' id='line_1_148' title="bbox 570 5708 2070 5784; baseline 0.005 -23"><span class='ocrx_word' id='word_1_996' title='bbox 570 5708 645 5778; x_wconf 86' lang='lat' dir='ltr'><strong><em>(b)</em></strong></span> <span class='ocrx_word' id='word_1_997' title='bbox 676 5708 797 5784; x_wconf 67' lang='lat' dir='ltr'><strong><em>Haec</em></strong></span> <span class='ocrx_word' id='word_1_998' title='bbox 823 5714 1027 5784; x_wconf 90' lang='lat' dir='ltr'><strong><em>opinio,</em></strong></span> <span class='ocrx_word' id='word_1_999' title='bbox 1056 5728 1161 5784; x_wconf 89' lang='lat' dir='ltr'><strong><em>qua</em></strong></span> <span class='ocrx_word' id='word_1_1000' title='bbox 1189 5714 1245 5770; x_wconf 91' lang='lat' dir='ltr'><strong><em>S.</em></strong></span> <span class='ocrx_word' id='word_1_1001' title='bbox 1280 5714 1511 5783; x_wconf 90' lang='lat' dir='ltr'><strong><em>Prosper</em></strong></span> <span class='ocrx_word' id='word_1_1002' title='bbox 1538 5712 1833 5783; x_wconf 86' lang='lat' dir='ltr'><strong><em>Aquitanus</em></strong></span> <span class='ocrx_word' id='word_1_1003' title='bbox 1858 5727 2070 5783; x_wconf 83' lang='lat' dir='ltr'><strong><em>episco-</em></strong></span> 
     </span>
    </p>
   </div>
   <div class='ocr_carea' id='block_1_146' title="bbox 497 5782 2067 5863">
    <p class='ocr_par' dir='ltr' id='par_1_146' title="bbox 497 5782 2067 5863">
     <span class='ocr_line' id='line_1_149' title="bbox 497 5782 2067 5863; baseline 0.006 -29"><span class='ocrx_word' id='word_1_1004' title='bbox 497 5790 626 5851; x_wconf 78' lang='lat' dir='ltr'><strong><em>pata</em></strong></span> <span class='ocrx_word' id='word_1_1005' title='bbox 654 5782 935 5853; x_wconf 87' lang='lat' dir='ltr'><strong><em>aliquando</em></strong></span> <span class='ocrx_word' id='word_1_1006' title='bbox 954 5782 1175 5863; x_wconf 77' lang='lat' dir='ltr'><strong><em>ornatus</em></strong></span> <span class='ocrx_word' id='word_1_1007' title='bbox 1195 5801 1224 5841; x_wconf 88' lang='lat' dir='ltr'><strong><em>a</em></strong></span> <span class='ocrx_word' id='word_1_1008' title='bbox 1248 5782 1515 5844; x_wconf 86' lang='lat' dir='ltr'><strong><em>nonnullis</em></strong></span> <span class='ocrx_word' id='word_1_1009' title='bbox 1535 5782 1789 5851; x_wconf 86' lang='lat' dir='ltr'><strong><em>creditur,</em></strong></span> <span class='ocrx_word' id='word_1_1010' title='bbox 1821 5782 2067 5843; x_wconf 87' lang='lat' dir='ltr'><strong><em>innititur</em></strong></span> 
     </span>
    </p>
   </div>
   <div class='ocr_carea' id='block_1_147' title="bbox 2179 5568 3772 5645">
    <p class='ocr_par' dir='ltr' id='par_1_147' title="bbox 2179 5568 3772 5645">
     <span class='ocr_line' id='line_1_150' title="bbox 2179 5568 3772 5645; baseline -0.005 -18"><span class='ocrx_word' id='word_1_1011' title='bbox 2179 5576 2481 5644; x_wconf 63' lang='lat' dir='ltr'><strong><em>praesertim</em></strong></span> <span class='ocrx_word' id='word_1_1012' title='bbox 2525 5574 2752 5645; x_wconf 65' lang='lat' dir='ltr'><strong><em>vulgata:</em></strong></span> <span class='ocrx_word' id='word_1_1013' title='bbox 2796 5572 3135 5645; x_wconf 87' lang='lat' dir='ltr'><strong><em>inscriptioni</em></strong></span> <span class='ocrx_word' id='word_1_1014' title='bbox 3183 5570 3425 5645; x_wconf 62' lang='lat' dir='ltr'><strong><em>epistola:</em></strong></span> <span class='ocrx_word' id='word_1_1015' title='bbox 3466 5568 3534 5624; x_wconf 85' lang='lat' dir='ltr'><strong><em>ad</em></strong></span> <span class='ocrx_word' id='word_1_1016' title='bbox 3576 5568 3772 5645; x_wconf 69' lang='lat' dir='ltr'><strong><em>Deme-</em></strong></span> 
     </span>
    </p>
   </div>
   <div class='ocr_carea' id='block_1_148' title="bbox 2177 5637 3771 5717">
    <p class='ocr_par' dir='ltr' id='par_1_148' title="bbox 2177 5637 3771 5717">
     <span class='ocr_line' id='line_1_151' title="bbox 2177 5637 3771 5717; baseline -0.001 -18"><span class='ocrx_word' id='word_1_1017' title='bbox 2177 5637 2421 5712; x_wconf 75' lang='lat' dir='ltr'><strong><em>triadem,</em></strong></span> <span class='ocrx_word' id='word_1_1018' title='bbox 2450 5637 2819 5717; x_wconf 51' lang='lat' dir='ltr'><strong><em>quam-tamen</em></strong></span> <span class='ocrx_word' id='word_1_1019' title='bbox 2842 5637 3181 5717; x_wconf 12' lang='lat' dir='ltr'><strong><em>rarbitrariam</em></strong></span> <span class='ocrx_word' id='word_1_1020' title='bbox 3212 5637 3268 5699; x_wconf 76' lang='lat' dir='ltr'><strong><em>et</em></strong></span> <span class='ocrx_word' id='word_1_1021' title='bbox 3310 5642 3499 5700; x_wconf 74' lang='lat' dir='ltr'><strong><em>falsam</em></strong></span> <span class='ocrx_word' id='word_1_1022' title='bbox 3527 5637 3771 5699; x_wconf 76' lang='lat' dir='ltr'><strong><em>ostendi-</em></strong></span> 
     </span>
    </p>
   </div>
   <div class='ocr_carea' id='block_1_149' title="bbox 2173 5715 3278 5791">
    <p class='ocr_par' dir='ltr' id='par_1_149' title="bbox 2173 5715 3278 5791">
     <span class='ocr_line' id='line_1_152' title="bbox 2173 5715 3278 5791; baseline -0.005 -14"><span class='ocrx_word' id='word_1_1023' title='bbox 2173 5732 2293 5778; x_wconf 85' lang='lat' dir='ltr'><strong><em>mus</em></strong></span> <span class='ocrx_word' id='word_1_1024' title='bbox 2322 5715 2507 5779; x_wconf 79' lang='lat' dir='ltr'><strong><em>annot.</em></strong></span> <span class='ocrx_word' id='word_1_1025' title='bbox 2537 5717 2573 5781; x_wconf 71' lang='lat'><strong>2</strong></span> <span class='ocrx_word' id='word_1_1026' title='bbox 2600 5717 2654 5777; x_wconf 90' lang='lat' dir='ltr'><strong><em>in</em></strong></span> <span class='ocrx_word' id='word_1_1027' title='bbox 2698 5716 2943 5776; x_wconf 81' lang='lat' dir='ltr'><strong><em>eamdem</em></strong></span> <span class='ocrx_word' id='word_1_1028' title='bbox 2972 5715 3278 5791; x_wconf 86' lang='lat' dir='ltr'><strong><em>epistolam.</em></strong></span> 
     </span>
    </p>
   </div>
  </div>
