3968 6308
194 386 309 472 ω

646 401 950 466 υιδδειιτ.
993 403 1056 461 ll.
1102 402 1189 460 DE
1230 400 1553 460 AUCTORE
1591 395 1939 456 LIBRORUM
1981 398 2067 454 DE
2107 398 2351 456 VOCAT.
2392 399 2660 461 OMNIUM
2700 401 3030 464 GENTIUM.

3344 411 3447 469 5‘6

198 543 323 607 quae
362 528 461 584 fuit
487 528 1036 607 Semipelagianorum
1066 545 1079 583 :
1106 524 1249 597 quod
1278 540 1345 580 an
1373 537 1559 579 verum
1589 521 1679 590 sit,
1714 521 1789 578 in-
1813 522 1871 583 ,ζ
1892 520 2234 607 hominisque
2256 523 2425 607 magis
2448 527 2771 607 inquirentis,
2799 542 2919 584 sese
2938 531 3235 607 exercentis,
3262 542 3482 607 remque

199 600 377 671 terius
397 616 532 669 Opus
546 601 658 671 erit
680 602 968 671 inquirere.

272 670 329 726 2.
360 668 496 744 Styli
526 668 809 744 disparitas
829 681 1113 744 auctorum
1144 686 1357 744 quoque
1387 668 1786 744 distinctionem

202 744 379 813 arguit
406 738 585 813 {quod
609 742 798 799 Joanni
824 742 979 799 Latio
1002 738 1176 811 primo
1203 738 1372 796 visum
1398 749 1502 805 est,
1538 740 1631 795 lib.
1663 755 1697 813 ῃ
1721 738 1790 796 de

204 810 651 885 Seinipelagianis
705 831 823 883 cap.
856 816 910 871 ὅ.
952 810 1242 870 Cdssander
1280 824 1325 868 et
1355 813 1610 867 Costerius
1659 810 1790 865 Pro-

199 902 353 957 spero
400 884 682 956 (tribuunt)
729 902 790 942 ex
824 888 1148 957 antiquorum
1184 888 1415 941 codicum
1454 884 1790 957 auctoritate;

202 956 379 1031 rerum
398 958 555 1031 stylus
577 975 607 1010 a
629 957 869 1031 Prosperi
889 956 1022 1030 stylo
1044 959 1263 1025 abludit,
1291 968 1337 1012 et
1360 973 1531 1010 rerum
1552 956 1792 1031 tractatio

201 1028 470 1082 dissimilis
512 1037 608 1083 est.
657 1028 787 1095 Qua:
822 1028 982 1086 causa
1020 1033 1229 1093 eadem,
1278 1031 1499 1097 Opinor,
1546 1030 1666 1093 luit,
1700 1042 1795 1080 cur

202 1099 521 1170 opusculum
546 1101 685 1156 istud
715 1118 954 1168 aureum,
1002 1110 1061 1158 ut
1089 1118 1233 1170 saepe
1253 1096 1327 1155 ab
1354 1100 1579 1155 eruditis
1612 1096 1796 1166 appel-

203 1169 375 1242 latur,
427 1172 673 1241 Prosperi
718 1190 821 1228 non
864 1188 985 1229 esse
1034 1174 1430 1242 pronuntiarint
1469 1170 1569 1223 viri
1618 1170 1799 1236 plures

203 1240 543 1317 doctissimi,
579 1260 714 1313 quos
758 1245 896 1317 inter
939 1240 1159 1317 (printer
1188 1244 1425 1317 Latium)
1451 1250 1801 1317 numerantur

206 1312 480 1385 Qerardus
509 1310 751 1379 Viissius,
786 1310 1201 1385 Hugo'Grotius,
1228 1310 1797 1385 AntoniusArnaldus,

205 1383 470 1440 Henricus
496 1385 763 1453 Norisius,
804 1383 947 1441 nunc
982 1387 1039 1441 S.
1075 1386 1137 1439 Β.
1170 1387 1231 1441 E.
1268 1384 1575 1447 cardinalis,
1620 1393 1675 1438 et
1716 1383 1800 1437 alii

206 1457 477 1511 nonnulli.
507 1456 665 1512 Certe
688 1458 925 1512 auctoris
947 1458 1205 1511 librorum
1227 1457 1295 1511 de
1313 1455 1607 1510 Vocatione
1634 1456 1801 1525 stylus

206 1526 575 1599 Prosperiann
606 1528 764 1598 longe
794 1529 1098 1599 castigatior
1124 1528 1558 1595 concinuiorqne,
1586 1526 1799 1599 elegan-

206 1598 318 1652 tior
347 1599 535 1663 dictio,
578 1597 782 1665 periodi
812 1597 978 1670 magis
1003 1610 1482 1670 commensuratae,
1504 1597 1799 1670 antitheses

212 1670 605 1723 sententiarum
625 1666 1012 1741 verborumque
1026 1687 1210 1740 pugna:
1225 1668 1634 1741 frequentiores,
1651 1666 1799 1721 sche-

213 1750 423 1794 matum
454 1756 577 1795 usus
599 1741 853 1807 crebrior,
884 1738 989 1797 tota
1017 1738 1245 1810 denique
1269 1739 1443 1795 oratio
1466 1755 1530 1810 ex
1548 1738 1797 1793 aﬂectato

215 1810 609 1883 rhythmorum,
636 1826 860 1866 occursu
910 1812 1065 1883 longe
1100 1809 1445 1883 modulatior.
1482 1809 1698 1880 llocque
1743 1810 1795 1865 in

211 1883 405 1952 primis
434 1882 833 1949 attendendum,
866 1882 1045 1952 utpote
1073 1900 1177 1939 non
1210 1882 1307 1937 nisi
1339 1898 1404 1937 ex
1432 1883 1658 1937 consilio
1684 1891 1796 1936 stu-

206 1950 409 2032 dieque
438 1962 655 2032 natum;
690 1969 794 2009 non
828 1950 967 2010 enim
1006 1966 1130 2032 tunc
1156 1958 1338 2032 solum
1363 1963 1650 2032 occurrunt
1674 1968 1795 2032 cum

202 2024 265 2075 in
296 2037 389 2078 eas
420 2024 563 2078 velut
601 2037 794 2092 sponte
830 2042 1050 2082 currere
1085 2027 1296 2082 videtur
1335 2026 1533 2089 oratio,
1576 2026 1718 2095 quod
1746 2035 1802 2081 et

204 2107 615 2165 nonnumquam
648 2098 701 2150 in
727 2097 994 2165 Prospero
1044 2100 1344 2165 inveneris;
1369 2098 1461 2152 sed
1492 2098 1612 2151 aliis
1637 2100 1800 2152 etiam

205 2163 269 2219 in
283 2164 574 2241 _loc_is,rnbi
600 2183 704 2241 non
730 2170 829 2223 nisi
861 2163 983 2225 data
1011 2186 1173 2241 opera
1207 2163 1612 2241 nsur‘parentur.

283 2236 337 2311 ὅ.
368 2237 642 2292 Scribendi
666 2242 950 2296 tnetltodns
985 2236 1185 2297 auctori
1222 2236 1489 2311 anonymo
1525 2240 1801 2297 familiaris

205 2307 507 2381 aProsperi
537 2311 743 2364 ratione
768 2312 1054 2381 plurimum
1084 2314 1324 2368 diSsidet.
1349 2307 1442 2367 llic
1456 2314 1598 2367 enim
1628 2314 1799 2381 palam

207 2388 270 2434 et
287 2379 494 2453 publice
514 2379 836 2438 assertorem
860 2398 917 2437 se
940 2384 1314 2453 viudicemqne
1335 2384 1504 2438 sancti
1526 2379 1805 2451 Augustini

206 2449 453 2532 exhibet,
502 2453 663 2524 623
708 2455 824 2525 ejus
862 2454 1123 2511 doctrina:
1170 2449 1349 2532 apices
1387 2470 1574 2532 omnes
1612 2449 1806 2532 ubique

207 2526 411 2597 acriter
435 2539 499 2597 ac
523 2536 740 2597 strenue
782 2540 1097 2597 propugnat,
1146 2530 1338 2597 prcutit
1367 2526 1604 2583 studiose
1626 2528 1804 2581 omnia

209 2594 337 2661 ejus
368 2594 612 2664 vestigia,
646 2594 840 2668 ubique
865 2594 1035 2653 Sancti
1066 2594 1301 2654 doctoris
1322 2601 1579 2663 animum,
1606 2598 1807 2653 doctri-

208 2682 367 2740 nam,
415 2680 711 2740 sensuSque
750 2684 937 2725 omnes
980 2674 1167 2739 spirat.
1198 2670 1339 2725 Nihil
1384 2671 1487 2724 tale
1517 2671 1805 2740 ingeniine

212 2736 427 2813 libello.
471 2737 547 2813 pe
576 2750 763 2795 sancto
788 2736 1092 2813 Augusti-no
1133 2760 1198 2797 ne
1228 2758 1360 2811 ap'x
1387 2736 1800 2813 quidem'ttllus;

209 2808 305 2883 ita
324 2820 384 2883 ut
402 2809 486 2883 vel
508 2809 680 2883 ipsum
713 2812 953 2867 videatur
983 2830 1089 2869 non
1120 2808 1279 2868 nosse
1318 2808 1479 2883 (qu—0d
1508 2830 1666 2868 nemo
1689 2829 1807 2869 cre-

211 2879 459 2956 diderit),
503 2882 583 2935 vel
623 2882 739 2956 ejus
770 2899 960 2956 nomen
996 2903 1061 2941 ex
1092 2900 1241 2941 certo
1274 2879 1497 2940 consilio
1528 2897 1807 2956 certasque

213 2952 292 3027 ob
320 2968 508 3006 causas
537 2954 834 3010 reticuisse.
876 2955 1108 3027 Prosper
1146 2974 1267 3012 cum
1306 2957 1511 3020 scribit,
1555 2952 1807 3010 Ecclesiae

217 3024 483 3096 Romanae
501 3027 868 3081 auctoritatem
897 3024 1094 3096 passim
1118 3029 1370 3096 praedicat
1392 3043 1452 3081 ac
1474 3028 1805 3091 circumfert,

217 3104 409 3169 utpote
440 3095 554 3169 ejus
585 3100 798 3153 nomine
828 3095 973 3153 ctex
1005 3095 1127 3169 ejus
1153 3099 1487 3167 delegatione
1512 3098 1563 3152 in
1592 3114 1809 3151 arenam

218 3166 559 3222 descendens
593 3184 606 3224 :
636 3170 769 3225 alter
797 3185 862 3225 ex
893 3166 1108 3241 proprio
1135 3166 1348 3237 ingenio
1380 3170 1585 3241 styluin
1610 3172 1808 3232 exerit,

222 3254 333 3312 non
366 3245 468 3291 tam
507 3242 774 3310 pugnandi
814 3257 974 3312 quam
1000 3240 1126 3296 Sese
1156 3241 1440 3297 exercendi
1472 3240 1669 3308 studio,
1701 3255 1810 3293 uia-

222 3310 412 3383 gisqne
442 3312 729 3381 inquirenti
758 3310 968 3377 similis,
1020 3330 1177 3383 quam
1208 3322 1349 3367 certa
1390 3321 1444 3365 et
1468 3312 1576 3379 jam
1612 3312 1811 3366 saucita

228 3382 474 3453 dogmata
499 3384 873 3453 propugnanti.
914 3384 1006 3439 Ille
1036 3382 1208 3453 palam
1238 3383 1543 3453 aggreditur
1575 3384 1816 3451 Semipe—

227 3452 509 3519 lagianos,’
538 3452 695 3522 atque
746 3465 801 3509 ut
848 3452 1127 3511 catholica:
1175 3452 1432 3510 doctrina:
1476 3454 1815 3509 adversarios

226 3523 520 3596 insectatur
548 3542 559 3577 :
584 3524 669 3580 hic
699 3543 803 3580 non
836 3535 942 3581 tam
976 3542 1039 3580 ex
1070 3528 1325 3583 industria
1372 3542 1527 3596 qnam
1558 3527 1696 3580 aliud
1728 3542 1817 3582 ve-

224 3594 325 3668 luti
357 3611 518 3664 agens
551 3612 643 3651 eos
669 3599 925 3668 exagitat,
976 3615 1075 3654 nec
1106 3600 1155 3654 id
1188 3616 1247 3654 ea
1282 3594 1616 3653 vehementia
1646 3614 1816 3665 eoque

224 3666 347 3741 zelo
376 3668 709 3741 exsequitur,
763 3666 867 3738 quo
898 3682 1113 3725 sanetns
1158 3672 1247 3727 ille
1281 3670 1683 3741 Augustinianm
1719 3670 1818 3725 do-

223 3738 417 3794 ctrinae
446 3738 738 3803 discipulus
767 3750 819 3797 et
849 3742 1062 3797 vindex.

303 3809 442 3865 ΧΙΙΙ.
473 3811 529 3866 4.
557 3812 687 3865 Cum
710 3823 912 3867 certum
940 3814 1279 3884 sitscriptum
1312 3814 1627 3883 opusculum
1652 3813 1818 3869 fuisse

222 3882 558 3951 aliquamdiu
600 3893 722 3955 ante
761 3884 960 3941 Gelasii
1010 3882 1159 3955 papae
1207 3882 1466 3953 tempora,
1513 3886 1600 3939 vix
1640 3894 1816 3939 tamen

226 3971 397 4007 tinum
446 3954 661 4022 aliquod
712 3958 967 4025 temporis
1012 3954 1243 4023 Spatium
1303 3958 1576 4025 assignare
1625 3957 1816 4025 pos~is,

224 4025 374 4096 quod
397 4025 663 4095 Prospero
686 4030 984 4084 conveniat.
1017 4030 1072 4084 Si
1098 4030 1274 4083 szatim
1306 4029 1374 4083 ab
1406 4030 1553 4083 initio
1590 4044 1816 4082 concer-

225 4098 495 4150 talionum
523 4098 605 4151 νει
646 4099 800 4166 paulo
828 4110 946 4169 post
977 4115 1067 4153 eas
1098 4114 1311 4155 exortas
1342 4110 1617 4154 exaratum
1664 4100 1818 4164 velis,

225 4169 337 4235 iani
374 4170 547 4236 ipsum
578 4179 846 4223 auctorem
878 4172 927 4224 in
959 4172 1079 4227 libri
1102 4173 1181 4225 Sui
1211 4171 1431 4226 exordio
1450 4170 1823 4225 contradicen-

227 4250 339 4294 teui
372 4239 561 4303 habes,
603 4241 694 4311 qui
722 4243 1033 4310 jamdudum
1067 4245 1134 4297 de
1168 4242 1250 4296 Itis
1280 4242 1666 4311 (llliBsiiOIIillUS
1695 4256 1824 4294 con-

226 4322 536 4365 trovcrsntn
584 4313 744 4368 fuisse
783 4314 983 4369 diserte
1023 4314 1231 4368 asserit.
1265 4312 1407 4366 Inter
1446 4314 1737 4380 defensores
1764 4312 1823 4364 Ii-

226 4384 337 4436 beri
360 4384 580 4446 arbitrii,
616 4385 781 4452 inquit
807 4385 943 4449 (Lib.
974 4402 990 4439 ι
1017 4388 1077 4438 de
1115 4384 1294 4438 Vocat.
1322 4400 1457 4437 omn.
1496 4386 1643 4435 (ient.
1673 4398 1719 4434 ε.
1746 4383 1823 4449 1),

224 4464 276 4507 et
310 4455 673 4523 praedicatores
694 4458 871 4527 gratia:
890 4456 984 4510 Οεί
1009 4474 1192 4525 magna
1218 4466 1263 4509 et
1287 4454 1506 4524 difﬁcilis
1530 4469 1705 4508 DUDUI
1728 4468 1831 4505 rer-

225 4528 355 4579 tilur
384 4528 615 4592 qmeslio,
649 4541 750 4581 etc.
782 4529 835 4584 Si
863 4544 992 4583 vero
1022 4528 1161 4582 ultro
1191 4528 1524 4580 concesseris
1557 4528 1695 4589 quod
1732 4542 1827 4577 nc-

226 4600 345 4666 gari
379 4614 486 4651 non
514 4608 703 4665 potest,
728 4615 843 4653 eam
862 4599 1280 4654 controversiam
1299 4597 1829 4651 dndtnncll‘erbuisse

229 4673 383 4759 inter:
408 4669 823 4738 Angustinianos
856 4682 907 4725 et
934 4671 1414 4759 §emipelagianos,
1446 4668 1657 4759 cumnad
1690 4668 1821 4721 scri'
1862 4700 1909 4759 ο

230 4743 477 4795 hcndttm
507 4751 691 4797 auctor
722 4758 780 4797 se
827 4744 1102 4812 applicuit,
1145 4741 1255 4811 jam
1298 4742 1457 4795 alium
1502 4758 1528 4793 ιι
1566 4740 1830 4812 Prospero

229 4813 407 4866 fuisse
434 4828 653 4867 necesse
698 4823 799 4879 est,
852 4810 948 4868 llic
977 4814 1117 4868 enim
1163 4815 1341 4867 statim
1371 4824 1531 4883 atque
1563 4810 1831 4883 Pelagiani

230 4886 434 4938 \cncni
468 4884 705 4954 reliqnize
746 4900 839 4954 per
869 4885 1231 4941 Genuensium
1263 4882 1537 4951 excerpta,
1572 4884 1654 4937 vel
1688 4882 1833 4954 capi:

230 4958 347 5009 tula
374 4952 673 5022 Gallorum,
706 4952 787 5010 vel
812 4955 1033 5011 Joannis
1050 4956 1288 5011 Cassiani
1310 4955 1634 5010 Collationes
1658 4952 1833 5022 Spargi

230 5043 481 5097 tempore,
516 5029 713 5097 stylum
738 5028 887 5083 ocius
919 5028 1143 5097 arripuit
1171 5030 1439 5096 acuitque,
1474 5034 1527 5079 ct
1555 5027 1678 5079 lotis
1711 5026 1836 5077 viri-

231 5104 364 5165 lins,
404 5101 613 5153 illarunt
645 5114 833 5154 vocum
867 5103 1130 5153 novitates
1172 5100 1462 5152 inseetatns
1501 5105 1584 5151 est
1610 5114 1621 5149 :
1647 5104 1833 5150 contra

230 5188 372 5226 vero
418 5182 604 5224 auctor
646 5171 906 5225 librorum
955 5171 1021 5225 de
1062 5170 1336 5225 Vocatione
1376 5168 1613 5222 Gentium
1665 5167 1837 5220 innuit

230 5245 384 5301 lianc
428 5242 655 5309 primam
698 5257 848 5297 suam
882 5258 1001 5297 esse
1031 5242 1097 5296 de
1127 5242 1225 5296 hac
1257 5242 1477 5295 materia
1509 5238 1837 5294 lucubratio-

232 5332 395 5381 nem,
448 5323 502 5367 et
542 5314 757 5381 quidem
787 5314 985 5368 dudum
1019 5321 1134 5379 post
1169 5325 1342 5366 metas
1372 5312 1695 5376 quIestioncs
1724 5309 1839 5363 cla-

233 5390 514 5442 boratatn.
556 5384 747 5456 Magna
769 5396 814 5439 et
835 5385 1054 5455 di/ﬁcitis
1077 5400 1255 5439 nnnnu
1284 5385 1489 5437 vertitur
1515 5384 1724 5453 qua’stio

237 5464 323 5513 Ue
355 5458 455 5510 har
484 5458 640 5529 igitur
670 5458 1062 5529 compugnantia
1090 5458 1510 5529 opinionumque
1538 5469 1777 5529 mensura
1795 5460 1841 5505 et

234 5524 591 5599 temperantia
619 5524 937 5583 sentiendum
966 5529 1049 5593 sit,
1076 5542 1319 5595 quantum
1361 5526 1607 5599 Dominus
1635 5524 1843 5599 adjunc-

236 5606 337 5667 rit,
355 5594 595 5655 'Astvt'ran
626 5602 900 5667 inquirere,
933 5616 1169 5653 exercens
1195 5610 1343 5665 atque
1368 5597 1643 5651 discutiens
1667 5594 1847 5647 modu-

233 5676 362 5728 lum
394 5673 653 5742 [amittatis
685 5688 807 5725 mele
834 5673 883 5723 in
904 5670 987 5724 Itis
1016 5687 1127 5739 qua:
1154 5671 1297 5724 cordi
1327 5686 1436 5722 ineo
1472 5667 1657 5742 sobrie,
1688 5682 1849 5742 quail-

241 5758 366 5802 tum
388 5738 631 5806 arbitror,
663 5746 990 5798 inuaserunt.
1028 5738 1120 5795 ’En
1165 5743 1326 5795 verba
1360 5750 1477 5806 post
1499 5739 1711 5807 longam
1736 5738 1851 5805 opi-

240 5817 483 5872 nionum
531 5817 750 5870 istarum
779 5813 1230 5868 concertationem
1276 5809 1579 5875 scribentis,
1628 5809 1851 5877 primam

242 5892 310 5950 in
339 5887 453 5943 hoc
475 5888 675 5960 scripto
704 5900 921 5960 operam
952 5886 1201 5957 portentis
1225 5883 1562 5957 primumque
1578 5887 1849 5946 conatum,

1828 1919 1874 1980 Β

1892 594 2073 651 studio
2097 596 2315 665 proprio
2345 594 2677 669 discunentis,
2711 594 2773 655 ac
2820 614 2919 669 pro
2945 599 3165 655 modulo
3212 594 3481 657 facultatis

1892 682 2024 731 suae,
2049 681 2211 738 quam
2240 666 2573 724 conﬁdenter
2593 686 2660 725 ex
2681 666 2897 727 Patrum
2921 669 3167 727 doctrina
3189 672 3482 730 asserentis

1892 740 2389 813 propugnantisque
2446 755 2510 813 ex
2567 739 2900 813 delegatione
2949 744 3092 799 sedis
3148 744 3479 813 apostolica.

1894 810 2062 886 Immo
2094 811 2278 866 timide
2317 811 2605 886 admodum
2646 810 2715 868 ac
2725 814 3051 886 dubitanter
3079 810 3286 877 scribit.
3331 816 3478 886 quia,

1895 883 2163 955 videlicet,
2196 884 2567 955 quamvisper
2593 884 2770 940 omnia
2801 886 3193 955 Augustinianze
3219 883 3483 955 recepta:-

1894 970 2000 1025 que
2050 952 2102 1009 in
2148 952 2384 1009 Ecclesia
2405 954 2715 1027 _doctrin:e
2743 952 3082 1018 congruentia
3134 952 3478 1027 proponeret.

1898 1041 2066 1080 novos
2089 1036 2263 1080 tamen
2281 1025 2446 1099 624
2465 1026 2722 1096 loquendi
2742 1028 2927 1099 modos
2949 1025 3257 1086 inducebat:
3278 1025 3483 1087 sciebat

1898 1108 2076 1151 autem
2122 1098 2396 1163 suspectis
2445 1099 2639 1152 merito
2685 1114 2806 1154 esse
2845 1098 2898 1155 in
2942 1100 3175 1155 Ecclesia
3214 1102 3481 1158 novitates

1902 1183 2113 1240 vocum,
2138 1171 2295 1223 etiam
2319 1180 2523 1223 servata
2551 1169 2882 1237 antiquitatis
2904 1170 3179 1236 doctrina;
3200 1173 3341 1227 unde
3363 1181 3483 1240 post

1903 1239 2169 1309 descripta
2211 1242 2391 1307 verba,
2443 1241 2557 1295 hrc
2597 1241 2813 1309 sulijicit
2843 1260 2854 1294 :
2888 1240 2956 1297 Ut
2989 1242 3032 1296 si
3072 1243 3121 1295 in
3164 1258 3248 1296 eas
3282 1239 3483 1309 regulas

1904 1313 2205 1379 processerit
2225 1314 2405 1382 stylus.
2444 1329 2555 1377 qua:
2588 1313 2721 1365 nihil
2750 1312 3071 1378 offensionis,
3110 1314 3241 1366 nihil
3272 1312 3487 1370 habeant

1903 1383 2185 1452 pravitatis,
2237 1400 2337 1436 non
2371 1384 2534 1436 solum
2572 1383 2736 1449 nobis,
2773 1385 2862 1439 sed
2892 1394 2939 1438 et
2986 1383 3104 1438 aliis
3142 1385 3268 1439 utile
3308 1386 3388 1443 sit.
3421 1385 3486 1439 ad

1903 1455 2124 1522 aliquem
2164 1472 2254 1507 nos
2296 1456 2503 1507 limilem
2531 1457 2836 1525 pervenisse,
2883 1472 3033 1525 quem
3073 1472 3175 1510 non
3220 1456 3489 1511 debeamus

1904 1526 2163 1579 excedere.
2200 1525 2300 1592 Qui
2330 1527 2567 1589 demum,
2604 1543 2669 1581 ne
2696 1529 2953 1595 scriptum
2986 1526 3255 1595 Prospero
3286 1526 3493 1596 abjudis-

1900 1606 2043 1662 cent,
2094 1596 2382 1652 discrimen
2417 1606 2655 1653 notatum
2687 1598 2812 1652 inde
2842 1602 2986 1653 nasci
3034 1612 3195 1668 posse
3233 1598 3493 1664 dixerint,

1900 1676 1957 1720 ut
1985 1668 2234 1741 dixerunt
2280 1669 2543 1735 nonnulli,
2594 1670 2735 1741 quod
2786 1669 2879 1724 illo
2926 1679 3168 1741 tempore
3210 1677 3492 1741 exaratum

1900 1747 1983 1793 est
2008 1754 2035 1791 a
2069 1739 2354 1806 Prospero.
2379 1757 2486 1809 quo
2514 1739 2750 1796 nondum
2781 1741 2935 1809 plene
2963 1740 3216 1797 hauserat
3239 1740 3493 1809 Augusti-

1900 1811 2075 1865 nianae
2106 1811 2363 1867 doctrina:
2409 1812 2629 1879 ﬂuenta,
2670 1813 2965 1882 praesertim
2994 1828 3121 1868 vero
3149 1827 3218 1869 ex
3248 1811 3315 1867 iis
3343 1810 3493 1867 libris

1906 1882 2313 1948 posterioribus,
2336 1899 2471 1952 quos
2493 1884 2594 1937 sub
2624 1886 2746 1939 vita:
2779 1886 2937 1939 linem
2964 1884 3207 1952 scripsit;
3240 1881 3398 1939 facile
3418 1896 3490 1939 ex

1904 1954 2009 2025 lixa
2030 1956 2275 2025 superius
2304 1955 2505 2023 epocha
2533 1955 2691 2021 hujus
2720 1956 3028 2025 scriptionis
3055 1954 3393 2011 refelluntur.

1976 2024 2114 2080 XIV.
2150 2027 2239 2079 llis
2284 2027 2445 2091 igitur
2470 2038 2523 2081 et
2562 2027 2681 2081 aliis
2716 2024 2984 2097 ejusmodi
3027 2026 3326 2097 rationibus
3361 2024 3493 2081 moti

1903 2107 2029 2152 sunt
2057 2098 2153 2151 viri
2182 2098 2396 2164 eruditi,
2441 2107 2518 2166 ut,
2561 2096 2781 2154 remotis
2808 2098 3057 2155 omnibus
3086 2096 3289 2153 notatis
3327 2110 3490 2167 supra

1905 2169 2250 2239 praajudiciis,
2305 2170 2371 2224 de
2416 2182 2634 2225 anetore
2660 2170 2901 2241 opusculi
2932 2185 3129 2225 novum
3156 2183 3380 2225 examen
3408 2167 3493 2223 in-

1905 2242 2224 2306 stituerent;
2256 2251 2415 2310 atque
2439 2258 2508 2298 ex
2539 2242 2864 2311 diligentiori
2898 2241 3267 2309 inquisitione,
3289 2254 3489 2311 expen-

1905 2314 2087 2379 sisque
2113 2313 2371 2368 hactenus
2396 2310 2681 2369 momentis
2704 2324 2758 2370 et
2786 2313 3107 2381 rationibus,
3131 2311 3246 2369 haec
3269 2310 3373 2368 tria
3394 2323 3491 2382 pro

1906 2385 2067 2439 certis
2094 2384 2332 2440 habemla
2367 2401 2487 2441 esse
2516 2394 2774 2442 statutum
2799 2395 2901 2442 est.

1980 2456 2236 2529 Primum,
2268 2457 2467 2512 nullum
2497 2474 2561 2513 ex
2596 2458 2662 2512 iis
2697 2473 2834 2526 quos
2876 2466 3000 2514 ante
3048 2456 3370 2529 Prosperum
3400 2469 3493 2509 cx—

1907 2528 2171 2582 cnssimus
2199 2544 2318 2585 esse
2349 2540 2622 2587 auctorem
2662 2530 2920 2586 librorum
2971 2529 3035 2583 de
3071 2527 3347 2583 Vocatione
3387 2541 3497 2581 om-

1908 2600 2049 2652 nium
2082 2600 2336 2657 Gentium.

1978 2672 2304 2745 Secundum,
2334 2674 2434 2729 etsi
2474 2674 2720 2745 graviora
2747 2672 3010 2743 Prospero
3039 2672 3310 2745 Aquitano
3337 2683 3496 2737 argu-

1908 2753 2086 2797 menta
2118 2744 2369 2812 militent,
2393 2744 2667 2816 graviores
2689 2754 2867 2800 tamen
2897 2760 3016 2801 esse
3041 2745 3278 2816 rationes
3299 2744 3350 2816 in
3372 2755 3497 2795 con-

1908 2816 2128 2869 trarium
2162 2813 2426 2883 prolatas}
2460 2833 2633 2884 neque
2670 2817 2759 2870 illa
2787 2826 3099 2886 argumenta
3134 2813 3352 2884 majoris
3378 2826 3501 2867 esse

1909 2887 2189 2951 momenti,
2240 2898 2294 2941 ut
2339 2904 2475 2950 opus
2514 2888 2654 2943 istud
2687 2888 2951 2955 Prospero
2980 2887 3301 2950 ascribatur,
3338 2897 3500 2950 quam

1910 2958 2101 3011 similia
2131 2959 2322 3027 quibUs
2346 2962 2520 3015 eidem
2545 2959 2610 3011 ad
2642 2968 2879 3011 nostram
2903 2973 3071 3026 usque
3092 2965 3501 3027 :etatetuasser_-

1914 3036 2023 3080 tum
2055 3022 2293 3095 est'opns
2310 3030 2377 3083 de
2400 3030 2518 3083 Vita
2536 3029 2962 3089 Contentplaliva.
2984 3022 3204 3082 Pariter
3238 3024 3379 3095 enim
3404 3022 3504 3076 sub

1913 3098 2164 3164 Prosperi
2194 3094 2409 3153 nomine
2440 3099 2709 3153 laudatum
2744 3098 2933 3167 legitur
2963 3099 3030 3152 ab
3060 3094 3379 3167 octingentis
3408 3108 3504 3147 an-

1916 3168 1998 3222 nis
2018 3171 2067 3222 in
2098 3170 2318 3238 synodis
2338 3170 2592 3225 Ecclesiae
2610 3164 2933 3232 Gallicanae;
2964 3169 3161 3238 pariter
3190 3164 3504 3238 inscriptum

1918 3233 2164 3308 l’rosperi
2200 3256 2395 3296 nomen
2429 3242 2480 3295 in
2529 3239 2905 3306 manuscriptis
2950 3233 3224 3294 codicibus
3267 3233 3505 3306 ejusdem

1839 3302 1886 3365 C
1918 3302 2119 3374 aetatis;
2148 3314 2346 3381 pariter
2371 3312 2636 3383 Operibus
2661 3302 2817 3366 editis
2841 3311 2950 3379 jam
2985 3326 3051 3383 ex
3092 3302 3310 3379 antiquo
3333 3308 3509 3383 inscr-

1921 3392 2031 3455 tum
2052 3401 2064 3438 :
2088 3379 2161 3438 ita
2193 3379 2431 3455 denique
2452 3383 2733 3447 creditum,
2766 3383 2911 3437 nullo
2943 3379 3366 3455 refragante,__al_i
3394 3393 3508 3455 oin-

1920 3454 2075 3511 nibus
2100 3449 2412 3524 posterioris
2438 3457 2536 3512 levi
2577 3455 2946 3526 scriptoribus.
2982 3449 3201 3509 Constat
3234 3449 3505 3526 nihilomi-

1920 3544 2019 3582 nus
2052 3521 2209 3583 hodie
2253 3530 2391 3583 inter
2418 3528 2657 3584 eruditos
2687 3521 2806 3580 'non
2846 3542 2964 3581 esse
3001 3526 3249 3593 Prosperi
3281 3537 3415 3592 opus
3444 3521 3507 3575 de

1927 3600 2046 3654 Vita
2064 3600 2487 3670 Coutemplaliva,
2511 3615 2609 3655 nec
2635 3598 2823 3669 religio
2845 3599 2942 3653 fuit
2966 3609 3071 3652 tam
3094 3596 3347 3670 antiquis,
3376 3603 3509 3670 tam:

1920 3689 2023 3737 que
2051 3672 2255 3727 idoneis
2275 3664 2509 3726 testibus
2538 3672 2696 3726 ﬁdem
2728 3664 3009 3739 derogare,
3037 3669 3121 3723 vel
3156 3664 3358 3721 ex’sola
3382 3664 3510 3735 styli

1921 3744 2263 3808 diversitate;
2298 3744 2389 3798 sed
2425 3743 2621 3798 Juliani
2654 3742 2883 3796 Pomerii
2919 3756 3039 3795 esse
3066 3754 3255 3795 omnes
3283 3751 3512 3808 consen-

1923 3818 2082 3877 tiunt,
2118 3806 2309 3883 p'trtiltt
2339 3831 2402 3869 ex
2430 3810 3238 3886 lsidorirllispalensisepiscopi
3271 3806 3513 3886 test-imo-

1924 3888 2033 3951 nio,
2072 3876 2259 3951 partim
2292 3902 2356 3939 ex
2385 3902 2513 3940 mss.
2547 3876 2791 3941 codicum
2822 3884 2944 3939 ﬁde.
2981 3876 3151 3939 Unum
3190 3876 3515 3951 jampridem

1926 3947 2209 4030 laudarunt
2239 3957 2336 4011 viri
2367 3958 2583 4030 eruditi,
2612 3956 2700 4027 qui
2731 3954 3161 4030 literat_prittittttt
3185 3947 3354 4030 sancti
3386 3947 3509 4029 Sal-

1929 4029 2130 4083 vatoris
2154 4028 2503 4092 vicecomitis,
2536 4022 2715 4094 postea
2742 4024 3085 4079 illustrissimi
3109 4022 3515 4094 doctissimique

1927 4100 2322 4169 archiepiscopi
2362 4090 2612 4152 Tolo'sani
2638 4095 2831 4169 Caroli
2874 4095 2940 4148 de
2970 4092 3249 4169 attinebat}
3291 4090 3519 4169 alterum

1929 4186 2099 4237 nuper
2120 4157 2481 4223 nacti-sumus
2520 4170 2572 4222 in
2599 4166 2918 4221 bibliOIlicca
2950 4163 3173 4216 :ibbatim
3202 4161 3378 4237 Beata:
3407 4157 3515 4237 Ma-

1930 4226 2023 4295 ria;
2053 4242 2119 4295 de
2145 4242 2376 4304 Trappa,
2409 4255 2526 4306 qiue
2555 4254 2623 4291 ex
2666 4237 2896 4306 obscuro
2928 4230 3333 4306 monasteriolo,
3379 4226 3522 4281 unde

1931 4310 2143 4382 penitus
2184 4302 2482 4382 oblitterata
2515 4306 2776 4377 regularis
2818 4302 3127 4382 disciplina,
3173 4302 3225 4354 in
3271 4312 3524 4382 numero-

1936 4373 2207 4436 sissimum
2231 4373 2736 4444 sanetissinttttnqne
2756 4375 3072 4429 ascetrrium
3094 4373 3386 4439 derepente
3401 4382 3525 4423 eva-

1934 4454 2089 4517 dens,
2135 4450 2524 4520 religiosiSsimi
2565 4449 2772 4503 abbatis
2802 4445 3069 4520 studio_ac
3098 4446 3314 4520 pietate,
3370 4454 3526 4495 suum

1935 4515 2093 4577 astate
2132 4515 2313 4577 nostra
2351 4521 2639 4577 Gallicana:
2670 4518 2925 4575 Ecclesia:
2970 4515 3322 4581 Bernardum,
3372 4526 3526 4567 suam

1938 4596 2207 4651 Bcrnardo
2240 4593 2471 4648 reddidit
2500 4592 2933 4647 Claramvallcm.

2008 4667 2246 4722 Tertium
2279 4665 2529 4732 denique,
2565 4665 2632 4718 ad
2664 4664 2802 4733 quod
2833 4671 2952 4729 post
2975 4676 3258 4731 operosam
3288 4656 3531 4733 inquisi-

1942 4743 2137 4794 tionem
2157 4730 2446 4793 deventum
2471 4730 2547 4792 eSt
2567 4737 2633 4790 ab
2650 4730 2872 4789 eruditis
2892 4730 3261 4802 scriptoribus,
3288 4730 3391 4785 hoc
3410 4738 3494 4785 est
3514 4746 3528 4783 :

1942 4826 2161 4881 prorsus
2200 4810 2439 4881 ignotum
2480 4823 2601 4863 esse
2636 4817 2911 4881 auctorem
2957 4804 3215 4859 librorum
3264 4803 3521 4881 istorum;

1940 4875 2100 4951 atque
2150 4875 2246 4935 ita'
2265 4879 2534 4951 omnibus,
2580 4879 2773 4949 quibus
2817 4876 3074 4951 hactenus
3122 4882 3247 4930 sunt
3286 4875 3529 4939 ascripti,

1940 4948 2337 5021 abjudicarunt,
2367 4950 2741 5018 adjndicarunt
2764 4948 2983 5003 nemini.
3151 5015 3164 5021 _
3406 5010 3441 5021 υ

2012 5010 2129 5078 ἰν.
2162 5010 2335 5076 Porro
2360 5010 2539 5075 mirari
2571 5023 2699 5074 satis
2727 5036 2831 5073 non
2862 5033 3101 5089 possum,
3134 5015 3259 5069 dum
3290 5010 3535 5066 eruditus

1941 5095 2101 5166 625
2137 5097 2361 5165 quisque
2402 5091 2781 5166 ecclesiastica}
2827 5092 2902 5166 rei
2940 5088 3208 5166 studies-us
3261 5089 3535 5166 auctorem

1952 5154 2192 5235 primari
2221 5154 2442 5219 venatur
2467 5164 2730 5229 opusculi,
2757 5161 3025 5215 neminem
3047 5156 3113 5235 de
3135 5154 3313 5235 Leone
3352 5160 3537 5235 nostro

1949 5220 2234 5307 quidquam
2267 5250 2385 5289 esse
2410 5220 2814 5307 sub'odoratuni,
2849 5243 3022 5307 neque
3050 5228 3116 5307 in
3159 5222 3316 5277 ullius
3333 5220 3538 5307 “oculos

1952 5292 2242 5363 incurrisse
2258 5306 2595 5376 splendidum
2617 5304 2743 5376 illud
2766 5292 3021 5376 Ecclesiae
3036 5297 3304 5376 _Rom_an:e
3333 5292 3536 5376 lumen.

1951 5361 2140 5444 humo,
2173 5361 2392 5433 iucu'rrit
2426 5374 2844 5449 proculudnbio;
2868 5370 2990 5449 __sed
3012 5364 3301 5449 dnmbinc
3333 5361 3543 5449 pontifi-

1950 5466 2065 5506 cem
2098 5440 2300 5505 tantum
2323 5440 2577 5519 Cogitant,
2608 5440 3045 5519 illigncgscribendi
3073 5440 3333 5519 rationem
3356 5448 3386 5487 a
3412 5447 3545 5501 pon-

1954 5522 2097 5576 tiﬁce
2128 5506 2639 5588 alienaqunalcln
2683 5516 2843 5588 habet
2885 5520 3073 5588 auctor
3115 5506 3413 5563 libellorum
3441 5519 3545 5585 _no-

1955 5603 2209 5657 strorniu,
2236 5591 2310 5646 illi
2342 5582 2578 5645 tribuere
2596 5600 2731 5657 Opus
2755 5582 3173 5657 reforniidarunt
3199 5590 3339 5633 :non
3367 5582 3542 5657 anim-

1953 5653 2314 5727 advertentcs,
2370 5670 2425 5713 nt
2464 5668 2673 5712 certum
2708 5654 2989 5727 habemus,
3036 5653 3266 5727 Leonem
3298 5656 3543 5727 nostrum

1954 5715 2044 5790 diu
2069 5715 2194 5788 ante
2224 5715 2587 5801 pontiﬁcatum
2618 5740 2771 5801 suum
2794 5715 3055 5779 adversus
3083 5720 3400 5801 Pelagianos
3430 5715 3543 5801 ζει·-

1958 5788 2104 5861 venti
2152 5788 2270 5859 zelo
2315 5802 2644 5865 decertasse,
2696 5795 2767 5870 ita
2815 5812 2922 5853 non
2962 5809 3108 5870 mgre
3128 5788 3546 5870 exiStimandntn

1960 5858 2101 5947 stvlo
2125 5890 2245 5931 eum
2268 5884 2534 5948 pugnasse
2556 5883 2617 5927 ac
2632 5858 2873 5941 scriptis,
2898 5883 2998 5945 qua
3011 5858 3271 5924 Videlicet
3292 5858 3555 5934 praeditus
