3968 6308
466 348 572 413 54⁸1

952 347 1194 411 Ρλεωι.
1240 344 1626 418 ρυεειιειιι
1668 345 2067 405 DISSERTATI

2175 346 2254 411 ΕΘ
2293 343 2358 403 ΙΝ
2394 346 2454 405 8.
2486 346 2734 409 LEONIS
2772 346 2987 405 IIAGNI
3023 342 3282 411 WA.

3640 342 3743 417 Μ

469 472 597 541 erat
625 472 679 520 et
705 462 1107 541 §criptunrum
1156 475 1427 541 sacrarum
1468 459 1709 529 doctrina
1740 468 1793 516 et
1841 459 2051 521 dicendi
2081 465 2136 529 Α
2176 532 2191 541 _
2239 461 2550 541 Africanum
2576 462 2891 541 non‘l'uisse,
2926 463 3152 541 probare
3175 462 3306 541 mihi
3336 460 3540 541 videtur
3576 463 3737 541 signa

470 532 850 606 scribendiqué
876 532 1132 590 facultate
1157 532 1372 590 eximia.

544 607 659 664 Hoc
686 603 845 678 igitur
866 606 1229 678 certisSimum
1254 604 1393 673 apud
1424 619 1511 678 me
1536 613 1635 671 est,
1671 603 1904 678 Leonem
1954 618 2049 675 pa-

469 692 593 750 pam
631 675 913 751 antequam
946 677 1009 732 ad
1050 675 1388 751 pontiﬁcatus
1430 676 1640 751 apicem
1670 675 2054 751 proveheretur

473 746 980 820 scripsisse'libros
1030 748 1125 820 de,
1154 746 1735 820 Vocationegomnium
1790 749 2050 820 gentium.

472 817 627 889 Quod
658 833 712 875 ut
744 821 875 875 mihi
907 818 1280 889 persuaderem
1310 818 1529 873 difticile
1562 834 1665 873 non
1709 817 1824 883 fuit,
1861 818 1947 874 cui
1974 818 2055 874 vi-

474 892 672 948 delicet
698 894 897 962 scripta
941 891 1108 946 sancti
1149 891 1345 944 Leonis
1375 906 1444 946 ex
1475 890 1698 962 instituti
1732 890 1833 962 mei
1867 904 2056 945 neces-

473 965 631 1018 sitate
655 960 1023 1032 seperate-pius
1062 961 1322 1032 releganti
1354 961 1770 1017 familiarissima
1805 960 1938 1015 facta
1972 970 2054 1015 est

480 1033 694 1103 phrasis
724 1032 984 1099 Leonina,
1014 1042 1261 1101 totusque
1291 1033 1500 1087 dicendi
1527 1033 1826 1103 character.
1865 1032 2052 1089 Utrum

478 1102 659 1159 autem
686 1105 752 1160 ad
782 1106 833 1159 id
865 1107 982 1159 aliis
1030 1104 1461 1175 persuadendum
1512 1118 1690 1173 parem
1742 1102 2055 1175 inventurus

475 1177 578 1230 sint
607 1176 931 1241 facilitatem,
955 1173 1223 1245 spondere
1251 1175 1381 1228 mihi
1406 1190 1509 1229 non
1539 1175 1731 1230 ausim.
1760 1173 1868 1228 IIoc
1891 1189 2054 1229 unum

473 1246 730 1317 spondeo,
764 1249 890 1301 nihil
915 1262 1036 1303 esse
1063 1262 1169 1316 quo
1195 1249 1364 1315 possit
1384 1246 1566 1314 opinio
1597 1254 1780 1304 nostra
1808 1247 2050 1313 concuti;

474 1330 661 1372 contra
684 1333 813 1375 vero
842 1318 1096 1388 quidquid
1125 1333 1154 1371 a
1185 1317 1345 1370 variis
1391 1317 1765 1385 scriptoribus,
1793 1317 1881 1385 qui
1901 1317 2054 1388 hanc

475 1397 712 1456 spartam
753 1386 1103 1453 adornarunt,
1158 1388 1497 1442 observatum
1553 1397 1655 1453 est,
1698 1389 1848 1456 quasi
1900 1386 2057 1456 hujus

475 1460 713 1515 auctoris
765 1474 1073 1528 prOprium,
1128 1466 1184 1513 et
1236 1459 1337 1513 alia
1391 1458 1609 1526 insuper
1664 1457 2056 1528 benemulta,

474 1531 698 1584 omnino
749 1527 1047 1600 congruere
1100 1528 1296 1589 Leoni,
1351 1529 1631 1599 ipsumque
1690 1527 1857 1600 quasi
1891 1529 2057 1595 digito

450 1612 779 1663 ,monstrare
814 1619 826 1653 :
858 1598 1026 1662 tetas,
1077 1600 1317 1668 inquam,
1370 1598 1563 1668 patria,
1611 1598 1879 1653 scribendi
1929 1600 2059 1653 cha-

476 1680 675 1736 racter,
709 1673 999 1740 Scriptura:
1026 1685 1152 1725 usus
1182 1671 1478 1735 familiaris,
1510 1670 1791 1737 peculiaris
1821 1670 2059 1725 locorum

479 1742 832 1810 quorumdam
880 1741 1082 1807 citatio,
1133 1742 1357 1796 aliorum
1407 1741 1487 1796 fre
1507 1740 1737 1804 mentior
1770 1756 2057 1811 recursus,

478 1812 740 1866 doctrinae
794 1812 1091 1882 praesertim
1147 1813 1213 1865 de
1262 1812 1429 1881 gratia
1485 1811 1682 1867 ChriSti
1737 1812 2053 1882 similitudo,

478 1884 780 1950 explicandi
813 1883 1004 1938 modus
1031 1883 1298 1952 pr0prius,
1328 1883 1610 1937 sententia:
1637 1897 1739 1936 non
1764 1882 2057 1950 absimiles,

482 1954 860 2008 nonnullorum
895 1956 1181 2009 verborum
1231 1953 1473 2008 aﬂ‘ectata
1516 1953 1893 2022 frequentatio,
1926 1968 2059 2009 con-

480 2024 731 2080 formatio
765 2025 1101 2095 periodorum
1140 2024 1350 2090 eadem,
1401 2026 1588 2078 eadem
1632 2026 1896 2079 sermonis
1937 2039 2067 2079 con-

481 2098 732 2169 structio,
762 2096 1043 2152 conﬂictus
1072 2096 1368 2169 verborum
1402 2095 1711 2169 crebraeque
1744 2095 2061 2169 antitheses,

486 2167 733 2238 dictionis
758 2170 1007 2231 varietas,
1030 2168 1311 2238 elegantia,
1338 2165 1591 2238 dignitas.
1618 2166 1829 2221 ubertas
1853 2165 2066 2238 igneus;

482 2253 589 2306 que
630 2237 797 2308 vigor,
848 2246 954 2292 tota
1002 2237 1232 2306 denique
1276 2237 1423 2309 styli,
1468 2248 1525 2292 ut
1570 2237 1640 2291 ita
1671 2238 1867 2304 dicam,
1902 2237 2067 2292 facies

482 2309 733 2363 eumdem
778 2311 999 2363 omnino
1045 2318 1315 2364 auctorem
1351 2309 1671 2374 prmdicant;
1721 2318 1781 2362 ut
1822 2310 2065 2363 omittam

488 2379 703 2450 easdem
735 2382 944 2450 utrique
987 2381 1297 2435 occasiones
1336 2378 1524 2445 fuisse,
1555 2395 1672 2449 qua:
1712 2378 1778 2432 ad
1824 2379 2070 2435 scribeno

487 2449 616 2503 dum
646 2466 781 2519 opus
808 2449 945 2505 istud
977 2466 1198 2506 movere
1228 2452 1526 2518 potuerinta

562 2520 699 2575 XVI.
743 2521 979 2576 Primum
1010 2523 1267 2593 quidem,
1298 2521 1440 2593 quod
1485 2520 1793 2589 scriptionis
1823 2520 1900 2593 (a)
1932 2530 2072 2593 tem-

492 2605 592 2660 pus
620 2594 832 2658 attinet,
881 2592 1019 2647 istud
1052 2594 1102 2646 in
1136 2602 1346 2647 aetatem
1390 2592 1586 2646 Leonis
1625 2594 1793 2645 nostri
1835 2592 2073 2648 incidere

488 2663 954 2718 evidentissimum
998 2671 1101 2718 est.
1142 2663 1296 2719 Tune
1323 2663 1463 2716 enim
1505 2663 1741 2717 scribere
1788 2677 2072 2732 aggressus

490 2743 575 2787 est
602 2745 811 2801 auctor,
839 2749 961 2789 cum
987 2734 1299 2802 jamdudum
1324 2735 1598 2788 ferverent
1622 2732 1844 2787 dissidia
1870 2732 2069 2790 adver-

492 2816 589 2858 sus
617 2805 1051 2873 Augustinianam
1080 2806 1375 2860 doctrinam
1408 2813 1570 2870 mota,
1599 2819 1719 2871 quae
1741 2805 1957 2873 quidem
1985 2805 2067 2859 vi-

491 2886 651 2929 vente
674 2876 849 2933 adhuc
882 2877 1181 2945 Augustino
1209 2884 1324 2930 orta
1351 2882 1540 2942 erant;
1585 2873 1827 2946 adeoque
1860 2874 2074 2932 circiter

493 2958 690 3001 annum
744 2948 1326 3016 quadringentesimum
1373 2946 1702 3015 trigesimum
1742 2945 2070 3015 secundum,

493 3017 576 3073 vel
601 3021 816 3072 tertium
847 3022 982 3086 opus
1007 3023 1284 3084 esarabat,
1316 3033 1345 3072 a
1382 3016 1911 3087 quadringentesimo
1940 3034 2075 3086 qua-

490 3087 815 3160 dragedmo,
841 3104 947 3160 quo
974 3090 1182 3146 electus
1224 3097 1306 3144 est
1335 3088 1446 3144 Leo
1474 3088 1735 3160 pontifex,
1769 3102 1874 3143 non
1913 3088 2073 3160 longe

490 3158 757 3215 dissitum.
810 3158 1071 3217 Praeterea
1126 3176 1230 3214 non
1277 3161 1494 3224 scripsit
1541 3158 1747 3225 auctor,
1798 3160 1897 3215 nisi
1953 3158 2074 3229 post

2089 1854 2138 1927 Β

2157 532 2229 590 de
2255 543 2443 589 sancto
2472 533 2773 604 Augustino
2802 532 3099 601 silentium,
3148 535 3291 600 quod
3338 534 3514 595 minus
3546 534 3737 599 ardens

2154 605 2387 661 studium
2422 604 2673 678 denotat,
2711 622 2871 678 quam
2920 606 3202 665 Africanus
3244 621 3340 676 pro
3374 614 3733 678 contemneo

2155 689 2256 747 suo
2280 691 2389 742 prae
2404 692 2463 731 se
2486 677 2623 732 ferre
2645 676 2926 747 debuerit;
2960 692 3059 733 nec
3079 678 3220 737 enim
3250 679 3551 747 ignorasset
3571 676 3735 747 ipsttq

2157 745 2529 822 Africanarum
2575 745 2919 822 synodorum
2950 750 3211 822 ingenium
3262 745 3450 813 fuisse.

2156 833 2261 889 que
2280 818 2349 877 de
2372 827 2520 875 tanto
2549 818 2665 875 viro
2691 821 2871 877 dicere
2901 818 3023 879 cuni
3049 820 3334 891 Prospero,
3366 818 3511 893 quod

2285 931 2498 997 ._...Inter
2519 940 2720 997 cunctos
2736 935 2819 997 qui
2842 934 2907 984 de
2931 946 3092 997 grege
3116 938 3285 997 sancto

2282 994 2483 1058 insanas
2500 995 2741 1058 pepulere
2758 994 2909 1057 feras,
2936 994 3175 1047 industria
3200 995 3351 1058 major

2282 1032 2483 1047 ...η-...κ
2503 1032 2697 1058 Nam.
2713 1032 2741 1046 ν
2760 1032 2909 1057 ..,.....,
2941 1032 3175 1047 ........,.....
3201 1032 3343 1058 .....,...

2224 1088 2232 1097 -
2282 1056 2437 1120 Majas
2457 1070 2582 1122 opus
2606 1064 2760 1109 totum
2783 1059 3087 1121 praestantius
3110 1059 3283 1108 imbuit
3305 1032 3496 1108 orbem.

2160 1171 2332 1233 Hunc,
2369 1171 2609 1241 inquam,
2643 1172 2934 1240 laudasset,
2959 1172 3091 1228 vela
3112 1170 3371 1229 conviciis
3394 1170 3735 1241 malignisun

2158 1242 2588 1297 adversariorum
2603 1244 3031 1299 accusationibus
3050 1242 3393 1299 vindicasset.
3420 1241 3563 1299 Nihil
3585 1256 3734 1312 porro

2161 1314 2297 1379 tale;
2332 1322 2388 1366 ut
2418 1313 2621 1369 nullum
2652 1316 3055 1381 commercium,
3105 1314 3304 1369 nullam
3354 1314 3501 1369 inter
3546 1324 3734 1368 utraut-

2160 1399 2266 1455 que
2313 1385 2753 1440 consuetudinem
2801 1386 3172 1442 intercessisse
3217 1393 3502 1455 appareat.
3545 1383 3731 1455 Deinde

2162 1454 2295 1510 tanti
2334 1456 2430 1510 viri
2479 1456 2709 1526 aliquam
2745 1457 3064 1513 haberemus
3105 1456 3156 1509 in
3206 1454 3449 1511 Ecclesia
3500 1454 3731 1512 Africane

2163 1527 2499 1593 memoriam,
2534 1542 2657 1583 eum
2681 1527 2959 1583 ascivisset
2982 1527 3310 1595 Augustinus
3331 1541 3528 1596 pugna:
3547 1527 3731 1583 socium

2162 1598 2421 1653 adversus
2442 1597 2751 1671 haereticos,
2779 1613 2981 1671 eosque
3004 1608 3124 1669 post
3146 1597 3734 1671 sanctidocmrismoh

2166 1677 2273 1724 tem
2302 1669 2648 1738 eXagitandos
2696 1671 2780 1725 hic
2814 1666 3159 1738 suscepisset.
3206 1668 3448 1738 Denique
3480 1666 3603 1738 styli
3627 1680 3735 1793 ﬁr-

2166 1742 2420 1793 sbicuitas
2440 1740 2877 1793 concinnitasque
2902 1755 3023 1793 cum
3055 1748 3299 1793 tumente
3321 1740 3404 1793 vel
3435 1739 3601 1793 etiam
3686 1753 3729 1793 rw

2163 1740 2877 1823 spicui‘ta‘s'concinnitasque
2902 1755 3023 1796 cum
3055 1740 3404 1823 tttrgente'vcl
3435 1739 3601 1797 etiam
3627 1739 3729 1793 bats

2166 1809 2294 1866 hara
2324 1809 2697 1867 Africanorum
2732 1809 2874 1867 illius
2907 1812 3162 1881 temporis
3191 1811 3427 1864 dictione
3459 1823 3726 1881 commune

2165 1882 2503 1965 nihilhabet.
2537 1883 2756 1965 Barbari
2785 1883 2926 1965 enim
2957 1879 3198 1949 magnam
3220 1881 3381 1965 627
3406 1879 3606 1965 Africae
3630 1894 3730 1961 paro

2167 1962 2274 2008 tem
2305 1955 2636 2021 invadentes,
2691 1953 2992 2009 barbariem
3043 1951 3263 2023 quoque
3281 1951 3360 2007 Ἶὴ
3409 1951 3620 2023 litteras
3661 1951 3728 2005 ia-

2166 2034 2456 2089 vexerant;
2482 2023 2551 2077 ita
2582 2033 2640 2077 ut
2663 2025 3013 2094 Augustinus,
3044 2020 3133 2092 qui
3167 2025 3305 2079 inter
3333 2022 3474 2077 alios
3503 2020 3733 2094 eloquen-

2168 2096 2257 2149 tiae
2286 2096 2495 2150 tandem
2520 2095 2649 2149 olim
2681 2092 2944 2166 captarat,
2991 2095 3121 2150 nihil
3159 2095 3351 2149 habeat
3393 2093 3546 2162 quod
3573 2092 3663 2148 hoc
3686 2092 3731 2158 in

2167 2180 2367 2236 genere
2396 2181 2515 2219 cum
2549 2175 2767 2220 auctore
2797 2174 2980 2221 nostro
3003 2166 3233 2220 conferri
3263 2175 3450 2236 queat.

2240 2235 2451 2292 Gallum
2475 2237 2521 2291 si
2545 2237 2744 2292 dixeris
2764 2238 2943 2302 fuisse,
2973 2235 3191 2291 difficile
3212 2233 3418 2303 cogites
3448 2251 3548 2289 cur
3568 2251 3593 2288 a
3610 2233 3731 2289 Gen,

2172 2306 2335 2362 nadio
2367 2320 2472 2361 tam
2503 2318 2753 2362 accurato
2782 2308 2976 2375 aliOqui
3006 2309 3326 2375 scriptorum
3356 2304 3730 2375 Gallicanorum

2170 2378 2500 2433 recensitore
2527 2378 2608 2433 vel
2642 2373 2915 2447 ignoratus
2944 2381 3038 2441 sit,
3073 2373 3153 2431 vel
3196 2377 3614 2446 praetermissus.
3640 2373 3729 2431 Cur

2172 2450 2331 2505 etiam
2384 2451 2651 2518 Prospero
2697 2464 2803 2503 non
2854 2465 2913 2505 se
2960 2447 3293 2518 adjunxisset
3336 2447 3733 2503 commilitonem

2172 2519 2435 2575 adversus
2466 2520 2868 2590 Augustinianae
2899 2521 3157 2575 doctrinae
3183 2520 3601 2590 obtrectatores,
3627 2531 3728 2577 cum

2172 2597 2321 2644 tanta
2350 2588 2573 2645 dicendi
2593 2591 2972 2659 scribendique
3000 2591 3173 2661 copia,
3207 2601 3312 2661 tam
3341 2588 3601 2661 singulari
3625 2603 3729 2661 eru-

2130 2701 2148 2710 -
2174 2662 2376 2717 ditione
2424 2662 2673 2732 polleret,
2715 2673 2769 2717 et
2807 2658 2951 2717 tanta
2989 2658 3138 2717 esset
3178 2658 3532 2732 defensorum
3576 2658 3732 2732 grati:

2215 2734 2395 2787 enttria
2420 2729 2472 2785 in
2495 2731 2703 2798 Galliis,
2732 2743 2795 2803 ut
2819 2734 2906 2787 vix
2937 2743 3083 2789 esset
3106 2733 3197 2803 qui
3226 2733 3342 2801 ejus
3366 2729 3731 2803 impugnatori-

2217 2818 2277 2857 us
2303 2817 2423 2876 sese
2451 2804 2725 2876 objiceret.
2768 2802 2880 2876 Nec
2918 2805 3074 2876 facile
3116 2804 3404 2876 quisquam,
3436 2802 3609 2868 inquit
3632 2815 3735 2855 san-

2176 2884 2294 2929 ctus
2324 2871 2555 2943 Prosper
2583 2871 2778 2946 (Epist.
2802 2875 2871 2928 ad
2903 2874 2965 2930 S.
3001 2871 3267 2948 August),
3302 2882 3734 2948 PIITEB_MUCOS

2177 2959 2468 3000 rcnrscrz
2496 2945 2708 3001 cantat
2750 2960 3058 3001 inrnertnos
3082 2945 3383 3008 AIATORES,
3416 2945 3575 2998 tantis
3610 2957 3733 3010 supe-

2176 3018 2372 3091 riorum
2421 3016 2849 3087 disputationibus
2899 3033 3058 3091 ausus
3102 3024 3175 3071 est
3221 3015 3506 3091 contraire.
3550 3014 3610 3091 In_
3643 3012 3732 3091 illa,

2178 3088 2418 3153 inquam,
2447 3083 2746 3154 temporum
2780 3088 3101 3143 neceSsitate
3139 3096 3328 3141 auctor
3356 3084 3461 3141 iste
3496 3088 3544 3141 in
3575 3083 3735 3154 Galliis

2185 3152 2511 3226 delituisset,
2545 3152 2693 3212 velut
2719 3159 2861 3228 pugil
2880 3158 3219 3214 inermis‘ant
3246 3156 3520 3225 trepidus;
3549 3152 3736 3226 quando

495 3229 921 3305 lectasalinrum
954 3231 1350 3305 lucubrationes
1387 3231 1647 3305 adversus
1682 3228 2068 3305 Semipelagia-
2093 3231 2140 3305 C,
2171 3228 2578 3305 solns_Prosper
2606 3228 2936 3305 decertabat,
2982 3243 3088 3305 uno
3125 3228 3274 3283 socio
3312 3228 3613 3305 vel_potius
3649 3239 3733 3293 pu-

491 3316 626 3367 nns;
665 3300 764 3356 huc
792 3312 877 3355 est
902 3311 1023 3369 post
1048 3302 1244 3371 scripta
1286 3302 1453 3356 sancti
1486 3301 1756 3371 Prosperi,
1788 3300 1876 3368 qui
1907 3300 2071 3357 Joan-

495 3372 579 3425 nis
607 3372 772 3442 626
799 3373 1040 3442 Cassiani
1069 3372 1241 3426 adhuc
1268 3380 1377 3442 tum
1403 3372 1457 3442 in
1493 3371 1628 3426 vivis
1655 3372 2071 3442 agentisACoIla-

498 3440 1030 3498 tiones—confutavit.
1071 3442 1293 3497 Accedit
1338 3440 1609 3495 laudatum
1651 3457 1771 3497 esse
1797 3457 1828 3497 a
1856 3440 2073 3500 Gelasio

496 3525 631 3582 papa
677 3513 694 3566 Ι
734 3512 1049 3583 opusculum
1089 3511 1230 3583 istud
1262 3512 1407 3583 velut
1432 3513 1501 3567 ab
1542 3512 1795 3567 Ecclesia:
1839 3513 2071 3580 quodam

496 3581 756 3649 magiStro
774 3581 887 3652 jam
912 3600 938 3634 a
967 3582 1204 3653 pluribus
1230 3581 1387 3641 annis
1406 3583 1799 3652 conscriptum;
1825 3583 2072 3640 Gelasius

494 3664 673 3708 autem
705 3668 838 3721 papa
885 3668 1027 3708 anno
1067 3652 1174 3708 496
1215 3653 1581 3721 pontiﬁcatum
1623 3668 1743 3708 cum
1788 3654 1897 3709 vita
1939 3655 2070 3710 rell-

494 3722 632 3793 quit.
664 3723 906 3794 Denique
944 3724 1103 3779 modo
1138 3733 1344 3779 eertum
1375 3722 1517 3788 apud
1554 3724 1796 3780 eruditos
1824 3725 2071 3782 eumdem

495 3809 619 3850 esse
646 3793 919 3850 auctorem
971 3795 1226 3850 librorum
1270 3794 1339 3850 de
1386 3793 1681 3851 Vocatione
1725 3795 1987 3864 gentium,
2019 3804 2076 3853 et

495 3864 738 3935 epistolae
783 3865 849 3938 ad
897 3866 1292 3938 Demetriadem
1335 3866 1615 3936 virginem,
1659 3881 1781 3936 qua:
1821 3867 2072 3938 Prosperi

498 3937 754 4011 operibus
797 3937 996 4011 inserta
1048 3937 1423 4011 accensitaque
1468 3938 1714 4011 habetur,
1755 3939 1899 4011 quod
1947 3937 2071 4011 styli

493 4007 729 4063 affinitas
756 4010 948 4077 arguit.
977 4011 1041 4062 At
1073 4012 1214 4064 circa
1243 4008 1359 4064 haec
1388 4007 1595 4075 eadem,
1628 4024 1748 4078 quae
1774 4007 2066 4078 assignavi-

494 4093 635 4144 mus,
670 4089 907 4147 tempora
938 4080 1140 4146 scripta
1185 4094 1310 4139 esse
1342 4078 1550 4135 videtur
1592 4081 1840 4149 epistola.
1885 4078 2073 4138 Deme-

494 4149 624 4205 trias
685 4151 827 4206 enim
886 4151 1209 4220 virginitatis
1274 4151 1602 4221 propositum
1651 4151 1897 4221 amplexa
1959 4161 2075 4208 erat

491 4235 636 4294 anno
661 4222 785 4288 ιιδ,
817 4221 981 4291 primo
1008 4222 1173 4277 atatis
1199 4225 1348 4294 ﬂore,
1387 4230 1445 4276 ut
1476 4221 1710 4294 loquitur
1740 4234 1929 4294 auctor
1958 4223 2073 4293 epi-

493 4293 666 4363 stola),
708 4307 878 4347 annos
930 4295 1111 4349 forsan
1144 4292 1266 4348 nata
1322 4294 1505 4363 viginti
1549 4293 1630 4347 vel
1674 4292 2072 4363 duodeviginti;

492 4362 735 4429 ejusdem
781 4371 960 4418 autem
1001 4373 1106 4417 tam
1149 4362 1406 4419 maturum
1449 4373 1499 4418 et
1542 4365 1797 4418 eruditum
1846 4362 2076 4419 animum

492 4432 671 4504 laudat
701 4435 879 4488 statim
926 4434 993 4490 ab
1028 4435 1181 4489 initio
1222 4435 1484 4504 epistolae,
1532 4435 1675 4504 quod
1709 4445 1831 4490 ante
1873 4450 2075 4490 annum

494 4503 710 4574 circiter
732 4504 843 4574 455
866 4505 977 4574 lieri
1002 4504 1088 4559 vix
1116 4503 1304 4572 potuit,
1331 4520 1437 4573 quo
1460 4503 1793 4574 trigesimum
1824 4518 2071 4560 octavum

494 4573 577 4626 vel
605 4573 1073 4647 quadragesimum
1118 4577 1292 4628 aetatis
1321 4590 1445 4647 sure
1475 4573 1671 4647 annum
1701 4576 1948 4647 attigerat
1976 4578 2077 4632 De-

494 4646 736 4716 metrias.
770 4644 835 4716 Et
874 4654 1022 4698 certe
1046 4653 1188 4716 post
1227 4646 1507 4713 Augustini
1546 4653 1771 4699 mortem
1806 4644 2075 4716 scriptam

494 4712 944 4795 esseepistolam.
968 4714 1203 4795 indicant
1243 4712 1357 4795 haec
1394 4716 1578 4778 verba,
1623 4716 1815 4795 quibus
1842 4712 1946 4795 eos
1981 4720 2070 4787 qui

491 4785 784 4856 piissimam
812 4785 1072 4855 virginem
1098 4786 1238 4843 inter
1261 4787 1371 4856 ipsa
1400 4786 1822 4843 consecrationis
1846 4785 2074 4856 primor-

494 4855 583 4929 dia
636 4853 1101 4929 adhortationibus
1152 4853 1295 4911 suis'
1326 4857 1708 4929 inritaverant,
1763 4853 1914 4929 quasi
1970 4860 2075 4917 vita

491 4925 704 5003 functos
742 4926 939 5003 laudat.
984 4924 1058 5003 βε
1077 4944 1215 5003 quo,
1253 4928 1454 5003 inquit,
1488 4928 1617 5003 inter
1662 4924 1795 4996 ipsa'
1817 4932 2075 5003 principia

491 4995 661 5063 multi,
679 4998 780 5071 qui
816 5012 955 5054 Tunc
981 4998 1035 5053 in
1066 4996 1298 5053 Ecclesia
1327 4995 1742 5071 praeminebant,
1778 4995 1878 5056 non
1918 4995 2076 5056 sitae-

491 5078 645 5135 runt;
677 5068 818 5125 inter
837 5083 972 5140 quos
992 5068 1348 5140 Augustinum
1380 5081 1714 5127 numeratum
1744 5087 1886 5140 esse,
1917 5088 2075 5130 nemo

491 5153 599 5195 non
631 5140 945 5198 crediderit.

562 5210 723 5268 XVII.
763 5211 820 5269 2.
860 5212 1147 5267 Auctorem
1182 5212 1340 5266 istum
1372 5212 1444 5284 (ὁ)
1473 5214 1524 5269 in
1562 5213 1709 5270 Italia
1743 5223 1951 5284 natum,
1984 5223 2078 5272 aut

488 5284 678 5341 saltem
727 5293 1118 5341 commoratum
1171 5284 1443 5350 probabile
1495 5286 1779 5341 admodum
1827 5297 1929 5341 est.
1977 5286 2073 5342 Vel

489 5355 630 5409 enim
656 5353 845 5411 Galliis
873 5356 1091 5421 nostris,
1126 5358 1207 5413 vel
1241 5355 1506 5412 Africanae
1532 5357 1809 5421 Ecclesiae,
1846 5360 1928 5413 vel
1966 5357 2076 5412 Ro-

488 5440 659 5481 manis
688 5426 1035 5499 vindicandos
1063 5429 1283 5485 omnino
1320 5428 1533 5483 videtur
1581 5447 1593 5481 :
1627 5439 1779 5484 extra
1812 5444 1947 5499 quas
1979 5444 2076 5484 nec

490 5505 689 5553 tantam
719 5495 1047 5563 facundiam,
1083 5514 1181 5554 nec
1210 5499 1512 5554 doctrinam
1557 5510 1781 5563 tantam,
1819 5495 2071 5566 quantam

488 5567 765 5627 continent
798 5569 982 5637 libelli,
1016 5583 1112 5643 per
1142 5570 1511 5643 ill’tempora
1542 5571 1785 5626 invenire
1817 5572 2074 5640 potueris.

2106 4608 2157 4670 D

2174 3314 2295 3371 gnat:
2323 3300 2601 3371 incentore
2630 3300 2829 3371 Hilario
2860 3300 3147 3371 monacho,
3179 3314 3284 3354 non
3329 3299 3481 3366 satis,
3514 3309 3566 3353 ut
3594 3309 3737 3366 appa.

2173 3370 2276 3432 ret,
2304 3370 2369 3424 ad
2402 3386 2631 3439 pugnam
2656 3370 2889 3427 idoneo?

2246 3440 2430 3516 XVIII.
2460 3441 2722 3516 Rcslat__ttt
2743 3442 2927 3516 Italum
2951 3442 3265 3516 pronunties
3287 3441 3425 3516 hunc
3447 3445 3728 3516 auctorem.“

2173 3512 2321 3582 quod
2356 3522 2417 3586 _ct
2454 3504 3265 3586 nonnullisadhue'momentis
3308 3508 3564 3586 probabile
3605 3504 3727 3586 faci-

2176 3576 2315 3638 mus.
2350 3582 2482 3653 Styli
2527 3585 2668 3638 enim
2705 3583 2966 3654 elegantia
3006 3594 3060 3638 ct
3105 3585 3246 3639 nitor
3299 3576 3555 3654 hominem
3595 3576 3729 3638 desig-

2173 3666 2301 3723 gnat
2331 3655 2381 3706 in
2410 3650 2662 3709 Romana:
2686 3650 2917 3710 civitatis
2943 3654 3065 3710 sinu
3092 3665 3183 3709 aut
3211 3656 3403 3709 vicinia
3430 3650 3693 3707 educatum
3716 3663 3730 3700 :

2180 3725 2285 3797 ubi
2305 3724 2492 3779 Latina
2543 3726 2719 3796 lingua
2772 3728 3052 3797 segrmagis
3101 3726 3363 3781 adversus
3403 3725 3738 3797 incurrentem

2174 3794 2477 3872 barbariem
2519 3790 2787 3872 tuebatur.
2835 3796 2937 3852 Vix
2972 3790 3134 3853 'enim
3168 3812 3246 3872 ac
3290 3811 3358 3851 ne
3408 3796 3501 3850 vix
3548 3790 3738 3872 quidet!)

2175 3881 2415 3939 rorevnm
2456 3867 2624 3939 Leoni
2655 3869 2969 3937 scriptorem
3003 3869 3263 3939 reperias,
3297 3882 3455 3935 quem
3487 3862 3661 3939 auctor
3683 3862 3741 3913 li-

2174 3936 2397 3992 brorum
2427 3939 2495 3993 de
2517 3935 2817 4011 vocatione
2841 3935 3077 4011 gentium
3106 3938 3374 4011 scribendi
3406 3935 3742 4011 concinnitate

2177 4022 2283 4091 non
2310 4018 2545 4091 superet.
2575 4005 3338 4091 Praetereaauctor,‘libro_n,
3367 4024 3493 4091 cap.
3522 4005 3744 4091 καιρίῳ

2175 4079 2332 4133 habet
2362 4075 2391 4133 ε’
2410 4080 2536 4146 Alii,
2574 4081 2761 4148 inquit,
2798 4081 3024 4148 barbari,
3069 4075 3193 4135 dum
3230 4075 3473 4134 Romanis
3510 4075 3744 4131 auxilian-

2177 4159 2283 4215 tur,
2319 4151 2455 4217 quod
2482 4154 2535 4205 in
2564 4153 2670 4206 suis
2700 4152 2824 4207 locis
2863 4169 3010 4206 nosse
3044 4169 3145 4207 non
3181 4161 3436 4218 poterant,
3467 4152 3524 4203 in
3554 4155 3744 4205 uosrtus

2178 4221 2405 4275 didicere
2432 4222 2743 4291 regionibus,
2777 4234 2821 4278 et
2860 4224 2927 4276 ad
2969 4225 3110 4277 sedes
3140 4238 3260 4276 suas
3301 4238 3417 4275 cum
3458 4218 3744 4291 Christiana:

2176 4292 2440 4363 religionis
2489 4285 2809 4349 institutione
2851 4303 3160 4349 remearunt.
3215 4291 3488 4363 Incertum
3539 4306 3636 4363 qua
3688 4285 3743 4340 de

2176 4361 2520 4428 expeditione
2549 4379 2726 4418 sermo
2755 4368 2825 4419 sit
2864 4364 2964 4418 hoc
3007 4365 3155 4430 loco;
3204 4362 3296 4419 sed
3347 4363 3491 4417 haud
3538 4361 3648 4417 scio
3688 4370 3743 4430 an

2176 4425 2357 4503 aptius
2377 4434 2631 4506 adgaliam
2659 4434 2850 4490 referri
2880 4445 3061 4506 queat,
3100 4425 3267 4506 quam
3303 4433 3393 4506 ad,
3420 4433 3620 4488 bellum
3659 4425 3743 4482 ad-

2180 4519 2369 4579 versus
2418 4505 2715 4579 Eugenium
2766 4503 3073 4579 tyrannum,
3120 4503 3147 4558 a
3207 4503 3523 4579 Theodosio
3579 4510 3746 4579 πρᾳεηο

2185 4571 2519 4651 conlectum
2548 4571 2921 4651 Recensrnim
2952 4577 3068 4651 ejus
3097 4586 3223 4651 tunc
3264 4576 3546 4651 memoria.
3590 4571 3745 4651 Victo-

2187 4647 2261 4701 ria
2311 4647 2411 4702 lioc
2447 4656 2596 4718 parta
2643 4648 2825 4716 prndio
2870 4646 3218 4717 pro’imperii
3272 4646 3433 4718 rebus
3473 4646 3747 4718 decreturi:

2186 4718 2303 4773 fuit.
2335 4716 2714 4791 Imperatorem
2745 4734 2810 4774 ex
2856 4716 3091 4773 Orientis
3129 4717 3367 4791 partibus
3415 4716 3744 4791 proﬁciscen-

2184 4798 2293 4844 tem
2325 4790 2390 4844 ad
2420 4783 2622 4844 bellum
2660 4798 2840 4843 secuta
2880 4800 2960 4844 est
2990 4783 3175 4858 ingens
3207 4783 3560 4843 barbarorum
3593 4783 3749 4840 multi-

2180 4860 2309 4915 tudo
2342 4860 2406 4913 ad
2440 4860 2602 4930 Alpes
2632 4876 2821 4926 usque,
2868 4863 2954 4914 tibi
2986 4860 3286 4915 debellatus
3317 4868 3598 4930 tyrannus,
3628 4866 3746 4930 qt_to__-

2185 4948 2299 5014 rum
2330 4946 2451 4998 pars
2482 4922 2669 5014 magna
2697 4922 2835 5014 esse.
2863 4939 2946 5013 est
2961 4931 3042 5014 ab
3070 4922 3446 5014 .liostibusf-At
3481 4922 3746 5014 [vite

2180 5013 2237 5055 ut
2266 4994 2452 5057 eorum
2502 4994 2599 5058 lilii
2639 5002 2913 5071 religionis
2956 5002 3274 5056 Christiana
3326 4994 3623 5057 elemei‘ita'
3652 4994 3745 5071 illic

2180 5074 2563 5139 edocerentur,
2616 5068 3143 5142 baptizarenturque,
3198 5072 3336 5127 hanc
3390 5072 3497 5127 illis
3540 5068 3747 5142 gratiam

2186 5146 2265 5199 vel
2298 5136 2639 5215 gratitndinis
2668 5136 2728 5200 er
2764 5160 2797 5199 ο
2827 5136 3145 5213 procurante
3169 5142 3495 5203 Theodosio.
3530 5136 3681 5212 quem
3706 5136 3751 5188 in

2186 5215 2372 5270 eadem
2404 5216 2688 5270 occasione
2727 5159 2988 5270 discimus
3028 5214 3165 5269 hanc
3202 5212 3615 5268 sollicitudinem
3663 5208 3750 5261 ini-

2185 5212 2372 5271 eadem
2404 5216 2688 5271 occasione
2727 5212 2988 5271 discimus
3028 5214 3165 5269 hanc
3202 5212 3615 5268 sollicitudinem
3663 5212 3750 5261 ini-

2186 5287 2443 5341 micorum
2475 5286 2637 5341 etiam
2667 5301 2886 5341 suorum
2924 5286 3044 5341 filiis
3083 5285 3224 5339 ultro
3267 5285 3616 5352 impendisse.
3647 5277 3751 5332 lut-

2184 5357 2433 5412 micorum
2476 5373 2687 5412 suorum
2736 5358 2892 5427 ﬁlios,
2942 5358 3111 5427 inquit
3152 5368 3370 5411 sanctus
3419 5352 3749 5424 Augustinus,

2183 5444 2309 5500 quos
2341 5444 2443 5481 non
2467 5429 2629 5500 ipsius
2660 5433 2861 5499 jussus,
2904 5429 2992 5484 sed
3020 5426 3152 5500 ibelli
3195 5427 3471 5500 abstulerat
3528 5427 3777 5500 impetus.‘

2185 5495 2335 5555 etiam
2367 5498 2595 5553 nondum
2624 5495 2943 5555 Christianos
2981 5500 3048 5553 ad
3090 5498 3367 5553 Ecclesium
3398 5495 3748 5566 confugient“.

2188 5571 2503 5627 Christianos
2521 5574 2616 5625 hac
2642 5572 2911 5628 occasione
2926 5572 3039 5642 ﬁeri
3063 5571 3238 5636 voluit,
3264 5578 3311 5624 et
3333 5561 3620 5625 Christiana
3644 5561 3749 5617 cltu-

1565 5683 2123 5749 BAI.LERINIOBUM
2166 5685 2716 5746 ANNOTATIONES.

559 5770 641 5843 (α)
682 5774 794 5831 Vitl-
827 5776 1230 5837 observationes
1258 5780 1627 5852 subjiciendus
1669 5797 1722 5835 n.
1759 5780 1844 5836 10.

2262 5781 2338 5855 (ὁ)
2371 5781 2570 5838 Confer
2606 5782 2821 5838 observ.
2854 5797 2908 5838 n.
2941 5782 3031 5840 II.
