3968 6308
1880 316 1917 324 ν»

511 420 618 486 831

982 417 1219 479 PASCII.
1260 417 1651 490 QUELNELLI
1694 369 2284 477 otssEnrA'rtouEs
2323 416 2387 473 IN
2429 418 2483 474 s.
2530 414 2774 474 LEONIS
2817 416 3029 476 MAGNI
3064 369 3493 479 cpsnsfv“‘~

2716 313 2786 333 ⁷’“
3115 322 3406 385 Ἢ

3689 400 3795 489 ⁵⁵2

510 540 877 612 Capitulorum
907 537 995 608 55,
1028 539 1203 612 capite
1241 537 1330 608 l6,
1360 538 1451 597 ubi
1489 536 1665 595 locum
1711 536 1854 595 hunc
1892 536 2090 595 Leonis
2116 538 2171 603 Α
2196 543 2245 612 et
2273 550 2386 612 quas
2418 542 2586 591 creata
2623 543 2767 590 erant
2804 536 2873 589 ad
2915 538 3181 607 utendum,
3211 546 3434 594 venerati
3473 544 3591 595 sunt
3616 538 3687 595 ad
3708 550 3789 600 cos

511 612 782 669 describit.
1679 662 1685 668 .

581 684 699 741 XX.
732 684 787 757 2.
817 684 973 740 lstius
992 685 1172 755 operis
1196 686 1272 757 (a)
1288 684 1532 757 doctrina
1558 683 1702 739 circa
1728 680 1928 757 Christi
1960 697 2087 757 gra-

514 756 640 811 tiam
669 756 855 812 eadem
885 754 1099 824 prorsus
1120 754 1213 811 est
1228 754 1348 813 cum
1377 756 1619 813 doctrina
1649 756 1818 810 sancti
1845 754 2042 812 Leonis
2067 770 2084 810 :

507 840 737 901 cumque
766 829 819 885 in
846 828 937 884 illo
977 828 1219 884 nonnulli
1258 829 1371 901 sint
1413 827 1869 901 tamresplieandi
1921 841 2083 901 quam

505 897 760 969 loquendi
794 901 845 955 in
878 902 976 955 hac
1006 901 1221 955 materia
1254 900 1415 965 modi,
1442 900 1636 970 quibus
1667 899 1878 954 videtur
1910 898 2083 968 primo

506 970 697 1027 intuitu
725 972 791 1027 ab
820 972 1095 1043 Augustini
1136 973 1398 1028 sententia
1438 971 1712 1043 recedere.
1747 970 1907 1027 iidem
1946 986 2085 1042 quo-

507 1058 612 1109 quc
642 1044 833 1111 passim
862 1043 999 1112 apud
1028 1042 1263 1099 Leonem
1294 1054 1603 1098 occurrunt.
1633 1042 1691 1097 lu
1720 1043 1916 1112 quibus
1946 1058 2083 1110 prm-
2114 1086 2119 1089 Α

505 1114 690 1170 sertim
714 1125 793 1170 est
811 1115 951 1185 quod
979 1117 1045 1170 de
1062 1116 1293 1185 generali
1318 1116 1547 1187 quadam
1569 1117 1737 1187 gratia
1772 1114 2079 1187 nullitetali,

506 1186 638 1241 nulli
692 1187 891 1241 homini
941 1202 1047 1241 non
1092 1186 1354 1255 impensa,
1398 1189 1593 1255 smptus
1640 1186 1878 1249 disserit,
1922 1201 2082 1256 quant

504 1258 717 1326 quidem
750 1262 899 1326 ponit
930 1258 980 1311 in
1016 1258 1409 1314 elementorum
1439 1255 1667 1313 discordi
1707 1270 1993 1317 concentu.
2029 1259 2080 1313 iu

505 1335 660 1403 terra:
676 1330 831 1401 cceliq
841 1344 903 1384 ue
916 1339 969 1383 et
982 1340 1347 1403 creaturarum
1365 1332 1601 1403 omnium
1626 1336 1890 1403 structura
1902 1329 2079 1403 .631

513 1400 712 1471 ’trdine,
745 1416 806 1455 ac
839 1402 997 1456 veluti
1030 1402 1260 1471 loquela,
1291 1417 1411 1471 quae
1436 1400 2085 1471 Creatorisomnipoteu:

515 1469 655 1535 iam,
678 1472 1004 1543 bonitatem,
1029 1469 1452 1543 sapientiamque
1496 1470 1841 1543 inell‘abiliter
1889 1471 2083 1539 praedi-

504 1542 736 1612 cant.lta
750 1552 965 1599 sanctus
985 1543 1295 1607 Le0,serm.
1321 1542 1627 1612 7’delejun.
1654 1542 2085 1604 decimimensis;

500 1604 616 1668 Pen
646 1629 782 1679 IPSA,
816 1615 982 1686 inquit
1008 1604 1157 1687 (Cap.
1181 1614 1256 1687 2),
1291 1604 1572 1671 Ειειιειινὶλ
1615 1630 1797 1687 unum.
1830 1629 2083 1687 unctius

499 1696 604 1739 Nan
634 1700 881 1742 eunucss
913 1686 1147 1745 PAGINAS.
1170 1686 1596 1756 signiﬁcationem
1628 1686 1817 1739 divina:
1850 1686 2084 1741 volunta-

501 1756 565 1808 tis
620 1757 937 1827 accipimus;
984 1775 1075 1813 nec
1125 1775 1361 1826 umquam
1415 1767 1574 1812 cessat
1625 1758 1797 1811 divina
1840 1760 2079 1824 eruditio,

498 1828 703 1901 quando
730 1832 881 1901 etiam
914 1830 978 1883 de
1008 1831 1072 1884 iis
1096 1830 1377 1901 quaeinobis
1416 1844 1768 1901 nucumve
1798 1844 2078 1885 ιιιιιυιιιυιι.

498 1900 672 1953 Serm.
719 1899 753 1954 8
803 1900 871 1955 de
918 1899 1117 1957 eodem
1156 1900 1331 1971 (Cap.
1358 1902 1415 1971 2)
1452 1900 1844 1969 :Intelligimus
1893 1902 2081 1955 divinis

498 1983 643 2026 ututi.
673 1986 884 2039 vacuari
912 1988 1038 2027 esse
1067 1975 1357 2044 prwceptis,
1390 1981 1434 2027 et
1459 1974 1605 2026 verbo
1635 1971 1730 2025 Dei
1749 1973 1817 2025 ad
1847 1973 2085 2026 eruditio-

498 2056 612 2093 nem
651 2054 888 2115 nostram
924 2044 1097 2099 omnia
1136 2046 1385 2099 elementa
1413 2044 1618 2115 servire.
1652 2044 1903 2115 dumper
1928 2044 2087 2115 ipsius

501 2112 680 2187 mundi
708 2117 965 2187 cardines,
996 2118 1145 2187 quasi
1175 2132 1263 2186 per
1295 2125 1516 2187 quatuor
1554 2113 1835 2185 Evangelia
1862 2112 2088 2187 incessa-

500 2182 669 2239 biliter
702 2185 965 2251 discimus,
1008 2182 1147 2256 quod
1176 2182 1235 2241 et
1271 2182 1604 2251 prwdicemus
1634 2195 1681 2240 et
1702 2182 1954 2256 'agamus.
1988 2185 2086 2241 Di-

501 2264 645 2329 cente
669 2257 803 2310 enim
832 2258 1081 2328 propheta
1105 2275 1124 2313 :
1146 2257 1271 2314 Cteli
1300 2268 1540 2313 enarrant
1570 2256 1789 2329 gloriam
1822 2256 1941 2329 Dei,
1961 2266 2083 2326 etc.,

499 2326 621 2393 quid
650 2336 721 2381 est
756 2326 846 2395 per
873 2326 1008 2398 quod
1040 2331 1223 2384 veritas
1263 2332 1404 2385 nobis
1431 2344 1532 2385 non
1572 2326 1873 2394 Loounun?
1913 2327 2087 2397 Ipsius

502 2411 644 2470 votes
672 2399 725 2470 in
756 2399 859 2469 die,
891 2401 1054 2470 ipsius
1093 2417 1235 2457 voces
1265 2403 1317 2456 in
1358 2411 1501 2456 nocte
1541 2402 1844 2465 audiuntur,
1876 2409 1922 2453 et
1968 2401 2088 2470 pul-

503 2469 741 2543 chritudo
766 2469 935 2543 rerum
978 2474 1127 2527 unius
1157 2472 1257 2527 Dei
1284 2474 1489 2543 Opiﬁcio
1520 2472 1845 2525 conditarum
1870 2469 1974 2525 non
1999 2472 2088 2527 de-

499 2540 619 2617 sinit
640 2542 1058 2617 cat-disparibus
1094 2540 1395 2617 magistram
1424 2543 2004 2617 insinuarerationem;
2034 2552 2087 2617 ut

499 2609 775 2687 invisibilia
813 2612 912 2667 Dei
942 2632 1031 2684 per
1059 2633 1118 2670 ea
1139 2609 1252 2683 qua:
1278 2616 1429 2687 facta
1447 2624 1564 2669 sunt
1587 2612 1848 2687 intellecta
1876 2616 2085 2684 conspi-

499 2680 739 2755 ciantur;
767 2694 815 2739 et
846 2680 951 2740 non
976 2680 1243 2755 creaturis,
1276 2680 1365 2741 sed
1394 2684 1627 2742 Creatori
1652 2685 1879 2755 omnium
1901 2680 2087 2740 servia-

501 2754 815 2828 tur._Serm.
850 2756 883 2811 6
935 2758 1002 2813 de
1045 2754 1259 2828 Jejuuio
1299 2768 1437 2826 sept.
1486 2756 1727 2811 mensis:
1758 2754 2088 2811 Devotionem

504 2823 738 2899 [Ettritum
768 2828 898 2881 nihil
920 2838 992 2883 est
1015 2823 1152 2893 quod
1174 2831 1345 2886 divina
1364 2823 1687 2899 providentia
1707 2843 1808 2880 non
1836 2828 2041 2898 adjuvet
2069 2844 2087 2882 :

504 2895 754 2964 siquidem
792 2902 1083 2955 exercendis
1126 2902 1194 2954 ad
1239 2895 1626 2955 sanctimoniam
1656 2895 1909 2951 mentibus
1936 2910 2089 2968 atque

504 2969 799 3045 clarporibus
836 2972 946 3040 ipsa
971 2990 1169 3045 quoque
1196 2972 1373 3026 mundi
1396 2986 2085 3045 sneueursgrsuouurun,

503 3036 626 3091 dum
651 3036 863 3094 dierum
896 3060 956 3095 ac
983 3036 1257 3098 'me'nsiutn
1304 3044 1541 3098 distincte
1596 3042 1793 3096 variata
1840 3036 2088 3096 revolutio

502 3123 743 3187 oussous
765 3128 912 3169 NOBIS
952 3130 1171 3171 PAGINAS
1212 3117 1375 3184 aperit
1406 3125 1812 3187 praceptorum;
1843 3123 1899 3167 ut
1949 3112 2085 3182 quod

501 3196 648 3234 sacra
677 3186 954 3240 admonent
976 3202 1280 3249 INSTI‘IUTA,
1307 3185 1648 3257 hoc'quodam
1678 3185 2090 3257 modoLooUttN-

504 3265 611 3306 ἰιτιι
637 3265 684 3307 et
715 3264 962 3327 tempora.
994 3258 1169 3313 Serm.
1191 3259 1224 3315 6
1247 3260 1298 3313 in
1320 3256 1647 3327 Quadrages.
1678 3271 1796 3327 cap.
1824 3256 1849 3311 1
1891 3275 1902 3309 :
1939 3256 2090 3311 Sem-

2196 607 2427 663 tendum.

2267 678 2604 753 Deﬁgenerali
2633 678 2939 750 huiusmodi
2967 680 3142 753 gratia
3167 681 3297 753 (hac
3343 697 3475 739 voce
3516 684 3571 739 in
3608 684 3781 748 latiori

2192 750 2492 827 signiﬁcatu
2536 755 2794 827 accepta)
2822 767 2945 827 qua;
2970 750 3359 827 “etiamjlegem
3390 754 3641 827 includit,
3674 774 3784 816 om-

2198 824 2394 896 niaque
2429 822 2494 896 ad
2522 822 2885 893 cognitionem
2927 825 3019 881 Dei
3062 822 3382 892 utilia,’l'use
3412 822 3643 896 uterque
3677 830 3781 887 dis-

2196 898 2331 968 serit
2358 894 2545 949 iisdem
2592 906 2649 950 ut
2693 896 2983 964 plurimum
3022 897 3203 955 verbis
3238 915 3250 951 :
3286 900 3427 968 quod
3469 894 3669 967 praeter
3696 903 3782 958 de-

2194 967 2394 1036 scripta
2427 969 2673 1036 superius
2699 968 2812 1022 loca
2845 977 2955 1023 tum
2980 968 3153 1024 sancti
3174 967 3388 1036 Leonis,
3425 980 3536 1024 tum
3564 972 3780 1029 alterius

2192 1040 2458 1107 Opusculi.
2477 1056 2544 1094 ex
2566 1038 2687 1093 aliis
2711 1040 2930 1109 insuper
2950 1040 3082 1096 locis
3108 1042 3390 1096 evincitur.
3418 1041 3653 1097 Sanetus
3682 1044 3780 1100 Leo

2188 1123 2350 1165 εει-ιιι.
2384 1110 2644 1183 80_(nunc
2672 1109 2778 1181 82)
2808 1113 2877 1167 de
2918 1111 3017 1170 SS.
3063 1122 3236 1183 apost.
3286 1112 3443 1167 Petro
3489 1124 3545 1168 et
3596 1115 3777 1183 Paulo,

2187 1195 2309 1255 cap.
2342 1184 2377 1237 2
2406 1200 2422 1255 7:
2456 1179 2595 1237 Deus
2626 1179 2807 1255 bonus,
2833 1186 3022 1253 inquit,
3056 1179 3112 1238 et
3134 1188 3311 1255 justus
3334 1186 3660 1248 omnipotens
3694 1179 3781 1241 mii-

2187 1254 2519 1308 sericordiam
2562 1272 2713 1308 suam
2754 1254 2978 1309 humano
3026 1254 3197 1323 generi
3244 1271 3496 1319 NUIQUAII
3529 1273 3774 1324 NEGAVIT,

2190 1339 2461 1396 omnesque
2501 1327 2551 1379 in
2599 1343 2865 1380 commune
2911 1328 3149 1381 mortales
3200 1328 3267 1379 ad
3321 1332 3664 1397 cognitionem
3704 1331 3777 1385 sui

2189 1398 2640 1469 abundantissimis
2709 1416 2931 1469 semper:
2965 1414 3262 1454 BENEFICIIS
3335 1415 3623 1465 ειιιιιιινιτ,
3677 1412 3775 1457 etc.

2189 1467 2364 1523 Serm.
2398 1470 2431 1525 5
2460 1470 2511 1523 in
2552 1467 2824 1539 Epipbau.
2854 1487 2868 1524 :
2903 1468 3171 1523 Permanet
3209 1485 3362 1540 super
3408 1488 3581 1524 omnes
3636 1474 3775 1527 beni-

2186 1542 2355 1621 gnitas
2390 1542 2507 1606 Dei,
2539 1550 2585 1621 et
2618 1541 2747 1621 nul-li
2772 1541 3191 1621 misericordiam
3219 1557 3367 1621 suam
3395 1542 3639 1621 denegﬁat,
3668 1561 3775 1621 cum

2186 1612 2461 1683 indiscrete
2490 1613 2743 1683 universis
2764 1614 2893 1666 bona
2923 1613 3084 1665 multa
3116 1615 3383 1683 largiatur,
3404 1624 3510 1666 etc.
3532 1612 3725 1670 ‘Serm.
3743 1614 3774 1671 8

2186 1680 2239 1736 ἱιι
2270 1684 2388 1737 ead.
2421 1684 2636 1738 lcstivit.
2670 1701 2683 1736 :
2718 1682 2855 1738 Deus
2893 1700 3065 1737 omnes
3099 1685 3166 1738 ad
3195 1680 3547 1751 cognitionem
3579 1687 3665 1739 sui
3687 1703 3773 1743 cs-

2185 1768 2478 1810 NERALIBUS
2504 1770 2748 1810 INCITANS
2789 1770 2959 1820 DONIS,
2993 1771 3149 1811 PLUIT
3180 1770 3348 1809 SUPER
3379 1771 3567 1812 JUSTOS
3599 1772 3676 1811 ετ
3702 1774 3775 1814 ιιι-

2184 1840 2396 1894 ιυετοδ,
2428 1844 2494 1882 ΕΤ
2536 1841 2706 1882 ευιειι
2736 1843 2870 1884 SUUI
2914 1842 3058 1883 OBIBI
3108 1842 3264 1882 FACIT
3306 1843 3473 1882 SUPER
3516 1844 3687 1886 BONOS
3714 1844 3776 1886 Εἴ

2190 1913 2381 1953 IIALOS.
2910 1909 2924 1919 '

2115 1948 2162 2010 Β
2190 1948 2557 2025 ἡὴὖξξνοετιι.
2596 1981 2739 2038 gent.
2784 1972 2876 2027 lib.
2916 1988 2952 2027 ιι
2986 1987 3104 2042 cap.
3134 1972 3196 2023 l0
3228 1988 3242 2026 :
3278 1971 3523 2026 Omnium
3568 1974 3776 2029 saculo-

2190 2056 2304 2114 runt
2330 2043 2672 2114 experimenta
2703 2044 2985 2097 docuerunt
3012 2046 3201 2113 justam
3227 2042 3321 2097 Dei
3345 2045 3766 2109 misericordiam,

2190 2112 2664 2185 misericordemque
2676 2116 2955 2184 justitiam,
2983 2112 3073 2169 nec
3100 2114 3297 2169 alendis
3326 2128 3571 2185 umquam
3591 2132 3774 2183 corpo-

2189 2184 2328 2237 ribus
2360 2186 2639 2248 hominum,
2670 2202 2761 2238 nec
2786 2187 3027 2240 docendis
3053 2187 3397 2254 juvandisque
3428 2184 3603 2239 eorum
3640 2204 3777 2240 men-

2196 2255 2327 2309 tibus
2355 2258 2579 2327 defuisse
2607 2273 2625 2310 :
2648 2257 2864 2313 Saurea
2893 2274 3091 2313 meum
3122 2272 3287 2312 eum
3315 2272 3485 2312 suren
3514 2272 3673 2312 annos
3703 2272 3769 2312 ετ

2194 2342 2399 2391 κλιοες
2431 2342 2635 2383 δειιρειι
2662 2344 2829 2384 δοιειι
2854 2345 2990 2385 SUUI
3024 2344 3167 2383 ()Rlﬂl
3214 2344 3371 2383 FECIT
3393 2345 3560 2384 SUPER
3585 2344 3770 2384 JUSTOS

2191 2413 2258 2452 ET
2301 2414 2561 2455 INJUSTOS.
2593 2400 2711 2454 Lib.
2741 2416 2779 2465 ι,
2819 2417 2935 2471 cap.
2984 2402 3017 2456 5
3058 2419 3069 2453 :
3117 2400 3412 2456 Secundum
3460 2401 3777 2469 Scripturam

2194 2472 2473 2534 credimus,
2509 2482 2555 2525 et
2586 2473 2811 2539 piissime
2837 2474 3158 2540 conﬁtemur,
3184 2472 3320 2542 quod
3354 2488 3635 2539 numquam
3666 2472 3775 2525 uni-

2192 2542 2414 2615 versitati
2446 2544 2709 2596 hominum
2756 2544 2941 2598 divina:
2988 2545 3318 2615 providentia:
3366 2560 3490 2596 cura
3526 2544 3776 2615 defuerit;

2190 2628 2305 2679 qua:
2334 2613 2447 2666 licet
2478 2624 2741 2684 acceptum
2787 2616 2886 2668 sibi
2911 2613 3157 2686 populum
3186 2630 3523 2670 srecuusus
3565 2613 3634 2669 an
3677 2630 3777 2670 ris-

2192 2698 2370 2738 TATEI
2420 2701 2708 2740 DIREXEBIT
2748 2702 3069 2750 INSTITUTIS,
3112 2703 3271 2741 NULLI
3333 2702 3517 2741 TAMEN
3569 2702 3778 2743 RATIO!“

2192 2769 2428 2810 nomne!
2476 2772 2756 2813 BONITATIS
2810 2774 2922 2813 sum
2968 2774 3105 2813 noua
3156 2772 3473 2813 SUB‘I'RAXIT.
3512 2756 3645 2827 Cap-
3677 2760 3777 2813 2i:

2197 2827 2439 2891 Quamvis
2474 2829 2734 2882 videamus
2770 2832 2925 2884 nullis
2972 2830 3260 2883 hominibus
3310 2846 3458 2900 apem
3514 2830 3695 2896 gratia:
3728 2830 3779 2883 in

2194 2906 2354 2951 totum
2394 2902 2553 2969 fuisse
2592 2902 2922 2959 subtractam.
2952 2901 3071 2955 Lib.
3120 2916 3156 2953 ιι
3185 2915 3303 2964 cnp.
3335 2901 3401 2954 17
3435 2918 3448 2954 :
3486 2902 3683 2967 Quibus
3711 2911 3779 2955 ta-

2194 2984 2304 3043 men
2337 2969 2670 3043 (gentilibus)
2698 2973 2793 3026 illa
2824 2988 3064 3027 IENSUBA
3093 2987 3387 3027 cenemus
3415 2988 3642 3039 AUXlLll,
3674 2988 3779 3042 quae

2192 3040 2409 3112 desuper
2456 3040 2687 3115 omnibus
2731 3060 2927 3115 semper
2961 3044 3247 3097 hominibus
3292 3054 3364 3097 est
3398 3045 3653 3115 prcebita,
3684 3040 3779 3096 non

2192 3124 2427 3183 negatur.
2458 3112 2587 3183 Cap.
2619 3116 2689 3169 25
2723 3133 2735 3168 :
2771 3112 2956 3169 omnes
2983 3116 3209 3169 homines
3256 3112 3425 3168 salvos
3465 3116 3583 3183 ﬁeri
3624 3114 3781 3168 Deum

2191 3185 2335 3249 velle,
2392 3201 2690 3257 semperque
2742 3188 2997 3248 voluisse,
3048 3202 3150 3239 non
3195 3186 3409 3239 aliunde
3466 3198 3779 3257 monstratur

2194 3271 2347 3328 quam
2394 3257 2457 3310 de
2496 3258 2561 3311 iis
2604 3255 2890 3326 beneficiis,
2915 3274 3071 3327 eaque
3120 3258 3441 3328 providentia
3491 3255 3606 3320 Dei,
3632 3274 3781 3321 quam

503 3340 595 3391 per
635 3325 862 3393 quidem,
904 3328 1253 3394 dilectissimi,
1292 3325 1643 3407 misericordia
1676 3325 1897 3407 ¹ιὶοιιιὶιιί
1940 3327 2093 3407 plena
2120 3340 2167 3404 ρ
2198 3326 2446 3407 universis
2473 3325 2884 3407 generationibus
2904 3325 3246 3407 communiter
3267 3339 3417 3397 atque
3437 3328 3783 3407 indi/ferenter

507 3404 581 3473 est
621 3404 776 3462 terra,
816 3408 863 3451 et
902 3401 1172 3472 unicuique
1218 3401 1451 3470 ﬁdelium
1493 3401 1560 3473 ad
1607 3399 1876 3473 colendum
1924 3401 2094 3453 Deum

509 3469 625 3529 ipsa
672 3484 844 3520 rerum
890 3469 1095 3523 natura
1122 3469 1356 3526 doctrina
1385 3482 1474 3537 est,
1507 3472 1629 3524 dum
1660 3469 1840 3523 ctelum
1868 3478 1914 3522 et
1938 3478 2091 3536 terra,

508 3550 648 3611 mare
676 3548 722 3590 et
745 3541 915 3593 omnia
946 3558 1061 3611 quin
1091 3543 1143 3596 in
1181 3545 1253 3596 eis
1295 3552 1436 3605 sunt,
1468 3543 1738 3595 bonitatem
1778 3549 1824 3592 et
1865 3542 2095 3608 omnipo-

506 3608 713 3661 tentiam
740 3624 820 3664 SUl
852 3608 1272 3670 rnoresuuwn
1297 3627 1571 3678 AUCTOBIS,
1596 3627 1665 3667 er
1704 3626 2093 3666 FAIULANTIUI

508 3691 904 3755 ειειιιῑιιιτοιιυιι
935 3685 1185 3740 mirabilis
1216 3687 1545 3752 pulchritudo
1570 3688 1771 3755 justam
1799 3684 1861 3736 ab
1891 3683 2093 3737 intelle-

507 3751 662 3829 ctu_ali
692 3764 924 3829 creatura
953 3751 1237 3825 gratiarum
1266 3758 1423 3829 exigit
1443 3751 1713 3829 actionem.

554 3820 655 3901 _Dc
692 3822 873 3879 Vocat.
902 3820 1074 3897 ge'ut.,
1109 3829 1199 3884 lib.
1228 3844 1262 3883 ll
1291 3820 1409 3899 cap.
1434 3830 1503 3883 ιιι
1540 3827 1732 3901 Caelum
1758 3834 1805 3901 et
1830 3833 1964 3879 terra
1987 3841 2096 3901 ontf

509 3898 687 3971 nisque
728 3908 977 3971 creatura,
1004 3916 1117 3965 qua:
1160 3901 1318 3954 videri
1362 3898 1513 3971 atque
1549 3898 1767 3969 intelligi
1805 3906 1991 3971 potest,
2024 3898 2092 3951 ad

506 3959 639 4016 hanc
670 3969 927 4035 pra’cipue
954 3959 1201 4041 disposita
1226 3982 1302 4025 est
1329 3959 1541 4026 humani
1570 3959 1765 4040 generis
1796 3959 2090 4035 utilitatem,

504 4043 561 4088 ut
591 4044 774 4091 natura
805 4042 1139 4098 rationalis...
1191 4044 1260 4097 ad
1303 4044 1494 4097 cultum
1537 4051 1585 4095 et
1632 4041 1953 4095 dilectionem
2010 4056 2093 4095 SUl

504 4118 841 4185 IMB‘UERBTUR
873 4129 1156 4171 .wcroms.
1186 4115 1445 4181 Quoniam
1472 4115 1564 4168 etsi
1590 4110 1744 4185 longe
1763 4122 1835 4165 est
1864 4128 1894 4163 a
1923 4128 2096 4179 pecca-

502 4179 694 4234 toribus
715 4184 877 4248 salus,
895 4189 1165 4253 prwsentia
1184 4179 1349 4241 tamen
1375 4186 1557 4240 salutis
1585 4179 1747 4239 lrsuts
1769 4199 1832 4238 sc
1860 4198 2092 4239 VIRTUTE

501 4263 646 4304 mult.
686 4268 895 4311 vscuvu
927 4272 1096 4312 ssr...
1134 4258 1284 4326 Quod
1312 4266 1386 4313 est
1408 4267 1579 4311 autem
1610 4256 1705 4310 hoc
1747 4255 2094 4309 testimonium

500 4325 636 4398 quod
674 4340 869 4395 semper
906 4327 1128 4383 Domino
1157 4325 1419 4393 deservit,
1452 4338 1497 4383 et
1548 4343 1829 4397 numquam
1881 4325 1943 4379 de
1982 4329 2092 4398 ejus

504 4393 724 4467 bonitate
761 4393 820 4449 ac
856 4409 1101 4466 potestate
1131 4402 1393 4467 conticuit,
1419 4400 1517 4453 nisi
1554 4393 1866 4466 ipsa'totius
1911 4393 2093 4451 mundi

503 4462 866 4519 inenarrabilis
902 4469 1253 4538 pulchritudo,
1286 4480 1333 4526 et
1360 4462 1781 4524 inenarrabilium
1822 4470 2093 4534 beneﬁcio-

504 4538 753 4612 rumejus
792 4539 929 4612 dives
959 4552 1005 4593 et
1038 4542 1279 4595 ordinata
1321 4543 1549 4609 largitio.
1575 4557 1667 4612 per
1708 4539 2091 4612 qutehumanis

504 4604 740 4658 cordibus
770 4610 1006 4678 quaedam
1034 4628 1275 4667 ETEBNE.
1300 4604 1451 4667 umis
1471 4604 1689 4666 rasum
1711 4604 2086 4682 prwbebantur,

505 4683 557 4725 ut
588 4689 638 4728 ΙΙ
662 4691 864 4734 PAGINIS
893 4696 1285 4738 ELEIENTOBUI
1318 4699 1382 4738 AC
1421 4696 1772 4737 Ἴθι-0111313118
1798 4696 2086 4736 ΤΕΙΙΡΟΒυΙ

504 4751 786 4823 communis
814 4762 857 4804 et
889 4753 1094 4822 publica
1123 4754 1307 4809 divina:
1330 4755 1659 4808 institutionis
1692 4754 1927 4807 doctrina
1950 4752 2088 4823 lege-

502 4824 662 4897 retur.
697 4817 898 4876 Cretum
928 4840 1047 4897 ergo
1078 4840 1360 4895 cunctaque
1395 4827 1633 4891 ccelestia,
1674 4839 1813 4878 mare
1840 4834 1887 4878 et
1928 4817 2084 4893 terra,

502 4896 772 4969 omniaque
795 4910 909 4963 qua:
928 4896 981 4949 in
1012 4898 1081 4951 eis
1109 4908 1246 4961 sunt,
1279 4913 1500 4952 consono
1526 4898 1711 4967 speciei
1740 4912 1848 4950 sine
1874 4897 2086 4969 ordina-

502 4961 766 5043 tionisgue
800 4961 1047 5022 concentu
1097 4961 1585 5043 rnorssrssau'ruu
1630 4969 1849 5040 gloriam
1897 4966 1995 5021 Dei
2040 4978 2087 5023 et

500 5034 862 5111 prtvdicatigne
906 5048 1149 5111 perpetua
1204 5042 1523 5109 majestatem
1574 5034 1656 5095 sui
1700 5055 2087 5103 LOQUEBANTUR

497 5106 740 5185 auctoris.
772 5108 836 5185 [fit
997 5106 1038 5167 Β
1067 5129 1081 5167 :
1111 5106 1353 5177 Quamvis
1381 5128 1500 5183 ergo
1524 5112 1632 5166 haec
1667 5121 1713 5185 et
1744 5114 1905 5185 multa
1934 5112 2084 5185 simi-

500 5171 572 5227 lia
594 5178 824 5233 veritatis
847 5171 1465 5254 Scriptura'pronuntiei.
1497 5184 1776 5238 secundum
1812 5182 1974 5253 632
2004 5184 2087 5251 ip-

496 5261 610 5299 sam
637 5258 806 5324 tamen
835 5254 1087 5310 credimus
1107 5267 1155 5309 et
1185 5256 1411 5321 piissime
1433 5255 1754 5324 conﬁtemur,
1781 5256 1916 5323 quod
1940 5270 2086 5307 num-

496 5332 654 5395 quam
685 5322 1001 5395 universitati
1042 5328 1306 5381 hominum
1345 5322 1539 5381 divina!
1571 5322 1901 5395 providentia:
1955 5340 2080 5395 cura

496 5388 735 5472 defuerit.
772 5394 903 5472 Quae
924 5398 1039 5451 licet
1064 5408 1334 5472 exceptum
1360 5397 1457 5451 sibi
1501 5388 1748 5467 populum
1774 5394 2080 5472 specialibus

495 5461 568 5536 ad
591 5462 829 5532 pietatem
850 5467 1092 5524 direxerit
1117 5461 1382 5536 institutis,
1412 5461 1544 5523 nulli
1572 5461 1741 5523 tamen
1766 5461 1961 5520 nationi
1985 5467 2080 5521 ho-

495 5532 695 5587 minum
724 5536 965 5594 bonitatis
1006 5557 1115 5597 sua:
1163 5543 1302 5596 dona
1331 5532 1617 5603 subtraxit;
1658 5547 1712 5593 ut
1759 5537 2082 5609 prapheticas

496 5616 641 5657 voces
663 5615 713 5682 et
741 5621 996 5681 praecepta
1040 5613 1226 5682 legalia
1261 5614 1681 5682 convincerentur
1718 5610 1771 5682 in
1812 5610 2085 5682 elemento-

496 5676 980 5755 '“I’E,Obléqmisac
1008 5676 1290 5739 tesiimonis
1314 5684 1587 5755 accepiss_e.
1624 5678 1775 5737 Unde
1803 5688 1850 5734 et
1881 5680 2085 5734 inexcu-

498 5744 683 5807 Wbiles
725 5744 849 5824 facti
894 5765 1035 5827 sunt,
1057 5756 1180 5827 quia
1208 5756 1328 5815 deos
1370 5744 1469 5814 sibi
1516 5752 1615 5812 Dei
1640 5758 1779 5809 dona
1823 5755 2086 5823 fecerunt;

2200 3399 2515 3467 impendit...
2555 3400 2748 3465 Quibus
2792 3402 2940 3454 donis
2985 3409 3245 3453 auctorem
3290 3416 3443 3454 suum
3487 3417 3576 3469 per
3607 3400 3784 3453 omnia

2200 3470 2387 3542 saecula
2416 3485 2878 3542 enorcsuu'nsus
2906 3472 3140 3542 specialis
3186 3473 3354 3542 gratia
3394 3471 3653 3542 superfusa
3680 3480 3780 3523 est.

2199 3538 2380 3616 Lib._t|
2412 3559 2529 3610 cap.
2560 3553 2635 3616 4»:
2667 3541 2859 3616 Igitur,
2888 3538 3015 3598 sicut
3038 3544 3161 3596 dicit
3187 3538 3457 3616 propheta,
3482 3539 3783 3593 Misericor-

2199 3610 2286 3686 dia
2315 3611 2523 3686 Domini
2548 3610 2799 3686 plena'est
2827 3626 2961 3669 terra
2984 3631 3003 3668 :
3030 3629 3143 3684 qua:
3178 3610 3334 3668 nullis
3358 3626 3587 3686 umquam
3611 3627 3787 3686 siccu-

2202 3683 2287 3747 lis,
2318 3684 2475 3738 nullis
2497 3683 2903 3756 generationibus
2930 3683 3108 3756 defuit,
3142 3702 3351 3756 eamque
3385 3683 3785 3752 providentiam,

2198 3770 2297 3823 qua
2329 3758 2704 3811 universitatem
2736 3773 2905 3811 rerum
2927 3758 3249 3810 administrat
3273 3766 3317 3809 et
3344 3757 3585 3821 continet,
3614 3772 3789 3823 regen-

2198 3826 2279 3899 dis
2309 3827 2606 3899 alendisque
2632 3831 2829 3883 naturis
2855 3845 3053 3899 semper
3068 3828 3331 3896 impendit,
3356 3838 3463 3881 etc.
3482 3825 3788 3899 Vide633

2198 3896 2435 3966 ejusdem
2469 3900 2584 3953 libri
2618 3900 2845 3969 caput9.
2874 3896 3075 3955 Eodem
3108 3910 3329 3969 uterque
3363 3898 3523 3954 modo
3554 3896 3789 3967 loquitur

2198 3968 2263 4042 dc
2291 3968 2406 4039 lege
2438 3968 2696 4039 legisnue’
2717 3972 3006 4042 mysteriis,
3035 3986 3191 4041 quam
3224 3968 3333 4024 fere
3364 3970 3499 4039 legis
3531 3970 3790 4042 teStilica-

2198 4040 2419 4104 tionem,
2472 4047 2667 4097 veteris
2708 4040 3538 4111 Testameuti’signiﬁcationes.
3574 4040 3790 4093 oracula

2196 4112 2603 4180 prophetarum,
2653 4115 2853 4169 veteris
2897 4113 3223 4168 Testamenti
3261 4112 3480 4167 decreta
3530 4112 3787 4180 appellat.

2274 4181 2504 4254 Uterque
2535 4185 2723 4239 eodem
2755 4190 2914 4239 modo
2942 4192 3097 4252 urget
3126 4186 3460 4237 voluntatum
3504 4196 3783 4252 patronos.

2197 4252 2338 4318 Leo,
2368 4252 2524 4322 epist.
2558 4260 2590 4309 6
2621 4262 2783 4323 (nunc
2820 4258 2871 4325 1)
2908 4256 2971 4310 ad
3005 4254 3403 4322 Aquileiensetu
3445 4260 3783 4322 episcOputn,

2199 4340 2318 4394 cap.
2350 4326 2403 4387 5,
2439 4328 2627 4381 scribit
2655 4329 2717 4381 ad
2754 4328 2854 4383 hnc
2898 4330 3041 4381 omni
3086 4337 3278 4381 conatu
3316 4341 3409 4379 eos
3454 4327 3709 4390 tendere,
3740 4333 3791 4377 ut

2196 4398 2364 4465 gratia
2384 4397 2473 4451 Dei
2485 4400 2762 4452 secundum
2776 4400 2953 4453 nterita
2967 4399 3085 4452 dari
3095 4398 3455 4463 accipientium
3466 4398 3742 4451 sentiatur.
3754 4435 3762 4444 .
3774 4434 3787 4448 .

2196 4466 2263 4520 Et
2296 4469 2407 4522 ideo
2444 4487 2532 4537 per
2560 4470 2847 4523 naturalem
2882 4471 3189 4523 industriam
3223 4468 3442 4538 gratiam
3488 4468 3785 4535 prmeniri,

2194 4539 2263 4593 ab
2294 4540 2481 4595 iisdem
2512 4543 2702 4605 aSseri,
2733 4556 2788 4595 ut
2831 4558 2943 4610 qua:
2984 4551 3100 4593 ante
3144 4542 3362 4609 gratiam
3400 4540 3621 4609 praprio
3655 4538 3791 4591 clara

2196 4612 2259 4683 sit
2288 4613 2479 4676 studio,
2510 4612 2653 4666 nullo
2674 4614 2905 4667 videatur
2927 4613 3117 4681 peccati
3140 4611 3405 4683 originalis
3434 4611 3791 4683 vulneresau-

2195 4682 2347 4735 ciata.
2397 4684 2511 4738 lloc
2554 4683 2690 4739 idem
2724 4686 2842 4737 aliis
2878 4684 3057 4737 verbis
3084 4680 3397 4751 expressum
3434 4680 3611 4735 habes
3655 4680 3746 4735 lib.
3778 4695 3793 4733 t

2115 4735 2167 4798 Ι)
2192 4752 2260 4807 de
2286 4735 2471 4827 vocat.
2488 4735 2937 4827 gentv.ﬁ,ﬂcap.722,
2951 4735 3277 4823 biennium
3299 4751 3365 4807 ad
3392 4751 3791 4807 Demetriadem

2190 4838 2311 4893 cap.
2340 4824 2428 4881 10.

2267 4896 2470 4954 XXII).
2486 4898 2594 4954 Nec
2609 4899 2659 4952 in
2674 4899 2895 4953 materia
2911 4905 3116 4952 tantum
3130 4894 3317 4966 gratia:
3329 4894 3515 4949 eadem
3532 4894 3791 4964 cogitata,

2193 4968 2352 5023 iidem
2381 4980 2695 5039 conceptus,
2730 4970 3051 5038 dicendique
3080 4969 3217 5023 ratio
3241 4967 3431 5022 eadem
3458 4975 3787 5039 occurrunt;

2191 5054 2377 5094 verum
2406 5051 2459 5095 et
2491 5037 2699 5096 iu'aliis
2730 5057 2942 5109 quoque
2965 5037 3113 5095 bene
3145 5039 3347 5109 multis,
3372 5054 3424 5091 ν.
3452 5052 3534 5107 g.,
3570 5052 3701 5109 cum
3731 5037 3795 5091 de

2193 5112 2499 5179 apostolica?
2537 5112 2682 5169 sedis
2709 5108 2759 5166 iu
2787 5108 2920 5167 urbe
2960 5112 3127 5165 Roma
3163 5108 3494 5175 lundationc,
3537 5108 3795 5179 amplitu-

2193 5181 2319 5254 dine
2348 5198 2411 5239 ac
2438 5184 2698 5254 dignitate
2726 5198 3031 5239 sermonem
3071 5182 3287 5254 habent.

2261 5250 2647 5322 Sanctus'Leo,
2684 5269 2847 5311 serm.
2891 5254 2917 5308 1
2946 5256 3011 5310 de
3042 5254 3135 5307 SS.
3167 5253 3324 5307 Petro
3353 5260 3407 5305 et
3438 5250 3637 5317 Paulo,
3676 5266 3793 5319 cap.

2191 5326 2213 5380 1
2243 5342 2254 5376 :
2285 5324 2353 5399 Ut
2382 5343 2525 5399 gens,
2558 5328 2752 5396 inquit,
2783 5334 2981 5389 sancta,
3011 5324 3228 5399 populus
3257 5324 3463 5399 electus.
3496 5323 3689 5399 civitas
3717 5339 3797 5375 sa-

2188 5394 2465 5453 cerdotdlis
2510 5408 2554 5452 et
2597 5394 2747 5468 regia
2789 5414 2878 5468 per
2908 5394 3108 5453 sacram
3140 5395 3202 5468 Β,
3253 5394 3395 5447 Petri
3423 5394 3601 5468 sedem
3643 5402 3797 5463 caput

2194 5468 2329 5543 orbis
2360 5468 2563 5543 effecta,
2608 5465 2760 5525 latius
2791 5465 3101 5543 'prtesideres
3128 5465 3601 5543 religionedivina,
3639 5480 3797 5543 quam

2192 5540 2540 5596 dominatione
2564 5551 2783 5596 terrena.
2802 5537 3068 5609 'Quamvts
3092 5540 3226 5593 enim
3251 5537 3423 5591 multis
3446 5546 3606 5589 aucta
3639 5538 3799 5589 vieto-

2192 5611 2282 5663 riis
2300 5614 2391 5684 jus
2420 5614 2616 5680 imperii
2639 5615 2712 5667 tui
2745 5624 2879 5666 terra
2918 5612 3149 5684 marique
3168 5609 3480 5684 protuleris;
3505 5610 3689 5684 minus
3718 5618 3797 5659 ta-

2192 5680 2393 5755 menest
2422 5687 2557 5755 quod
2581 5684 2671 5738 tibi
2698 5686 2909 5755 bellicus
2934 5683 3078 5737 labor
3094 5680 3505 5755 subdidit,quam
3522 5680 3672 5755 quod
3695 5690 3799 5747 pas

2193 5750 2485 5812 Christiana
2510 5757 2794 5827 subjecit...
2816 5754 2885 5815 Ut
2910 5763 3080 5813 autem
3108 5754 3262 5829 hujus
3281 5750 3651 5808 inenarrabilis
3680 5764 3799 5821 gia-

1570 5862 2135 5929 BALLERINIORUM
2172 5866 2721 5929 ANNOTATIONES.

569 5963 649 6043 (α)
678 5966 798 6029 Vid.
823 5967 1033 6031 observ.
1064 5984 1213 6030 num.
1246 5970 1334 6029 lt.
