3968 6308
251 353 360 416 355

689 328 1015 407 DISSERT.
1041 340 1105 405 II.
1148 343 1237 401 DE
1276 337 1597 400 AUCTORE
1637 329 1988 396 LIBRORUM
2030 330 2118 388 DE
2158 322 2407 387 VOCAT.
2442 322 2706 384 OMNIUM
2748 323 3089 389 (ΠΞΝΤΙυΜ.ν

3416 330 3530 389 πει

252 457 336 501 tne
368 461 457 512 per
489 451 646 500 totum
670 441 917 497 mundum
944 457 1387 498 Dll‘l-‘UNDERETUR
1416 457 1704 509 erremus,
1738 456 1832 497 tto-
1859 444 1914 508 Α
1938 440 2153 515 malitia
2177 457 2274 515 sua
2309 455 2759 515 inconvenrtmus
2801 461 3128 515 perseverans
3164 444 3529 505 Antichristus
3578 431 3586 437 ’

246 532 431 574 ΙΑΝΗΙ
457 532 668 573 ΒΕῦΝυὶί
695 530 869 570 DIVINA
902 528 1253 569 PBOVIDENTIA
1284 529 1655 577 PRLPARAVIT,
1681 516 1830 585 0|leer

246 592 318 642 ad
348 607 432 643 eos
461 589 645 642 limites
687 590 992 641 incrementa
1036 588 1280 654 perducta
1316 597 1453 647 sunt,
1486 587 1666 653 quibus
1706 602 1833 638 cun-

248 670 456 734 ctarum
498 661 723 734 gentium
766 658 931 734 vicina
954 666 1023 734 ‘et
1065 659 1305 734 contigua
1340 666 1465 734 esset
1509 657 1831 734 universitas.

248 728 518 803 Disposito
553 748 770 802 namque
806 728 1217 803 ditvinitus_0peri
1247 731 1466 803 maxime
1502 728 1833 803 congruebat,

247 811 309 858 ut
345 800 509 856 multa
539 800 694 875 regna
720 818 826 856 uno
846 800 1328 875 Aconftzderarentur
1357 802 1595 875 imperio,
1642 811 1690 853 et
1733 800 1836 875 cito

248 876 449 944 pervios
470 872 670 928 haberet
698 873 911 946 populos
932 873 1227 941 praedicatio
1243 872 1514 942 generalis,
1531 888 1658 942 quos
1682 872 1836 925 unius

249 948 693 1019 ten_eretf_regimen
719 946 957 1019 civitatis.

323 1017 401 1073 De
431 1014 721 1073 Vocatione
740 1026 884 1087 gent.
922 1016 1016 1072 lib.
1043 1030 1104 1087 tt.
1126 1014 1300 1087 c.16:
1332 1014 1413 1069 Ad
1438 1017 1588 1087 cujus
1618 1015 1693 1070 rei
1716 1014 1837 1080 eﬂ'e.

249 1097 392 1144 ctum
420 1090 673 1143 credimus
700 1085 1023 1160 providentia
1053 1085 1150 1141 Dei
1181 1086 1399 1160 Romani
1428 1085 1570 1160 regni
1599 1087 1837 1160 latitudi-

249 1178 368 1216 nem
416 1158 776 1230 preparata’m,
819 1168 874 1214 ut
918 1160 1147 1213 nationes
1188 1158 1431 1211 vocanda:
1476 1158 1543 1209 ad
1590 1158 1842 1210 unitatem

249 1234 481 1304 corporis
532 1233 745 1294 Christi,
803 1232 947 1304 prius
991 1244 1134 1304 suae;
1166 1243 1323 1304 ustus
1366 1242 1839 1304 consoctsnesron

249 1301 475 1360 ιιιίεκιι.
528 1304 775 1370 Quamvis
818 1302 983 1373 gratia
1012 1301 1310 1373 Christiana
1351 1316 1453 1373 non
1490 1310 1730 1352 contenta
1777 1301 1842 1352 sit

250 1380 456 1431 eosdem
488 1377 675 1431 limites
706 1371 890 1427 habere
913 1388 1039 1441 quos
1070 1371 1253 1435 Roma,
1300 1371 1591 1437 multosque
1609 1372 1721 1441 jam
1754 1386 1845 1437 po-

252 1446 405 1515 pulos
430 1457 631 1518 sceptro
658 1446 826 1518 crucis
852 1441 1041 1497 Christi
1070 1442 1163 1495 illa
1202 1442 1501 1504 subdiderit,
1534 1457 1661 1518 quos
1691 1442 1845 1495 armis

251 1512 363 1571 suis
390 1519 492 1571 ista
517 1512 624 1569 non
650 1514 884 1569 domuit:
912 1528 1025 1582 quo:
1062 1521 1227 1566 tamen
1266 1529 1353 1581 per
1380 1512 1648 1580 apostolici
1677 1527 1843 1564 sacer-

254 1588 389 1641 dotii
414 1589 765 1658 principatum
780 1585 999 1653 amplior
1022 1586 1159 1654 facta
1174 1593 1246 1639 est
1261 1598 1376 1636 arce
1392 1582 1674 1652 religionis,
1689 1597 1845 1653 quam

256 1658 394 1711 solio
424 1660 706 1727 potestatis.
1014 1678 1019 1685 ί

339 1724 553 1783 Petrum
584 1728 881 1799 apostolum
910 1726 1121 1799 atrinte
1144 1724 1627 1799 negationislapsu
1661 1738 1841 1799 resur-

258 1810 477 1892 gentem
505 1795 631 1892 cum:
669 1808 890 1880 uterque
926 1797 1198 1892 describit,
1234 1796 1421 1850 iisdem
1451 1795 1565 1877 fere
1597 1797 1840 1892 terminis
1868 1829 1917 1892 Β

254 1866 500 1935 utuntur,
532 1870 630 1924 etsi
657 1884 760 1923 non
786 1866 854 1922 ita
883 1866 1239 1923 communiter
1269 1868 1513 1936 usurpari
1550 1866 1748 1921 solitis.
1779 1867 1833 1922 Id

253 1955 419 1995 omne
446 1941 513 1994 ad
536 1952 805 1996 secretum
836 1940 1028 1993 Christi
1058 1939 1265 1992 Domini
1293 1939 1546 1993 intuitum
1577 1939 1837 2008 referunt,

251 2012 491 2081 indeque
513 2021 743 2082 arguunt
771 2012 967 2082 nemini
994 2010 1132 2065 hanc
1150 2009 1309 2064 vitam
1332 2010 1526 2082 viventi
1544 2020 1840 2082 quantum-

252 2084 390 2138 libet
412 2080 555 2150 justo
580 2080 643 2139 ac
670 2086 758 2153 pio
781 2098 886 2137 non
912 2081 1089 2138 inesse
1112 2082 1324 2135 labendi
1352 2080 1647 2152 periculum
1674 2091 1837 2153 atque

252 2153 630 2211 formidinem.

334 2226 563 2282 Sanctus
603 2225 735 2292 Leo,
766 2240 929 2281 serm.
954 2228 988 2283 5
1015 2224 1082 2282 de
1111 2225 1293 2281 Pass.:
1340 2224 1605 2295 Respexit,
1648 2224 1841 2295 inquit,

253 2298 512 2353 Dominus
543 2296 777 2359 Petrum.
810 2306 856 2351 et
880 2301 1013 2353 inter
1032 2297 1315 2351 calumnias
1345 2296 1683 2361 sacerdotum,
1712 2298 1847 2351 inter

255 2370 514 2440 falsitales
546 2371 769 2432 testium,
800 2371 931 2423 inter
960 2370 1262 2423 credentium
1286 2376 1334 2422 et
1354 2370 1740 2437 conspuentium
1768 2370 1847 2421 in-

244 2442 429 2515 jurias
443 2442 773 2515 constitutus,
786 2456 921 2515 tuas
942 2456 1231 2515 Tune/trust
1247 2453 1559 2495 mscwuwu
1582 2453 1846 2515 convexis

254 2510 427 2641 §b
453 2527 658 2575 oCULts,
687 2512 868 2583 quibus
898 2529 1012 2565 eum
1042 2512 1341 2577 prreviderat
1380 2527 1485 2564 esse
1511 2510 1841 2563 turbandam.

308 2600 439 2637 erm.
466 2584 499 2638 9
529 2585 594 2638 de
623 2585 743 2638 ead.
787 2585 969 2637 Pass:
1003 2582 1191 2637 Petrus
1216 2584 1513 2641 perterritus
1540 2596 1602 2634 ex
1627 2581 1841 2641 inﬁrmi«

308 2581 439 2637 erui.
466 2584 499 2638 9
529 2585 594 2638 de
623 2581 743 2638 ead.
787 2585 969 2637 Pass:
1003 2582 1191 2637 Petrus
1216 2584 1513 2653 perterritus
1540 2596 1602 2634 ex
1627 2581 1847 2649 inﬁrmi-

261 2664 369 2710 tate
395 2653 676 2727 periculum
703 2654 986 2727 negationis
1016 2655 1251 2727 incurr_it,
1272 2654 1352 2727 ob
1372 2654 1650 2727 hoc,‘sicut
1680 2670 1845 2722 appa-

258 2737 363 2791 ret,
405 2726 643 2780 htesitare
663 2723 957 2797 permissus,
988 2734 1042 2778 ut
1069 2726 1123 2778 in
1156 2723 1401 2778 Ecclesia:
1426 2724 1657 2797 principe
1686 2739 1850 2797 reme-

259 2799 411 2851 dium
449 2796 752 2865 ptenitentite
793 2800 1115 2863 conderetur,
1164 2805 1209 2850 et
1252 2812 1398 2849 nemo
1426 2796 1633 2849 auderet
1666 2796 1730 2849 de
1755 2813 1847 2850 sua

258 2870 450 2923 virtute
479 2868 754 2937 conﬁdere,
778 2870 984 2938 quando
1005 2882 1408 2938 IUTABILITATIS
1430 2881 1730 2938 reatcuwst
1759 2884 1849 2922 nec

261 2942 441 2996 beatus
472 2936 659 2993 Petrus
679 2936 921 3009 potuisset
947 2941 1175 2993 evadere.
1209 2937 1458 2992 Dominus
1482 2949 1647 2991 autem
1674 2936 1848 3004 Jesus,

261 3014 352 3082 qui
381 3015 518 3065 intra
550 3012 843 3080 pontiﬁcale
882 3011 1159 3064 concilium
1189 3011 1297 3063 solo
1322 3025 1532 3080 corpore
1564 3010 1848 3082 tenebatur,

264 3079 930 3155 trepidationemrdiscipuli
959 3082 1085 3151 foris
1113 3079 1460 3155 positidivino
1481 3079 1613 3155 vidit
1640 3080 1847 3146 intuitu,

264 3164 317 3211 et
338 3151 563 3225 paventis
589 3154 837 3220 animum,
868 3168 987 3206 mox
1008 3162 1061 3205 ut
1082 3152 1324 3221 respexit,
1355 3151 1534 3218 erexit,
1559 3165 1627 3204 ΕΤ
1650 3165 1701 3205 tu
1727 3166 1855 3206 ru:-

264 3240 370 3281 TUS
400 3240 752 3282 HEMTUDINIS
774 3240 950 3280 INCI'I'A
960 3238 1069 3278 VIT.

344 3296 421 3352 De
450 3298 737 3353 Vocatione
766 3298 1004 3367 gentium
1035 3294 1125 3350 lib.
1156 3308 1217 3358 tt,
1252 3307 1378 3367 cap.
1401 3292 1505 3347 28:
1536 3292 1599 3348 Si
1621 3308 1743 3367 e_r_go
1769 3292 1859 3347 de-

272 3373 472 3441 fectura
502 3379 609 3423 erat
652 3363 790 3435 ﬁdes
821 3369 949 3441 tanti
986 3367 1224 3441 apostoli,
1270 3363 1370 3419 nisi
1410 3381 1503 3432 pro
1528 3381 1584 3419 eo
1624 3363 1857 3419 Christus

272 3438 468 3503 araret,
492 3443 655 3494 inerat
681 3440 727 3494 ei
759 3439 935 3508 procul
960 3438 1114 3492 dubio
1143 3450 1520 3501 IU‘I'ABILITAS,
1563 3452 1665 3507 qua
1692 3444 1859 3505 posset

266 3511 327 3565 in
351 3512 625 3565 tentatione
646 3521 895 3566 nutare...
930 3509 989 3565 Si
1019 3509 1223 3581 quidem
1261 3518 1371 3581 tam,
1399 3508 1705 3581 grai-iscum
1728 3522 1858 3581 rett-

266 3596 557 3648 Tunu'to,
604 3585 756 3636 etiam
797 3590 909 3652 post
944 3579 1043 3635 ista
1087 3579 1430 3652 concusserit,
1470 3589 1525 3631 ut
1565 3580 1617 3633 in
1647 3579 1859 3652 Caiphae

269 3655 429 3708 domo
454 3656 603 3708 unius
628 3650 1254 3723 ancillaziinterrogatione
1279 3650 1575 3723 pavefactus
1600 3667 1760 3721 usque
1788 3650 1857 3723 ad

269 3726 465 3779 trinam
485 3728 803 3797 negationem
823 3722 1034 3791 Christi,
1051 3721 1339 3777 constantia
1361 3722 1642 3797 deficiente,
1668 3721 1860 3797 perdu-

271 3806 388 3851 ctus
423 3798 508 3851 sit.
549 3793 656 3864 Qui
696 3812 819 3867 ergo
860 3805 981 3849 tunc
1020 3809 1306 3850 'runauou
1351 3810 1439 3847 cor
1481 3793 1712 3863 Apostoli
1757 3807 1859 3848 NON

269 3882 541 3932 HUIANIS,
573 3884 671 3924 SED
694 3882 885 3923 DIVINIS
914 3881 1176 3921 CONVENIT
1213 3879 1399 3919 OCULIS
1419 3906 1433 3927 ,
1467 3879 1535 3918 ΕΤ
1564 3881 1632 3919 ΑΙ)
1661 3880 1860 3920 ιλκῦυε

270 3955 631 3995 ηηιτυυιισιε
652 3955 850 3994 ηετυς
877 3952 1103 3993 ΡΟΤΕΝΤῙ
1129 3952 1395 3992 INCITAVIT
1424 3949 1677 3999 ASPECTU,
1697 3936 1861 4003 potuit

274 4012 411 4064 hanc
448 4012 739 4077 ﬁrmitatem
775 4012 931 4064 animi
973 4010 1229 4079 pra'cipuo
1270 4008 1500 4079 conferre
1536 4008 1861 4078 discipulo...

274 4080 344 4136 In
366 4084 630 4154 prwsentis
652 4092 825 4137 autem
853 4083 1033 4154 agonis
1054 4078 1265 4154 incerto,
1291 4078 1377 4132 ubi
1399 4086 1504 4131 tota
1530 4080 1632 4131 vita
1655 4080 1865 4154 tentatio

274 4150 376 4218 est,
402 4164 448 4207 et
477 4154 537 4207 ab
563 4154 839 4208 insidiante
861 4150 1098 4219 superbia
1126 4168 1215 4205 nec
1248 4151 1363 4218 ipsa
1391 4158 1463 4203 est
1492 4157 1601 4202 tnta
1630 4150 1863 4215 victoria,

276 4239 699 4280 IUTABILITATIS
726 4238 981 4279 PEBICULO
1011 4239 1113 4277 NON
1143 4236 1412 4277 CARETUR.

288 4340 289 4343 η
350 4298 577 4352 Sanctus
597 4295 708 4350 Leo
735 4297 959 4365 loquens
979 4294 1047 4350 de
1066 4293 1308 4365 ejusdem
1331 4290 1696 4365 apostolorum
1717 4290 1867 4365 prin-5

279 4368 421 4437 cipis
453 4367 693 4433 nomine,
725 4362 939 4435 Beatus,
979 4362 1169 4436 inquit,
1206 4362 1489 4437 Petrus...
1520 4379 1551 4437 ᾳ
1592 4362 1871 4433 principali

283 4433 431 4509 petra
458 4439 771 4494 soliditatem
797 4448 842 4492 et
868 4433 1070 4509 virtutis
1094 4434 1250 4490 traxit
1277 4443 1324 4488 et
1353 4433 1593 4509 nominis.

356 4508 435 4565 De
461 4510 753 4567 Vocatione
780 4510 1017 4579 gentium
1047 4508 1139 4563 lib.
1164 4521 1228 4579 n._
1253 4520 1372 4579 cap.
1402 4503 1501 4579 28;
1540 4503 1682 4579 Quis
1702 4503 1869 4557 ambi-

1937 512 2471 589 autdiaboluszhlio
2493 528 2653 589 se_nsu
2686 512 3009 573 vox'eadem
3041 529 3329 587 usurpatur
3365 521 3526 589 epist.

1937 586 2008 640 95
2035 584 2198 656 (nunc
2226 582 2351 656 120)
2378 598 2499 653 cap.
2540 585 2591 650 ὃ,
2617 588 2688 642 de
2732 604 3148 645 INCONVERTIBILI
3175 582 3269 645 'l)ei
3302 582 3525 652 Natura.

1937 655 2056 732 Lib.
2086 671 2104 710 ι
2133 655 2201 709 de
2235 655 2791 732 Yocationegentium
2823 677 2942 731 cap.
2973 661 3073 717 25:
3126 660 3393 732 Numquid
3431 664 3528 717 illa

1936 729 2100 782 virtus
2122 728 2321 799 gratice,
2358 743 2473 797 qute
2499 728 2596 781 sibi
2625 745 2748 797 quos
2776 728 2929 786 voluit
2948 734 3201 797 subdidit,
3234 728 3526 790 convertere

1937 800 2130 877 eosmqui
2155 813 2636 877 ιποιηιειιςιςιιξιωζεΔ
2651 819 2968 877 permansere
2990 822 3092 877 non
3118 806 3318 877 potuit?

2012 872 2088 926 De
2121 881 2366 926 extremo
2395 870 2502 942 diei
2541 872 2744 942 ultima:
2776 874 2972 942 judicio
3000 870 3274 932 disserens
3313 885 3530 933 sanctus

1939 941 2073 1019 Leo,
2112 957 2291 1019 scrin.
2344 942 2378 997 5
2418 941 2486 996 de
2522 941 2787 1019 Collectis
2832 953 2884 999 et
2928 947 3287 1019 eleemosyna.
3332 950 3411 1004 sic
3457 950 3533 1006 ait

1939 1014 2080 1137 Scap.
2112 1011 2198 1078 3):
2224 1012 2560 1094 Congregatis
2583 1016 2817 1069 omnibus
2839 1011 3333 1098 gen.tibus....'635
3359 1022 3413 1074 in
3432 1038 3533 1089 quo

1964 1086 2317 1137 audabuntur.
2347 1102 2431 1137 aut
2461 1085 2528 1137 ad
2551 1086 2815 1137 dexteram
2848 1086 2938 1137 Det
2965 1087 3186 1137 stabunt.
3210 1098 3304 1137 nm
3333 1094 3381 1137 in
3413 1109 3533 1137 ουρ-

1964 1086 2320 1163 audabuntur,
2342 1085 2431 1163 qui
2461 1085 2528 1137 ad
2551 1086 2820 1163 dexteram
2848 1086 2955 1163 Dei
2965 1085 3326 1163 stabunt,'nt'si'
3333 1094 3381 1145 in
3413 1085 3533 1163 opr-

1942 1156 2084 1209 ribns
2115 1156 2471 1210 benevolentia:
2504 1165 2550 1209 et
2576 1157 2843 1211 charitatis
2873 1158 3117 1229 ofﬁciis...
3142 1161 3359 1214 sinistris
3397 1156 3534 1218 vitio

1944 1241 2071 1291 omn
2102 1241 2431 1300 amaturus,
2466 1242 2568 1300 let
2598 1243 2908 1284 uectecrus
2934 1244 3361 1287 uttecrtosts....
3391 1237 3537 1300 quasi

1946 1315 2041 1351 nec
2077 1299 2205 1351 alias
2244 1299 2453 1351 virtutes
2489 1299 2678 1366 dextri,
2712 1316 2800 1353 nec
2830 1301 2964 1354 alias
2992 1300 3297 1367 offensiones
3327 1299 3540 1359 habeant

1946 1370 2146 1441 sinistri
2166 1369 2191 1421 2
2216 1370 2393 1423 Serm.
2429 1368 2461 1421 7
2492 1370 2557 1423 de
2594 1371 3012 1436 Quadragesima
3042 1386 3159 1441 cap.
3193 1371 3259 1424 4:
3311 1371 3540 1429 Detrttsis

1944 1440 2000 1493 in
2047 1441 2221 1511 ignem
2262 1441 2507 1507 gehennae
2554 1452 2765 1510 pr0pter
2818 1440 3245 1495 inhumanitatem
3296 1444 3539 1511 sinistris,

1945 1511 2151 1564 dextros
2175 1510 2613 1582 eleemosgnarunt
2636 1514 2822 1582 pietate
2853 1513 3091 1567 laudatos
3118 1522 3306 1567 (eterna
3328 1510 3542 1571 caelestis

1942 1582 2089 1651 regni
2144 1582 2406 1635 beatitudo
2464 1582 2728 1651 suscipiet.
2782 1583 2961 1639 Serm.
3014 1586 3047 1638 4
3097 1582 3165 1637 de
3210 1582 3437 1640 Collect.
3490 1596 3546 1642 et

1942 1651 2139 1734 electu.
2166 1652 2305 1723 (cap.
2324 1652 2398 1731 ,2)
2420 1671 2433 1707 :
2459 1652 2920 1734 Congregabuntur
2946 1665 3063 1709 ante
3094 1660 3334 1709 thronum
3361 1668 3543 1727 poten-

1946 1727 2039 1798 tice
2053 1727 2165 1795 ejus
2196 1727 2427 1777 omnium
2456 1727 2684 1798 gentium
2714 1728 2958 1798 papuli...
2984 1736 3030 1780 et
3051 1744 3164 1780 cum
3189 1742 3542 1794 prceparatum

1944 1793 2041 1871 sibi
2072 1793 2319 1871 regnum,
2354 1793 2614 1871 recensitis
2646 1793 3014 1871 misericordia:
3042 1799 3275 1871 cperibus
3308 1798 3404 1867 ﬁlii
3430 1801 3539 1871 pie-

1944 1866 2064 1937 tatis
2079 1868 2788 1937 acceperint,exprobrabitur
2806 1871 2999 1923 duritia
3012 1869 3297 1924 sterilitatis
3310 1866 3538 1929 iniustis.

1945 1935 2013 1990 Et
2062 1937 2192 1991 nihil
2238 1935 2476 1993 habentes
2519 1941 2717 1993 sinistri
2763 1957 3030 1996 commune
3074 1957 3191 1995 cum
3246 1941 3460 2006 dextris,
3487 1946 3541 1997 in

1944 2009 2136 2081 ignem,
2178 2016 2323 2073 etc.;
2354 2018 2409 2065 et
2431 2025 2595 2065 serm.
2632 2011 2727 2067 16:
2767 2011 2887 2065 Non
2916 2027 3036 2081 ergo
3074 2015 3167 2065 hoc
3205 2015 3373 2065 solum
3404 2018 3538 2081 [cce-

1945 2090 2070 2157 runt
2087 2081 2414 2157 sinistri,_nec
2434 2083 2581 2157 quia,
2602 2092 2706 2157 etc.
2733 2084 2909 2157 Serm.
2926 2081 2993 2157 96
3020 2085 3183 2157 (nunc
3204 2084 3266 2157 M
3288 2084 3543 2157 append.)

1948 2150 2002 2205 in
2031 2151 2188 2205 Calh.
2216 2152 2274 2207 S.
2302 2152 2446 2207 Petri
2474 2171 2522 2207 (τ.
2555 2155 2617 2208 ιε
2654 2154 2933 2209 Sinistrum
2965 2150 3337 2208 lascivientium
3360 2150 3542 2211 haedo;

1947 2238 2062 2297 rum
2086 2240 2349 2277 numerum
2370 2222 2614 2295 e/fugere.
2644 2225 2717 2281 De
2746 2225 2930 2280 Vocat.
2960 2236 3109 2296 gent.
3138 2224 3230 2279 lib.
3263 2241 3297 2280 tt
3321 2240 3440 2297 cap.
3471 2230 3536 2283 8:

1949 2291 2017 2368 In
2066 2291 2736 2368 congregatione'omnium
2779 2291 3005 2368 gentium
3043 2298 3136 2351 alii
3177 2291 3437 2352 ducuntur
3474 2301 3544 2354 ad

1950 2364 2387 2430 dexteramfalii
2438 2368 2506 2421 ad
2550 2364 2811 2422 sinistram
2862 2369 3221 2422 constituendi.
3272 2370 3543 2427 LAUDA'I'IS

1950 2451 2175 2491 DEXTRIS
2198 2453 2264 2492 DE
2296 2453 2547 2494 OPERIBUS
2572 2454 2908 2506 CHARITATIS,
2933 2456 3077 2495 NIHIL
3100 2455 3258 2496 ALIUD
3289 2456 3541 2499 δικιετηιε

1950 2524 2220 2563 OBJICITUR
2264 2525 2404 2572 QUAI
2446 2526 2834 2567 IISBRICORDIB
2876 2526 3403 2577 κεκενοιεκτιεουε
3448 2531 3543 2570 ΝΕ·

1948 2594 2204 2635 ῦιεετυδ.

2022 2651 2185 2706 XXII.
2220 2653 2272 2708 4.
2305 2652 2447 2709 Nihil
2492 2663 2576 2729 est
2624 2671 2785 2711 unum
2818 2657 2907 2713 uni
2940 2665 3044 2713 tam
3084 2656 3289 2723 simile,
3320 2665 3537 2729 tamque

1950 2736 2268 2807 consonum,
2298 2743 2472 2807 quam
2505 2727 2585 2799 (a)
2620 2729 2791 2807 styltts
2838 2729 3272 2807 h_ujus_opusculi
3310 2727 3537 2807 stylo:S.

1951 2792 2149 2850 Leonis
2190 2792 2369 2853 simile
2396 2809 2478 2853 est
2498 2792 2599 2854 {ut
2629 2792 2780 2854 valde
2808 2792 2971 2855 mirer
3003 2792 3102 2855 ho'c
3131 2817 3160 2856 a
3195 2792 3413 2856 nemine
3446 2801 3542 2855 ha-

1951 2874 2142 2941 ctenus
2184 2866 2351 2923 fuisse
2394 2871 2846 2925 animadversum.
2884 2872 2979 2927 Est
3018 2872 3161 2927 enim
3191 2873 3348 2941 (sicut
3378 2887 3405 2924 a
3440 2872 3537 2930 SS.

1953 2936 2172 3013 Patrum
2212 2954 2318 2993 non
2361 2941 2493 2995 satis
2541 2942 2807 2996 laudando
2854 2942 3149 3013 apologista
3194 2936 3539 3013 describitur)

1954 3010 2127 3079 stylus
2147 3012 2381 3063 anetoris
2408 3013 2562 3065 istius
2586 3014 2801 3080 elegans
2825 3010 3184 3077 ac'sublimis,
3210 3028 3391 3068 sermo
3417 3010 3541 3067 niti?-

1956 3081 2149 3152 duset
2184 3089 2423 3152 apertus,
2462 3095 2568 3135 non
2609 3082 2893 3149 injucunda
2942 3082 3229 3152 figurarum
3280 3082 3541 3139 varietate

1961 3148 2269 3222 distinctus,
2296 3150 2563 3219 frequenti
2586 3148 2872 3206 verborum
2900 3148 3266 3222 oppositomm
3293 3152 3543 3209 conflictu

1883 3223 1929 3288 ο
1962 3220 2199 3291 oblitus:
2230 3223 2378 3291 gravi
2410 3223 2711 3287 ratiocinio,
2736 3220 3084 3290 concentibus
3108 3222 3237 3278 nihil
3261 3224 3462 3279 humile
3480 3240 3543 3282 ac

1962 3290 2253 3346 demissum
2298 3292 2646 3361 habentibus,
2694 3294 2953 3350 catholica
2996 3295 3190 3363 ubique
3232 3310 3295 3349 ac
3338 3296 3543 3353 (mlesti

1960 3377 2181 3445 prorsus
2198 3363 2453 3445 .doctrina
2477 3364 2728 3445 refertus,
2746 3366 3037 3445 scripturae
3055 3380 3221 3422 sacra:
3238 3367 3538 3445 doctrinam

1960 3443 2103 3489 totus
2131 3438 2553 3509 spirans,gntque
2582 3439 2736 3507 igneo
2760 3438 2974 3508 pietatis
2989 3439 3195 3509 vigore,
3214 3441 3301 3507 qui
3325 3450 3542 3494 sancto-

1962 3520 2082 3562 rum
2124 3508 2337 3581 scriptis
2366 3507 2734 3581 inessesolet,
2763 3507 3134 3581 plenissimus.
3166 3510 3375 3566 Gaudet
3407 3527 3543 3581 prte-

1960 3585 2111 3632 terea
2133 3578 2359 3634 diversis
2387 3580 2728 3649 periodornm
2753 3578 3009 3638 membris
3034 3582 3278 3637 similiter
3305 3578 3543 3638 cadenti-

1961 3649 2061 3704 bus
2114 3663 2177 3725 ac
2224 3650 2637 3725 desinentibus;
2688 3663 2800 3707 tota
2846 3655 3074 3724 denique
3121 3656 3441 3725 compositio
3490 3656 3542 3711 in

1962 3721 2196 3796 mquales
2239 3724 2347 3777 lere
2376 3733 2431 3779 et
2468 3736 2931 3780 commensuratas
2966 3721 3146 3796 partes
3174 3721 3435 3781 concinne
3465 3727 3546 3782 di-

1962 3792 2223 3867 stributa,
2243 3804 2522 3850 venustam
2555 3810 2617 3851 ac
2643 3792 3282 3867 perpolitam‘orationcm
3304 3798 3541 3853 exhibet.

1963 3863 2099 3940 Quid
2123 3864 2431 3940 dici_potest
2451 3867 2589 3940 quod
2613 3863 2756 3938 siylo
2775 3866 3054 3940 S.Leonis
3076 3870 3245 3938 magis
3266 3879 3543 3940 congruat,

1964 3936 2407 4009 ejusquedicendi
2422 3936 2791 3994 characterem
2804 3939 3005 3994 clarius
3022 3936 3319 4009 exprimat?
3336 3936 3542 4006 Quidve

1964 4007 2034 4061 de
2064 4022 2171 4061 uno
2198 4008 2419 4075 dixeris,
2450 4012 2592 4079 quod
2623 4012 2689 4064 de
2720 4012 2819 4063 isto
2847 4012 3046 4078 pariter
3075 4007 3409 4077 pronuntiari
3438 4028 3545 4067 non

1966 4079 2161 4147 queat?
2193 4079 2289 4150 llic
2308 4080 2524 4147 quidem
2556 4089 2665 4134 tam
2695 4082 2949 4150 frequens
2978 4080 3320 4134 autithesium
3343 4082 3545 4150 confli-

1968 4158 2111 4211 ctus,
2157 4148 2552 4220 modulatzeque
2599 4166 2661 4205 ac
2709 4148 2924 4205 tinnula:
2972 4152 3230 4205 orationis
3278 4149 3544 4206 affectatio

1969 4220 2286 4289 scriptorem
2311 4219 2421 4287 jam
2444 4219 2642 4289 stepius
2670 4221 2939 4275 laudatum
2969 4222 3131 4275 movit
3164 4230 3220 4273 ut
3241 4220 3546 4275 Africanum

1971 4288 2114 4344 hunc
2161 4298 2435 4345 auctorem
2485 4288 2867 4360 suspicaretur.
2916 4291 3046 4354 Sed,
3100 4305 3229 4358 pace
3278 4294 3406 4345 tanti
3456 4292 3555 4349 viri

1973 4361 2223 4427 dixerim,
2263 4376 2369 4416 non
2403 4362 2580 4417 minus
2610 4362 2861 4419 Italorum
2896 4360 3144 4431 preprius
3190 4368 3275 4416 est
3320 4362 3423 4418 iste
3465 4364 3550 4418 di-

1974 4431 2131 4503 cendi
2160 4432 2371 4501 modus,
2402 4449 2559 4503 quam
2586 4432 2860 4498 Afrorum,
2890 4442 2944 4489 et
2966 4433 3119 4488 facile
3144 4432 3463 4489 crediderim
3486 4451 3551 4492 ex

1975 4502 2125 4575 Italia
2156 4505 2207 4575 in
2236 4504 2369 4575 alias
2395 4502 2623 4561 subinde
2654 4506 2899 4575 regiones
2936 4505 3211 4561 transisse.
3244 4504 3377 4560 Tant
3407 4510 3553 4564 enim

281 4592 371 4655 gat
405 4582 738 4665 fortissimam
774 4574 991 4663 petram,
1029 4595 1143 4648 qua:
1178 4577 1239 4672 ab
1280 4575 1373 4672 illa
1404 4574 1683 4672 principali
1726 4583 1872 4645 petra
1896 4609 1952 4672 Β
1975 4574 2125 4656 θιβ.
2160 4574 2353 4631 Leonis
2374 4577 2615 4672 scriptis,
2647 4593 2804 4672 quam
2833 4576 3395 4672 aliorttmetittmripso
3422 4581 3560 4672 δμιξο

285 4647 701 4709 communionem
716 4662 761 4706 et
774 4647 985 4706 virtutis
1006 4647 1223 4720 sumpsit
1250 4658 1297 4703 et
1322 4647 1539 4720 nominis
1553 4647 1578 4699 ?

359 4724 436 4780 De
466 4736 806 4794 peccatorum
841 4718 1195 4779 conversione
1230 4729 1446 4794 sanctus
1475 4718 1620 4776 Leo:
1653 4718 1789 4794 Dum
1818 4720 1872 4794 in

282 4797 385 4851 hoc
410 4790 625 4867 corpore
650 4796 851 4867 vivitur,
892 4794 1082 4847 nullius
1102 4790 1435 4867 desperanda
1464 4791 1758 4867 reparatio;
1785 4792 1875 4867 sed

282 4807 385 4851 hoc
410 4811 625 4867 corpore
650 4807 851 4861 vivitur,
892 4807 1082 4847 nullius
1116 4807 1435 4861 aesperanaa
1464 4807 1722 4915 τἭαναηο
1738 4807 1758 4856 ;
1785 4807 1871 4846 sea

282 4868 517 4923 omnium
544 4878 617 4922 est
643 4866 868 4935 optanda
896 4866 1166 4931 correctio,
1197 4863 1479 4917 auxiliante
1558 4863 1769 4935 omina,
1784 4864 1871 4932 qui

283 4939 439 5011 erigit
474 4933 836 5011 elisam-solvit
875 4937 1208 5011 compeditos,
1238 4935 1495 5011 illuminat
1524 4948 1703 5011 greces.
1742 4933 1873 5011 Ser-

284 5003 451 5080 mone
475 5009 513 5065 4
532 5011 598 5067 de
627 5008 924 5080 Epiphania
953 5003 1073 5077 cap.
1108 5006 1163 5075 5,
1188 5014 1322 5062 sect.
1344 5005 1399 5071 4,
1431 5004 1499 5060 de
1530 5003 1691 5071 Coll.,
1723 5019 1773 5061 c.
1804 5004 1868 5059 2:

284 5078 451 5137 Elisis
470 5078 855 5150 reparatio'non
890 5089 1124 5150 negatur.

360 5152 439 5209 De
484 5144 779 5209 Vocatione
823 5144 1059 5220 gentium
1101 5149 1194 5205 lib.
1237 5164 1277 5204 tt
1311 5162 1432 5219 cap.
1460 5146 1559 5203 ult.
1597 5144 1705 5220 :_Si
1741 5152 1875 5220 forte

282 5222 453 5297 (quis)
478 5225 642 5279 victus
667 5218 845 5297 aliqua
865 5224 1142 5297 tentatione
1168 5218 1454 5297 corruerit,
1469 5236 1571 5297 non
1598 5218 1871 5297 absorbea-

290 5291 379 5351 tur
401 5291 627 5362 tristitia,
650 5291 825 5351 nec'de
851 5298 963 5368 ejus
1001 5294 1324 5368 miseratione
1349 5292 1543 5368 difﬁdat
1569 5292 1655 5368 qui
1682 5291 1870 5368 allevat

281 5383 463 5441 omnes
489 5369 580 5441 qui
605 5362 887 5441 corruunt;
902 5375 950 5421 et
984 5366 1130 5441 erigit
1162 5380 1332 5420 omnes
1361 5365 1513 5441 elisos
1530 5380 1550 5441 ί
1578 5362 1703 5416 dum
1735 5364 1869 5441 enim

280 5440 346 5496 in
373 5442 468 5513 hoc
492 5434 705 5513 corpore
722 5440 924 5513 vivitur,
951 5434 1144 5493 nullius
1172 5446 1247 5513 est
1276 5434 1580 5507 negligenda
1600 5436 1867 5503 correctio,

282 5510 489 5570 nullius
515 5510 592 5568 est
615 5511 935 5575 desperanda
960 5510 1239 5581 reparatio.

270 5612 273 5623 ε
362 5584 626 5640 Sermone
650 5583 686 5638 3
704 5583 773 5639 de
797 5578 1051 5639 Passione
1077 5597 1197 5653 cap.
1228 5579 1265 5636 ’ὅ
1289 5588 1510 5638 vocatur
1533 5578 1698 5637 Judas
1712 5578 1871 5653 homo

278 5669 768 5721 ικωισνειιτηιιιε.
817 5656 987 5726 Epist.
1030 5648 1334 5726 ηδ’(ηαησ
1376 5653 1504 5725 156)
1543 5666 1664 5722 cap.
1706 5650 1767 5705 2:
1802 5648 1874 5705 In

1976 4646 2245 4716 quiorum,
2297 4649 2386 4717 qui
2434 4646 2521 4703 vel
2564 4648 2681 4703 Itali
2724 4657 2897 4709 erant.
2942 4649 3028 4703 vel
3077 4649 3128 4704 in
3162 4649 3307 4706 Italia
3336 4652 3556 4719 eruditi,

1976 4719 2316 4775 manifestum
2346 4730 2429 4775 est
2460 4720 2597 4775 hanc
2621 4720 2887 4776 scribendi
2912 4720 3302 4778 alfectationcm
3329 4727 3559 4779 inaxinte

1976 4791 2029 4865 in
2060 4791 2144 4845 Itis
2185 4793 2496 4865 regionibus
2536 4793 2851 4865 invaluisse,
2893 4793 3057 4865 636
3096 4803 3148 4849 et
3190 4804 3243 4847 ut
3284 4793 3399 4849 hinc.
3441 4803 3559 4849 erat

1977 4861 2169 4933 lingua:
2200 4864 2313 4931 jam
2359 4864 2693 4919 senescentis
2721 4861 2988 4920 venustas"
3005 4861 3060 4920 ἐι
3097 4865 3381 4933 elegantia,
3415 4866 3563 4933 prius

1977 4933 2033 4987 in
2058 4935 2229 5005 ipsius
2255 4935 2422 4989 veluti
2468 4934 2825 5005 incunabulis,
2872 4938 2969 4990 hoc
2995 4946 3077 4989 est
3118 4936 3169 4989 in
3202 4934 3349 5005 Italia
3380 4946 3557 4989 ortum

1978 5004 2230 5059 habuisse
2259 5005 2584 5062 crediderim
2610 5047 2625 5073 ,
2654 5004 2817 5075 quam
2848 5007 2900 5061 in
2930 5006 3049 5061 aliis
3090 5004 3321 5059 Romani
3352 5005 3562 5074 imperii

1980 5077 2291 5146 provinciis.
2338 5078 2490 5145 Quod
2534 5078 2581 5132 si
2625 5077 2805 5133 forsan
2848 5078 3017 5132 rarius
3061 5086 3345 5146 occurrant
3372 5076 3425 5130 in
3461 5075 3563 5131 hoc

1980 5145 2143 5215 Opere
2169 5150 2431 5217 ejusmodi
2459 5164 2636 5214 casus,
2669 5149 2986 5213 antitheses,
3015 5161 3077 5200 ac
3106 5145 3363 5217 rhythmi,
3398 5161 3560 5217 quam

1980 5218 2034 5273 in
2066 5215 2265 5275 aliis'S.
2296 5220 2492 5277 Leonis
2524 5221 2760 5292 probatis
2785 5222 2910 5277 olim
2943 5215 3321 5292 operibnshoc
3356 5215 3561 5286 tempo-

1979 5306 2122 5357 rum,
2155 5295 2412 5358 materite,
2437 5286 2783 5361 auctorisque
2812 5286 2991 5347 aetatis
3014 5286 3314 5361 diversitati
3344 5302 3564 5361 prorsus

1978 5363 2375 5432 imputandum.
2408 5365 2678 5432 Quantum
2700 5358 2853 5418 enim
2894 5360 3164 5416 oratorius
3192 5358 3470 5415 character
3498 5359 3567 5413 ab

1978 5434 2255 5505 epistolari
2293 5436 2584 5504 discrepet,
2636 5433 3043 5505 uemounescit,
3096 5444 3365 5505 quamque
3400 5435 3567 5505 multa
3642 5436 3649 5441 '

1977 5502 2167 5561 rursus
2212 5502 2507 5563 tolereutur
2538 5507 2589 5561 in
2617 5503 2889 5575 epistolis,
2896 5517 3032 5575 quae
3060 5504 3128 5559 ab
3158 5502 3413 5575 operibus
3438 5502 3568 5575 dog-

1979 5578 2192 5635 maticis
2229 5592 2450 5648 prorsus
2475 5572 2823 5648 ablegantur?
2869 5572 3108 5648 Unde_si
3156 5572 3569 5648 neminisubiit

1980 5650 2165 5707 mirari
2204 5644 2485 5721 pauciores
2523 5644 2644 5705 esse
2684 5644 2990 5716 huiusmodi
3031 5645 3216 5720 ﬁgura:
3269 5645 3322 5705 in
3374 5645 3569 5709 litteris

1360 5764 1919 5827 BALLERINIORUM
1959 5761 2506 5823 ANNOTATIONES.

363 5868 447 5945 (a)
478 5867 605 5927 Vid.
636 5867 850 5926 observ.
877 5884 931 5925 n.
967 5866 1057 5923 15.
