3968 6308
510 261 618 326 355

971 262 1218 324 PASCH.
1258 264 1647 332 QUESNELLI
1685 267 2274 332 DISSERTATIONES
2312 274 2380 333 IN
2419 275 2476 335 S.
2520 277 2764 338 LEONIS
2805 280 3023 340 MAGNI
3059 283 3315 346 OPERA.

3665 287 3765 346 356

510 399 669 456 quam
714 385 766 441 in
806 384 1166 450 sermonibus,
1204 383 1330 453 quid
1360 399 1550 438 mirum
1581 385 1630 456 si
1654 384 1706 456 in
1748 382 1830 436 his
1859 383 2092 456 rariores
2120 383 2169 444 Α
2199 382 2448 456 sibilitas,
2482 389 2885 456 propotcstate.
2919 393 3164 456 atonsura
3194 398 3584 453 posswllluua,
3612 406 3728 456 εφη

511 453 688 512 adhuc
718 457 827 511 sint
853 472 1010 526 quam
1033 456 1084 510 in
1118 457 1219 511 hoc
1249 457 1468 526 scripto,
1495 455 1634 526 quod
1662 454 1828 508 totum
1852 453 2088 524 dogmati

510 528 832 592 explicando
860 527 1249 582 consecratur?

581 599 772 656 XXIII.
805 601 856 656 5.
898 601 1064 653 Porro
1088 598 1130 652 si
1168 598 1278 667 ipsa
1309 598 1581 667 sigillatim
1612 596 1775 652 verba
1807 611 2088 652 recensea-

509 686 653 737 mus,
684 687 800 741 quae
826 681 881 726 et
910 671 1033 725 huic
1063 669 1267 726 auctori
1296 680 1351 724 et
1376 672 1433 725 S.
1464 669 1826 741 Leoni_magis
1853 667 2088 741 familia-

509 742 588 799 ria
619 751 672 798 et
698 737 1002 798 communia
1029 753 1171 810 sunt,
1214 742 1313 797 etsi
1352 757 1454 796 non
1491 754 1594 797 tam
1635 737 1970 811 frequentata
2023 740 2090 795 ab

512 813 651 877 aliis,
685 815 964 884 ipsamque
997 829 1182 869 eorum
1219 814 1677 871 constructionem
1717 812 2086 884 inspiciamus,

513 883 970 942 statimoccurret
1010 894 1153 939 tanta
1193 884 1391 953 ubique
1432 886 1631 954 paritas
1672 899 1733 936 ac
1770 883 2086 948 similitudo,

513 964 695 1010 tantus
718 967 1030 1021 concentus,
1057 964 1114 1010 ut
1134 957 1236 1010 hoc
1260 954 1355 1025 per
1387 954 1662 1010 fortuitum
1694 968 1873 1009 casum
1906 954 1985 1009 vel
2017 970 2088 1010 ex

513 1025 756 1082 imitandi
779 1027 956 1083 studio
979 1026 1267 1096 contigisse
1290 1042 1446 1082 nemo
1473 1037 1617 1082 recte
1643 1027 1930 1081 existimet.
1951 1027 2092 1080 Prac-

513 1104 595 1152 ter
635 1100 722 1153 illa
758 1100 897 1153 enim
929 1113 1048 1168 quae
1076 1114 1104 1156 a
1144 1098 1239 1153 SS.
1279 1099 1493 1152 Patrum
1530 1097 1640 1167 jam
1680 1097 1845 1168 citato
1879 1097 2089 1152 vindice

513 1177 690 1224 notata
721 1181 843 1224 sunt
867 1167 1004 1224 inter
1034 1179 1306 1224 auctorem
1338 1169 1592 1225 librorum
1623 1168 1688 1222 de
1712 1167 2000 1222 Vocatione
2029 1177 2084 1222 et

511 1241 752 1310 epistola:
777 1241 1153 1310 subsequentis
1178 1241 1492 1309 scriptorem
1524 1239 1847 1310 communia,
1875 1248 2090 1294 centum

511 1312 694 1381 Viginti
723 1309 1269 1381 atnplius’legentium
1296 1312 1463 1366 oculis
1495 1310 1579 1365 hic
1609 1309 1944 1378 sulijicimus.

582 1382 886 1450 Discipulus
912 1381 1176 1452 veritatis.
1211 1382 1425 1451 Paginze
1451 1381 2091 1452 elementorum.P.igin:e

509 1456 710 1509 veteris
725 1453 1080 1508 Testamenti.
1108 1451 1278 1508 Urere
1298 1463 1349 1508 et
1374 1452 1453 1506 uri
1485 1452 1702 1516 invidia,
1726 1461 1829 1506 etc.
1856 1451 2092 1506 Parcitas

508 1535 563 1580 et
586 1525 806 1595 largitas
828 1525 1030 1590 gratia},
1059 1532 1162 1578 etc.
1196 1525 1557 1595 Consortium.
1604 1524 1879 1595 Evincerc.
1924 1523 2089 1595 Com-

511 1593 698 1650 munio
728 1606 950 1659 naturae,
991 1595 1186 1661 aetatis,
1236 1593 1489 1661 nominis,
1531 1593 1752 1663 peccati.
1789 1593 2086 1664 dignitatis,

511 1677 616 1722 etc.
647 1666 843 1736 Laquei
873 1665 1270 1736 deceptiouum,
1302 1668 1500 1720 erroris
1528 1664 2093 1736 captionumpmorta-

513 1737 702 1801 litatis,
735 1735 840 1790 etc.
871 1735 1319 1803 Dextri,sinistri.
1340 1736 1558 1802 Parilis,
1578 1735 2088 1806 parilitas.Variare,

515 1809 744 1862 varietas
765 1806 1244 1876 dispensationum.
1279 1807 1551 1869 Refutare,
1583 1821 1679 1876 pro
1705 1805 1952 1874 rejicere.
1983 1807 2091 1863 Ab-

513 1878 715 1944 dicare,
747 1893 844 1947 pro
871 1878 1150 1947 repellere.
1185 1878 1646 1946 DiSpenSationes.
1676 1877 2088 1946 Dispositiones.

512 1949 732 2006 Materia
770 1949 1077 2015 dimicandi,
1117 1951 1446 2014 certaminis,
1499 1949 1816 2015 formidinis,
1849 1951 2095 2018 querela-

512 2037 655 2086 rum,
680 2021 1030 2083 confusionis,
1071 2024 1261 2088 ruinaa,
1286 2021 1566 2087 virtutum,
1594 2020 1936 2090 gaudiorum.
1969 2036 2094 2091 gra-

511 2092 812 2164 tulationis,
835 2091 1206 2164 cupiditatum,
1237 2093 1467 2164 peccati,
1495 2091 2090 2164 cmoitatis,_gloriandi,

513 2172 618 2219 etc.
651 2163 976 2218 Mmstitudo.
1003 2161 1302 2219 Plenitudo.
1332 2165 1632 2220 Convenire
1653 2161 1847 2227 oculis,
1877 2161 2092 2228 litteris,

513 2234 754 2305 monitis.
797 2233 1063 2305 Colluvio.
1101 2235 1438 2305 Contagium.
1479 2234 1918 2290 Colluctationes.
1953 2233 2094 2289 Cen-

512 2318 626 2361 sus.
657 2304 876 2369 Vitiare,
902 2304 1138 2360 vitiatus.
1171 2304 1430 2362 Indicere.
1460 2305 1821 2370 Universitas,
1845 2320 2097 2360 numero-

511 2377 664 2443 sitas,
692 2375 990 2447 plenitudo,
1015 2378 1190 2432 omnis
1220 2392 1738 2447 numerus,summa,
1759 2391 1857 2444 pro
1884 2392 2092 2433 omnes.

512 2446 700 2503 Portio
718 2463 814 2518 pro
843 2459 995 2519 parte
1028 2447 1349 2519 plenitudini
1377 2449 1678 2518 opponitur.
1712 2446 2007 2519 Protestari
2041 2457 2096 2503 et

511 2517 883 2590 pronuntiare,
916 2520 967 2574 in
1008 2517 1236 2574 citandis
1265 2517 1572 2575 auctoribus
1601 2517 1791 2590 sacris
1799 2518 1886 2590 γει
1914 2519 2094 2574 eccle-

510 2589 762 2647 Siasticis.
810 2591 1130 2645 Primordia.
1179 2591 1432 2646 Exordia.
1480 2591 1728 2646 Incitare.
1773 2589 1935 2644 Virus
1962 2591 2097 2644 invi-

513 2659 638 2732 dias,
666 2670 771 2718 etc.
797 2661 1018 2716 Vincula
1051 2662 1278 2732 peccati,
1307 2660 1770 2732 transgressionis,
1803 2669 2092 2716 consuetu-

511 2731 675 2804 dinis,
700 2733 895 2804 culpa.
923 2731 1264 2804 captivitatis,
1291 2733 1716 2804 originalia,elc.
1745 2731 2092 2804 Incitameota

515 2801 1038 2867 doctrinaliedire,
1068 2807 1316 2866 transire,
1346 2801 1621 2860 transferri
1651 2804 1715 2856 de
1745 2819 1850 2858 uno
1872 2802 1937 2858 ad
1960 2804 2095 2858 alte-

512 2889 655 2929 rum.
700 2874 1012 2930 Necessarie
1041 2890 1136 2944 pro
1168 2878 1520 2932 incessanter.
1575 2873 1826 2929 Doctrina
1863 2875 2092 2943 prophe-

513 2946 643 3011 tica,
689 2946 1016 3015 evangelica,
1063 2947 1375 3016 apostolica.
1429 2945 1675 3001 Veritatis
1726 2945 2092 3016 Evangelium,

511 3018 796 3082 sententia,
824 3018 1104 3086 judicium,
1138 3033 1256 3083 vox,
1297 3017 1410 3081 ﬁlii,
1449 3017 1656 3082 schola,
1690 3016 1964 3086 magister,
1997 3019 2094 3070 do-

511 3090 704 3157 ctrina,
729 3090 996 3161 discipuli.
1019 3089 1179 3159 Vigor
1201 3089 1349 3155 ﬁdei,
1374 3091 1649 3152 mentium,
1679 3088 1908 3158 pietatis,
1932 3088 2093 3161 637

510 3162 712 3230 Cordis,
755 3159 956 3224 animi,
998 3161 1358 3226 auctoritatis,
1412 3171 1520 3216 etc.
1562 3161 1884 3214 Constitutio
1936 3159 2090 3231 legis,

510 3234 826 3288 constitutio
859 3232 1058 3294 divina,
1084 3234 1493 3287 constitutiones
1528 3232 1725 3296 impias.

583 3303 912 3358 Testiticatio
941 3302 1101 3371 legis,
1127 3303 1554 3358 denuntiationes
1587 3300 1933 3371 propheticus.
1965 3301 2099 3358 Ora-

511 3373 630 3428 cula
658 3375 1059 3442 prOphetarum.
1087 3373 1436 3440 Temperare,
1465 3383 1970 3442 temperamentum.
1995 3373 2099 3428 'l‘e-

513 3458 747 3498 morare.
782 3443 1080 3512 Disputatio
1107 3452 1160 3497 et
1185 3446 1504 3510 diSputator,
1531 3460 1624 3509 pro
1657 3451 1884 3497 tractatu
1911 3454 1962 3497 et
1989 3452 2097 3498 tra-

512 3523 739 3570 ctatore.
770 3515 1060 3582 Inspicere,
1107 3515 1398 3580 inspector,
1450 3517 1729 3582 inspectio.
1763 3514 2094 3580 Sublimarc,

512 3585 782 3651 sublimis,
817 3584 1133 3639 sublimitas.
1171 3585 1618 3652 Significationes,
1649 3600 1743 3649 pro
1773 3586 1956 3654 liguris
1984 3597 2092 3641 vet.

509 3655 662 3713 Test.
693 3655 992 3722 Insinuare,
1015 3657 1322 3710 insinuatio.
1352 3655 1726 3724 Praajudicium
1753 3657 1977 3723 peceati,
2009 3673 2098 3712 ve-

509 3729 744 3795 tustatis,
765 3727 1002 3797 originis.
1025 3726 1368 3782 Sordescere.
1395 3726 1685 3790 Famulari,
1710 3736 1764 3781 et
1784 3727 2094 3796 obsequium

514 3797 926 3861 elementorum,
961 3799 1264 3852 famulatus.
1302 3800 1584 3853 Moderari.
1617 3798 2090 3854 lncnnnnutaliilis.

510 3868 972 3940 Compngnantia,
1019 3880 1461 3939 compugnantes.
1497 3871 1875 3937 Experimenta
1928 3871 2093 3925 virtu-

510 3949 644 3995 tum.
669 3941 1071 3996 Sacramentuin
1095 3943 1375 3995 occultius.
1404 3941 1647 3996 Instituta
1672 3941 2091 4011 disciplinarum,

509 4020 617 4067 etc.
645 4013 935 4068 Evacuare.
965 4013 1311 4083 Distringere,
1331 4013 1628 4079 districtus,
1653 4011 1934 4066 disrrictio.
1961 4011 2094 4068 For-

507 4097 618 4150 ma,
651 4100 746 4152 pro
776 4084 956 4151 modo,
991 4093 1083 4138 aut
1111 4084 1360 4154 imagine.
1399 4083 1644 4139 Formam
1679 4085 1952 4152 praelerre.
1985 4086 2090 4138 L‘o-

507 4164 819 4224 operatores
842 4155 1047 4226 gratias.
1078 4154 1286 4211 Virtute
1320 4158 1583 4212 nitescere
1609 4201 1622 4224 ,
1668 4156 1807 4209 nitor
1853 4156 2088 4222 virtutis,

507 4226 799 4296 pudicitiae,
836 4228 1119 4293 mentium,
1151 4226 1387 4295 luminis,
1416 4229 1559 4282 vitae.
1590 4228 1838 4297 ObIani.
1874 4227 2090 4292 Rectus,

507 4314 720 4365 pravus.
755 4298 1008 4353 Germina
1057 4299 1332 4353 virtutum.
1384 4300 1668 4363 Summus,
1715 4313 1976 4367 supernus
2003 4309 2094 4352 aut

508 4370 740 4424 caelestis
764 4370 1020 4439 agricola,
1051 4385 1147 4438 pro
1173 4370 1304 4423 Deo.
1340 4371 1478 4440 Ager
1505 4370 1706 4426 cordis.
1740 4369 1871 4423 Novi
1904 4369 2094 4423 Testa-

506 4441 672 4494 tuenti
705 4440 786 4494 vel
814 4442 999 4509 gratia:
1023 4441 1259 4494 decreta.
1292 4441 1512 4495 Det-otio
1545 4444 1804 4494 bonorum
1830 4455 2084 4507 operum,

504 4509 593 4562 "vel
617 4509 928 4575 voluntatis,
959 4511 1237 4579 prOpositi,
1269 4512 1497 4564 arbitrii.
1523 4509 1738 4564 Cultura
1773 4511 2081 4579 spiritualis.

509 4579 795 4646 Ucciduus,
825 4581 1130 4635 succiduus.
1164 4581 1471 4649 prociduus.
1505 4581 1801 4646 Qualitates
1829 4596 2082 4649 Operam,

507 4660 614 4705 etc.
645 4652 819 4706 (Inrde
843 4652 1143 4706 concidere.
1166 4647 1428 4706 Incidere
1467 4651 1786 4718 periculum,
1832 4647 2082 4707 tentatio¥

507 4734 660 4784 nem.
694 4722 957 4790 laborem,
1002 4723 1249 4791 laqueos,
1283 4734 1388 4776 etc.
1411 4763 1425 4788 ,
1452 4723 1568 4777 sine
1597 4723 1972 4790 praepo~itione
1997 4723 2081 4787 in,

505 4791 955 4862 frequentissime.
989 4793 1324 4849 Mutabilitas.
1356 4792 1655 4847 PcriColum
1683 4798 1902 4860 erroris,
1937 4794 2086 4849 dere-

505 4865 723 4932 ptioois,
744 4865 1134 4932 mutabilitatis,
1159 4865 1471 4932 negationis.
1494 4863 1737 4919 Tentatio
1761 4864 2081 4921 formidinis.

504 4935 837 4992 Tentationis
868 4935 1136 5000 Stiinulus,
1159 4938 1450 4990 eoncretio.
1481 4936 1761 5003 Discretio,
1798 4935 2081 4993 discretus.

501 5006 714 5077 Pigrum
747 5007 1098 5061 otium.Iuers
1129 5007 1350 5064 desidia.
1386 5007 2084 5063 Indesincnter.Plantatio-

499 5078 659 5134 nibus
689 5079 797 5134 suis
830 5079 968 5134 Deus
1000 5079 1329 5134 incrementa
1356 5080 1573 5148 prmliet.
1602 5078 1975 5146 Deceptiones.
2002 5078 2081 5134 Io-

499 5152 722 5215 clioare,
748 5151 1042 5206 inclinatio.
1069 5147 1325 5218 Cernere,
1349 5147 1445 5217 pro
1472 5151 1729 5205 cribrarc.
1755 5151 2076 5220 Extrancus,

499 5223 724 5289 alienus,
761 5239 855 5292 pro
886 5224 1136 5291 reprobo.
1171 5221 1466 5289 Adoptivus
1496 5233 1550 5276 et
1581 5233 1818 5287 vocatus,
1847 5239 1941 5292 pro
1967 5222 2079 5277 ele-

498 5299 608 5348 cto.
641 5294 896 5359 Erudire,
929 5293 1162 5349 eruditio
1192 5292 1370 5348 divina
1395 5335 1410 5361 ,
1441 5294 1670 5361 Spiritus
1703 5296 1872 5347 sancti
1900 5294 2081 5348 erudi-

497 5373 604 5435 tor.
634 5365 952 5424 Obscurum,
975 5381 1070 5434 pro
1093 5366 1436 5420 ohsciiritate.
1459 5365 1721 5428 Imbnere,
1745 5382 1839 5435 pro
1862 5365 2075 5420 docere.

499 5434 815 5504 Dispoliare.
838 5436 1208 5503 Obumbratio,
1235 5437 1512 5508 fragilztas,
1538 5438 1787 5508 tirmitas.
1812 5436 2076 5504 Solidare,

484 5510 758 5562 soliditas.
812 5509 1146 5575 Eiuraneus,
1181 5507 1389 5564 exsors.
1434 5507 1752 5578 Religiosus.
1793 5509 2040 5561 Sacranis
2064 5549 2078 5573 ,

497 5581 912 5651 sacratissimus.
942 5581 1204 5651 Incertum
1253 5582 1730 5651 interpretationis,
1759 5593 1857 5648 pro
1881 5578 2080 5634 incerta

497 5648 960 5722 interpretatione.
988 5650 1254 5705 Incertum
1281 5648 1488 5722 agonis,
1519 5649 1912 5714 mutabilitatis,
1937 5651 2080 5704 vitm.

499 5717 671 5791 Divini
702 5723 880 5784 oneris
906 5736 1023 5776 esse
1051 5733 1102 5776 et
1133 5717 1390 5777 muneris.
1431 5722 1713 5790 Recidere,
1761 5732 2081 5778 tumescere.

498 5787 691 5860 Elatia,
720 5791 908 5847 elatus.
939 5792 1290 5858 Praesumere,
1327 5787 1710 5863 praesumptio.
1731 5792 1922 5864 Impar.
1955 5793 2084 5851 Pos-

2114 4542 2168 4604 D

2198 451 2451 522 ligentiaz,
2484 452 2637 524 juris,
2672 453 2868 523 legum,
2895 454 3133 524 ultionis,
3159 451 3458 522 munerum,
3483 463 3590 508 etc.
3618 452 3754 508 Meri-

2197 532 2370 594 torum
2421 523 2690 594 sullragia.
2750 525 3084 593 Provehere,
3125 536 3440 594 provectus,
3478 526 3755 592 provectio.

2196 593 2554 668 Inllanimare.
2598 593 2873 654 Prirsidia.
2909 593 3205 668 Languere.
3251 599 3607 656 Auatnentum
3668 597 3755 652 Iin-

2196 665 2452 738 pendere.
2479 668 2773 735 impensus.
2810 665 3115 738 Praecipuus
3146 670 3423 738 magister,
3451 669 3755 738 discipulus,

2194 749 2300 808 etc.
2334 736 2640 805 Speculum.
2676 736 3019 808 Privilegium
3050 736 3393 803 meritorum,
3427 736 3755 806 humilitatis,

2196 805 2446 882 honoris,
2497 810 2766 879 perﬁdia,
2820 805 2924 866 etc.
2974 811 3258 882 Coaptarc.
3289 820 3341 866 et
3370 808 3469 866 alia
3514 805 3754 879 ejusmodi

2195 880 2445 950 plurima.
3090 880 3100 882 ’
3557 901 3566 908 ·

2270 949 2458 1006 XXIV.
2512 952 2586 1004 Ex
2616 949 2696 1004 his
2729 952 2900 1016 aliqua
2951 953 3208 1008 attentius
3256 951 3673 1017 consideranda,
3710 963 3752 1008 ut

2194 1035 2313 1146 qua:
2339 1021 2610 1091 proprium
2633 1025 2868 1080 aucturis
2894 1024 3261 1079 characterem
3284 1025 3482 1078 clarius
3499 1024 3750 1079 exhibent.

2225 1092 2445 1146 ‘xcmuli
2474 1095 2641 1146 aratia
2669 1110 2759 1146 eos
2787 1096 2874 1146 aui
2902 1095 3137 1146 interiori
3164 1097 3348 1146 aratis:
3379 1112 3508 1146 voco
3535 1095 3598 1146 ad
3626 1095 3750 1146 Citri-

2225 1092 2445 1158 Excmpli
2474 1095 2641 1161 gratia
2669 1110 2759 1165 eos
2787 1096 2874 1164 qui
2902 1095 3137 1149 interiori
3164 1097 3348 1165 gratia:
3379 1112 3508 1149 vaec
3535 1095 3598 1149 ad
3626 1095 3752 1148 Citri-

2195 1174 2334 1218 sutm
2368 1166 2668 1228 tralmntnr,
2705 1163 2882 1218 Vocati
2913 1163 3268 1234 appellantur.
3302 1165 3416 1221 Lib.
3455 1182 3470 1219 ι
3498 1167 3564 1218 de.
3592 1167 3748 1222 Vocat.

2195 1245 2343 1304 gent.
2367 1250 2485 1303 cap.
2511 1237 2571 1290 8:
2593 1251 2844 1290 CORDIBUS
2876 1236 3202 1294 Vocaroauu
3231 1256 3374 1292 suam
3398 1240 3574 1290 inserit
3602 1238 3750 1291 rotun-

2197 1314 2366 1360 tatem.
2396 1307 2458 1361 Et
2485 1321 2605 1372 cap.
2631 1306 2692 1360 9:
2730 1307 2901 1362 Unum
2928 1309 3242 1363 credentium
3267 1321 3311 1363 et
3343 1327 3446 1363 non
3469 1311 3748 1362 credentem

2195 1393 2355 1447 genus
2386 1378 2483 1451 sub
2511 1377 2835 1451 vocnmwu
2867 1380 3209 1451 appellatione
3248 1382 3509 1451 discrerit.
3552 1381 3590 1436 S
3636 1379 3748 1444 Lc',

2196 1461 2360 1502 scrin.
2391 1450 2423 1502 6
2453 1449 2520 1503 de
2556 1449 2858 1514 Nativnate,
2891 1449 3004 1519 cap.
3037 1451 3102 1504 2:
3154 1451 3300 1506 Nihil
3341 1451 3424 1504 hic
3453 1449 3751 1506 Vt=CATOBUI

2198 1532 2451 1574 conbtnus
2723 1521 2960 1593 caliginis
3015 1523 3199 1590 inferat
3255 1531 3456 1576 trrrena
3513 1525 3747 1594 sapientia.

2198 1589 2374 1643 Serm.
2403 1592 2435 1643 ϐ
2466 1591 2532 1643 tle
2597 1592 2884 1643 'umhania.
2911 1610 2958 1643 ρ.
2994 1593 3016 1643 1
3051 1611 3063 1643 :
3105 1592 3215 1643 Hoc
3243 1595 3569 1643 manifestius
3594 1595 3689 1643 ﬁeri
3711 1593 3747 1643 in

2198 1589 2374 1663 Serm.
2403 1592 2435 1645 (i
2456 1589 2884 1663 tle'Eptphani'a,
2911 1610 2958 1647 c.
2994 1593 3016 1646 I
3051 1589 3076 1646 :7
3105 1592 3215 1646 Hoc
3243 1589 3689 1663 manifestius/iui
3711 1593 3748 1646 ia

2197 1662 2425 1736 animum
2454 1661 2775 1718 Vocuonuu
2800 1663 3168 1736 illuminatione
3198 1665 3554 1736 perspicimus.

2271 1731 2412 1804 Ideni
2447 1745 2785 1797 peceatorum
2819 1731 3340 1802 voluntatem,‘cor',
3370 1735 3649 1790 arbitrium
3674 1751 3744 1804 ap-

2125 1779 2172 1844 Β
2200 1779 2685 1874 ρυῐίξιῖ”ἱείιὲιῖνί›”εἰἷ.’
2702 1779 3187 1860 “ntiqi'az'r'ac'a’.
3221 1779 3532 1872 Eéiii."é§.'{.'
3553 1779 3746 1861 ira"...

2194 1890 2225 1926 a
2248 1876 2517 1929 tenebrosis
2549 1875 2784 1930 cordibus
2810 1878 2962 1929 etiam
2991 1895 3123 1931 nunc
3149 1878 3319 1932 radios
3346 1895 3472 1932 suos
3500 1879 3667 1932 reri'as
3690 1893 3731 1930 re

2195 1944 2411 2000 velanda
2439 1949 2723 2011 contineat;
2752 1958 2880 2002 etc.
2917 1947 3012 2002 15:
3050 1947 3122 2002 De
3151 1959 3250 2002 tarn
3283 1949 3562 2003 tenebrosis
3602 1949 3745 2003 manu?

2195 2015 2285 2070 bus
2308 2017 2426 2085 fecit
2457 2017 2556 2071 sibi
2581 2019 2822 2086 populum
2853 2019 3072 2086 ﬁdelem,
3101 2033 3204 2075 etc.
3223 2021 3278 2072 S.
3315 2019 3447 2084 Leo,
3475 2037 3629 2075 sei-in.
3652 2020 3678 2074 6
3698 2021 3746 2076 dt

2195 2037 2285 2070 aus
2308 2037 2426 2085 [em
2457 2037 2554 2071 star
2581 2037 2643 2085 po
2686 2037 2822 2072 utam
2853 2037 3072 2086 paetem,
3101 2037 3204 2075 etc.
3223 2037 3278 2072 δ.
3316 2037 3447 2084 Leo,
3475 2037 3629 2075 sei-tn.
3652 2037 3678 2074 υ
3698 2037 3746 2076 ul

2194 2087 2460 2159 Epiplian.
2491 2103 2610 2155 cap.
2635 2037 2691 2142 Γπ
2724 2090 2982 2159 Quidquid
3010 2091 3061 2144 in
3083 2091 3320 2145 cordibus
3351 2091 3622 2146 tenebrosis
3636 2107 3746 2145 nam

2198 2157 2328 2232 lucis
2359 2169 2590 2229 apparet,
2616 2171 2720 2214 etc.
2753 2157 2927 2215 Serm.
2952 2165 2996 2232 ξι
3024 2176 3140 2232 cap.
3173 2163 3234 2217 ιε
3262 2162 3378 2217 Sint
3403 2161 3616 2215 lui-erute
3633 2178 3743 2214 men-

2197 2229 2323 2302 tium
2343 2242 2619 2302 vestrarum
2643 2248 2836 2302 semper
2863 2229 3120 2301 ardentes,
3151 2245 3199 2289 et
3220 2233 3349 2288 nihil
3375 2236 3528 2287 resid.
3545 2233 3744 2287 atuatris

2196 2299 2252 2373 i_n
2294 2300 2531 2373 cordibus
2583 2299 2919 2356 tenebrosum.
2953 2299 3132 2360 Serm.
3163 2304 3196 2357 4
3222 2305 3288 2358 de
3317 2305 3540 2359 Nativit.
3569 2321 3669 2373 cap.
3697 2307 3743 2360 ~l:

2196 2367 2380 2445 [aqua
2405 2371 2681 2445 (dogmatis
2709 2375 3010 2428 exsecrana’i
3036 2375 3137 2445 via)
3163 2376 3292 2429 nihil
3311 2377 3412 2430 non
3441 2367 3744 2440 tenebrosum,

2195 2443 2425 2518 uinique
2449 2460 2554 2518 non
2577 2443 2847 2518 lubricum.
2875 2445 3050 2518 Serm:
3087 2443 3212 2502 Ide
3243 2446 3392 2501 Pent.
3426 2463 3550 2514 cap.
3576 2451 3629 2500 5:
3658 2447 3745 2518 Spi-

2195 2516 2327 2567 ritus
2356 2515 2580 2586 reritatis
2609 2516 2727 2585 facit
2759 2515 2967 2569 domum
2996 2515 3176 2586 gloria:
3208 2534 3316 2571 sua:
3355 2520 3570 2573 luminis
3596 2521 3665 2570 sui
3688 2515 3744 2568 iii-

2198 2593 2307 2638 tore
2344 2585 2574 2654 fulgere,
2621 2599 2666 2639 et
2701 2588 2752 2641 in
2782 2586 2967 2656 templo
2996 2585 3090 2642 suo
3121 2605 3210 2642 nec
3239 2590 3559 2644 tenebrasum
3588 2589 3743 2654 aliquid

2195 2658 2301 2709 vult
2323 2673 2445 2728 esse,
2478 2673 2567 2710 nec
2597 2658 2846 2725 tepidum.
2882 2659 3049 2728 Epist.
3085 2660 3117 2714 8
3149 2676 3266 2727 cap.
3303 2661 3325 2714 1
3354 2679 3366 2716 :
3398 2660 3485 2714 Ne
3517 2661 3744 2716 tenebrosi]

2197 2726 2336 2796 apud
2381 2742 2467 2780 uos
2515 2729 2770 2783 radicibus
2822 2726 3095 2784 seminelur
3141 2731 3368 2785 hazresis.
3402 2732 3577 2787 Serm.
3617 2735 3676 2785 de
3703 2732 3744 2784 S.

2197 2795 2357 2851 Laur.
2389 2813 2437 2853 c.
2475 2803 2498 2852 1
2527 2815 2540 2852 :
2571 2799 2696 2854 11(ιό
2719 2817 2947 2855 verarum
2971 2811 3154 2856 natura
3184 2806 3424 2857 virtutum
3460 2813 3554 2864 est,
3579 2813 3625 2854 ut
3645 2801 3744 2855 mal.

2200 2877 2276 2944 tos
2307 2885 2338 2944 ᾳ
2369 2870 2627 2923 tenebroso
2672 2872 2892 2944 abducat
2935 2890 3122 2939 errore,
3165 2875 3253 2944 qui
3280 2891 3460 2944 earum
3503 2877 3660 2929 claras
3691 2880 3744 2926 est

2197 2939 2408 2994 lumine.
2456 2943 2627 2996 Serm.
2666 2943 2728 2996 10
2758 2945 2822 2996 de
2853 2944 3053 3010 Quadr.
3087 2959 3137 3000 c.
3177 2939 3248 2998 ιιε
3285 2943 3586 3001 Tenebrosw
3612 2956 3744 2998 casto-

2198 3011 2316 3063 dlaz.
2356 3011 2521 3080 Epist.
2557 3013 2624 3066 ad
2660 3014 2893 3069 [)emetr.
2942 3030 3062 3084 cap.
3106 3017 3202 3071 με
3238 3013 3311 3067 De.
3339 3033 3456 3070 vero
3503 3019 3670 3071 lumine
3695 3027 3743 3069 te

2200 3084 2428 3136 nebrosw
2447 3085 2557 3153 jam
2577 3093 2622 3136 et
2646 3086 2931 3153 deﬁcientes
2958 3087 3176 3141 lacerntc
3203 3087 3371 3141 lumen
3401 3090 3744 3156 accipiunt,nec

2123 3159 2169 3224 (ς
2201 3160 2365 3240 tamen
2393 3156 2873 3240 uisilipsarummerit
2905 3157 3155 3240 quidquid
3199 3159 3742 3240 [plgorisuacceperinu

2201 3225 2360 3298 epist.
2393 3225 2460 3298 7_9
2489 3225 2649 3298 (nunc
2676 3227 2799 3298 l05)
2830 3225 2993 3298 cap.I
3028 3225 3053 3284 τ’
3076 3225 3390 3284 Tenebrosus
3414 3231 3500 3285 ille
3526 3225 3744 3293 inimicus,

2197 3293 2251 3348 id
2284 3305 2366 3349 est
2393 3295 2659 3351 diabolus.

2272 3366 2562 3438 Discipulos
2590 3369 2809 3442 veritatis
2837 3384 2928 3442 eos
2949 3379 3175 3438 uterque
3201 3371 3454 3442 appellat,
3480 3373 3559 3442 qui
3579 3369 3740 3442 catho-

2198 3435 2352 3511 I_i_cain
2386 3435 2657 3493 sectantur
2685 3440 2981 3511 doctrinam
3029 3435 3110 3497 vel
3155 3435 3568 3511 pietateniaL'ib.
3607 3456 3641 3494 n
3678 3439 3738 3494 de

2203 3507 2388 3564 Vocat.
2423 3519 2566 3577 gent.
2600 3527 2716 3580 cap.
2763 3510 2862 3566 94:
2902 3511 3016 3565 Hoc
3061 3507 3414 3568 detéstabilitcr
3440 3512 3739 3583 pradicatunt

2181 3594 2369 3655 .omncs
2390 3595 2644 3655 DISCIPULI
2687 3599 2960 3638 VEBITATIS
2986 3585 3310 3655 intelligunt;
3334 3581 3544 3653 epistola
3565 3583 3625 3655 ad
3649 3581 3743 3655 De-

2205 3652 2516 3730 metriadem
2550 3669 2665 3723 cap.
2700 3656 2730 3708 4
2757 3667 2808 3707 et
2834 3671 2950 3730 r‘ap.
2981 3656 3040 3730 Ib
3067 3671 3081 3711 :
3117 3652 3241 3730 Ipsa
3274 3652 3474 3730 Veritas
3513 3654 3745 3730 discipulfs

2205 3723 2312 3774 suis
2337 3724 2526 3797 dixisse
2549 3737 2804 3779 narratur.
2835 3725 2962 3779 Cum
2982 3723 3157 3796 itaque,
3169 3729 3411 3797 discipuli
3435 3727 3641 3781 veritatis
3665 3723 3746 3778 hu-

2198 3807 2399 3869 manam
2431 3795 2894 3869 glm-iamfugiunt.
2929 3797 3005 3853 Ex
3041 3795 3321 3869 utriusque
3348 3799 3447 3853 loci
3479 3797 3625 3868 hujus
3648 3797 3746 3869 col-

2198 3861 2594 3944 I.itione,'_i_nte_r
2621 3861 2953 3944 alia'colligit
2999 3861 3306 3925 sanctorum
3343 3861 3562 3944 Patrum
3589 3867 3746 3944 apolo-

2196 3939 2332 4004 gista
2363 3939 2485 4008 styli
2532 3939 2959 4006 similitudinem,
3006 3950 3166 4011 atque
3211 3941 3458 3996 eumdem
3507 3941 3746 4011 utriusque

2196 4011 2378 4083 scripti
2425 4021 2734 4074 aucmrem;
2784 4023 2983 4075 quanto
3028 4009 3156 4083 ergo
3204 4014 3394 4081 potiori
3449 4012 3503 4067 id
3550 4015 3657 4081 jure
3686 4009 3746 4083 de

2196 4075 2375 4132 Leone
2399 4088 2582 4154 nostro
2610 4083 2984 4150 asserendnin,
3014 4075 3152 4151 apud
3173 4075 3331 4151 quem
3353 4085 3518 4154 longe
3539 4075 3746 4154 crebrius

2196 4155 2430 4221 occurrit
2462 4152 2561 4204 ista
2599 4154 2928 4221 appellatio?
2973 4155 3146 4210 Serm.
3185 4154 3218 4207 5
3247 4155 3312 4210 de
3337 4151 3605 4210 Collectis.
3633 4151 3743 4205 Bea-

2195 4220 2372 4295 tissimi
2402 4221 2478 4275 illi
2502 4220 2737 4294 discipuli
2766 4227 3006 4292 veritatis,
3038 4227 3111 4280 ait
3154 4225 3221 4295 de
3261 4229 3547 4295 apostolis.
3583 4225 3648 4280 De
3671 4224 3745 4278 le-

2188 4290 2305 4360 juo.
2342 4295 2404 4348 tu
2433 4290 2640 4348 mensis
2661 4311 2825 4350 scrin.
2853 4299 2874 4351 1
2911 4290 3028 4362 cap.
3070 4296 3103 4349 5
3128 4314 3138 4349 :
3173 4290 3380 4351 Fideles
3408 4305 3455 4351 et
3478 4298 3588 4367 pios
3611 4309 3747 4351 DISCI-

2192 4377 2355 4438 DULOS
2385 4380 2662 4438 venturis
2692 4367 2819 4438 nihil
2849 4368 3009 4438 magis
3034 4368 3371 4434 commendat,
3397 4376 3506 4424 etc.
3539 4370 3608 4424 De
3631 4367 3746 4433 Qua-

2193 4435 2343 4510 drag.
2387 4436 2419 4510 8_
2462 4451 2582 4504 cap.
2616 4437 2687 4489 ἓξ
2738 4437 2885 4493 Mens
2935 4435 3230 4510 Christiana
3282 4438 3443 4510 fugax
3493 4437 3743 4497 mendacii,

2193 4505 2446 4578 discipula
2463 4510 2711 4578 cernatis.
2745 4510 2920 4564 Serm.
2958 4510 3023 4565 10
3043 4511 3109 4565 de
3139 4505 3324 4564 eadein
3341 4505 3615 4578 Quadrag.
3644 4522 3742 4576 cap.

2190 4576 2254 4630 Ξῖ
2282 4578 2425 4633 Servi
2450 4577 2546 4632 Dei
2568 4591 2610 4632 et
2635 4580 2869 4651 discipuli
2894 4583 3138 4636 veritatis.
3169 4581 3296 4636 Vide
3319 4576 3484 4636 scrin.
3516 4576 3590 4638 δσ
3607 4581 3741 4705 suum:

2190 4648 2284 4705 82?.)
2317 4649 2384 4704 de
2412 4650 2506 4705 SS.
2543 4650 2700 4705 Petro
2729 4663 2782 4705 et
2809 4651 2996 4705 Paulo.
3025 4667 3141 4705 can.
3176 4653 3227 4705 I.
3257 4661 3311 4705 et
3331 4653 3589 4705 epistolas
3629 4650 3741 4705 iuius

2190 4648 2284 4723 8:3)
2309 4649 2524 4723 deSS.
2543 4650 2700 4705 Petro
2729 4648 2782 4705 et
2809 4651 2996 4723 Paulo,
3025 4667 3141 4723 cap.
3176 4653 3228 4721 I,
3257 4661 3311 4723 et
3331 4653 3589 4723 epistolas
3613 4648 3744 4723 hujus

2189 4720 2439 4797 editionis
2586 4726 2746 4790 (nunc
2774 4722 2867 4794 28)
2884 4739 3012 4797 cap.
3046 4720 3108 4787 I,
3133 4724 3213 4797 59,
3248 4720 3406 4797 (nunc
3435 4725 3665 4797 79)Acap.
3694 4721 3745 4783 1,

2191 4791 2447 4866 62-(ηιιηε
2474 4792 2564 4866 82)
2599 4809 2717 4866 cap.
2753 4797 2806 4858 1,
2847 4791 2914 4849 95
2943 4795 3098 4866 (nunc
3125 4791 3398 4864 I20)'cap.
3430 4800 3486 4861 ‘3,
3509 4791 3592 4852 ’97
3615 4791 3748 4866 (nunc

2191 4861 2329 4938 124)
2363 4861 2576 4938 cap._I,
2610 4864 2712 4920 MO
2742 4866 2910 4936 (nunc
2939 4861 3075 4938 I72)
3118 4869 3170 4922 in
3211 4861 3421 4935 medio,
3461 4867 3550 4924 ubi
3584 4861 3748 4922 eadem

2191 4932 2393 4988 IOt'UIIO
2422 4934 2665 4989 habetur.

2262 5005 2378 5059 Lib.
2399 5021 2416 5059 ι
2441 5006 2506 5060 de
2537 5007 2722 5062 Vocat.
2746 5016 2889 5077 gent.
2921 5022 3038 5077 cap.
3065 5009 3126 5064 7:
3157 5009 3282 5075 Quae
3302 5025 3420 5081 ergo
3449 5019 3634 5064 natura
3659 5013 3750 5062 erat

2189 5075 2320 5129 bona
2346 5119 2359 5140 ,
2389 5092 2694 5141 ausurus
2724 5075 2860 5149 facta
2887 5089 2958 5132 est
2991 5075 3158 5145 inata;
3194 5091 3242 5134 et
3278 5075 3377 5135 me
3411 5083 3576 5136 animi
3608 5086 3750 5133 metm

2186 5161 2275 5211 our
2301 5163 2550 5212 nouorum
2579 5165 2781 5205 rorasr
2815 5164 2930 5204 sm:
2962 5165 3152 5214 ALIQUO
3176 5166 3301 5208 esse.
3330 5167 3532 5222 suone,
3563 5151 3655 5206 hoc
3691 5155 3750 5203 est

2184 5222 2294 5295 sine
2321 5223 2491 5295 aliqua
2520 5223 2795 5295 voluntate,
2827 5238 2926 5276 non
2957 5223 3180 5295 perdidit
3208 5227 3513 5295 appetitum,
3545 5224 3632 5278 sed
3660 5236 3752 5295 mf

2186 5239 2294 5272 sine
2321 5239 2386 5273 ait
2429 5239 2491 5273 ua
2520 5239 2795 5288 vatuutate,
2827 5239 2926 5276 non
2957 5239 3179 5295 perarau
3208 5239 3513 5295 appetitum,
3545 5239 3631 5278 sed
3660 5239 3749 5276 tnu-

2186 5293 2304 5344 tavit
2359 5239 2613 5359 ayfectum.
2660 5295 2716 5348 S.
2768 5294 2896 5358 Leo,
2949 5309 3111 5349 serio.
3157 5295 3188 5347 5
3219 5295 3288 5348 de
3310 5296 3514 5365 jejunio
3559 5290 3749 5363 septimi

2185 5365 2386 5417 mensis
2415 5379 2533 5438 cap.
2565 5366 2598 5420 ὅ
2624 5382 2635 5419 :
2664 5365 2778 5419 Duo
2803 5381 2997 5418 amores
3013 5366 3178 5438 639
3204 5376 3342 5432 sunt,
3372 5383 3436 5422 ex
3463 5367 3639 5437 quibus
3661 5379 3753 5438 ain-

2185 5451 2274 5487 ncs
2317 5433 2567 5505 prodeunt
2598 5439 2902 5500 voluntates,
2932 5438 3001 5490 ita
3028 5433 3238 5491 diversa!
3265 5433 3669 5503 quauﬂnsus,
3695 5433 3753 5488 si-

2185 5517 2269 5561 cut
2301 5510 2596 5561 dividuntur
2625 5510 2948 5572 auctoribus;
2975 5508 3244 5563 rationalis
3272 5513 3404 5564 enim
3431 5512 3648 5573 animus,
3677 5517 3752 5570 ουι

2187 5593 2306 5633 SINE
2330 5595 2642 5636 DILECTIONE
2668 5596 2792 5636 ESSE
2819 5595 2922 5636 NON
2942 5594 3169 5641 POTES'I'.
3201 5590 3290 5636 aut
3456 5591 3649 5638 amator
3671 5585 3753 5638 εει.

2188 5660 2278 5703 aut
2307 5653 2502 5705 mundi.

2263 5721 2462 5796 Gratiae
2489 5724 2986 5796 virtutisqueopus,
3019 5720 3112 5780 Dei
3140 5723 3607 5796 participationem
3628 5731 3750 5776 uter~

2189 5808 2293 5864 que
2317 5794 2464 5850 dicit.
2503 5795 2620 5851 Lib.
2650 5813 2666 5850 ι
2707 5793 2775 5851 de
2804 5795 2992 5850 Vocat.
3026 5793 3170 5866 gent.
3197 5793 3420 5868 cap.'8:
3460 5793 3607 5868 Apud
3628 5804 3751 5865 quem
