3968 6308
190 383 292 448 861

605 381 905 443 ΜεδΕΒΤ.
951 382 1014 441 Il.
1053 385 1143 442 DE
1181 384 1499 444 AUCTORE
1541 383 1901 444 LIBROBUM
1952 382 2040 440 DE
2079 383 2325 440 VOCAT.
2364 382 2635 442 OMNIUM
2674 382 3012 446 GENTIUM.

189 511 256 552 ex
286 493 590 566 purissimis
619 495 906 566 Scriptum
944 512 1112 554 sacrm
1152 499 1558 570 traditionisque
1581 499 1760 556 eccle-
1787 501 1844 562 Α
1867 497 1982 552 risii
2011 497 2345 564 aliorumque
2369 500 2796 557 accusationibus
2821 519 2888 571 pu
2957 518 3050 560 are
3071 545 3086 568 ,
3112 505 3334 576 duoque
3365 509 3451 564 in-

189 568 418 623 siaSIicre
448 566 967 624 manabatfuntibus.
1869 569 2008 624 victe
2059 567 2307 629 probare.
2354 564 2591 623 Primum
2620 571 2863 629 quidem.
2894 518 3147 629 IEeonem
3179 588 3450 629 nostrum-

188 568 418 623 siastim
448 566 696 622 manabat
713 568 967 624 fontibus.

262 637 473 694 XXVII.
504 638 638 694 Sunt
665 640 754 708 qui
784 640 1122 708 conjecturas
1142 681 1158 706 ,
1189 655 1320 709 quas
1347 642 1623 709 hucusque
1666 657 1767 698 ex-

188 711 462 783 posuimus
483 757 496 777 ,
526 709 649 762 inde
679 711 876 765 lirmari
909 726 1064 783 posse
1093 721 1308 779 putent,
1337 713 1480 781 quod
1508 709 1668 783 aliqui
1697 713 1768 770 de

187 781 372 852 gratia
408 787 661 852 tractatus
708 796 737 834 a
762 791 971 852 sancto
1004 781 1203 852 gLeone
1246 787 1451 838 exarati
1496 781 1766 852 vidcntnr,

184 866 322 919 quos
342 849 686 913 desiderent,
712 849 924 906 adducti
954 851 1019 906 ad
1061 853 1198 907 hanc
1237 854 1556 910 sententiam
1587 849 1766 911 verbii

187 928 299 996 t_um
326 922 494 996 sancti
523 921 776 996 _Prosp_eri
815 937 912 996 seu
931 922 1129 996 potius
1154 925 1389 996 auctoris
1416 926 1671 996 anonymi
1699 925 1768 981 de

185 990 642 1065 Promissionibus
685 991 1019 1065 Dei_d_imidi_i
1052 994 1334 1065 temporis,
1367 1003 1498 1064 cap:
1519 990 1587 1062 6',
1627 995 1768 1065 apud

183 1059 536 1134 Prosperum;
571 1061 807 1134 tum_(a)
839 1063 1014 1118 Photii
1050 1059 1178 1134 CPC
1198 1059 1546 1133 patriarchas,
1572 1059 1676 1134 qui
1715 1066 1768 1120 in

185 1146 282 1202 sna
321 1132 644 1187 Bibliotheca
690 1131 805 1187 hate
850 1134 1052 1188 habet:
1086 1131 1307 1202 Scripsit
1345 1143 1393 1188 et
1435 1131 1643 1189 sanctus
1671 1134 1771 1190 Leo

183 1200 450 1274 Romanus
473 1205 741 1274 episcopus
774 1204 837 1258 de
867 1203 1168 1274 Pelagianis
1202 1200 1487 1270 conuersis,
1518 1206 1771 1274 quomodo

182 1271 394 1346 debeant
421 1275 600 1346 recipi,
633 1271 842 1346 guando
863 1271 1243 1346 conuertuntur,
1267 1275 1470 1344 scriptis
1490 1271 1636 1329 suam
1663 1276 1775 1346 opi-

181 1345 383 1396 nionem
420 1345 744 1398 damnantes.
790 1343 986 1398 Verum
1033 1344 1134 1398 etsi
1179 1343 1387 1399 certum
1434 1353 1518 1399 est
1557 1343 1772 1401 strenue

179 1428 398 1484 semper
444 1413 740 1484 dimicasse
785 1421 972 1467 contra
1025 1415 1342 1483 Pelagianos
1388 1413 1620 1470 Leonem
1671 1432 1771 1470 no-

176 1483 379 1568 strum,
408 1483 652 1568 aliosque
674 1484 1026 1568 etiam‘libios
1057 1499 1154 1553 pro
1182 1483 1470 1568 occasione
1489 1486 1771 1568 scripsisse

177 1554 656 1625 verosimilliinum
683 1555 785 1625 sit;
816 1552 978 1625 645
1012 1552 1170 1624 quem
1194 1555 1335 1610 enim
1361 1564 1414 1608 et
1439 1552 1682 1610 doctrina
1712 1567 1767 1612 et

178 1625 402 1678 dicendi
451 1623 603 1693 copia
651 1623 786 1679 adeo
830 1623 1114 1692 pollentem
1163 1625 1357 1692 saepius
1385 1625 1616 1679 vidimus
1642 1641 1763 1680 cum

181 1694 536 1758 Manicliaais,
578 1693 951 1764 Eutychianis,
994 1694 1215 1764 aliisque
1259 1694 1527 1750 haereticis
1574 1710 1764 1750 manus

182 1774 594 1830 conserentem,
641 1763 906 1834 haudgpar
934 1773 1016 1819 est
1041 1764 1264 1820 credere
1293 1765 1609 1834 Pelagianos
1663 1769 1762 1820 im-

175 1848 331 1901 pune
350 1843 652 1904 grassantes
672 1847 764 1901 per
784 1832 1075 1888 Ecclesiam
1095 1832 1466 1902 conspexissc;
1492 1833 1764 1892 fatendum

173 1911 364 1974 tamen
390 1912 559 1959 estea
590 1917 711 1972 qua:
742 1918 866 1974 mox
901 1904 1177 1974 attulimus
1202 1905 1506 1960 testimonia
1537 1906 1587 1960 id
1619 1909 1760 1974 quod

167 1973 248 2026 ab
274 1974 583 2029 auctoribus
610 1973 879 2043 praedictis
903 1973 1242 2030 contenditur
1264 1975 1483 2030 minime
1511 1973 1757 2043 probare.

166 2043 337 2114 Prior
359 2046 501 2099 enim
546 2045 782 2112 scriptor
808 2054 1012 2100 tantum
1051 2045 1177 2100 dicit
1219 2045 1361 2114 quod
1410 2055 1617 2102 sanctus
1658 2047 1762 2103 Leo

165 2113 852 2188 Manichwpsﬂsubverteret
897 2124 945 2188 et
996 2113 1270 2170 contereret
1317 2115 1659 2188 Pelagianos,
1715 2129 1761 2173 et

162 2186 397 2239 maxime
423 2184 713 2242 lulianum.
761 2185 918 2253 Quod
965 2201 1189 2242 necesse
1237 2203 1340 2241 non
1390 2184 1650 2243 habemus
1695 2189 1762 2244 de

164 2256 397 2330 scriptis
426 2256 802 2330 interpretari,
823 2272 960 2330 cum
989 2265 1225 2330 econtra
1249 2257 1566 2330 obviumgsit
1595 2261 1762 2330 magis

163 2326 243 2381 de
270 2326 595 2382 sacerdotali
625 2327 729 2382 hoc
757 2327 1140 2394 sollicitudine,
1169 2327 1378 2383 ardenti
1411 2328 1548 2393 zelo,
1579 2326 1763 2384 auclo-

163 2396 446 2468 ritateque
473 2398 764 2467 apostolica
795 2399 1125 2466 intelligere,
1154 2398 1344 2465 quibus
1370 2401 1761 2468 etnergentium

161 2467 404 2523 subinde
457 2469 508 2523 in
559 2468 799 2523 Ecclesia
847 2469 1249 2538 Pelagianorum
1290 2481 1514 2524 conatus
1536 2467 1762 2526 strenue

161 2539 582 2606 compresserit.
613 2539 769 2604 Quod
795 2538 863 2594 ad
893 2539 1064 2594 Photii
1103 2541 1468 2595 testimonium
1499 2541 1760 2608 pertinet,

161 2609 319 2664 aliud
361 2625 467 2680 non
516 2610 761 2679 intelligit
791 2626 948 2678 quam
977 2609 1116 2680 quod
1147 2611 1388 2678 epistolis
1414 2612 1586 2666 sancti
1617 2611 1758 2666 Leo-

164 2681 258 2752 nis
288 2680 357 2734 ad
399 2679 716 2752 Septimium
746 2679 1120 2752 Altinatem‘et
1139 2680 1213 2752 ad
1253 2682 1564 2750 episc0pum
1591 2681 1757 2752 Aqui-

164 2750 438 2806 leiensem
467 2749 791 2806 continetur.
824 2751 925 2819 Qui
965 2749 1107 2806 enim
1137 2750 1422 2806 Baronium
1447 2755 1615 2807 secuti
1645 2749 1758 2809 haec

165 2819 352 2876 Photii
382 2823 543 2878 verba
586 2823 878 2893 allegantes
913 2836 1195 2893 asseruere
1234 2823 1430 2892 scripta
1458 2837 1577 2892 qua:
1604 2839 1756 2879 com-

167 2902 446 2948 memorat
497 2892 755 2961 periisse,
808 2907 912 2946 non
956 2892 1444 2948 animadverterunt
1488 2893 1540 2948 id
1587 2903 1758 2950 totum

165 2964 318 3032 quod
351 2966 519 3019 refert
541 2962 858 3088 Jiatriarcha
882 3003 898 3030 ,
947 2963 1001 3018 in
1052 2964 1229 3018 citatis
1268 2964 1510 3033 epistolis
1537 2963 1758 3033 haberi,

168 3034 386 3088 scilicet
414 3048 536 3088 man
577 3045 719 3088 atum
747 3049 854 3088 ouo
884 3034 1120 3088 euisconi
1164 3048 1194 3086 a
1237 3033 1480 3088 Romano
1510 3036 1758 3088 pontifice

168 3034 386 3090 scilicet
414 3033 719 3089 mandatum
747 3049 854 3104 quo
884 3034 1120 3103 episcopi
1164 3048 1194 3086 a
1237 3033 1480 3088 Romano
1510 3036 1760 3104 pontifice

168 3105 538 3160 mouebantur
557 3119 625 3161 ne
648 3119 974 3175 quemquam
999 3104 1429 3175 Pelagianorum,
1459 3103 1552 3173 qui
1581 3104 1760 3160 eccle-

168 3177 410 3231 siasticae
431 3174 796 3230 communioni
819 3174 1027 3229 restitui
1052 3174 1412 3242 postulabant,
1435 3177 1758 3243 reciperent,

169 3229 281 3301 nisi
316 3229 602 3302 crinibus
623 3229 866 3316 pristinis
903 3229 1104 3314 scripio
1153 3245 1367 3314 propria
1401 3229 1570 3299 ’ωευὰ
1613 3229 1763 3300 οὺείέ
1788 3229 1836 3291 C

170 3327 344 3387 gnato
368 3317 652 3387 damnatis.

256 3385 440 3442 XVIII.
479 3387 747 3445 Gerardus
787 3387 1023 3443 Joannes
1051 3384 1274 3441 Vossius
1313 3383 1560 3440 Historia;
1605 3384 1758 3441 Pela-

173 3459 355 3528 giana:
384 3459 610 3528 scriptor
648 3457 921 3528 eruditus,
959 3457 1050 3512 lib.
1083 3472 1136 3521 ι,
1166 3471 1289 3526 cap.
1310 3455 1415 3520 20,
1449 3457 1540 3528 ubi
1567 3456 1637 3512 de
1664 3472 1763 3511 au-

171 3526 330 3585 ctore
371 3526 550 3598 operis
577 3529 646 3584 de
675 3527 978 3598 Vocatione
995 3528 1269 3596 gentium,
1298 3541 1419 3598 eam
1448 3526 1517 3582 ob
1545 3543 1763 3582 causam

173 3597 448 3670 Prospero
467 3599 879 3669 abjudicandum
899 3597 1190 3663 exiStimat,
1220 3597 1356 3666 quod
1369 3597 1532 3670 hujus
1550 3599 1761 3670 scripto-

173 3673 246 3726 ris
287 3668 544 3726 sententia
561 3687 663 3724 non
692 3686 756 3725 ea:
797 3670 1041 3740 amussim
1079 3668 1589 3740 quadtjat_doctrinte
1633 3668 1764 3723 Pro-

302 3742 336 3795 ἰ.
372 3741 564 3796 Vossio
591 3740 888 3797 subscribit
929 3737 1188 3796 Henricus
1217 3739 1286 3794 de
1311 3737 1468 3794 Noris
1513 3739 1762 3794 Historia:

217 3813 482 3883 elagiana:
512 3811 604 3867 lib.
634 3827 702 3878 ιι,
744 3811 1001 3883 cap._ll.
1048 3811 1226 3883 Atque
1265 3819 1324 3864 ut
1366 3810 1605 3883 opinioni
1652 3823 1766 3866 sua:

175 3881 350 3938 robur
379 3882 628 3952 adjiciat.
678 3881 932 3937 nonnulla
965 3881 1238 3952 utriusque
1279 3891 1528 3952 excerpta
1560 3882 1612 3934 in
1652 3897 1767 3938 me-

173 3955 330 4010 dium
360 3950 596 4019 adducit,
626 3968 744 4022 qua:
771 3951 939 4008 nostri
966 3961 1049 4007 est
1079 3950 1305 4006 instituti
1329 3950 1396 4022 ad
1420 3966 1644 4007 examen
1666 3967 1764 4022 re-

174 4040 400 4082 vocare.
443 4023 555 4079 Etsi
585 4021 728 4080 enim
760 4026 898 4078 ultro
923 4037 1045 4079 cum
1077 4030 1304 4092 utroque
1331 4021 1424 4075 illo
1451 4037 1627 4077 rerum
1662 4021 1766 4078 Pe-

175 4096 515 4168 lagianarum
537 4093 968 4168 historiographo
992 4092 1367 4168 contendimus
1392 4092 1638 4163 Prosperi
1659 4107 1765 4148 non

175 4162 304 4224 esse
326 4168 496 4222 libros
523 4166 592 4221 de
622 4162 912 4222 Vocaiione
933 4164 1169 4234 gentium
1193 4206 1208 4230 ,
1233 4162 1449 4217 illorum
1480 4162 1656 4217 tamen
1683 4179 1771 4218 ar-

173 4238 466 4308 gumentis
511 4236 850 4308 subscribere
898 4247 1231 4308 nequaquam
1285 4247 1613 4308 possumus;_
1669 4248 1770 4308 nec

172 4303 419 4390 patimur
444 4307 731 4390 Leonem,“
741 4306 829 4363 cui
872 4303 1195 4390 opusculum
1229 4304 1552 4384 θεείῳ-ἤπιος,
1581 4303 1649 4356 de
1676 4304 1772 4390 ab-

172 4373 359 4450 iurata
389 4377 672 4449 Augustini
693 4373 1052 4450 Prospefique
1075 4373 1323 4450 doctrina
1344 4374 1401 4450 in_
1425 4388 1643 4427 causam
1676 4387 1773 4426 vo-

174 4443 318 4506 cari.
345 4450 464 4505 Non
475 4443 720 4505 'moleste
750 4443 908 4519 igitur
931 4443 1062 4519 Ieret
1083 4447 1163 4499 vir
1183 4443 1526 4519 doctissimus
1545 4457 1772 4519 examen

173 4521 328 4591 quod
358 4535 464 4576 non
492 4513 891 4577 contradiccudi
918 4517 1131 4585 animo,
1177 4513 1272 4570 sed
1317 4513 1649 4570 illustrandae
1679 4529 1773 4570 ve-

176 4592 362 4649 ritatis
386 4593 562 4663 gratia
591 4592 810 4647 inimus.

543 4702 778 4758 Primum
805 4701 1003 4758 Norisii
1031 4706 1411 4772 argumentum.

252 4799 458 4882 Yideo,
493 4797 988 4882 inquit_,nlibrorp,m
1015 4796 1223 4882 illorum
1252 4796 1549 4882 scriptorem
1575 4793 1774 4882 diuersa

169 4887 207 4925 ι
230 4869 501 4940 Prospero
526 4865 606 4923 via
635 4867 839 4923 abiisse.
886 4867 1026 4940 Nam
1060 4865 1166 4940 lib._
1193 4881 1228 4940 t_t
1265 4867 1544 4940 plurimum
1585 4865 1772 4940 laboris

171 4935 423 5008 insumit,
457 4951 512 4994 ut
539 4955 856 4995 communem
884 4939 1100 5009 gratiam
1127 4935 1221 4990 Dei
1242 4937 1473 5009 omnibus
1498 4938 1673 5009 faciat.

247 5005 498 5068 Leonem
528 5011 660 5080 petit
700 5012 799 5064 ista
838 5005 1134 5080 accusatio,
1181 5021 1285 5060 non
1310 5005 1493 5080 modo
1521 5008 1773 5080 quiaau-

168 5093 306 5139 etor
348 5083 449 5137 fuit
479 5076 735 5137 librorum
763 5081 830 5135 de
856 5079 1146 5134 Vocatione
1180 5077 1448 5146 gentium,
1479 5077 1574 5132 sed
1603 5076 1767 5132 etiam

169 5153 314 5222 quia
345 5153 511 5208 multa
540 5161 666 5206 sunt
691 5153 761 5222 ing
775 5150 894 5206 aliis
921 5149 1231 5222 indubita_t_i_s
1260 5149 1374 5222 ejus
1396 5148 1647 5222 operibus
1665 5162 1767 5222 _s_eu

167 5218 229 5280 in
261 5223 640 5295 sermonibus,
666 5220 832 5295 ϐω
858 5236 976 5295 qua;
1005 5234 1125 5274 cum
1155 5219 1243 5274 illa
1273 5219 1531 5295 librorum
1556 5218 1635 5295 de
1663 5219 1771 5295 Yo-

167 5296 402 5352 catione
450 5288 715 5350 doctrina'
741 5288 1087 5355 co'nveniant,
1139 5297 1196 5343 ut
1240 5290 1430 5344 merito
1460 5304 1525 5344 ex
1556 5289 1640 5344 illa
1673 5288 1772 5343 do-

167 5367 377 5421 ctrina:
404 5365 664 5420 afﬁnitate
688 5373 1054 5434 argumentum
1083 5361 1476 5434 sumpserimus
1497 5374 1593 5434 pro
1621 5373 1772 5434 asse_-_

166 5437 377 5493 tendis
416 5436 584 5492 Leoni
613 5431 798 5490 nostro
840 5434 956 5490 istis
996 5434 1164 5488 libris.
1206 5431 1424 5501 Aliqum
1466 5431 1772 5500 linjusmodi

1797 4620 1850 4680 D

1869 569 2008 624 victe
2059 567 2322 647 prebare._
2354 564 2591 647 Primttm
2620 564 2863 647 quidem,
2910 564 3147 631 Leonem
3179 564 3486 647 nostrum...i

1867 653 1990 714 cum
2031 651 2084 694 et
2124 639 2175 714 in
2205 637 2354 692 libris
2376 637 2446 692 de
2477 637 2764 696 Vocat'iune
2802 637 3039 714 gentium
3065 656 3118 700 et
3143 647 3196 702 in
3227 637 3474 703 summi;

1867 710 2026 785 nibus
2071 712 2184 785 suis
2212 723 2554 785 communem
2601 710 2845 785 omnibus
2884 717 3005 772 facit
3062 721 3283 785 gratiam
3329 719 3450 785 Dei,

1867 779 2026 856 longe
2069 781 2174 835 alio
2221 795 2385 836 sensu
2436 781 2724 849 Iatiorique
2770 779 3157 852 significaticne
3194 779 3452 856 usurparc

1866 853 2052 923 gratiae
2080 866 2273 924 nomen
2294 892 2310 916 ,
2340 865 2500 924 quam
2527 861 2768 924 sumatur
2809 869 2837 907 a
2880 855 3169 924 Prospero:
3222 853 3450 915 alterum

1866 921 2029 985 vero,
2058 921 2199 990 quod
2229 936 2350 975 cum
2384 921 2525 975 idem
2552 922 2738 990 gratiae
2763 938 2954 979 nomen
2980 921 3214 983 aLeone
3261 934 3452 987 eodem

1869 1007 2166 1072 sensu‘quo
2193 991 2520 1072 {Prospero
2548 1003 2854 1072 usurpatur,
2875 995 3113 1050 eamdem
3152 1015 3362 1072 quoque
3383 1003 3456 1057 ab

1871 1062 2308 1185 ipsodhugustini
2343 1061 2412 1117 de
2452 1062 2622 1130 gratia
2668 1062 2964 1118 doctrinam
3014 1079 3135 1121 cum
3172 1061 3456 1139 'Prcspero

1874 1147 1982 1185 om
2023 1147 2173 1185 tcart.

1909 1147 2173 1187 rasmcarn.

1874 1148 2241 1272 prﬁicciathue
2270 1203 2320 1257 in
2348 1199 2500 1263 locis.
2523 1201 2612 1257 ubi
2641 1201 2863 1271 gratiam
2892 1202 2985 1259 Dei
3008 1205 3254 1263 omnibus
3277 1209 3456 1270 datam

1873 1273 2100 1336 asserit,
2135 1288 2228 1341 per
2255 1289 2372 1327 eam
2418 1272 2661 1341 intelligit
2696 1274 2776 1342 (b)
2805 1276 3078 1330 exteriora
3109 1287 3164 1330 et
3199 1285 3457 1338 naturalia

1875 1343 1966 1424 Dei
2017 1342 2190 1405 dona,
2239 1357 2359 1424 qua;
2387 1342 2637 1422 omnibus
2651 1344 2984 1465 Jiromiscue
3022 1348 3262 1415 exposita
3303 1361 3459 1418 sunt;

1875 1413 2162 1465 altuuando
2189 1413 2431 1465 Mosatcrc
2478 1413 2606 1465 letzts
2690 1425 2994 1465 ocumeuta.
3056 1433 3459 1465 nonnnmnnam

1871 1413 2162 1489 aliquando
2189 1413 2431 1489 Mosaicm
2461 1413 2606 1489 legis
2651 1413 2994 1489 documenta,
3056 1413 3460 1489 nonnumquam

1871 1484 2030 1555 etiam
2055 1481 2515 1555 sanctiﬁvangelii
2545 1482 2998 1555 puriﬁcationem,
3036 1502 3160 1555 quae
3191 1481 3330 1544 nulli'
3361 1489 3462 1548 ho-

1870 1552 2074 1628 minum
2099 1551 2390 1628 conditioni
2425 1553 2734 1628 denegatur.
2764 1551 3066 1628 Triplicetn
3089 1559 3226 1613 hanc
3272 1563 3462 1628 gratia:

1867 1623 2092 1694 classem
2123 1625 2355 1694 expirent
2383 1633 2490 1694 tum
2515 1624 2642 1694 aliis
2673 1624 2724 1694 in
2764 1622 2897 1679 locis
2919 1666 2933 1688 ,
2962 1642 3080 1681 cum
3119 1622 3300 1694 capitc
3338 1632 3373 1686 9
3404 1633 3463 1685 ll-

1867 1693 1950 1747 bri
1997 1709 2036 1776 tt
2073 1711 2084 1746 :
2115 1693 2196 1746 Ad
2239 1693 2332 1776 id‘,
2383 1692 2752 1776 inquitpunde
2799 1697 3026 1776 digressa
3050 1710 3132 1776 est
3151 1692 3452 1776 disputatio,

1871 1773 2206 1836 revertamur,
2238 1764 2306 1816 ad
2325 1764 2778 1818 considerationem
2803 1764 2997 1836 scilicet
3026 1764 3454 1836 di/I'erentiarum,

1793 1865 1845 1927 Β
1867 1833 2048 1927 φξὶὸξω
2073 1835 2260 1915 diuina:
2287 1849 2497 1927 estalt:
2526 1850 2684 1904 opera
2710 1851 2770 1916 ac
2793 1835 2943 1927 dona
2975 1833 3172 1927 variata
3195 1851 3332 1927 sunt.
3360 1833 3457 1896 At;

1869 1904 2034 1977 titudo
2059 1906 2252 1977 quippe
2269 1905 2572 1977 divitiarum
2608 1906 2872 1974 sapientis:
2896 1914 2943 1959 et
2971 1908 3196 1962 scientia
3225 1907 3340 1977 Dei,
3368 1929 3458 1966 cst-

1854 1978 1948 2047 jtts
1978 1973 2332 2029 inscrutabilia
2374 1985 2492 2029 sunt
2526 1973 2727 2045 judicia
2756 1985 2801 2029 et
2832 1977 3203 2047 inuestigabiles
3231 1973 3353 2046 uite,
3382 1982 3458 2035 sic

1864 2062 2061 2118 semper
2087 2047 2487 2118 misericordiam
2514 2062 2660 2118 suam
2689 2056 2738 2118 et
2763 2049 3022 2117 justitiam
3053 2051 3372 2118 temperavit,
3398 2063 3456 2105 at

1864 2116 2202 2171 secretissima
2230 2118 2406 2170 aeterni
2434 2116 2630 2170 consilii
2657 2116 2914 2171 uoluntate
2959 2119 3182 2172 noluerit
3207 2120 3260 2172 in
3288 2116 3453 2175 omni-

1865 2185 1954 2239 bus
1982 2187 2288 2259 temporibus
2322 2201 2476 2255 super
2524 2203 2695 2259 omnes
2738 2189 3088 2259 generationes
3113 2229 3129 2253 ,
3173 2199 3264 2242 aut
3302 2208 3456 2257 super

1865 2272 2040 2310 omnes
2068 2256 2294 2327 homines
2313 2297 2330 2322 ,
2377 2257 2602 2327 aequales
2641 2256 2893 2311 donorum
2937 2274 3148 2312 suorum
3177 2277 3284 2314 esse
3313 2256 3454 2316 men-

1862 2343 2033 2400 suras.
2063 2326 2330 2398 Siquidem
2356 2326 2510 2381 aliter
2549 2343 2631 2382 eos
2669 2343 2921 2393 ιυνειιιτ,
2965 2345 3092 2395 quos
3140 2334 3207 2382 ad
3257 2347 3452 2400 cogno-

1863 2399 2104 2470 scendum
2133 2414 2207 2463 se,
2239 2413 2380 2470 ctxu
2411 2412 2480 2452 ετ
2508 2413 2697 2453 τεκιιιε
2726 2413 3060 2454 τεετιιιοκιιε
3090 2399 3455 2470 conveniebat;

1862 2467 2014 2522 aliter
2043 2469 2161 2522 illos
2180 2469 2363 2538 quibus
2392 2485 2496 2522 non
2521 2469 2685 2522 solum
2715 2484 3102 2524 stuuenrottuu
3131 2467 3452 2539 “suum,

1862 2539 1952 2591 sed
1978 2539 2130 2592 etiam
2153 2552 2415 2594 noc'rnma
2436 2554 2614 2602 LEGIS,
2647 2554 3027 2594 rnoruznnuu
3056 2556 3331 2608 (nucum,
3363 2560 3453 2597 Il-

1863 2623 2183 2665 IACULOBUI
2233 2625 2428 2674 SIGNIS,
2482 2624 2551 2664 ΕΤ
2607 2625 2922 2665 Ακςειοιιωί
2968 2625 3455 2670 ΩΟΟΡΕΒΑΤΙΟΝΙΙΕῧ

1861 2681 2186 2746 consulebat;
2227 2690 2275 2734 et
2321 2682 2479 2734 multo
2517 2682 2683 2751 magis
2726 2682 2877 2734 aliter
2903 2683 3308 2736 misericordiam
3333 2688 3449 2740 uni-

1861 2752 2015 2804 versis
2044 2751 2333 2805 hominibus
2360 2751 2725 2814 declaraverit,
2756 2767 2965 2814 QUANDO
3010 2753 3189 2807 FILIUS
3219 2754 3313 2808 υει
3356 2770 3452 2810 rs-

1862 2836 1991 2876 crus
2017 2837 2112 2876 εδει·
2139 2836 2308 2876 riuus
2335 2835 2548 2876 nouum
2567 2862 2582 2885 ,
2618 2829 2672 2874 ut
2702 2822 3011 2876 inveniretur
3037 2824 3100 2875 ab
3128 2825 3189 2876 iis
3215 2825 3301 2891 qui
3348 2842 3451 2879 non

1861 2892 2178 2964 quierebant,
2207 2902 2254 2943 et
2284 2899 2550 2962 appareret
2567 2891 2646 2964 his
2668 2893 2756 2964 qui
2780 2908 2897 2964 eum
2923 2893 3453 2964 non_interrogabant.‘

1935 2960 2364 3016 lncarnationem
2390 2960 2654 3015 universis
2681 2960 2982 3014 hominibus
3004 2960 3333 3017 declaratatti
3355 2965 3455 3018 do-

1865 3041 1986 3098 cet,
2042 3035 2165 3101 quia
2206 3029 2452 3083 Christus
2496 3028 2754 3083 Dominus
2794 3031 3054 3098 apostolis
3097 3034 3350 3101 praacepit
3397 3044 3454 3088 ut

1865 3109 2056 3156 euntes
2075 3100 2333 3154 docerent
2358 3115 2531 3152 omnes
2557 3109 2727 3168 gentes
2749 3139 2764 3161 ,
2795 3110 2851 3153 et
2888 3108 2946 3153 ut
2983 3110 3172 3155 euntes
3204 3104 3256 3154 in
3281 3100 3454 3156 urbem

1866 3174 2156 3224 uniuersum
2191 3168 2544 3238 praedicarent
2564 3167 2919 3238 Evangelium
2968 3170 3214 3224 universa
3255 3184 3453 3227 creatu-

1866 3257 1958 3300 ra,
1983 3251 2120 3294 sicut
2142 3240 2365 3292 habetur
2396 3237 2632 3293 Mullth
2666 3254 2830 3294 xxvnt
2858 3249 2913 3295 et
2937 3238 3097 3294 Marci
3129 3256 3236 3297 xvt.
3283 3241 3454 3297 Num-

1903 3311 2016 3373 uid,
2035 3310 2111 3365 ait
2138 3321 2325 3365 auctor
2354 3309 2448 3382 lib.
2464 3323 2538 3382 ll,
2571 3322 2689 3379 cap.
2722 3311 2779 3382 2,
2809 3311 2865 3382 in
2892 3311 2988 3363 hac
3012 3313 3348 3382 praeceptione
3374 3314 3456 3367 ul-

1890 3398 2052 3452 arumi
2085 3382 2349 3434 nationum
2394 3380 2682 3452 ullorumue
2725 3381 2987 3436 hominum
3014 3380 3186 3452 facta
3213 3383 3454 3441 discretio

1869 3453 1978 3526 est?
2007 3451 2278 3526 Neminem
2297 3452 2479 3526 merito
2496 3451 2715 3526 excepit,
2741 3451 3210 3526 neminemgenere
3248 3471 3455 3526 separa.

1867 3523 1970 3590 vit,
2019 3524 2269 3575 neminem
2313 3521 2604 3592 conditigne
2636 3522 2888 3576 distinxit.
2931 3523 3015 3577 Ad
3034 3521 3216 3580 omnes
3245 3521 3458 3592 prorsus

1866 3589 2092 3648 homines
2139 3594 2344 3647 missum
2383 3603 2472 3662 est;
2503 3589 2837 3662 Evangeliunt
2863 3595 3029 3649 crucis
3068 3589 3276 3650 Christi.
3320 3597 3459 3654 Hinc

1869 3664 2215 3736 Evangelium
2246 3679 2351 3717 non
2376 3660 2546 3736 657A
2564 3661 2633 3716 ad
2653 3660 2820 3717 unum
2845 3665 3168 3736 peculiarem
3192 3669 3448 3736 p0pulum

1868 3733 2193 3810 destitiatum
2221 3733 2759 3810 estlsed’ad-omnes
2797 3745 3020 3810 gentes;
3048 3735 3106 3810 in
3142 3733 3307 3810 quoa
3335 3739 3457 3810 lege

1868 3805 2070 3872 dill‘ert,
2102 3822 2220 3876 qua:
2248 3804 2378 3860 solis
2405 3803 2606 3876 Judais
2635 3805 2756 3876 data
2795 3814 2898 3859 est.
2943 3806 3094 3861 Unde
3115 3803 3173 3861 et
3195 3809 3346 3864 facile
3374 3803 3460 3866 cst

1869 3875 2164 3949 agnoscere
2209 3890 2368 3944 quam
2421 3875 2873 3949 universalitatem
2921 3877 3224 3949 hujustnodi
3270 3882 3459 3949 gratias

1872 3945 2092 4014 tribuat,
2123 3959 2176 4002 et
2206 3960 2313 4015 quo
2339 3959 2500 4000 sensu
2523 3945 2707 4014 gratia:
2732 3959 2928 4000 nomen
2952 3947 2999 3998 ei
3032 3945 3308 4014 largiatuf.

1943 4017 2129 4072 Restat
2165 4018 2322 4085 igitur
2349 4023 2410 4070 ut
2438 4015 3033 4086 primum‘solummodo
3059 4018 3249 4084 gratiae
3286 4033 3457 4086 genus

1871 4087 2119 4142 omnibus
2151 4083 2512 4154 teinporibtis,
2541 4083 2791 4138 omnibus
2832 4083 3079 4152 papulis,
3125 4083 3374 4142 omnibus
3402 4097 3460 4143 et

1871 4157 2096 4227 singulis
2128 4156 2434 4227 hominibus
2459 4168 2744 4209 commune
2775 4157 2988 4221 proprie
3011 4154 3098 4227 hic
3117 4154 3321 4227 dixerit
3358 4172 3460 4227 au-

1871 4224 1990 4282 ctor
2029 4229 2130 4280 iste
2162 4244 2174 4280 :
2207 4226 2362 4288 coeli,
2393 4224 2642 4293 inquam,
2684 4233 2738 4276 et
2769 4231 2928 4277 terrae
2981 4225 3318 4290 testimonia,
3358 4225 3465 4282 ele-

1874 4305 2180 4352 mentorum
2225 4296 2484 4364 obsequia
2528 4303 2584 4348 et
2633 4293 2974 4360 famulatum,
3025 4293 3189 4348 totius
3227 4295 3463 4364 denique

1875 4367 2060 4422 mundi
2091 4364 2545 4436 pulchritudinem
2569 4372 2626 4436 et
2643 4372 2910 4436 ornatum,
2937 4364 3127 4434 quibus
3149 4366 3336 4436 gratiae
3359 4383 3463 4422 no-

1876 4451 2002 4492 men
2033 4434 2300 4504 tri‘buere,
2332 4434 2612 4505 scriptoris
2635 4441 2719 4505 est
2746 4434 2972 4501 primum
3011 4434 3202 4504 integri
3227 4437 3462 4494 hominis

1874 4516 2070 4563 statum
2090 4548 2107 4575 ,
2140 4522 2244 4562 non
2277 4504 2599 4576 praesentem
2647 4504 3181 4576 lapsi_cnnditionem
3213 4518 3461 4565 contem-

1878 4579 2103 4650 ptantis;
2134 4574 2525 4650 sufﬁcientiam
2569 4589 2698 4630 vero
2742 4574 2810 4630 ad
2843 4577 3066 4650 salutem
3099 4577 3280 4647 largiri
3308 4591 3462 4637 exte-

1876 4647 2004 4706 riori
2052 4649 2358 4720 huiusmodi
2386 4649 2604 4720 gratiae,
2643 4660 2751 4701 non
2790 4655 2876 4702 est
2914 4647 3016 4703 nisi
3047 4651 3280 4707 hominis
3302 4651 3462 4710 Pela-

1873 4722 2026 4792 giana
2057 4721 2141 4776 lue
2164 4719 2366 4775 infecti.

1945 4792 2078 4861 Quae
2101 4792 2388 4862 explicatio
2415 4791 2592 4846 lucem
2633 4788 2786 4862 affert
2813 4787 2917 4862 his
2930 4789 3180 4847 omnibus
3209 4791 3363 4858 locis,
3392 4807 3464 4849 ex

1877 4859 2070 4935 quibus
2089 4859 2388 4935 doctissimi
2411 4861 2510 4916 viri
2533 4860 2781 4935 Norisius
2796 4868 2852 4935 et
2872 4859 3096 4916 Vossius
3123 4864 3461 4935 occasionem

1877 4931 2157 5003 sumpsere
2185 4934 2473 4990 discrimen
2517 4931 2784 4986 statuendi
2835 4931 2973 4987 inter
3007 4932 3461 5003 Augustinianam

1878 5000 2129 5074 Prosperi
2157 5005 2455 5059 doctrinam
2485 5009 2542 5058 et
2563 5017 2683 5074 eam
2718 5016 2875 5071 quam
2905 5001 3065 5074 tradit
3086 5013 3276 5074 auctor
3301 5000 3466 5074 libro:

1877 5091 1997 5132 rum
2021 5071 2094 5132 de
2121 5074 2412 5131 Vocatione
2449 5073 2686 5128 omnium
2724 5074 2981 5143 gentipm.
3014 5071 3360 5143 Quiognnes,
3418 5071 3467 5125 si

1877 5149 2038 5217 paulo
2081 5147 2333 5202 attentius
2363 5139 2766 5217 examinentur]
2813 5141 2944 5217 nihil
2987 5140 3130 5195 aliud
3160 5139 3468 5217 deprehen-

1877 5209 2133 5273 derentur
2164 5217 2364 5272 habere
2403 5215 2472 5272 de
2509 5216 2679 5285 gratia
2707 5211 2943 5283 generali
2983 5224 3145 5280 quam
3173 5209 3319 5281 quod
3345 5224 3465 5265 mo-

1878 5289 1950 5344 do
1971 5289 2336 5358 exposuimus.

1951 5350 2177 5430 insignis
2212 5361 2264 5413 in
2301 5355 2489 5430 primis
2532 5355 2625 5430 lib.
2661 5369 2730 5420 tt,
2763 5366 2882 5430 cap.
2911 5351 2978 5430 ἦ,
3011 5350 3248 5430 occurrit
3289 5350 3463 5430 locus.

1883 5429 1987 5486 Sed
2015 5421 2089 5483 nc
2105 5431 2155 5484 in
2183 5421 2452 5497 priet-eritis
2474 5426 2677 5497 quidem
2698 5421 2916 5497 seculis,
2941 5421 3267 5497 inquit,_hiec
3288 5422 3468 5477 eadem

168 5490 311 5588 icca
333 5490 590 5578 superius
611 5505 923 5586 collegimus
947 5519 1110 5631 agna:
1145 5503 1248 5573 legi
1289 5490 1552 5572 possunt;
1576 5501 1672 5557 sed
1698 5501 1778 5556 fa-
1881 5502 2077 5584 gratia,
2108 5490 2221 5582 qua:
2257 5509 2367 5566 post
2399 5490 2609 5580 Domini
2650 5494 2810 5547 nostri
2853 5490 2982 5546 Jesu
3019 5491 3211 5572 Christi
3238 5507 3468 5547 resurre-

168 5578 293 5631 ctle
333 5587 422 5631 est
447 5587 504 5631 et
527 5577 643 5631 hinc
667 5585 721 5631 et
752 5576 842 5631 Illa
883 5591 952 5631 an
1051 5589 1261 5631 aequum
1289 5576 1543 5629 lectorem
1569 5572 1641 5627 de
1668 5571 1777 5628 No-
1879 5581 2099 5626 cttonem
2128 5571 2312 5631 ubique
2356 5567 2548 5631 dilfusa
2593 5573 2698 5629 est,
2738 5571 2787 5616 et
2821 5563 2887 5618 de
2925 5577 3029 5631 qua
3071 5570 3320 5631 scriptum
3345 5570 3421 5620 est
3445 5574 3468 5618 ε

166 5578 293 5635 cile
333 5576 422 5634 est
447 5587 504 5633 et
527 5577 643 5633 hac
667 5585 721 5633 et
752 5576 842 5632 illa
883 5591 952 5647 ap

1051 5563 1261 5646 aqqu
1289 5563 1543 5629 lectorem
1569 5572 1641 5627 de
1668 5571 1777 5628 No-
1879 5563 2099 5626 ctionem
2121 5563 2312 5636 ubique
2356 5567 2548 5635 diffusa
2593 5573 2698 5629 est,
2738 5571 2787 5616 et
2821 5563 2887 5618 de
2925 5577 3029 5632 qua
3071 5563 3320 5632 scriptum
3345 5570 3421 5620 est
3445 5574 3471 5618 :

1255 5683 1806 5744 BALLERINIORUM
1843 5681 2400 5745 ANNOTATIONES.

297 5803 341 5842 α
401 5786 484 5843 De
510 5782 817 5843 testimonio
837 5782 1014 5840 Photii
1040 5782 1159 5854 lege
1178 5781 1395 5838 observ.
1424 5795 1480 5835 n.
1510 5779 1566 5835 ϐ.

249 5783 382 5932 ξὺζ
401 5857 527 5916 Haec
552 5865 608 5912 et
648 5855 922 5925 sequentia
967 5854 1036 5910 ad
1080 5853 1311 5911 calculos
1354 5865 1566 5909 revocat

401 5857 527 5916 Haec
552 5865 608 5912 et
648 5855 922 5925 sequentia
967 5854 1036 5910 ad
1080 5843 1311 5911 calculos
1354 5859 1675 5909 revocantur
1715 5851 1769 5909 in
1804 5850 2058 5922 subjectis
2087 5848 2302 5905 observ.
2330 5858 2479 5901 num.
2512 5843 2580 5902 l7
2607 5845 2664 5899 et
2690 5848 2844 5908 seqq.

488 5950 758 6013 Pas-non.
814 5946 941 6008 LV.

3120 5933 3200 5994 13
