3968 6308
369 332 477 395 301

397 523 531 589 mjus
558 521 630 574 rei
660 511 875 573 causam
927 511 1047 589 non:
1085 511 1207 589 esse
1252 529 1415 589 qnam
1451 511 1763 589 sententiain
1803 524 1956 589 quam

377 580 654 647 humanum
696 606 851 660 genus
880 589 932 660 in
961 586 1088 641 Adat
1114 580 1519 660 primi‘parentis
1548 580 1963 660 praevaricatione

372 666 600 730 etcepit,
644 652 872 731 et'grave
906 659 1092 730 jugum
1115 652 1256 731 quod
1284 652 1358 709 est
1385 653 1706 731 superﬂuos
1734 652 1903 731 Adam
1932 666 1964 704 a

375 736 459 787 die
488 721 653 788 exitus
684 721 747 785 de
774 721 942 785 ventre
972 721 1164 781 'matris
1198 741 1378 781 eorum
1414 726 1469 777 in
1507 724 1644 777 diem
1687 721 1965 793 sepultura:

373 804 429 857 in
460 815 684 868 matrem
717 802 963 855 omnium.
1008 797 1119 853 Nec
1139 797 1202 851 de
1249 796 1621 868 immaturitate
1662 794 1836 847 mortis
1858 808 1968 846 esse

376 877 628 929 rationem
658 867 1023 943 conquerendi,
1055 884 1169 923 cum
1192 869 1352 943 semel
1387 867 1443 943 in
1475 875 1713 943 naturain
1735 873 1967 943 nostram

378 964 470 1014 per
486 955 744 1015 peccatum
766 935 1000 1015 ingressa
1008 935 1321 1015 mortalitas,
1348 938 1625 1015 obnoatiuat
1651 935 1747 1015 sibi
1763 950 1969 1015 omnem

376 1005 495 1070 'vitai
533 1025 718 1069 nostra:
764 1005 937 1083 fecerit
965 1011 1119 1065 diem.
1162 1008 1318 1065 Unde
1355 1007 1629 1083 concludit
1663 1005 1969 1083 iustissimo

378 1077 797 1156 perirejndicio,
830 1090 1108 1156 quotquot
1126 1097 1194 1135 ex
1242 1083 1342 1134 hac
1366 1079 1486 1156 _v_ita
1515 1077 1798 1133 discedunt
1837 1090 1966 1156 par-

380 1149 489 1212 vuli
515 1149 815 1224 priusquam
846 1149 1076 1224 salutari!
1094 1152 1308 1224 lavacro
1334 1149 1680 1205 abluerentnr
1699 1162 1714 1215 ;
1734 1149 1968 1217 gratuita

380 1220 558 1282 autem
610 1220 977 1279 misericordia
1026 1220 1265 1286 liberari,
1310 1230 1569 1291 quotquot
1605 1229 1793 1275 contra
1823 1232 1973 1272 com-

381 1312 597 1352 munem
631 1295 969 1349 mortalitatis
996 1293 1173 1363 legem
1194 1337 1208 1361 ,
1241 1293 1420 1345 statim
1451 1302 1509 1363 ut
1540 1292 1650 1345 nati
1675 1299 1835 1355 sunt,
1864 1304 1973 1363 non

382 1370 652 1423 intereunt
684 1384 695 1421 :
732 1365 799 1421 Ut
828 1359 1376 1434 generali'necessitate
1404 1362 1602 1415 variata
1623 1405 1637 1427 ,
1670 1376 1852 1413 causas
1878 1359 1975 1412 sibi

381 1438 635 1494 Dominus
663 1432 996 1506 indulgentite
1019 1432 1462 1506 correptionisque
1476 1440 1696 1485 servaret
1709 1446 1738 1506 ;_
1752 1438 1976 1499 essetque

382 1510 437 1562 in
467 1526 568 1562 uno
590 1502 1004 1561 omnium'debito
1024 1545 1039 1571 ,
1062 1502 1199 1575 quod
1221 1511 1265 1557 et
1292 1502 1581 1557 misericors
1614 1502 1908 1569 remitteret,
1930 1509 1978 1554 et

381 1582 557 1651 fusius
586 1579 829 1651 exigeret.

460 1650 545 1705 Ex
572 1641 939 1703 istavdoarina
963 1652 1376 1701 consectaneum
1401 1652 1483 1699 est
1502 1641 1683 1766 ;atluod
1705 1641 1881 1709 capite
1905 1641 1979 1697 25

460 1722 571 1766 llim
615 1718 860 1766 subiicit-
906 1718 1047 1766 αιωά
1086 1717 1294 1766 scilicet
1318 1716 1511 1766 inscrut
1582 1712 1700 1766 ilior
1728 1714 1793 1765 sit
1822 1728 1979 1766 causa

386 1722 571 1776 statim
615 1718 860 1787 subiicit,
906 1718 1048 1787 quod
1086 1717 1294 1787 scilicet
1318 1712 1793 1787 inscrutabilior__sit
1822 1728 1981 1766 causa

389 1792 660 1854 donorum,
684 1783 797 1859 qua:
817 1783 979 1860 gratia
1006 1789 1177 1842 tribuit
1198 1786 1523 1860 quibusdam
1541 1783 1795 1860 parvulis,
1826 1799 1981 1860 quam

389 1855 733 1927 miseriarum,
756 1855 883 1924 quas
906 1870 1089 1914 natura
1111 1858 1410 1928 promeruit,
1429 1855 1713 1928 etjustitia
1736 1855 1986 1928 rependit

391 1933 689 1987 innumeris
718 1924 857 1985 aliis.
893 1930 960 1984 In
992 1924 1273 2000 quobpere
1304 1927 1511 2000 gratiae,
1535 1925 1708 2000 inquit
1734 1939 1865 2000 cap.
1887 1924 1979 2000 24,

390 2005 503 2072 quis
545 2003 644 2055 nisi
692 1995 1341 2072 arrogantiss'imus'atqu'e
1395 1997 1696 2072 vanissimus
1721 1996 1789 2072 de
1814 1995 1987 2072 divina

390 2066 591 2141 iustitia
629 2066 990 2141 conqueratur,
1013 2073 1149 2141 quod
1172 2086 1273 2122 non
1296 2070 1530 2141 omnibus
1549 2066 1775 2136 paruulis
1801 2066 1987 2141 similis

393 2138 713 2214 providentia
738 2138 995 2209 consulat,
1025 2138 1308 2214 omniaque
1336 2138 1586 2209 pericula,
1624 2153 1739 2204 qute
1770 2138 1986 2190 moritu-

393 2158 713 2214 prortaentia
743 2158 995 2209 consulat,
1040 2158 1308 2263 omniaque
1336 2158 1586 2209 per-tcum,
1624 2158 1739 2204 qua:
1770 2158 1986 2190 morim-

393 2230 572 2267 rorum
598 2214 1031 2284 regenerationem
1061 2212 1207 2283 proni
1244 2226 1325 2264 ere
1355 2216 1586 2284 possunt,
1618 2217 1707 2284 aut
1741 2215 1987 2284 potestate

395 2279 687 2339 submoveat
712 2328 727 2351 ,
776 2294 864 2337 aut
905 2279 1225 2337 miseratione
1264 2279 1572 2351 prwt'eniat?
1620 2279 1766 2345 Quod
1815 2279 1989 2349 utique

396 2371 521 2424 erga
549 2350 723 2408 omnes
744 2354 908 2423 ﬁeret,
936 2356 979 2407 si
1006 2354 1079 2407 ita
1109 2352 1219 2421 ﬁeri
1242 2352 1452 2404 omnino
1482 2350 1701 2424 deberet

473 2425 695 2478 Multum
735 2419 894 2494 igitur
920 2425 1072 2478 abest
1099 2419 1305 2488 auctor,
1339 2421 1596 2494 utcapite
1626 2421 1716 2475 illo
1744 2420 1817 2475 25
1848 2419 1991 2494 unde

398 2498 631 2551 sumitur
664 2492 935 2565 olijectio,
964 2494 1118 2565 bonis
1154 2494 1243 2565 vel
1289 2493 1442 2545 malis
1474 2500 1752 2565 parentum
1783 2492 1990 2547 meritis

400 2567 629 2622 salutem
659 2562 1003 2633 parvulorum
1030 2564 1113 2619 vel
1136 2564 1535 2618 damnationem
1557 2562 1791 2617 ascribat
1820 2579 1832 2616 :
1862 2576 1987 2616 cum

400 2640 521 2707 ipso
550 2638 699 2691 initio
728 2638 918 2707 capitis
949 2646 1154 2690 asserat
1185 2634 1670 2707 inscrutabiliorem
1712 2647 1834 2707 esse
1862 2646 1991 2687 can-

402 2704 520 2763 sam
550 2704 813 2762 donorum
843 2722 962 2777 qua:
991 2707 1161 2775 gratia
1192 2706 1399 2777 tribuit,
1441 2720 1608 2777 quam
1653 2704 1989 2777 miseriarum

402 2793 525 2848 quae
572 2786 761 2833 natura
808 2773 1131 2847 promeruit;
1163 2792 1229 2831 ex
1276 2773 1470 2848 Adami
1516 2774 1725 2848 scilicet
1771 2774 1988 2848 delicto,

401 2843 524 2919 quae
550 2864 680 2904 vera
706 2843 866 2903 causa
893 2860 998 2914 est,
1027 2849 1163 2919 utjn
1191 2845 1560 2919 superioribus
1581 2845 1809 2919 dixerat,
1840 2843 1994 2899 dam-

402 2916 638 2975 nationis
678 2922 1039 2988 parvulorum.
1078 2918 1145 2972 Et
1176 2928 1352 2988 tamen
1386 2916 1523 2988 hanc
1549 2916 1755 2988 meritis
1800 2929 1993 2988 paren-

401 3000 517 3047 tum
559 2985 797 3047 tribuere
824 2990 1108 3055 debuerat,
1137 2998 1193 3042 ut
1222 2987 1472 3055 Prosperi
1498 2987 1781 3043 sententia:
1805 2985 1995 3041 adver-

400 3070 635 3127 saretur,
667 3078 785 3131 quae
814 3063 996 3130 opinio
1024 3057 1225 3115 Norisii
1248 3068 1351 3131 est.

475 3133 552 3188 De
581 3127 697 3204 iioc'
728 3127 887 3204 igitur
917 3132 1096 3204 capite
1134 3128 1359 3199 quaestio
1383 3143 1490 3184 non
1528 3136 1775 3204 movetur
1801 3127 1870 3182 ab
1897 3143 1996 3183 au-

842 323 1510 397 PASCH.'QUESNELLI
1548 316 2133 379 DISSERTATIONES
2175 322 2243 379 IN
2282 322 2342 379 S.
2385 319 2632 380 LEONIS
2670 318 2885 379 MAGNI
2923 318 3177 378 OPERA.

377 452 582 510 ‘udicet.
611 446 825 519 sumciat
853 445 984 499 scire
1025 443 1139 514 quis
1184 443 1397 512 iudicet.
1430 440 1567 496 Tum
1598 437 1757 494 docet
1800 437 1959 493 aliam
1988 442 2038 501 Α
2067 438 2436 507 imputandum
2458 436 2601 508 quod
2623 440 2829 507 parvuli
2858 436 3187 509 generalium
3206 433 3476 491 donorum
3494 440 3659 492 (area-

366 475 531 576 liuius
558 521 630 574 rei
660 532 875 573 causam
927 530 1033 571 non
1085 528 1207 570 esse
1255 529 1415 576 qnam
1451 511 1753 566 sententiam
1803 524 1956 576 quam
2070 510 2201 566 toris
2247 510 2532 576 participes
2579 525 2684 564 non
2738 509 2890 564 liant.
2938 509 3070 564 [llud
3113 522 3237 563 cum
3280 508 3659 576 Augustinoet

2070 510 2201 566 toris
2247 510 2532 579 participes
2579 525 2684 564 non
2738 508 2890 564 fiant.
2938 509 3070 564 [llud
3113 522 3237 563 cum
3280 508 3661 577 Augustinoet

2069 581 2335 650 Prospero
2380 590 2538 651 negat
2578 589 2793 646 auctor;
2847 580 2951 635 hoc
2996 580 3063 634 de
3091 592 3191 651 suo
3219 579 3406 651 timide
3434 590 3489 634 et
3517 593 3663 651 qua-

2069 648 2235 707 rentis
2260 654 2313 705 in
2343 648 2561 706 modum
2591 654 2847 721 suggerit.
2879 652 2934 707 In
2958 665 3067 721 quo
3088 650 3217 721 licet
3241 648 3461 706 dilferre
3486 648 3664 705 videa-

2070 666 2235 707 renus
2260 668 2313 705 tn
2343 666 2561 706 modum
2591 666 2847 721 suggerit.
2879 666 2934 707 In
2998 666 3067 705 uo
3088 666 3217 706 ncet
3241 666 3461 706 ainerre
3486 666 3662 705 viaea-

2070 732 2155 778 tur
2180 738 2210 777 a
2236 722 2501 792 Prospero
2525 722 2701 792 quoad
2734 666 3253 792 modum1oquendi,
3284 721 3465 788 reipsa
3485 730 3662 777 tamen

2070 795 2121 851 ei
2150 794 2402 849 concinit.
2437 792 2574 848 Esto
2617 793 2761 848 enim
2808 808 2915 847 non
2952 792 3091 848 desit
3118 792 3450 861 parentibus,
3484 803 3540 846 et
3572 806 3666 862 per

2069 880 2164 921 eos
2193 863 2451 935 parvulis,
2480 864 2651 934 gratia
2679 864 2987 935 generalis,
3029 878 3189 934 quam
3208 862 3333 935 ejus
3361 862 3546 935 verbis
3566 879 3661 917 ex-

2072 932 2399 1006 plicuimus,
2444 932 2567 1006 cum
2615 932 2869 1006 haecnec
2921 934 3009 989 his
3048 932 3157 990 nec
3204 932 3404 1006 illisiad
3436 933 3664 988 salutem

2072 1002 2319 1074 sufﬁciat,
2354 1002 2454 1060 nisi
2486 1019 2582 1075 per
2611 1005 2901 1076 specialem
2941 1020 3036 1060 seu
3080 1020 3261 1060 veram
3307 1002 3503 1059 Christi
3551 1018 3669 1076 gra-

2075 1078 2225 1140 tiam,
2255 1076 2612 1131 excellentiore
2643 1075 2834 1146 rapere,
2865 1076 3090 1148 largiore
3128 1090 3354 1139 munere,
3390 1075 3671 1148 potentiore

2075 1150 2281 1213 virtute,
2313 1147 2654 1218 adjuventur,
2684 1145 3035 1218 quaerendum
3063 1161 3259 1218 rursus
3301 1161 3401 1201 cur
3429 1160 3553 1218 cum
3582 1145 3670 1199 illa

2076 1219 2233 1302 detur
2252 1216 2661 1302 omnibus,
2679 1216 2839 1302 quam
2864 1216 3106 1302 plurimis
3130 1218 3392 1302 negetur?
3416 1217 3526 1302 βυτ
3550 1230 3671 1302 cum

2072 1290 2341 1360 iustorum
2368 1304 2514 1359 saepe
2555 1290 2648 1343 lilii
2675 1288 2795 1344 sine
2818 1289 3146 1360 baptismate,
3167 1288 3455 1360 intereant,
3483 1300 3671 1357 paren-

2080 1358 2221 1417 tibus
2247 1360 2377 1415 nihil
2408 1358 2812 1427 omittentihus,
2842 1358 2903 1414 ut
2931 1359 3150 1414 salutari
3174 1358 3313 1414 unda
3346 1358 3669 1423 abluantur;

2080 1432 2365 1501 impiorum
2397 1446 2431 1488 e
2457 1441 2643 1487 contra
2666 1430 2763 1485 lilii
2799 1445 2827 1483 a
2860 1429 3313 1501 propriisdeserti
3338 1428 3673 1501 parentibus,

2080 1499 2378 1559 alienorum
2404 1502 2671 1558 beneﬁcio
2698 1500 2766 1571 ad
2801 1499 3135 1571 baptismatis
3159 1500 3386 1571 gratiam
3418 1499 3674 1571 veniunt?

2084 1574 2153 1629 Et
2180 1584 2309 1629 tunc
2332 1574 2524 1627 iterum
2549 1588 2669 1627 cum
2696 1568 2967 1641 Prospero
2994 1568 3233 1642 confugit
3258 1571 3324 1626 ad
3352 1568 3678 1642 inscrutabi-

2083 1644 2153 1700 lia
2182 1644 2380 1714 judicia
2422 1642 2519 1699 Dei
2560 1652 2617 1699 et
2654 1640 3025 1714 investigabile
3058 1640 3546 1713 praedestinationis
3586 1640 3672 1697 de-

2084 1728 2318 1772 cretum.

2161 1787 2214 1841 5.
2237 1787 2401 1857 Igitur
2430 1802 2495 1842 ex
2526 1785 2607 1841 his
2653 1784 2950 1858 notandum
2977 1784 3047 1840 de
3071 1783 3315 1854 parvulis
3354 1782 3542 1858 6545-
3564 1783 3683 1858 sine

2015 1826 2063 1887 Β
2092 1826 2956 1927 υθῦἱίὲῗιὶῒὶίέαὶᾶἓῖιιῐὺΐὶξῖιῖἱὶἇ
2977 1826 3683 1911 ἷιὶιῖἒὶέἕέιῖιοῗοῗίξίεῖἰὲ

2086 1925 2343 1999 judicium
2366 1945 2525 1999 quam
2566 1928 2637 1983 de
2662 1928 2859 1999 adultis
2874 1927 3151 1999 generalis
3193 1926 3337 1981 illius
3362 1929 3534 1999 solum
3562 1940 3685 1995 gra-

2091 1997 2179 2056 tia:
2208 1997 2467 2055 beneﬁcio
2493 1999 2787 2054 utentibus.
2826 1997 2979 2053 Sient
3020 1998 3183 2067 igitur
3222 1997 3676 2069 propriaﬂhorum

2090 2072 2277 2125 merita
2328 2072 2381 2125 in
2426 2069 2694 2125 electione
2733 2084 2842 2124 non
2883 2077 3092 2139 pensat,
3122 2068 3339 2139 fita’nec
3368 2068 3420 2122 in
3453 2068 3559 2121 illis
3586 2081 3682 2138 pa-

2091 2152 2303 2198 rentum
2333 2143 2523 2196 merita
2565 2142 2830 2207 consulit,
2881 2138 2935 2194 ut
2976 2138 3257 2195 electionis
3285 2153 3503 2193 causam
3533 2139 3685 2195 inve-

2091 2214 2273 2280 stiget.
2294 2212 2420 2267 Haec
2435 2221 2560 2267 sunt
2583 2210 2820 2268 auctoris
2838 2211 3002 2266 verba
3024 2210 3078 2265 in
3102 2211 3193 2265 illo
3208 2210 3324 2281 ipso
3346 2210 3526 2280 capite
3538 2207 3681 2281 quod

2089 2284 2343 2352 obiicitur
2375 2302 2387 2337 :
2425 2284 2571 2338 Sicut
2615 2292 2785 2336 autem
2825 2284 2965 2354 circa
3009 2280 3267 2354 majores,
3291 2290 3501 2354 printer
3539 2280 3686 2333 illam

2128 2351 2376 2409 eneralem
2426 2355 2647 2425 gratiam
2692 2352 2899 2425 parcius
2957 2351 3106 2425 atque
3146 2351 3405 2425 occultius
3462 2353 3690 2425 omnium

2092 2372 2376 2478 intentem
2426 2372 2647 2425 gratiam
2692 2372 2899 2425 paratus
2957 2372 3106 2421 atque
3154 2372 3405 2406 occutmts
3462 2372 3688 2406 οιηιυιπι

2131 2427 2357 2480 ominum
2378 2427 2545 2505 corda
2562 2425 2870 2505 pulsantem,
2892 2422 3246 2505 excellentiae
3266 2438 3443 2505 opere,
3465 2423 3688 2505 largiore

2095 2512 2323 2560 munere,
2355 2497 2635 2567 potentiore
2662 2496 2868 2560 virtute,
2908 2496 3105 2567 uacatio
3147 2494 3386 2567 specialis
3424 2494 3691 2567 egeritur;

2095 2569 2168 2621 ita
2189 2570 2341 2621 etiam
2356 2565 2499 2620 circa
2533 2568 2829 2621 innumeros
2861 2565 3101 2621 parvulos
3128 2565 3307 2627 eadem
3331 2565 3691 2634 manifestatur

2094 2639 2290 2692 electio.
2338 2638 2465 2703 Quae
2507 2637 2711 2708 quidem
2741 2652 2832 2691 nec
2873 2636 2975 2691 illis
3004 2636 3093 2705 qui
3137 2637 3305 2691 renati
3348 2652 3456 2689 non
3486 2635 3686 2708 suntin

2095 2709 2390 2778 parentibus
2412 2705 2595 2780 defuit,
2624 2709 2715 2780 sed
2742 2708 2807 2762 iis
2829 2708 2917 2777 qui
2946 2708 3112 2761 renati
3132 2718 3251 2762 sunt
3272 2722 3381 2780 pra:
3396 2705 3693 2780 parentibus

2094 2780 2267 2863 adfuit
2290 2783 2409 2863 ,:_ita
2442 2778 2497 2833 ut
2531 2778 2702 2833 multis
2732 2794 3022 2863 sapequos
3048 2794 3255 2863 suorum
3276 2778 3693 2863 impietasﬂdese-

2096 2848 2224 2915 ruit,
2254 2852 2540 2905 alienorum
2582 2866 2709 2903 cura
2751 2848 3008 2915 seruiuit,
3059 2857 3106 2901 et
3145 2849 3214 2901 ad
3258 2848 3697 2919 regenerationem

2095 2921 2324 3002 uenerint
2345 2937 2437 2992 per
2464 2929 2734 2976 extraneos
2762 2936 2880 2990 qua:
2900 2920 2973 2974 eis
2994 2918 3441 2991 prouidenda’non
3463 2929 3578 2975 erat
3604 2934 3688 2988 per

2099 3006 2381 3061 proxunos.

2451 3082 2679 3138 Tertium
2711 3080 2911 3137 Naristi
2939 3088 3322 3154 argumentum.

403 3212 558 3282 ctare
587 3194 1032 3282 hujus'opuscul'i.
1060 3194 1170 3256 Hoc
1194 3215 1356 3271 porro
1377 3216 1541 3282 unum
1563 3199 1849 3280 sollicitum
1873 3214 1996 3282 eum
2025 3200 2073 3265 C
2368 3194 2664 3282 'Pralterea,
2688 3196 3292 3282 ⁸ἱηιλιιίιδίιιοηι,ειτνίριον
3316 3197 3487 3279 capite
3513 3196 3697 3282 ultima

401 3273 569 3330 habet
601 3293 613 3326 :
644 3270 914 3343 quomodo
959 3270 1209 3343 respectu
1250 3271 1590 3343 parvulorum
1640 3270 1731 3343 qui
1771 3278 2000 3343 pereunt

404 3360 597 3399 verum
629 3340 733 3398 erit
781 3345 929 3397 Pauli
976 3340 1205 3409 apostoli
1250 3340 1466 3395 clintum
1487 3382 1501 3404 ,
1528 3343 1670 3408 quod
1706 3340 1847 3394 Deus
1873 3341 2002 3395 velit

408 3414 576 3487 654
601 3429 788 3487 omnes
818 3414 1061 3467 homines
1081 3412 1264 3466 salvos
1296 3412 1429 3464 ﬁeri.
1461 3412 1573 3465 Hoc
1598 3412 1776 3487 enini,
1805 3410 1998 3487 inquii,

406 3481 652 3553 c'apf25,
678 3499 779 3539 non
811 3495 1421 3553 ALIUNDEIONS‘I‘BA’I’UR
1451 3496 1605 3549 quam
1633 3482 1694 3533 de
1723 3481 1784 3553 iis
1815 3481 2002 3549 beneﬁ-

408 3550 503 3611 ciis
532 3570 645 3621 qua:
686 3555 1005 3625 prouidentia
1032 3552 1128 3606 Dei
1158 3554 1405 3605 universis
1433 3550 1838 3625 generationibus
1858 3567 1999 3625 com-

408 3627 629 3680 muniter
650 3621 799 3695 atque
819 3622 1167 3689 indifferenter
1190 3625 1459 3689 impendit.
1476 3621 1691 3675 Parvuli
1711 3632 1912 3695 autem,
1927 3623 2003 3695 ait

410 3712 533 3764 cap.
557 3696 649 3759 ΞΟ,
682 3694 823 3749 nullo
840 3695 1041 3766 judicio
1060 3695 1275 3766 rationis
1289 3704 1532 3766 utuntur,
1554 3708 1655 3766 quo
1673 3694 1899 3766 auctoris
1922 3694 2004 3766 sui

411 3762 657 3835 beneﬁcia
698 3762 998 3831 sentientes,
1057 3765 1123 3817 ad
1170 3763 1491 3835 agnitionem
1537 3762 1739 3835 ualeant
1778 3763 2003 3818 ueritatis

410 3834 672 3891 accedere.
702 3836 811 3892 Nec
841 3837 907 3891 iis
938 3835 1079 3891 Deus
1116 3834 1249 3888 illud
1292 3842 1489 3905 tempus
1530 3834 1760 3902 impetit,
1804 3836 1858 3886 in
1903 3849 2003 3905 quo

412 3923 507 3978 per
530 3909 869 3961 uoluntariam
894 3907 1059 3978 [idem
1076 3904 1412 3978 percipienda:
1435 3907 1617 3978 gratia:
1633 3906 1743 3978 sint
1768 3904 1999 3978 capaces.

418 3970 729 4048 Respondet
757 3970 1007 4047 parvulos
1047 3970 1170 4048 illos
1200 3970 1466 4048 pertinere
1516 3976 1583 4048 ad
1607 3970 1778 4048 illam
1818 3970 2005 4044 gratia:

410 4045 642 4118 partem,
674 4045 767 4104 seu
794 4048 1067 4119 generalia
1096 4046 1365 4119 Creatoris
1394 4045 1675 4119 beneﬁcia,
1709 4060 1828 4115 qua:
1856 4060 2000 4119 sem—

411 4117 511 4190 per
535 4117 953 4176 ttniversis'sunt
972 4118 1214 4188 impensa
1242 4117 1547 4173 nationibus
1580 4133 1595 4171 :
1624 4131 1754 4190 quas
1782 4117 1882 4171 etsi
1910 4132 2006 4187 per

413 4187 475 4246 ee
499 4207 603 4244 non
632 4191 903 4261 potuerint
932 4187 1226 4259 percipere,
1258 4202 1513 4255 accepere
1536 4198 1715 4261 tanien
1742 4187 1795 4241 in
1815 4203 2004 4261 paren-

414 4262 577 4325 tibus,
608 4258 834 4333 quorum
857 4258 1246 4333 parsquazdam
1269 4269 1580 4333 censentur,
1610 4258 1782 4333 donec
1803 4259 1868 4313 ab
1900 4258 2006 4333 illis

414 4328 655 4387 nondum
683 4328 962 4387 rationalis
982 4328 1220 4386 infantia:
1241 4330 1477 4384 exordiis
1504 4329 1855 4385 excesserint.
1891 4328 2007 4395 Qua

415 4404 624 4471 utique,
654 4403 889 4473 generali
934 4403 1105 4471 gratia
1133 4416 1226 4456 seu
1260 4399 1939 4473 muniﬁcentiaCreatoris,
1962 4400 2008 4453 si

416 4468 539 4526 bene
565 4468 741 4527 eorum
776 4468 1039 4525 uterentur
1065 4481 1297 4542 parentes
1314 4512 1330 4538 ,
1364 4472 1518 4526 etiam
1546 4472 1646 4542 ipsi
1692 4486 1781 4539 per
1805 4468 2007 4524 eosdem

418 4544 709 4601 iuvarentur
729 4544 975 4612 infantes.

488 4612 546 4667 In
568 4628 668 4681 qua
691 4611 1044 4681 responsione
1066 4613 1217 4683 plura
1237 4612 1467 4667 notanda
1495 4611 1735 4667 veniunt.
1765 4611 2004 4667 Primum

418 4683 560 4740 enim
591 4683 909 4738 sententiam
940 4683 1081 4737 illam
1126 4698 1231 4738 non
1280 4683 1426 4737 velut
1466 4697 1616 4737 suam
1644 4698 1707 4737 ac
1736 4684 2004 4752 propriam

419 4755 632 4817 asserit.
666 4753 762 4809 sed
789 4755 1040 4822 proponit
1062 4755 1404 4809 solummodo
1423 4754 1492 4809 ab
1514 4752 1577 4809 iis
1598 4755 1883 4809 tenendam
1914 4753 2005 4822 qui

418 4824 692 4880 noluerint
717 4825 1022 4894 huiusmodi
1044 4826 1294 4895 parvulos
1314 4826 1429 4880 sine
1450 4825 1720 4895 baptismo
1740 4823 2007 4881 deceden-

420 4905 504 4951 tes
531 4898 707 4967 omnis
728 4897 948 4967 omnino
975 4897 1159 4967 gratia:
1189 4906 1430 4951 exsortes
1454 4897 1823 4965 pronuntiare.

488 4968 544 5022 2.
575 4965 784 5037 Timide
827 4980 891 5021 ac
918 4965 1227 5037 dubitanter
1253 4967 1663 5037 explicationem
1694 4967 1837 5022 illam
1880 4979 2006 5035 pro-

418 5037 527 5093 fert
572 5038 625 5091 in
668 5036 935 5103 medium,
968 5053 1074 5093 non
1104 5048 1162 5093 ut
1189 5036 1484 5107 Scripturis
1512 5037 1852 5092 traditionive
1880 5050 2007 5091 san-

417 5120 629 5164 ctorum
660 5107 875 5163 Patrum
906 5108 1167 5174 innixam,
1196 5108 1292 5164 sed
1316 5112 1463 5179 velut
1492 5122 1613 5179 quae
1644 5107 1847 5179 absque
1882 5108 2009 5179 reli-

418 5181 596 5250 gionis
637 5178 842 5235 oﬂ‘ensa
886 5180 1052 5236 teneri
1083 5188 1262 5249 queat.
1304 5176 1430 5233 Non
1458 5176 1775 5250 irreligiose,
1806 5177 2005 5250 inquit‘,

418 5249 642 5305 arbitror
680 5251 837 5316 credi,
868 5267 1028 5320 neque
1049 5251 1457 5320 inconvenienter
1481 5249 1730 5320 intelligi,
1759 5249 1894 5318 quod
1922 5249 2008 5305 isti

419 5336 702 5393 paucorum
729 5323 928 5375 dierum
956 5322 1182 5376 homines
1207 5320 1276 5375 ad
1311 5319 1459 5393 illam
1497 5319 1793 5393 pertineant
1825 5321 2006 5393 gratia:

418 5390 639 5463 partem,
681 5408 795 5463 quce
824 5408 1019 5463 semper
1064 5393 1309 5445 universis
1333 5403 1404 5445 est
1429 5390 1661 5461 impensa
1689 5390 2002 5463 nationibus.

492 5462 546 5518 3.
586 5462 741 5531 Quod
780 5463 849 5519 de
890 5462 1097 5518 meritis
1120 5472 1401 5532 parentum
1442 5476 1509 5516 ne
1534 5463 1757 5518 verbum
1790 5462 2008 5532 quidem

423 5534 607 5603 habet,
638 5549 704 5590 ex
731 5549 839 5604 quo
877 5533 1200 5589 contrariam
1230 5532 1480 5604 Prosperi
1504 5532 1764 5589 doctrinm
1792 5543 2011 5588 senten-

424 5607 553 5660 tiam
579 5620 946 5676 propugnasse
968 5605 1241 5676 credatur.

494 5677 549 5731 4.
582 5674 773 5730 Latum
799 5691 918 5732 esse
955 5674 1247 5731 discrimen
1278 5676 1419 5732 inter
1460 5674 1595 5732 hanc
1621 5674 2007 5746 quaestionem,

428 5761 496 5819 an
522 5760 587 5819 ex
614 5746 769 5819 malis
796 5755 1075 5819 parentum
1102 5746 1309 5819 meritis
1337 5746 1610 5819 damnatio
1638 5746 1871 5816 parvulis
1894 5762 2010 5819 non

428 5814 712 5882 baptiaatis
744 5814 1040 5885 proveniat,
1069 5825 1126 5874 et
1151 5818 1289 5876 hanc
1313 5817 1569 5887 alteram,
1598 5814 1668 5874 an
1697 5818 2009 5889 parentibus

2031 4580 2088 4643 Ι)

2105 3270 2227 3323 satis
2267 3267 2444 3322 timide
2470 3268 2535 3321 de
2558 3268 3005 3339 prcdestinatione
3044 3267 3309 3338 loquitur;
3348 3269 3507 3322 immo
3531 3270 3701 3324 scien-

2105 3342 2231 3393 tiam
2254 3340 2333 3393 illi
2364 3339 2604 3407 prmiam
2632 3355 2734 3393 non
2758 3339 2915 3393 semel
2933 3353 3125 3409 ponere
3149 3339 3368 3405 videtur,
3396 3343 3519 3394 dum
3544 3339 3701 3393 illum

2106 3410 2439 3483 objectionem
2460 3409 2555 3483 sibi
2575 3425 2911 3483 opponens”
2934 3408 3137 3483 frustra
3160 3424 3270 3483 nos
3284 3424 3438 3483 orare
3460 3418 3513 3483 et
3537 3409 3699 3483 labo-

2104 3478 2247 3545 ra're,
2279 3482 2324 3535 si
2360 3496 2424 3535 ex
2459 3478 2882 3535 incommutabili
2914 3482 3191 3550 proposito
3223 3480 3339 3550 ejus
3380 3478 3688 3550 christiana

2106 3558 2291 3621 gratia:
2312 3551 2554 3607 subsistit
2573 3550 2795 3616 electio;
2830 3569 2851 3604 ι
2880 3547 2952 3605 ita
2977 3547 3049 3605 ibi
3064 3547 3369 3620 respondet:
3402 3566 3422 3602 ι
3452 3547 3567 3604 Nan
3601 3549 3692 3604 in-

2107 3624 2349 3692 telligunt
2377 3622 2654 3676 scientiam
2691 3621 2818 3687 Dei,
2845 3637 2966 3690 qua:
2989 3633 3043 3678 et
3072 3623 3341 3691 praeterita
3365 3628 3421 3677 et
3444 3633 3698 3692 praesen-

2106 3694 2177 3748 tia
2207 3690 2261 3748 et
2305 3692 2483 3749 futura
2508 3692 2900 3759 complectitur,
2933 3690 3175 3763 tempore
3219 3708 3326 3748 non
3366 3693 3590 3763 teneri.»
3630 3690 3703 3746 Et

2106 3780 2222 3817 cum
2260 3764 2315 3818 id
2362 3764 2539 3836 paucis
2580 3762 2906 3834 explicasset,
2957 3762 3269 3836 concludit:
3303 3762 3489 3836 [Hac
3514 3772 3700 3818 autem

2106 3846 2310 3891 aeterna
2335 3834 2391 3889 et
2416 3849 2631 3903 semper
2658 3835 2939 3904 tranquilla
2959 3834 3199 3904 cognitio
3236 3834 3385 3890 nulla
3417 3850 3513 3890 nos
3542 3841 3705 3904 urget

2108 3908 2428 3961 necessitate
2458 3902 2733 3975 peccandi,
2759 3902 2863 3960 etc.
2896 3902 3147 3977 slbidem
3170 3906 3466 3960 electionem
3490 3905 3559 3977 ad
3585 3902 3705 3977 g‘m.

2108 3978 2233 4031 tiam
2275 3977 2385 4031 sine
2424 3977 2861 4046 meritisastruit;
2891 3976 3183 4031 electionem
3214 3992 3333 4031 vero
3374 3980 3444 4030 ad
3483 3976 3704 4046 gloriam

2106 4062 2172 4101 ex
2194 4048 2383 4102 meritis
2410 4045 2691 4116 suspendit.
2725 4064 2745 4099 ι
2781 4046 2923 4102 Deus
2950 4061 3079 4115 ergo
3111 4048 3194 4102 his
3230 4063 3367 4117 quos
3395 4045 3549 4116 eligit
3578 4047 3701 4103 sine

2108 4119 2316 4173 meritis
2339 4117 2432 4173 dat
2452 4119 2593 4172 unde
2611 4127 2871 4173 ornentur
2891 4118 3185 4173 etmeritis.
3205 4117 3271 4173 Et
3290 4116 3489 4173 {rustra
3506 4116 3706 4173 dicitur

2108 4188 2251 4258 quod
2285 4191 2421 4243 ratio
2450 4186 2708 4256 operandi
2733 4203 2839 4242 non
2868 4188 2937 4242 sit
2960 4187 3014 4243 in
3039 4187 3226 4245 electis
3244 4228 3260 4255 ,
3281 4204 3407 4249 cum
3436 4188 3599 4244 etiam
3630 4187 3704 4245 ad

2110 4258 2214 4314 hoc
2242 4270 2530 4329 operentur
2556 4271 2612 4313 ut
2640 4259 2795 4314 electi
2821 4260 2946 4314 sint.
2978 4278 2999 4312 ι

2180 4329 2343 4384 Miror
2370 4330 2641 4401 hominem
2666 4329 2887 4401 doctum
2906 4329 2986 4385 his
3011 4330 3083 4385 ita
3114 4330 3342 4397 moveri,
3362 4338 3423 4386 ut
3448 4337 3703 4401 propter-

2111 4414 2173 4473 ea
2202 4409 2479 4473 auctorem
2520 4414 2551 4473 a
2582 4400 2829 4469 Prosperi
2859 4400 3101 4473 doctrina
3130 4401 3362 4456 alienum
3384 4400 3561 4473 putet.
3583 4400 3707 4457 Non

2112 4470 2321 4541 ignorat
2346 4471 2587 4552 scientiae
2633 4480 2690 4526 et
2735 4472 3089 4552 praescietitiaa
3134 4487 3331 4552 nomen
3385 4470 3707 4552 ﬁdeliumque

2113 4543 2360 4610 usurpari
2412 4542 2481 4597 ab
2526 4542 2824 4613 Augustino
2867 4550 2923 4598 et
2969 4542 3234 4611 Prospero
3283 4544 3337 4598 in
3383 4542 3709 4613 explicando

2116 4622 2318 4669 aeterno
2366 4612 2845 4680 praedestinationis
2888 4614 3133 4678 decreto;
3183 4622 3243 4669 ut
3270 4612 3465 4668 mirum
3495 4630 3602 4669 non
3633 4613 3712 4668 sit

2116 4683 2186 4739 ab
2210 4693 2431 4755 auctore
2459 4684 2656 4755 pariter
2694 4685 2796 4737 isto
2822 4694 3156 4754 usurpatum.
3185 4684 3419 4755 Saucius
3448 4685 3712 4755 Augusti-

2115 4768 2217 4809 nus
2233 4793 2257 4826 ,γ
2288 4754 2383 4826 lib.
2411 4755 2478 4826 de
2506 4754 2656 4808 Dono
2682 4768 2980 4826 persever.,
3007 4770 3130 4826 cap.
3168 4755 3273 4826 ll:
3304 4754 3462 4821 Hice,
3497 4754 3711 4825 inquit,

2116 4824 2497 4895 prcedestinatio
2544 4834 2837 4879 sanctorum
2884 4825 3013 4879 nihil
3060 4824 3206 4878 aliud
3251 4834 3324 4880 est
3370 4842 3527 4893 quam
3570 4842 3715 4892 prte-

2112 4897 2327 4950 scientia
2352 4896 2545 4968 scilicet
2575 4904 2622 4950 et
2649 4898 2958 4968 pra-paratio
2984 4897 3345 4963 beneﬁciorum
3368 4895 3493 4963 Dei,
3522 4898 3716 4968 quibus

2112 4968 2385 5038 certissime
2423 4967 2708 5038 liberantur
2726 4966 3029 5038 quicumque
3057 4968 3357 5021 liberantur.
3387 4968 3456 5023 Et
3481 4966 3661 5023 adhuc
3690 4985 3710 5021 :

2113 5034 2241 5108 Ipsa
2265 5038 2423 5108 igitur
2445 5034 2747 5092 obedientia
2768 5036 2861 5108 Dei
2881 5034 3073 5091 donum
3096 5046 3189 5099 est,
3216 5038 3353 5108 quod
3379 5054 3433 5093 se
3456 5039 3716 5093 daturum

2111 5107 2248 5161 Deus
2274 5107 2463 5163 uocatis
2491 5108 2616 5174 suis,
2645 5107 2785 5162 omni
2830 5108 3124 5165 Christiano
3162 5107 3449 5177 conﬁtente,
3496 5110 3718 5177 ργασί-

2108 5178 2199 5250 uit.
2228 5177 2356 5232 Hec
2384 5190 2461 5233 est
2494 5180 2653 5250 igitur
2687 5178 3087 5250 prcdestinatio,
3118 5194 3274 5250 quam
3304 5178 3525 5250 ﬁdeliter
3550 5189 3719 5248 atque

2108 5246 2367 5332 humiliter
2391 5246 2749 5332 pradicamus.
2779 5249 3012 5332 Cap.-l7
3037 5246 3176 5332 dicit
3197 5246 3355 5332 quad
3397 5249 3536 5306 Deus
3565 5246 3719 5332 dona

2110 5335 2207 5373 sua
2228 5322 2627 5393 iniprtescientia
2647 5320 2975 5392 preparavit,
2996 5330 3051 5376 et
3072 5320 3213 5387 quod
3237 5320 3291 5374 in
3313 5337 3429 5385 sua,
3446 5338 3563 5393 qua
3587 5324 3715 5392 falli

2111 5392 2398 5461 mutarique
2424 5407 2527 5445 non
2565 5400 2764 5460 potest,
2813 5393 3134 5459 prtsscientia
3176 5407 3333 5461 opera
3385 5408 3481 5447 sua
3524 5395 3721 5458 futura

2114 5462 2403 5535 disponere,
2428 5462 2483 5535 id
2509 5464 2718 5516 omnino
2741 5478 2831 5516 nec
2858 5462 3004 5535 aliud
3029 5461 3311 5533 quidquam
3338 5475 3413 5535 est
3437 5465 3537 5518 nisi
3564 5481 3720 5535 prat-

2113 5532 2387 5604 destinare.
2455 5532 2687 5604 Prosper
2736 5547 2867 5589 vero
2918 5532 2985 5588 ad
3033 5532 3292 5600 excerpta
3338 5532 3720 5590 Genuen'sintn

2112 5602 2274 5658 dubio
2304 5605 2337 5659 8
2367 5622 2380 5659 :
2412 5602 2763 5674 Agnoscamus
2792 5604 2961 5675 itaque
3002 5604 3282 5675 sapienter,
3330 5604 3509 5674 pieque
3536 5609 3722 5675 fatea-

2112 5690 2227 5746 mur
2277 5675 2542 5744 praescisse
2590 5676 3068 5730 incommutabiliter
3118 5674 3281 5729 Deum
3327 5675 3509 5746 quibus
3573 5688 3725 5746 esset

2112 5745 2331 5801 daturus
2346 5756 2401 5800 ut
2421 5746 2705 5819 crederent,
2724 5746 2892 5819 656
2916 5756 3009 5800 aut
3024 5761 3151 5819 quos
3169 5744 3396 5819 daturus
3408 5756 3538 5802 esset
3559 5744 3727 5803 Filio

2111 5832 2224 5886 sua,
2256 5827 2313 5873 ut
2340 5833 2405 5874 ea
2424 5817 2498 5874 eis
2524 5832 2626 5874 non
2650 5817 2881 5889 perierit
3260 5817 3332 5875 Et
3350 5818 3399 5876 si
3424 5819 3537 5876 lues
3558 5834 3725 5889 prato
