3968 6308
786 296 1349 358 BALLERINIORUM
1386 294 1953 355 OBSERVATIONES
1991 295 2057 352 IN
2096 294 2404 356 DISSER'I'.
2444 298 2489 357 ll
2524 298 2928 369 QUESNELLI.

3375 306 3481 366 578

223 423 530 491 turgentem
559 416 641 491 vel
670 413 950 491 barbaram
977 414 1266 469 dictionem
1296 410 1514 491 praefert
1536 411 1801 491 Africanis
1825 412 1880 474 Α
1905 410 2014 480 ipse
2043 412 2489 491 Ιιαρεςσοιεεέιὶμηι
2513 418 2995 491 etjnteltigentiam.
3035 417 3193 476 Alios
3218 430 3481 491 pnterea

222 482 343 560 ejus
362 484 754 560 temporis,_ut_i
780 493 944 556 putat,
971 498 1333 560 communem,
1358 483 1428 537 ita
1455 482 1697 560 pluribus
1731 496 1797 537 ex

221 553 491 628 capitibus
510 566 633 612 sunt
653 553 891 628 inﬁrma,
917 566 976 611 ut
1012 555 1147 628 nihil
1186 554 1345 610 valde
1376 553 1656 628 probabile
1684 563 1794 608 sta-

224 624 377 685 tuere
394 628 619 698 possint.
648 626 791 682 Nihil
826 627 992 697 magis
1020 627 1274 682 evincunt
1294 640 1435 698 Aqute
1480 624 1547 679 ad
1575 638 1799 698 negito:

220 700 349 755 dum
382 693 503 754 eum
541 697 751 754 Gallum
781 693 1001 768 ingessit
1029 714 1094 752 ex
1132 693 1630 768 silentio_Gettnadii
1658 693 1792 763 ,qui

221 784 327 825 nec
343 769 630 838 scriptores
654 766 948 824 omnes'sui
970 769 1229 837 temporis
1243 768 1309 838 in
1333 766 1520 838 Galliis
1542 766 1797 838 degentes

218 834 519 903 recensuit;
548 839 690 894 unde
712 840 891 893 omisit
919 834 1193 904 Edesiitm,
1218 837 1532 902 Eusebium,
1554 834 1797 891 Domnu-

216 910 333 965 lum
358 954 374 977 ,
407 924 470 964 ac
497 910 767 979 Sylvium.
795 909 887 979 qui
926 909 978 964 in
1009 910 1130 965 Vita
1158 911 1215 967 S.
1251 908 1435 963 Hilarii
1467 907 1799 979 Arelatensis

217 978 578 1035 celebrantur.
608 978 879 1035 ltalnm’et
899 980 1220 1046 Romanum,
1254 994 1347 1034 seu
1379 979 1563 1032 Romae
1597 978 1797 1032 educa-

217 1058 335 1105 tum
361 1051 705 1121 pronuntiare
736 1064 839 1106 non
864 1050 1127 1121 dubitavit
1146 1066 1216 1105 ex
1237 1049 1363 1120 styli
1392 1050 1574 1121 nitore
1590 1062 1653 1103 ac
1680 1049 1794 1103 ele-

213 1117 431 1199 gantia,
462 1135 522 1175 ac
545 1121 595 1199 si
627 1121 802 1199 nullus
840 1130 995 1199 extra
1016 1120 1215 1199 urbem
1261 1117 1442 1199 parem
1474 1117 1672 1199 styh_n_n
1710 1131 1807 1199 po:

216 1187 382 1246 iuerit
402 1194 716 1269 acquirere._
738 1192 1025 1269 luculcavit
1061 1187 1474 1269 Aloculn'libatt,
1508 1187 1558 1242 c.
1670 1228 1686 1253 ,
1711 1187 1806 1269 ubi

214 1271 407 1317 auctor
430 1258 620 1317 scribit
643 1280 659 1318 :
682 1262 786 1316 Alii
810 1262 1013 1316 barbari
1038 1263 1160 1316 dum
1184 1261 1431 1316 Romanis
1466 1258 1803 1323 auxiliantur,

214 1334 356 1401 quod
381 1334 437 1386 in
463 1332 570 1387 suis
600 1330 728 1386 locis
771 1347 919 1403 nosse
941 1346 1043 1403 non
1068 1340 1321 1403 poterant,
1354 1330 1413 1403 in
1450 1328 1639 1403 nostris
1671 1328 1809 1403 didi-

215 1398 331 1485 cere
350 1403 674 1485 regionibus,
706 1411 754 1455 et
782 1402 851 1455 ad
878 1402 1023 1457 sedes
1044 1398 1173 1485 suae
1202 1418 1318 1485 cunt
1352 1398 1807 1485 Christian‘m‘reli-

212 1474 388 1543 gionis
413 1468 735 1543 institutione
764 1482 1074 1543 remearunt.
1104 1471 1275 1527 Verba
1284 1472 1353 1543 _in
1383 1470 1569 1543 nostris
1585 1468 1806 1543 didicere

214 1540 537 1620 regionibus,
566 1542 814 1611 c0pulata
838 1556 958 1620 cum
986 1542 1095 1597 illis
1122 1543 1241 1597 dum
1270 1540 1517 1620 Romanis
1539 1541 1804 1620 aue-iliau-

216 1610 333 1679 tu'r,
366 1610 645 1682 regionem
666 1614 869 1668 auctori
908 1627 1243 1667 communem
1292 1610 1529 1682 indicare
1557 1610 1803 1665 videntur

225 1683 400 1751 illam,
425 1680 477 1738 in
502 1697 601 1751 qua
624 1682 995 1747 barbari,dum
1019 1681 1267 1737 Romanis
1290 1680 1797 1751 auxiliaresessent,

222 1746 586 1808 Christianam
616 1746 925 1821 religionem
955 1753 1211 1808 didicere.
1243 1752 1441 1821 Porro.
1465 1752 1510 1805 si
1542 1746 1629 1821 hic
1652 1750 1800 1807 locus

217 1822 600 1893 intelligendus
622 1819 764 1877 esset
794 1824 873 1893 ide
902 1823 1043 1877 bello
1087 1822 1341 1893 adversus
1372 1819 1671 1893 Eugenium
1716 1833 1801 1893 ty-

211 1891 447 1948 rannum
478 1908 507 1946 a
537 1891 840 1963 Theodosio
865 1902 1072 1963 gestum
1101 1909 1193 1949 an.
1222 1891 1441 1963 394,,ut
1478 1891 1799 1959 Quesnellus

206 1963 481 2031 conjecit,
514 1976 633 2017 cum
661 1962 885 2017 barbari
899 1962 1186 2020 Theodosii
1228 1962 1519 2017 auxiliares
1548 1978 1798 2019 accesse-

205 2032 331 2103 rint
353 2047 525 2097 usque
544 2032 625 2103 ad_
638 2031 800 2102 Alpes
825 2032 1015 2101 Julias,
1040 2035 1129 2090 ubi
1160 2034 1382 2103 insignis
1403 2034 1629 2087 victoria
1650 2044 1799 2103 parta

201 2100 339 2165 fuit.
370 2105 517 2173 regio
542 2118 573 2157 a
600 2100 845 2159 Romano
885 2100 1007 2159 solo
1033 2113 1235 2160 remota
1268 2100 1540 2159 Vlibrorum
1596 2100 1801 2161 auctori

201 2177 518 2229 communis
567 2173 791 2229 dicenda
840 2184 1006 2231 esset.
1048 2176 1182 2230 Alite
1231 2173 1597 2240 expeditiones
1623 2176 1797 2232 eidem

204 2245 427 2299 auctori
473 2245 851 2314 proximiores,
878 2247 933 2301 itt
960 2246 1152 2313 quibus
1187 2245 1277 2299 alii
1305 2244 1515 2299 barbari
1547 2243 1802 2302 Romanis

201 2328 376 2387 opem
409 2317 581 2387 tulere
600 2316 855 2387 .__s:eculo
884 2332 915 2370 v
944 2318 1125 2387 plures
1166 2317 1489 2387 fueruntrat
1530 2315 1801 2387 plerasque

199 2383 480 2439 distantes
506 2386 576 2439 ab
605 2384 769 2451 Urbe,
793 2396 847 2441 et
868 2388 920 2442 in
942 2383 1152 2453 Galliis,
1176 2387 1266 2441 ubi
1291 2383 1546 2441 omnium
1560 2383 1803 2443 celeber-

201 2456 353 2510 rima
380 2464 465 2511 est
492 2455 579 2509 illa
610 2458 711 2511 sub
739 2458 892 2512 Aetio
932 2473 1020 2511 an.
1050 2458 1177 2523 451,
1207 2459 1261 2511 in
1309 2472 1409 2523 qua
1436 2455 1650 2523 Franci,
1676 2458 1801 2514 Sar-

200 2526 781 2599 t_natat,iArt_t_tot-icani,
812 2527 1053 2599 Lyciani,
1078 2528 1510 2599 Burgundiones,
1537 2528 1797 2595 Saxones,

199 2594 424 2666 Riparii
452 2639 466 2659 .
509 2596 748 2652 lbriones
791 2594 1047 2654 et'Alani
1074 2594 1327 2653 Romanis
1371 2599 1615 2666 opitulati
1654 2594 1797 2655 sunt.

201 2665 284 2739 Ita
321 2666 458 2721 nihil
484 2681 580 2737 pro
610 2670 853 2739 Romano
879 2670 1143 2739 scriptore
1167 2665 1455 2723 astruendo
1483 2684 1549 2725 ex
1591 2670 1693 2726 hoc
1721 2680 1801 2727 te-

198 2738 471 2811 stimonio
493 2738 740 2793 concludi
770 2738 1060 2811 potestfut
1082 2741 1195 2811 ipse
1225 2739 1542 2811 Qttesnellus
1572 2756 1798 2811 persen-

201 2809 302 2879 sit,
320 2810 415 2878 qui
436 2809 537 2862 hoc
557 2809 930 2879 argumentum
950 2809 1178 2867 Erasmo
1198 2810 1417 2864 dilutius
1440 2809 1612 2865 visum
1637 2811 1801 2870 fuisse

200 2877 433 2935 fatetur.
464 2877 813 2952 Quod'porro
853 2881 1107 2937 Romana:
1160 2882 1412 2937 Ecclesiae
1446 2883 1797 2952 principatum

200 2958 406 3006 auctor
444 2950 824 3024 commendet,
855 2967 962 3008 non
1003 2952 1170 3024 magis
1201 2967 1322 3024 eum
1356 2952 1545 3006 Italum
1574 2950 1660 3007 vel
1693 2952 1801 3007 Ro-

202 3035 436 3077 manum
468 3020 697 3093 probare
727 3031 920 3093 potest,
946 3020 1116 3093 quam
1141 3023 1200 3079 S.
1230 3023 1552 3093 Prosperunt
1581 3027 1801 3092 Aquita-

202 3107 367 3159 num,
400 3092 543 3163 apud
567 3104 725 3163 quem
752 3092 929 3149 simile
953 3092 1110 3163 plane
1138 3092 1501 3163 testimonium
1535 3092 1726 3160 legitur
1746 3094 1799 3149 in

202 3159 459 3217 carmine
481 3162 549 3216 de
570 3159 798 3233 [ngratis
828 3159 969 3219 vers:
998 3163 1069 3219 40
1102 3172 1155 3218 et
1182 3177 1334 3231 seqq.
1367 3161 1562 3233 Gelasii
1590 3159 1752 3217 verba
1783 3204 1798 3227 ,
1828 3159 1875 3222 C
1907 3161 1977 3233 tis
2001 3164 2051 3214 in
2083 3164 2443 3228 tentationem;
2474 3180 2581 3233 quo
2621 3175 2799 3221 tamen
2839 3167 2957 3221 loco

202 3233 412 3303 quibus
437 3229 663 3287 istorum
689 3232 947 3303 librorum
977 3244 1166 3289 auctor
1188 3229 1426 3303 magister
1444 3229 1688 3287 Ecclesia:
1710 3247 1802 3286 vo-

202 3301 391 3367 catur,
417 3303 672 3387 nihil-pr?
698 3302 878 3385 Leone
904 3304 1218 3387 coulicittttt,
1236 3301 1355 3387 cum
1382 3301 1515 3385 alius
1539 3303 1800 3387 quispiam

205 3386 274 3445 ex
312 3372 624 3445 praestantia
649 3372 817 3443 ipsius
839 3376 1020 3445 operis
1040 3375 1147 3445 hoc
1161 3374 1315 3427 titulo
1337 3374 1516 3426 ornari
1546 3376 1797 3445 potuerit.

205 3443 389 3501 immo
423 3443 511 3499 hic
540 3445 687 3500 locus
713 3443 890 3513 potius
916 3455 1103 3501 contra
1134 3444 1365 3500 Leonem
1394 3458 1501 3498 non
1525 3444 1801 3501 minimum

206 3518 383 3571 valet.
410 3514 469 3571 Si
490 3515 633 3570 enim
664 3514 853 3585 horum
884 3517 1141 3572 librorum
1170 3524 1359 3569 auctor
1381 3515 1565 3569 inisset
1585 3514 1642 3570 S.
1668 3514 1800 3585 Leo,

204 3586 360 3667 haud
403 3585 652 3667 latuisset
680 3584 993 3666 _Ge|asium,
1032 3588 1121 3657 qui
1144 3586 1229 3641 vel
1277 3586 1448 3667 ipsum
1493 3584 1799 3667 pontificem

203 3658 289 3713 vel
320 3656 620 3711 familiares
642 3656 761 3723 ejus
788 3656 1094 3723 agnoverat,
1140 3673 1237 3712 nec
1265 3667 1371 3710 tam
1413 3656 1672 3726 insignem
1704 3658 1801 3713 de-

202 3740 491 3798 ceasorem
511 3741 664 3781 suum
689 3727 788 3783 hac
813 3726 1040 3783 formula
1058 3730 1263 3798 quidam
1286 3728 1524 3798 magister
1536 3727 1798 3798 Ecclesiae,

205 3800 298 3855 ubi
337 3797 827 3869 maximenotanda
859 3807 943 3853 est
971 3797 1076 3853 vox
1102 3798 1345 3869 quidam;
1377 3797 1473 3851 'sed
1500 3812 1564 3851 ex
1605 3797 1803 3854 Roma-

204 3884 413 3945 norum
445 3867 758 3945 pontiﬁcum
779 3883 930 3924 more
956 3884 1077 3923 eum
1100 3867 1184 3923 vel
1218 3869 1430 3945 proprio
1459 3873 1695 3937 nomine,
1716 3872 1801 3927 vel

202 3942 411 3997 saltem
443 3938 892 4008 praedecessorum
917 3953 1069 3993 suum
1102 3939 1441 4007 appellasset.

276 4011 380 4067 15.
426 4007 592 4078 Majus
632 4007 737 4079 rsibi
794 4010 1098 4076 praesidium
1150 4009 1467 4073 Quesnellus
1518 4020 1802 4079 suppetere

204 4091 370 4153 putat
404 4093 476 4135 ex
521 4078 681 4153 modo
710 4079 969 4134 recitandi
1000 4081 1241 4153 quzedant
1298 4078 1601 4153 testimonia
1624 4078 1803 4153 sacra:

204 4150 543 4219 Scriptura.
577 4150 690 4204 Duo
730 4160 907 4205 autem
959 4152 1209 4205 videntur
1238 4152 1500 4219 prrecipua
1524 4192 1537 4211 ,
1571 4150 1800 4218 primunt

206 4223 549 4280 etultimutn
583 4236 598 4274 :
647 4230 837 4274 caetera
866 4221 1009 4275 enim
1051 4233 1280 4290 quatuor
1318 4231 1408 4272 aut
1455 4221 1690 4288 quinque
1737 4222 1804 4273 ab

206 4294 413 4350 eodem
446 4292 603 4346 allata
622 4331 638 4357 ,
678 4305 798 4344 cum
824 4306 977 4360 aeque
1005 4291 1159 4345 facile
1188 4290 1334 4360 apud
1356 4290 1487 4343 alios
1515 4290 1805 4358 scriptores

207 4364 609 4432 inveniantur,
639 4360 794 4432 _nibil
845 4359 1117 4432 peculiare
1166 4376 1265 4429 pro
1325 4359 1510 4432 Leone
1553 4364 1806 4432 evincere

207 4441 451 4506 queunt.
484 4428 721 4506 Primum
767 4428 947 4506 itaque
976 4443 1059 4506 est
1089 4428 1451 4506 testimonium
1484 4428 1653 4506 JobAc.
1673 4444 1802 4506 _xtv,

209 4499 264 4560 θ·
296 4506 371 4570 ις
398 4502 698 4589 metu:
728 4503 844 4589 ζέε
862 4500 1152 4589 Vestiam
1176 4500 1552 4589 εκεεειρέρνξί
1580 4499 1639 4589 .5:
1671 4500 1807 4589 ἔτερ·
1832 4528 1886 4589 ι)

210 4569 546 4632 ιιριιὶεει-ιη.
576 4573 609 4629 8
638 4572 705 4628 de
728 4569 1010 4627 Nativitate
1036 4572 1247 4627 Domini
1285 4570 1539 4626 recitatur
1572 4586 1635 4625 ex
1668 4570 1801 4627 Hie-

207 4644 542 4716 rottymiana
573 4644 844 4716 versione,
873 4657 1125 4716 quamuea
1168 4652 1326 4716 astate
1353 4641 1517 4716 veluti
1544 4641 1803 4716 Romanis

207 4713 548 4787 peculiarem
599 4713 917 4787 Quesnellus
971 4714 1188 4787 indicat.
1235 4713 1606 4787 Deinde_vero
1650 4713 1801 4787 addit

204 4784 475 4845 eumdem
525 4792 725 4855 textum
755 4784 915 4839 etiam
961 4784 1111 4840 citari
1150 4785 1301 4855 juxta
1330 4784 1631 4855 versionem
1660 4784 1797 4839 anti-

247 4874 381 4914 tl.tlll
406 4866 522 4911 tum
548 4856 688 4925 apud
706 4854 960 4921 Leonem,
982 4863 1089 4909 tum
1109 4853 1163 4909 in
1178 4854 1403 4922 cpistola
1424 4853 1492 4908 ad
1507 4854 1801 4925 Detttetria-

246 4946 366 4990 ent,
399 4942 561 4999 quant
586 4924 660 4981 ab
687 4925 877 4999 eodem
908 4934 1125 4999 auctore
1161 4927 1412 4999 libroruin
1436 4925 1498 4977 de
1529 4924 1803 4981 Vocatione

209 4996 561 5056 lucubratatn
607 4998 899 5067 praesumit.
952 4996 1139 5067 Mirum
1185 4998 1236 5049 itt
1280 4996 1379 5067 hoc
1420 5005 1566 5067 textu
1598 5005 1798 5067 tantam

208 5076 323 5125 vim
363 5065 619 5125 collocari
649 5107 663 5121 .
691 5065 747 5121 Si
778 5068 920 5122 enim
950 5066 1035 5121 ltic
1066 5077 1260 5128 textus,
1285 5066 1374 5133 qui
1396 5076 1448 5120 et
1478 5066 1529 5120 itt
1566 5066 1715 5120 libris
1734 5067 1799 5120 de

217 5142 535 5204 Vocan'one,
562 5147 616 5195 et
656 5138 711 5193 in
738 5136 918 5192 Leone
948 5140 1212 5193 invenitur
1230 5138 1379 5205 juxta
1402 5136 1704 5191 versionem
1735 5137 1797 5193 S.

208 5213 559 5281 Hieronymi,
590 5210 806 5265 eosdem
850 5209 1013 5281 libros
1052 5207 1215 5281 Leoni
1243 5206 1566 5281 addicendos
1608 5208 1800 5276 proba-

211 5294 323 5348 ret,
355 5276 527 5336 mtilto
560 5282 729 5351 magis
760 5280 1015 5351 probaret
1034 5276 1509 5351 adjudicandosS.
1538 5277 1802 5351 Prospero

205 5354 515 5424 Aquitano,
546 5348 741 5422 quippe
766 5351 854 5424 qui
894 5364 961 5403 ex
990 5348 1109 5424 Job,
1156 5364 1220 5401 ac
1247 5363 1310 5402 ex
1340 5348 1525 5424 eadem
1554 5349 1801 5424 versione

208 5418 327 5480 non
360 5418 601 5487 unicum,
638 5418 742 5479 sed
786 5418 930 5475 duos
966 5421 1101 5474 alios
1148 5430 1323 5473 textus
1365 5418 1526 5473 aliert
1565 5419 1617 5473 in
1672 5419 1808 5474 libro

207 5506 415 5552 contra
434 5492 758 5550 Collatorem
789 5505 838 5545 c.
876 5490 966 5553 15,
997 5490 1068 5545 al.
1098 5488 1186 5553 54,
1215 5490 1400 5559 quales
1441 5488 1657 5544 totidem
1686 5505 1808 5544 ver-

206 5566 301 5623 bis
330 5565 633 5621 recitantur
656 5564 753 5633 lib,
785 5580 803 5619 ι
830 5561 896 5616 de
928 5561 1111 5633 Vocat.
1133 5561 1285 5633 e._tt
1312 5569 1366 5613 et
1394 5574 1511 5628 cap.
1542 5560 1632 5613 32.
1660 5559 1808 5633 Unus

210 5646 407 5694 textus
433 5647 517 5692 εει
544 5635 633 5689 ille
655 5630 758 5691 Job
776 5650 824 5689 c.
846 5647 941 5696 xu,
974 5632 1111 5688 v.10
1141 5648 1154 5683 :
1186 5630 1249 5682 In
1274 5633 1423 5700 cujus
1451 5646 1604 5683 manu
1634 5631 1808 5684 anima

208 5708 393 5764 omnis
412 5706 622 5762 viventis
643 5714 689 5759 et
709 5704 919 5775 spiritus
942 5704 1047 5775 ltuit
1062 5717 1190 5755 ersce
1218 5698 1810 5775 carnis_ltontinis._Alter

201 5780 388 5855 671
409 5779 606 5836 ibidem
629 5792 683 5832 η.
710 5769 809 5847 f5;
831 5774 979 5844 Apud
1004 5774 1171 5843 ipsum
1188 5770 1436 5840 sapientia
1458 5778 1514 5824 et
1534 5769 1808 5841 fortitudo;

1830 1793 1879 1854 B

1905 496 2093 561 versus
2124 480 2225 536 Job
2252 482 2504 561 ejusdem
2544 480 2973 561 Hieronimiante
3024 480 3485 561 interpretationis

1903 552 2391 632 ex’ilebrteojdem
2424 554 2649 632 Prosper
2675 552 2889 632 laudato
2917 564 3094 632 capite
3120 552 3397 625 deacribit.
3418 580 3482 621 ac

1903 631 2188 695 propterea
2231 625 2344 679 haec
2390 626 2566 680 versio
2609 631 2803 684 saeculo
2834 647 2865 685 v
2896 625 3055 688 etiam
3086 635 3207 691 aliis
3237 650 3341 689 non
3375 635 3484 689 Ro.

1906 694 2082 775 mauis
2110 695 2307 775 usitata
2335 697 2696 775 cognoscitur.
2716 699 2771 753 ld
2793 711 2967 775 autem
3000 707 3265 775 praecipue
3286 708 3483 762 accidit

1905 764 1966 846 iu.
1987 766 2123 819 libro
2148 764 2269 831 Job,
2297 767 2493 846 quippe
2522 770 2737 846 antiqua
2766 773 2879 840 ejus
2911 764 3302 846 interpretatio,
3340 788 3476 833 teste

1904 835 2233 918 Hieronymo
2253 835 2829 918 scatebat__err0ribu§,
2861 852 2914 896 et
2942 835 3301 918 septingentis
3314 848 3480 904 ferme

1904 905 2621 985 aut_octingentis_vet_'sibus
2664 910 2898 966 carebat.
2944 905 3281 985 Promi'icuus
3321 933 3480 985 porro

1901 977 2186 1060 atriusque
2231 978 2506 1060 γενείου-ἓξ.
2548 993 2678 1032 usus
2703 1022 2718 1047 ,
2744 996 2920 1060 quem
2967 984 3282 1060 Quesnellus
3321 977 3482 1060 urget

1906 1048 2082 1119 quoad
2112 1049 2414 1119 versionem
2444 1048 2757 1119 lilieronymi
2782 1048 2956 1107 elucet
2985 1048 3036 1107 in
3078 1057 3361 1112 recitandis
3394 1048 3481 1115 ic-

1909 1117 2263 1195 stimouiisex
2290 1120 2424 1174 libro
2446 1118 2550 1173 Job
2569 1137 2583 1182 ;
2602 1117 2775 1190 quoad
2802 1122 3074 1195 antiquam
3105 1141 3229 1180 vero
3258 1138 3395 1195 patet
3429 1131 3479 1185 in

1908 1188 2120 1268 caeteris
2144 1188 2685 1268 aliorum_sacrorum
2735 1188 3063 1268 voluminum
3106 1188 3363 1261 textilius,
3390 1202 3477 1268 qui

1908 1256 2117 1329 feregex
2144 1260 2241 1313 ltac
2258 1260 2505 1315 versione
2535 1269 2645 1313 tum
2668 1264 2804 1329 apud
2830 1263 3089 1328 Leonem,
3121 1276 3231 1319 tum
3261 1268 3311 1320 in
3336 1256 3482 1324 lib'ris

1908 1328 1979 1407 de
2006 1327 2284 1407 Veriniano
2327 1327 2959 1407 proferunturiidipsttm
3006 1327 3187 1407 autem
3229 1337 3486 1407 contingit

1908 1398 2071 1486 etiam
2100 1399 2396 1486 Prpspero’,
2417 1412 2482 1486 ut
2501 1398 2980 1486 conferenti'plnru
3010 1406 3319 1486 testimonia
3344 1398 3488 1486 paie-

1907 1466 2003 1523 bit.
2028 1469 2181 1537 Quod
2211 1485 2335 1525 vero
2354 1470 2674 1539 Quesnellus
2701 1466 2931 1530 maxime
2951 1476 3185 1531 inculcat
3208 1477 3273 1531 de
3292 1466 3486 1533 utrius-

1905 1553 2010 1607 que.
2062 1541 2322 1613 versionis
2381 1556 2478 1597 usu
2522 1542 2574 1596 in
2616 1557 2912 1599 memorato
2958 1562 3113 1601 versu
3159 1547 3263 1603 Job
3292 1564 3341 1602 c.
3377 1565 3485 1613 xiv,

1904 1616 2017 1686 tum
2044 1611 2186 1686 apud
2217 1611 2605 1686 Leonem,tum
2629 1615 2680 1668 in
2708 1617 2868 1685 epist.
2893 1616 2958 1670 ad
2986 1618 3399 1686 Demetriadem,
3432 1611 3485 1675 in

1904 1680 2373 1761 observationibus
2424 1684 2489 1761 ad
2538 1680 2782 1754 quartam
2828 1686 3261 1761 dissertationem
3294 1731 3309 1754 ,
3364 1680 3486 1761 quat

1904 1758 2046 1827 circa
2085 1752 2242 1822 hujus
2270 1754 2512 1822 epistola:
2544 1752 2835 1827 auctorem
2872 1759 3119 1826 vertitur,
3153 1752 3486 1827 expendetur

1905 1821 2225 1899 luculenter,
2256 1821 2315 1879 et
2338 1839 2501 1899 quam
2539 1826 2698 1899 inane
2728 1828 2807 1899 sit,
2835 1827 2939 1884 hoc
2967 1821 3335 1898 argumentum
3358 1877 3371 1899 ,
3416 1848 3485 1888 ex

1902 1892 2113 1971 duobus
2138 1894 2257 1971 aliis
2279 1892 2382 1950 non
2407 1894 2682 1971 Romanis,
2713 1906 2772 1971 at
2792 1898 2957 1954 Leoni
2984 1892 3179 1955 coaevis
3208 1892 3485 1971 scripiori-

1901 1963 2004 2089 gu:
2050 1964 2297 2022 eumdem
2347 1980 2562 2022 versum
2614 1968 2861 2026 similiter
2903 1971 3251 2027 recitantibus
3304 1963 3479 2043 palam

1939 2049 1970 2089 e
2001 2075 2013 2088 .

1939 2042 2013 2089 et.

1974 2107 2062 2161 15.
2107 2106 2345 2161 Alterum
2394 2108 2757 2165 testimonium
2782 2150 2799 2177 ,
2854 2120 2903 2166 et
2941 2114 3163 2168 maxime
3202 2114 3485 2171 notandum

1902 2178 2067 2232 sumit
2086 2177 2405 2250 Quesnellus
2434 2196 2497 2235 ex
2531 2179 2670 2235 Luca
2698 2196 2815 2250 cap.
2848 2197 2979 2247 xxtt.
3008 2199 3061 2241 v.
3092 2184 3154 2238 51
3187 2194 3241 2240 et
3269 2184 3370 2240 32:
3396 2186 3484 2243 Si-

1902 2261 2044 2320 mon,
2095 2247 2298 2314 Simon,
2340 2265 2453 2304 ecce
2490 2251 2714 2306 Satanas
2758 2247 3034 2320 postulavit
3064 2264 3119 2309 ut
3150 2271 3235 2309 vos
3258 2268 3484 2313 cerneret

1903 2317 2035 2396 sicut
2082 2320 2341 2373 triticum:
2370 2337 2462 2396 ego
2487 2331 2654 2376 autem
2684 2317 2857 2394 rogavi
2886 2341 2979 2393 pro
3005 2332 3071 2389 te,
3099 2342 3162 2379 ne
3187 2325 3390 2396 deﬁciat
3417 2329 3481 2396 fi-

1904 2386 1991 2469 des
2032 2399 2153 2456 tua;
2182 2400 2228 2444 et
2269 2400 2322 2445 tu
2364 2386 2643 2469 aliquando
2689 2386 2967 2469 conversus
3007 2386 3263 2469 conﬁrma
3299 2386 3483 2469 fratres

1905 2464 2050 2525 tuos;
2103 2471 2151 2514 et
2185 2477 2313 2532 roga
2368 2480 2431 2517 ne
2474 2464 2670 2518 intretis
2712 2466 2763 2517 in
2792 2464 3139 2521 tentationem.
3191 2464 3341 2523 Hunc
3388 2484 3482 2523 au-

1904 2537 2011 2583 tem
2044 2540 2245 2586 textum
2274 2539 2328 2587 et
2356 2533 2466 2589 Leo
2494 2549 2658 2590 serm.
2685 2533 2738 2600 ὅ,
2771 2552 2911 2591 nunc
2941 2537 2995 2603 4,
3028 2538 3080 2592 in
3111 2540 3482 2595 anniversario

1902 2603 2287 2669 assuntptionis
2315 2618 2449 2669 sum,
2471 2620 2521 2660 c.
2554 2607 2606 2665 3.
2636 2615 2690 2661 et
2720 2616 2910 2662 auctor
2931 2609 3187 2664 librorum
3215 2609 3283 2664 de
3307 2609 3481 2664 Voca-

1903 2671 2050 2748 tion_e
2080 2672 2173 2727 lib.
2206 2689 2244 2742 t,
2272 2689 2325 2730 c.
2356 2675 2448 2748 2d,
2492 2684 2549 2748 et
2575 2676 2667 2748 lib.
2702 2692 2758 2738 tt.
2791 2691 2840 2733 c.
2869 2678 2962 2745 εδ,
3004 2681 3192 2734 eodem
3225 2681 3480 2748 peculiari

1902 2742 2064 2797 modo
2091 2748 2338 2799 recitant.
2366 2742 2481 2802 Non
2519 2746 2820 2803 dissimulat
2842 2742 3163 2806 Onesnellus
3207 2742 3308 2804 hoc
3340 2753 3478 2806 idem

1900 2814 2265 2887 testimonium
2308 2817 2533 2886 proferri
2573 2820 2734 2873 etiam
2786 2833 2815 2871 a
2868 2814 3134 2887 Prospero
3164 2819 3372 2876 duobus
3425 2824 3476 2875 in

1900 2880 2147 2957 locis;uat
2176 2880 2326 2957 non:
2350 2887 2540 2957 eadem
2568 2889 2791 2943 omnino
2823 2880 3082 2953 lectione,
3114 2892 3285 2957 inquit
3313 2909 3323 2943 :
3355 2908 3476 2945 nam

1902 2952 1953 3005 in
1992 2955 2225 3023 epistola
2263 2954 2329 3009 ad
2383 2955 2633 3011 Ruﬁnum
2684 2972 2791 3011 non
2838 2952 3075 3014 habetur
3108 2952 3351 3023 cerneret,
3384 2964 3477 3016 sed

1900 3022 2187 3098 cribrarct;
2217 3024 2433 3098 i‘n‘libro
2476 3035 2651 3098 autem
2703 3035 2889 3081 contra
2936 3030 3258 3098 collatorent
3289 3022 3347 3083 c.
3391 3029 3479 3098 55,

1904 3106 2045 3167 nunc
2072 3095 2158 3157 15,
2192 3093 2376 3167 ultima
2404 3096 2563 3150 verba
2592 3098 2911 3151 omittuntur
2935 3114 2947 3150 :
2983 3097 3049 3152 Et
3072 3112 3217 3167 roga,
3242 3093 3480 3153 neintre;

3007 3169 3485 3236 prtetcrmittuntttr

1907 3231 2070 3286 etiam
2117 3234 2203 3287 illa
2239 3250 2251 3285 :
2283 3232 2351 3286 Et
2388 3242 2445 3308 tu
2484 3231 2690 3308 tandem
2715 3231 3279 3308 rconversus'conﬁrma
3306 3240 3487 3308 fratres

1907 3311 2023 3354 tuos
2037 3318 2201 3378 mute
2240 3305 2463 3359 omissio
2486 3307 2726 3378 varianti
2757 3307 2971 3363 lectioni
3012 3309 3170 3363 tribui
3202 3305 3313 3363 non
3339 3320 3486 3378 pote-

1906 3382 2009 3427 rat.
2034 3373 2285 3441 Majorem
2327 3390 2457 3429 vero
2485 3375 2725 3431 lectionis
2755 3379 3067 3434 varietatem
3097 3394 3125 3433 a
3159 3373 3386 3436 lectione
3414 3382 3477 3435 li-

1906 3442 2125 3522 brorum
2151 3446 2235 3522 de_
2268 3444 2566 3522 Vocatione
2600 3448 2652 3503 in
2680 3448 2861 3505 Leone
2886 3493 2901 3517 ,
2942 3466 3101 3521 quam
3134 3452 3184 3505 in
3227 3452 3486 3522 Prospero

1905 3512 2379 3586 deprehendimus,
2412 3526 2470 3571 ut
2499 3519 2692 3573 mirum
2722 3512 3055 3575 tnaxinte'sit
3084 3512 3371 3577 lectionem
3394 3539 3483 3578 ve-

1907 3584 2292 3663 lutiaequalem
2316 3601 2344 3641 a
2367 3584 2669 3663 'Quesnello
2692 3591 2970 3646 attirmari.
2988 3592 3244 3647 Mittimus
3274 3594 3484 3663 aliquos

1904 3656 2117 3735 codices
2146 3674 2396 3713 sermone
2421 3660 2657 3735 allegato
2670 3663 2881 3735 habere
2912 3663 3154 3735 cribraret
3183 3678 3281 3735 pro
3310 3656 3483 3717 cerne-

1904 3737 1978 3801 ret
1998 3742 2018 3792 ;
2038 3728 2263 3801 sicutex
2294 3728 2805 3801 omniumcodicum
2838 3748 2973 3801 quos
2997 3728 3227 3787 vidimus
3257 3736 3359 3789 lide
3392 3736 3485 3789 tta-

1906 3796 2334 3874 betuggribrget
2361 3800 2414 3874 in
2440 3802 2543 3874 alio
2565 3803 2807 3873 ejusdem
2839 3796 3107 3874 pontiﬁcis
3134 3821 3297 3860 sernt.
3328 3804 3398 3860 83
3417 3806 3485 3861 de

1903 3866 2077 3944 Natali
2104 3870 2199 3925 SS.
2236 3868 2379 3944 Petri
2411 3879 2463 3925 et
2490 3866 2673 3941 Pau'li,
2705 3866 2865 3944 quem
2900 3890 3179 3944 perperam
3218 3876 3483 3943 Questth-

1904 3938 2067 4011 iusin
2099 3941 2449 4011 appendicem
2480 3938 2759 4011 rejecerai.
2788 3938 3080 3999 llic'solitm
3112 3938 3301 3999 notare
3329 3946 3485 4002 liceat

1905 4009 2125 4082 verbum
2165 4010 2410 4064 cribraret
2438 4009 2685 4068 similiter
2722 4014 2822 4082 legi
2857 4014 2908 4067 itt
2938 4014 3312 4081 antiquissimo
3355 4015 3484 4068 Ver-

1904 4078 2155 4151 cellensis
2184 4082 2433 4135 Ecclesiae
2456 4096 2556 4135 ms.
2591 4078 2963 4150 Evangéliario
2990 4078 3278 4136 novissime
3306 4084 3479 4151 edito,

1905 4149 2047 4218 quod
2078 4157 2313 4204 veterem
2346 4149 2839 4218 interpretationem
2883 4152 3138 4214 exhibet;
3186 4151 3325 4205 unde
3368 4149 3482 4208 haec

1909 4217 2070 4272 lectio
2097 4220 2256 4273 veluti
2284 4217 2613 4289 adulterata,
2646 4236 2738 4289 seu
2769 4224 2835 4275 ad
2882 4220 3150 4289 vulgatam
3197 4220 3480 4277 lectionem

1907 4290 2188 4343 emendata
2220 4304 2246 4339 a
2274 4288 2563 4355 Quesnello
2612 4288 2817 4343 traduci
2851 4304 2954 4343 non
2981 4287 3189 4343 debuit.
3221 4290 3330 4343 Cur
3353 4304 3483 4346 vero

1910 4358 2009 4412 hac
2042 4372 2143 4411 una
2188 4360 2430 4412 variante
2458 4358 2707 4423 indicata,
2739 4360 2785 4413 is
2809 4360 2941 4413 alias
2983 4360 3241 4416 certiores
3263 4361 3482 4418 silentio

1909 4426 2236 4553 pmterivit?
2269 4427 2448 4512 Primu
2492 4430 2629 4498 apud
2662 4430 2894 4514 Leonem
2934 4430 3095 4513 etiam
3136 4431 3189 4513 in
3214 4432 3479 4498 Quosne!-

1930 4512 2049 4553 tana
2074 4499 2310 4553 editione
2332 4498 2526 4553 leattur
2550 4499 2905 4553 expostulavit-
2926 4500 3051 4553 detn
3072 4504 3351 4553 aliauando
3382 4519 3479 4553 nm

1930 4499 2049 4573 iana
2074 4499 2310 4573 editione
2332 4498 2526 4573 legitur
2550 4499 2905 4572 expostulavit,
2926 4500 3051 4557 dein
3072 4503 3351 4573 aliquando
3382 4519 3479 4573 pro

1911 4569 2135 4624 tandem.
2187 4569 2410 4626 Demutn
2457 4569 2623 4643 (quod
2652 4569 2975 4642 praecipuum
2996 4571 3112 4643 est)
3141 4569 3405 4629 omittitur
3431 4584 3481 4630 et

1907 4655 2056 4714 roga,
2088 4656 2181 4696 seu
2208 4652 2255 4695 et
2280 4642 2475 4713 rogate,
2510 4643 2583 4696 uti
2607 4644 2665 4714 Ain
2697 4643 2848 4698 libris
2872 4644 2940 4699 de
2966 4642 3257 4714 vocatione
3286 4660 3355 4701 ex
3386 4660 3479 4702 co-

1906 4711 2118 4767 dicibus
2146 4711 2568 4786 emendavimus.
2605 4712 2988 4786 Itaqueulectio
3014 4713 3265 4785 Prosperi
3310 4719 3480 4786 magis

1909 4786 2155 4857 congruit
2179 4784 2392 4857 lectioni
2420 4785 2675 4857 librorum
2701 4783 2771 4839 de
2800 4784 3109 4857 Yocatione,
3138 4783 3297 4857 quam
3345 4783 3482 4841 Leo-

1912 4854 1995 4907 nis
2025 4855 2200 4908 lectio.
2230 4853 2347 4921 Quo
2376 4855 2538 4924 igitur
2560 4854 2680 4923 jure
2703 4870 2764 4909 ex
2798 4856 2899 4910 ltoc
2930 4866 3081 4910 textu
3113 4853 3255 4910 tanta
3285 4857 3478 4911 simili-

1912 4924 2040 4978 tudo
2070 4926 2347 4993 ingeritur,
2376 4923 2496 4994 qute
2516 4923 2749 4980 Leonem
2778 4929 2954 4995 potius
2978 4942 3135 4993 quam
3156 4927 3477 4991 PrOsperum

1908 5007 2095 5050 eorum
2124 4995 2379 5049 librorum
2404 5002 2676 5049 auctorem
2706 4996 2940 5050 astruatt
2970 4996 3065 5050 llic
3090 5011 3221 5051 vero
3239 4996 3481 5049 animad-

1907 5067 2221 5119 vertendum
2248 5065 2423 5133 potius
2443 5074 2526 5119 est
2555 5064 2695 5120 hunc
2717 5074 2918 5120 textum
2940 5068 3307 5134 evangelicum
3340 5080 3369 5117 a
3399 5067 3480 5120 di-

1907 5135 2081 5205 versis
2119 5135 2423 5189 auctoribus
2448 5135 2664 5190 recitari
2704 5151 2825 5190 cum
2840 5136 3080 5205 quodam
3115 5135 3481 5205 additamento

1910 5206 1963 5260 in
1990 5204 2117 5273 tine,
2150 5206 2290 5276 quod
2315 5221 2413 5260 nec
2443 5206 2495 5260 in
2530 5207 2739 5275 vulgata
2770 5203 2880 5261 ncc‘
2898 5207 2948 5259 in
2976 5203 3164 5276 (ἧι-τροο
3186 5204 3397 5276 legitur,
3429 5215 3483 5261 at

1910 5275 2247 5340 reperitur’in
2268 5288 2498 5343 quatuor
2526 5290 2655 5331 mss.
2682 5275 3069 5343 Evangeliariis
3106 5275 3484 5332 vetustissimis

1910 5346 2163 5400 editionis
2185 5347 2437 5416 antiqua},
2476 5347 2551 5400 uti
2580 5354 2766 5401 annot.
2800 5345 2870 5399 22
2904 5343 3092 5413 (Tom.
3124 5345 3345 5416 praesit.
3376 5347 3474 5401 col.

1910 5418 2094 5480 600m.
2128 5419 2176 5487 υ)
2227 5417 2280 5471 in
2311 5432 2474 5472 sernt.
2508 5417 2542 5470 4
2571 5418 2628 5471 S.
2658 5416 2853 5471 Leonis
2890 5418 3313 5487 observavimus.
3351 5417 3487 5473 Ilinc

1911 5503 2090 5542 autem
2115 5486 2442 5558 cognoscere
2469 5488 2955 5558 licet_intirmuu_tet
2976 5486 3242 5558 imbecille
3266 5501 3482 5555 prorsus

1911 5573 2032 5613 esse
2061 5554 2435 5627 argumentum
2467 5556 2608 5627 quod
2638 5570 2706 5610 ex
2731 5554 2895 5627 simili;
2919 5554 3275 5625 quorumdam
3305 5573 3486 5612 sacro-

1914 5645 2029 5686 rum
2086 5625 2515 5683 testimoniorum
2567 5625 3008 5696 ittterpretatione
3050 5627 3281 5691 elicitur,
3315 5639 3371 5682 ut
3398 5629 3486 5684 hic

1915 5703 2089 5770 potius
2110 5714 2270 5770 quam
2302 5698 2392 5770 ille
2420 5705 2687 5770 statuatur
2698 5694 3210 5770 alicujusanonymi
3241 5699 3485 5769 opusculi

1915 5766 2264 5829 auctor.Cum
2290 5767 2435 5825 enim
2456 5768 2635 5836 plures
2656 5766 2762 5822 illis
2782 5768 2864 5820 vel
2886 5766 3009 5825 aliis
3023 5766 3291 5827 siuiilibus
3314 5770 3489 5829 Evan-
