3968 6308
551 310 659 401 579

1022 326 1263 395 PASCH.
1303 330 1686 404 QUESNELLI
1725 322 2312 390 DlSSERTATlONES
2356 331 2417 386 ΙΝ
2457 332 2513 389 S.
2554 326 2800 392 ις]οΜ
2836 334 3054 396 MAGNI
3089 326 3348 399 OPEBA.

3721 332 3817 408 550

550 456 1119 549 geliariis‘utereoturl,
1148 453 1338 515 eadem
1379 453 1541 513 loetio
1569 465 1631 507 ac
1648 450 1825 508 versio
1846 449 1986 521 apud
2015 450 2131 521 plu-
2160 452 2211 511 Α
2238 450 2415 549 ill-tes
2444 457 3233 549 qu‘a‘unascopstatintegrum
3261 462 3480 549 eam}?
3508 462 3633 549 libri
3660 482 3699 524 ιι
3720 478 3813 549 ,_et
3846 503 3871 549 ι

548 530 638 597 res
667 530 893 589 inveniri
935 537 1129 599 potest.

625 603 710 659 14.
747 593 1011 658 Doctrinze
1042 596 1337 657 similitudo
1367 598 1418 651 in
1454 596 1676 655 materia
1707 594 1901 650 divinae
1932 593 2130 650 Gratia:

588 675 722 729 uoad
777 673 972 729 auxilia
1021 669 1307 742 generalia
1324 671 1461 742 inter
1502 668 1734 742 Leonem
1768 676 1821 723 et
1851 667 2013 742 libros
2061 665 2130 742 de

588 688 722 729 uoaa
777 688 972 729 authta
1021 688 1291 742 generalia
1326 688 1461 724 tlttet‘
1503 688 1734 724 Leonem
1768 688 1821 723 ct
1852 688 2013 721 nurus
2061 688 2128 721 ue

547 688 843 801 $ocatione
896 758 1055 814 quam
1105 757 1249 796 num.
1283 740 1362 814 29
1399 740 1719 808 Quesnellus
1778 737 2128 814 propo_nit.i_d

550 832 713 874 unum
738 808 1178 885 potest'evincere
1195 827 1287 866 eos
1312 811 1476 867 libros
1492 828 1594 865 non
1623 824 1917 939 repugnare
1938 808 2126 875 Leoni,

551 903 657 939 non
686 904 815 939 vero
865 884 1055 939 Leonis
1086 887 1245 939 etiam
1275 898 1393 939 esse
1422 884 1714 938 convincit.
1796 898 1893 934 ane
1928 880 2126 935 doctri-

551 903 657 942 non
686 880 815 942 véro
865 884 1055 940 Leonis
1086 887 1245 939 etiam
1275 898 1393 939 esse
1422 880 1714 938 convincit.
1753 880 1893 939 Sane
1928 880 2127 935 doctri-

551 973 675 1015 nam
706 962 804 1014 hac
843 958 893 1013 in
921 972 977 1012 re
1016 956 1242 1011 similem
1277 954 1414 1009 idem
1461 954 1783 1020 Quesnellus
1828 950 2025 1006 fatetur
2073 952 2124 1011 in

549 1027 815 1097 Prospero
838 1068 853 1091 ,
886 1029 968 1083 ubi
1002 1026 1390 1097 objectionibus
1422 1026 1747 1097 respondet;
1800 1037 1899 1077 nec
1927 1023 2125 1097 idcirco

550 1094 871 1167 Prosperum
896 1094 1167 1153 auctorem
1196 1095 1595 1168 judicat.673
1620 1096 1802 1150 Solum
1830 1094 2126 1168 peculiares

548 1164 760 1238 quidam
812 1168 1059 1239 loquendi
1088 1168 1254 1229 modi,
1287 1166 1378 1239 qui
1410 1164 1477 1221 ili
1495 1164 2122 1239 ntetnoratisglibrisocj

549 1234 789 1305 currunt,
821 1234 941 1296 cum
1002 1238 1254 1295 Leouinis
1313 1237 1554 1293 formulis
1610 1236 1900 1295 convenire
1954 1234 2123 1290 videri

549 1321 767 1377 possunt
799 1326 812 1361 :
849 1313 987 1365 unde
1016 1311 1067 1364 in
1097 1309 1181 1364 his
1204 1308 1537 1377 potissimum
1570 1307 1894 1377 Quesnellus
1928 1306 2126 1360 insistit

546 1379 789 1451 (Dissert.
815 1381 897 1448 5),
919 1390 974 1435 et
1007 1395 1166 1435 voces
1195 1378 1396 1434 similes
1426 1380 1735 1445 maiusculis
1764 1379 1954 1451 litteris
1981 1377 2124 1451 desi-

542 1446 689 1520 gnat.
717 1454 785 1507 At
813 1446 1007 1520 praeter
1036 1466 1198 1520 quam
1242 1452 1382 1519 quod
1416 1465 1573 1504 voces
1602 1461 1653 1503 et
1680 1450 1976 1503 locutiones
2012 1446 2125 1520 fere

544 1518 746 1576 similes
776 1518 937 1577 etiam
984 1523 1036 1578 in
1055 1518 1331 1588 Prospero
1375 1523 1576 1579 notavit
1606 1521 1926 1586 Antelmius,
1979 1520 2029 1575 id
2056 1518 2122 1572 ad

544 1594 851 1664 generalem
881 1590 1003 1664 styli
1046 1593 1303 1647 rationem
1337 1593 1567 1661 pertinet
1593 1632 1606 1654 ,
1636 1608 1793 1664 quam
1844 1605 1963 1664 mox
1992 1604 2124 1664 enu-

546 1660 768 1717 cleatius
799 1660 1081 1731 expeiisuri
1114 1677 1317 1717 sumus.
1338 1660 1525 1718 ’Unum
1558 1678 1686 1718 vero
1727 1661 1813 1717 hic
1844 1660 2035 1731 addam
2069 1660 2122 1716 in

546 1731 697 1788 libris
718 1735 779 1789 de
808 1730 1082 1791 Vocatione
1110 1749 1293 1788 vocem
1322 1733 1501 1805 gratia:
1530 1730 2118 1805 quandoqueattribui,

550 1815 603 1859 ut
634 1823 687 1859 ιι.
721 1805 754 1859 5
798 1806 1137 1870 monuimus,
1186 1800 1526 1874 generalibus
1550 1800 1671 1858 'Dei
1717 1800 1930 1874 auxiliis
1957 1802 2119 1874 etiam

547 1874 881 1931 extrinsecis.
920 1874 973 1931 ld
1003 1872 1260 1931 autern'in
1292 1874 1470 1930 Leone
1497 1889 1828 1943 nequaquam
1854 1872 2114 1938 invenies,

550 1955 602 1998 ut
628 1961 693 2000 ex
719 1949 781 2001 iis
808 1946 936 2014 ipsis
959 1946 1090 2003 locis
1133 1960 1252 2015 quat
1282 1962 1310 1999 a
1337 1943 1625 2012 Quesnello
1656 1948 1965 2009 recitantur,
1999 1958 2121 2015 per-

547 2017 753 2085 Spicere
771 2019 913 2071 licet.
935 2014 1517 2085 Cmterte’quarumdam
1532 2025 1737 2069 sentem
1750 2016 1916 2068 iarum
1933 2014 2122 2069 simili-

546 2087 758 2145 tudines
774 2089 840 2142 de
852 2088 906 2143 S.
928 2088 1066 2145 Petri
1088 2088 1474 2158 prmrogativis,
1490 2086 1616 2158 quid
1644 2086 1869 2158 probare
1891 2093 2113 2158 queunt,

544 2173 664 2213 cum
695 2160 946 2215 omnibus
980 2154 1479 2227 catholicis'eadem
1511 2154 1753 2227 doctrina
1784 2154 1980 2212 fuerit?
2006 2156 2120 2211 Mo-

545 2230 646 2282 dus
681 2239 859 2287 autem
898 2229 1055 2297 hujus
1100 2228 1359 2285 doctrina:
1406 2226 1771 2297 exprimendae
1797 2271 1811 2294 ,
1843 2230 1930 2293 qui
1981 2228 2122 2297 apud

546 2299 779 2355 Leonem
804 2311 858 2356 et
880 2301 930 2353 in
954 2296 1106 2357 libris
1125 2298 1192 2355 de
1216 2296 1504 2357 Vocatione
1527 2299 1824 2357 nonnullibi
1853 2300 2125 2355 invenitur

451 2375 459 2382 '
546 2368 757 2435 similis,
807 2370 872 2427 ad
903 2372 1187 2427 dictionem
1219 2384 1282 2426 ac
1325 2371 1521 2438 stylum
1564 2372 1761 2438 pariter
1792 2380 2072 2425 revocatur
2106 2390 2121 2425 :

547 2456 611 2495 ex
632 2442 826 2509 quibus
846 2458 975 2497 sane
996 2442 1319 2508 Quesnellus
1339 2440 1530 2501 afferre
1552 2442 1751 2509 aliquid
1772 2440 1961 2510 putuit,
1982 2440 2124 2509 quod

546 2514 829 2571 nonnullos
884 2522 1151 2579 moverit;
1199 2513 1338 2567 unde
1385 2515 1436 2569 in
1478 2512 1577 2568 hoc
1614 2520 1933 2581 argumento
1967 2510 2124 2566 latius

549 2585 881 2653 immoratus,
916 2583 1155 2650 pluribus
1186 2585 1455 2653 parallelis
1485 2590 1539 2643 et
1565 2580 2124 2641 attimadversionibus

544 2652 749 2723 aliquot
788 2668 1040 2709 numeros
1065 2652 1308 2721 digessit.

616 2722 701 2779 l5.
745 2725 856 2779 Hoc
880 2734 1057 2781 autem
1095 2734 1466 2793 argumentum
1498 2731 1554 2783 ut
1586 2724 1825 2780 exactius
1851 2722 2124 2793 expenda-

544 2802 631 2849 tur
656 2836 671 2860 ,
717 2796 821 2851 duo
858 2798 908 2850 in
950 2795 1091 2866 styln
1130 2797 1503 2863 distinguenda
1532 2805 1655 2866 sunt
1680 2838 1693 2855 .
1727 2810 1889 2866 voces
1915 2803 1970 2850 et
2000 2809 2127 2863 syn-

545 2867 683 2921 taxis
709 2882 806 2923 seu
834 2876 975 2923 totus
1004 2864 1216 2921 dicendi
1256 2869 1555 2922 character.
1600 2864 1857 2923 Parallela
1888 2866 2127 2921 testimo-

544 2937 630 2991 nia
659 2953 689 2992 a
718 2937 1001 3005 Quesnelln
1038 2940 1195 2995 allata
1224 2935 1337 2995 fere
1367 2945 1490 2993 sunt
1515 2936 1715 3005 aliquot
1752 2952 1941 2992 vocum
1971 2938 2125 2991 simi-

543 3007 669 3062 lium
695 3049 708 3071 ,
743 3008 1042 3078 cnjusmudi
1075 3010 1201 3065 item
1248 3007 1299 3061 in
1351 3007 1615 3076 Prospero
1665 3007 1905 3078 pluribus
1932 3008 2127 3063 tabulis

541 3095 647 3135 non
677 3077 871 3149 paucas
900 3078 1148 3135 exhibuit
1176 3079 1506 3144 Antelmius;
1542 3093 1640 3134 nec
1663 3077 1817 3133 facile
1849 3080 2127 3134 invenien—

542 3161 625 3204 tur
667 3152 775 3209 duo
817 3162 1065 3205 auctores
1108 3150 1175 3205 de
1209 3150 1398 3207 eadem
1426 3165 1484 3207 re
1520 3150 1876 3216 disserentes,
1912 3152 1999 3219 qui
2030 3150 2127 3205 ali-

540 3207 753 3290 quando
784 3222 920 3277 sicut
951 3221 1004 3275 in
1037 3222 1349 3288 sententiis,
1384 3223 1456 3276 ita
1484 3231 1539 3275 et
1579 3221 1630 3277 in
1670 3207 1875 3288 aliquot
1903 3207 2124 3277 v'ocibus

540 3293 605 3347 ad
635 3293 881 3349 eamdem
914 3307 1024 3347 rem
1072 3293 1462 3362 pertinentibus
1488 3293 1897 3360 haudquaquam
1928 3306 2125 3351 conve-

540 3363 723 3433 niant,
763 3372 819 3418 et
859 3363 1048 3417 iisdem
1077 3361 1346 3433 loquendi
1389 3361 1630 3433 formulis
1658 3376 1766 3416 non
1794 3371 2027 3415 utantur.
2068 3362 2125 3417 Si

538 3432 662 3502 quis
696 3434 883 3489 eadem
925 3432 1198 3499 diligentia
1246 3450 1346 3502 qua
1396 3432 1717 3502 Quesnellus
1761 3434 1901 3502 alios
1942 3433 2127 3488 Patres

540 3500 733 3574 similia
764 3512 1054 3574 tractantes
1078 3500 1287 3574 legerit,
1318 3500 1448 3558 nihil
1475 3502 1790 3574 ambigimns
1818 3501 1945 3571 quin
1973 3504 2124 3574 plura

542 3520 733 3557 sinuua
764 3520 1054 3559 tractantes
1078 3520 1287 3574 tegent,
1318 3520 1448 3558 num
1475 3520 1613 3560 arnor
1657 3520 1790 3555 ιιιιιις
1818 3520 1945 3571 quin
1973 3520 2124 3571 plura

542 3573 787 3627 fortassis
815 3572 1053 3641 ejusdem
1080 3576 1294 3641 generis
1321 3574 1570 3643 parallela
1598 3520 1881 3642 pluresque
1907 3573 2125 3628 confor-

543 3659 658 3697 mes
701 3658 858 3697 voces
902 3643 1266 3712 formulasque
1314 3642 1567 3713 reperiat.
1612 3642 1830 3699 Frustra
1875 3660 2001 3699 vero
2040 3644 2127 3701 hic

542 3714 695 3767 labor
722 3716 906 3781 cedet,
936 3730 1054 3771 cum
1089 3731 1195 3769 non
1221 3715 1352 3770 sola:
1383 3730 1577 3779 voces,
1609 3715 1802 3783 quibus
1832 3716 1967 3769 idem
2001 3731 2127 3770 sen-

544 3800 636 3858 s_us
662 3785 1014 3858 exprimatur,
1040 3790 1247 3858 stylum
1275 3786 1560 3854 designent
1588 3797 1745 3853 atque
1774 3786 2122 3853 distinguant.

543 3855 863 3921 Cotuplexus
914 3865 967 3910 et
1006 3855 1285 3913 character
1333 3860 1495 3911 totius
1541 3859 1809 3910 sermonis
1856 3859 2126 3925 praecipue

544 3925 963 3997 considerandus
993 3933 1093 3982 est.
1126 3928 1444 3995 Quesnellns
1474 3928 1687 3996 quidem
1730 3943 1876 3981 num.
1916 3927 1975 3982 l5
2002 3945 2127 3997 pro-

542 3995 722 4050 fitetur
756 3998 856 4052 sibi
908 3999 1045 4052 baud
1088 3998 1253 4054 fuisse
1281 3995 1503 4053 difficile
1536 3997 1636 4051 hoc
1660 3997 1920 4067 judicium
1962 3995 2120 4067 ferre,

540 4071 737 4141 quippe
779 4068 864 4123 cui
910 4068 967 4123 S.
998 4069 1193 4124 Leonis
1242 4072 1438 4137 scripta
1488 4069 1737 4123 editionis
1782 4084 1943 4123 causa
1989 4087 2125 4141 sa’pe

538 4140 724 4208 sapius
747 4140 1007 4210 releganti,
1029 4141 1437 4210 familiarissima
1470 4142 1607 4212 facta
1636 4150 1709 4199 est
1752 4142 1954 4212 phrasis
1993 4140 2127 4196 Leo-

540 4212 662 4265 uina
684 4219 916 4279 totusque
949 4212 1150 4267 dicendi
1189 4213 1472 4267 character.
1522 4216 1587 4264 At
1621 4226 1743 4269 cum
1777 4211 1939 4265 Leoni
1972 4215 2123 4268 attri-

539 4280 717 4337 bnerit
751 4296 1055 4336 sermonem
1086 4284 1152 4337 de
1193 4282 1453 4336 tlatliedra
1495 4281 1551 4335 S.
1586 4279 1729 4335 Petri
1770 4284 1837 4335 ob
1864 4284 2121 4350 quasdam

538 4365 698 4404 voces
720 4350 961 4415 similes,
995 4368 1153 4420 quem
1184 4369 1249 4407 ex
1279 4352 1561 4415 complexu
1591 4352 1753 4406 totius
1786 4355 2035 4409 dictionis
2062 4370 2123 4409 ac

543 4434 606 4473 ex
650 4422 966 4488 quibusdam
1004 4424 1165 4475 etiam
1202 4426 1421 4477 vocibus
1450 4439 1477 4477 a
1512 4423 1693 4479 Leone
1734 4424 2119 4479 alienissimum

539 4489 592 4563 in
616 4490 985 4563 admonitione
1012 4493 1378 4557 ostendimus,
1412 4508 1660 4546 veremur
1689 4511 1754 4547 ne
1786 4496 1897 4561 pari
1929 4493 2123 4563 praeju-

538 4559 894 4646 elicientium
937 4571 1086 4646 reete
1121 4564 1545 4646 jUdlLLGVﬁflbde
1574 4564 1712 4646 stylo
1760 4559 2121 4646 Ii‘b'ror-uritfde
2146 4586 2199 4646 Β

546 4630 865 4701 Yoratione,
914 4630 1210 4701 eademque
1256 4632 1507 4688 facilitate
1555 4630 1771 4688 eosdem
1820 4634 1985 4689 Leoni
2028 4638 2120 4690 tri-

541 4700 740 4773 buisse.
796 4702 948 4757 Enim
983 4700 1260 4758 veronon
1312 4705 1667 4759 inliciabimur
1709 4704 1859 4773 plura
1907 4705 2017 4758 loca
2066 4708 2117 4762 in

542 4772 621 4824 bis
654 4772 801 4850 libris
828 4788 1111 4829 occurrere
1132 4791 1249 4850 quae
1275 4775 1537 4850 Leonio:e_
1557 4772 1765 4850 syntaki
1796 4789 1857 4828 ac
1896 4792 2119 4850 numero

540 4846 772 4916 maxime
798 4857 1115 4912 congruunt.
1147 4847 1253 4902 Sed
1287 4848 1353 4901 ad
1382 4846 1629 4903 eumdem
1661 4847 1857 4916 stylum
1891 4847 2120 4914 proban-

541 4912 666 4986 dum
704 4915 827 4986 loca
865 4919 1068 4985 aliquot
1110 4921 1235 4973 hinc
1272 4926 1328 4975 et
1358 4917 1482 4973 hinc
1509 4912 1756 4984 excerpta
1784 4912 2115 4986 nequaquam

540 4984 831 5049 sufficiunt,
861 4987 1076 5056 quando
1106 4988 1205 5044 alia
1238 4988 1352 5043 loca
1382 4997 1666 5042 occurrant
1688 5002 1806 5056 quae
1828 4984 2113 5045 dictionem

536 5068 599 5126 ac
644 5058 838 5126 stylnm
862 5099 877 5124 ,
912 5072 1005 5112 seu
1037 5059 1403 5113 characterem
1448 5059 1669 5111 omnino
1709 5058 2022 5113 dissimilem
2052 5076 2115 5116 ac

534 5125 807 5181 diversum
846 5126 1107 5184 referunt.
1158 5131 1385 5197 Semper
1416 5130 1558 5184 enim
1588 5130 1781 5183 Leonis
1813 5130 1983 5198 stylus
2011 5132 2113 5187 sibi

537 5206 809 5268 constans,
837 5214 989 5266 setius
1015 5215 1333 5255 numerosus
1354 5239 1369 5261 ,
1402 5214 1553 5268 reque
1580 5201 1891 5268 perspicuus
1920 5201 1969 5254 in
2000 5216 2115 5256 om-

540 5266 691 5319 nibus
722 5270 838 5337 ejus
866 5270 1118 5337 operibus
1148 5271 1439 5325 invenitur.
1472 5266 1559 5325 λι
1581 5266 1638 5324 in
1684 5266 1832 5325 libris
1852 5272 1919 5325 de
1950 5271 2117 5327 Voca-

538 5339 683 5393 tione
714 5342 967 5397 nonnulla
1016 5342 1082 5395 ab
1133 5342 1221 5397 illa
1268 5342 1479 5397 svntaxi
1528 5350 1581 5395 et
1627 5358 1847 5397 numero
1888 5343 2110 5397 nimium

535 5424 759 5481 remora,
789 5423 841 5465 et
868 5412 1116 5481 languide
1145 5424 1235 5465 aut
1279 5412 1465 5467 durius
1508 5412 1801 5467 desinentia
1850 5414 1901 5467 in
1951 5427 2112 5469 aures

534 5478 784 5534 Leonium
813 5478 1003 5536 rationi
1031 5492 1271 5537 assuetas
1298 5494 1475 5537 statim
1509 5484 1807 5549 incurrunt,
1839 5498 1957 5552 qum
1981 5483 2117 5537 Leo-

536 5566 655 5603 nem
691 5568 794 5605 non
826 5553 1058 5621 sapiunt.
1114 5555 1471 5620 Perspicuitas
1516 5570 1645 5608 vero
1692 5570 1812 5622 qtae
1844 5556 1895 5607 in
1931 5566 2115 5608 nostro

538 5638 567 5680 ιι
592 5625 789 5677 υιιιιίίυο
812 5624 1089 5690 potmima
1117 5637 1169 5678 et
1189 5626 1621 5679 caustantissiina
1648 5623 1989 5691 prmrogativa
2010 5634 2113 5690 est,

536 5692 739 5759 aliquot
779 5696 830 5747 in
865 5693 1000 5749 locis
1032 5696 1344 5751 eorumdem
1378 5698 1634 5750 librorum
1675 5703 1857 5762 aperte
1905 5693 2116 5749 deside-

534 5773 703 5817 ratur.
734 5762 1030 5834 Longiores
1054 5769 1298 5835 quazdam
1330 5766 1535 5835 periodi
1565 5806 1580 5831 ,
1609 5766 1812 5835 aliquot
1837 5765 2116 5833 particulis

535 5844 598 5885 ac
635 5836 884 5888 sensibus
920 5837 1250 5899 complicatzn
1277 5837 1650 5902 expendantur
1714 5850 1776 5890 ac
1813 5837 2112 5903 praesertim

2239 527 2629 611 oumleonem
2661 529 2908 611 similiter
2944 527 3223 611 scripsisse
3254 527 3518 611 credibile
3540 538 3647 605 sit,
3678 527 3815 611 quis-

2237 611 2339 668 que
2366 598 2416 678 in
2442 599 2598 678 hujus
2621 601 2874 678 operibus
2900 598 3141 678 versatus
3173 603 3327 659 facile
3356 598 3644 678 intelliget:
3674 598 3814 669 Adde

2234 670 2489 751 quasdam
2524 672 2808 751 allegorias
2846 672 3071 751 longiori
3115 688 3273 729 sensu
3308 670 3616 751 productas,
3651 686 3812 751 quas

2235 737 2430 815 Leonis
2459 737 2851 815 consuetudine
2878 737 3202 811 abhorrent;
3233 737 3404 815 qualis
3425 750 3567 803 inter
3596 737 3811 809 cac'teras

2232 820 2323 897 est.
2364 812 2449 897 illa
2496 812 2591 868 lib.
2644 830 2716 897 tt,
2765 827 2813 897 c.
2850 815 2912 897 ll
2950 834 2961 867 :
3000 816 3099 897 Qui
3128 812 3296 897 autem
3326 820 3541 897 istarum
3570 838 3809 891 aquarum

2232 881 2551 962 dulcedinem
2578 881 2837 962 nesciunt,
2868 893 2913 939 et
2943 881 3113 962 adhuc
3142 888 3208 962 de
3230 890 3409 962 mundi
3434 890 3591 962 hujus
3616 881 3812 947 ’τοι-γεη-

2231 953 2364 1033 tibus
2386 953 2566 1033 Abibunt
2586 996 2599 1019 ,
2630 966 2716 1009 aut
2744 957 2894 1009 etiam
2916 958 2973 1033 Δεἱ
2997 958 3208 1033 aliquid
3238 953 3731 1033 primoribusjabris
3758 969 3811 1021 de

2228 1025 2341 1103 vilic
2370 1028 2513 1103 fonte
2532 1038 2881 1097 gastaverunt,
2906 1026 3138 1082 inebriari
3164 1025 3329 1103 totiter:
3356 1047 3513 1103 aureo
3544 1030 3810 1103 Babylonis

2229 1096 2385 1174 calice
2410 1096 2742 1174 delectantur,
2767 1108 2904 1174 etc._,
2939 1113 3038 1174 nec
3066 1113 3170 1153 non
3202 1098 3288 1155 illa
3321 1114 3440 1174 cap.
3472 1101 3547 1157 23
3578 1096 3809 1174 cpistola

2227 1166 2292 1220 ad
2328 1165 2836 1246 Qemelriademlut
2861 1168 2948 1246 de
2975 1170 3072 1246 bac
3110 1185 3321 1240 quoque
3361 1165 3561 1242 aliquid
3592 1165 3809 1246 attinga~

2228 1236 2370 1306 mus)
2406 1256 2417 1289 :
2454 1235 2641 1306 Implet
2672 1235 2827 1313 igitur
2854 1238 3077 1361 Spiritus
3116 1235 3321 1296 saucius
3364 1235 3616 1315 organum
3648 1235 3806 1315 suuvm,

2229 1317 2275 1359 et
2316 1318 2569 1361 tamauam
2613 1311 2703 1361 ﬁla
2748 1310 3057 1361 chartarum
3096 1313 3257 1361 (anait
3288 1314 3480 1361 digitus
3528 1314 3621 1361 Dei
3666 1321 3806 1361 rnrdn

2229 1317 2275 1359 et
2316 1318 2569 1377 tamquam
2598 1310 2705 1381 ﬁla
2748 1310 3057 1369 chordarum
3096 1313 3257 1381 tangit
3288 1310 3480 1381 digitus
3528 1314 3621 1369 Dei
3666 1310 3807 1373 corda

2226 1389 2534 1436 sanctorum.
2580 1381 2817 1439 Tandem
2851 1381 3075 1455 istorum
3118 1384 3288 1455 stylus
3318 1382 3579 1440 librorum
3611 1389 3805 1455 plenior

2228 1456 2280 1525 et
2310 1465 2711 1525 nonnumquam
2762 1453 3062 1525 turgidior.
3118 1444 3368 1525 epithetis
3413 1464 3468 1511 et
3516 1444 3806 1515 carnalibus

2228 1518 2697 1591 frequentior'est,
2728 1518 2885 1593 quam
2919 1524 2972 1579 in
3008 1518 3187 1579 Leone
3212 1525 3661 1593 deprehenditur.
3696 1528 3805 1585 Hac

2227 1594 2404 1667 omnia
2430 1595 2475 1667 si
2506 1593 2703 1667 stylum
2733 1596 2799 1647 ab
2828 1593 2928 1649 hoc
2968 1596 3218 1667 pontiﬁce
3246 1598 3479 1651 alienum
3510 1614 3615 1652 non
3648 1604 3802 1654 omni-

2229 1677 2296 1732 no
2323 1663 2598 1723 evidenter
2629 1663 3004 1721 demonstrant
3027 1707 3042 1732 ,
3075 1664 3204 1720 satis
3245 1676 3418 1721 tamen
3467 1668 3803 1725 dubitationis

2226 1730 2469 1799 injiciunt
2503 1746 2556 1789 ut
2586 1735 2783 1807 Leonis
2823 1739 2991 1807 stylus
3030 1730 3089 1791 in
3137 1736 3223 1791 his
3264 1738 3413 1793 libris
3454 1738 3636 1795 inesse
3679 1740 3800 1795 haud

2228 1813 2377 1857 certo
2403 1806 2673 1878 credatur.
2698 1806 2935 1878 Cumque
2957 1808 3176 1863 evenire
3204 1808 3455 1875 perfacile
3481 1812 3733 1876 potuerit,
3754 1821 3801 1866 ut

2228 1876 2471 1947 nonnulli
2519 1886 2645 1933 tunc
2685 1876 2940 1947 temperis
2986 1886 3039 1934 et
3084 1878 3302 1945 Romae,
3336 1890 3389 1934 et
3424 1880 3544 1935 aliis
3591 1881 3643 1934 in
3686 1884 3801 1938 locis

2225 1944 2385 2018 675
2416 1949 2748 2013 exstiterint,
2779 1944 3005 2020 quorum
3036 1946 3305 2003 scribendi
3340 1950 3475 2004 ratio
3504 1967 3611 2004 non
3646 1953 3801 2007 modi-

2226 2031 2346 2070 cum
2376 2020 2707 2085 conveniret,
2734 2036 2798 2074 ex
2823 2036 2967 2075 mera
2998 2022 3119 2091 styli
3144 2020 3519 2091 similitudine,
3546 2038 3801 2088 quaecum-

2226 2101 2330 2162 que
2360 2092 2719 2162 praetendatur
2750 2091 2891 2147 inter
2920 2091 3116 2162 stylum
3146 2090 3343 2146 Leonis
3376 2101 3433 2145 et
3463 2093 3719 2147 librorum
3743 2093 3801 2149 de

2227 2157 2552 2234 vocatione,
2584 2160 2715 2234 nihil
2744 2163 2874 2217 certi
2904 2157 3024 2234 elici
3060 2170 3235 2234 potest
3275 2171 3325 2234 ut
3363 2163 3540 2217 eidem
3575 2166 3797 2234 pontifici

2227 2226 2619 2305 adjudjcentur.
2653 2229 2877 2305 Caetera;
2904 2226 3177 2305 Ouesnelli
3207 2226 3654 2301 conjectationés,
3684 2250 3800 2305 quas

2226 2302 2350 2371 Styli
2382 2301 2727 2373 fundamento
2775 2304 2902 2358 satis
2954 2303 3165 2359 infirmo
3200 2315 3595 2373 superstructas
3618 2348 3633 2370 ,
3672 2301 3802 2361 recte

2227 2370 2348 2426 cum
2375 2370 2549 2426 Cavi-o
2576 2373 2641 2429 ad
2679 2390 2763 2429 an.
2808 2373 2951 2440 440,
2996 2370 3407 2448 conjecturarum
3451 2378 3625 2448 potius
3662 2393 3801 2446 quam

2228 2453 2643 2512 argumentorum
2674 2462 2852 2512 agmen
2884 2446 3245 2511 vocare‘licet,
3280 2446 3479 2500 nullam
3508 2447 3800 2502 distinctam

2229 2513 2986 2587 responsionemefﬂagitant.
3038 2518 3167 2581 Quit:
3198 2524 3377 2571 autem
3408 2532 3508 2572 nos
3540 2518 3593 2572 in
3627 2519 3801 2572 admo-

2230 2585 2432 2659 nitione
2470 2586 2596 2659 ipsis
2636 2585 2787 2659 libris
2808 2585 3099 2659 praemissa
3129 2602 3195 2645 ex
3228 2587 3473 2656 pluribus
3506 2602 3573 2642 ac
3599 2588 3801 2659 potiori-

2227 2653 2327 2710 bus
2354 2653 2977 2729 mss_.‘animadvertimus
3007 2658 3069 2712 ad
3097 2653 3368 2714 auctorem
3399 2659 3578 2729 aliqua
3601 2653 3801 2715 ratione

2228 2726 2569 2851 statuegqum
2595 2770 2609 2795 ,
2663 2729 2848 2798 quanti
2888 2728 3130 2785 facienda
3181 2729 3289 2786 sint
3327 2726 3558 2801 quisque
3585 2730 3803 2803 prudens

2228 2812 2283 2851 tu
2326 2812 2399 2850 ica
2447 2815 2502 2851 ι.

2222 2808 2502 2866 juoicamt.

2227 2931 2357 2996 5m.
2394 2933 2590 2996 Aliquot
2616 2933 2865 2993 Onesnelli
2887 2935 2992 2986 loca
3018 2936 3354 2986 excutiuntur.
3376 2933 3563 2985 Auctor
3582 2935 3801 2985 librorum

2292 2999 2354 3065 de
2384 2996 2645 3065 Vocatibne
2682 2997 2891 3047 omnim
2932 2996 3141 3065 gentium
3163 2996 3675 3065 admitmgeneralem
3696 3008 3801 3065 gra-

2289 3060 2401 3105 tiam
2445 3071 2537 3105 nou
2577 3059 2730 3107 solum
2770 3059 3045 3120 externam,
3094 3059 3182 3108 sed
3208 3062 3355 3109 etiam
3379 3061 3733 3119 internam,cui
3757 3067 3802 3110 et

2292 3132 2437 3181 posse
2461 3122 2644 3179 resisti,
2682 3127 2731 3171 et
2752 3122 2931 3171 multos
2961 3124 3198 3171 resistere
3219 3124 3381 3171 docet.
3409 3122 3659 3180 Quatenus
3679 3120 3803 3169 sudi-

2293 3184 2507 3231 cientem
2550 3191 2751 3245 instruat.
2778 3185 2853 3233 De
2879 3192 3035 3233 morte
3067 3184 3244 3234 Christi
3284 3196 3372 3245 pro
3393 3185 3621 3234 omnibus
3639 3182 3804 3233 Leonis

2292 3246 2526 3294 doctrina.
2554 3246 2607 3295 S.
2632 3244 2839 3308 Remigii
2859 3248 3104 3297 sententia
3126 3244 3421 3308 explicatur.

2302 3361 2386 3415 16.
2428 3358 2643 3415 Exactis
2683 3360 2746 3415 iis
2790 3375 2906 3427 qua:
2940 3358 3003 3413 ad
3041 3360 3369 3431 praecipuum
3415 3368 3575 3431 caput
3602 3368 3806 3431 contro-

2229 3432 2420 3487 versia:
2446 3431 2513 3485 de
2544 3441 2759 3486 auctore
2790 3432 2977 3484 horum
3010 3430 3268 3485 librorum
3314 3430 3613 3501 pertinent,
3641 3430 3805 3496 Ques-

2231 3503 2404 3557 nellus
2436 3504 2702 3557 nonnullis
2729 3501 3115 3571 objectionibus
3146 3501 3473 3572 respondet,
3502 3501 3683 3572 quibus
3710 3506 3808 3555 eo~

2231 3572 2473 3629 rnmdem
2502 3573 2757 3627 librorum
2798 3574 3092 3627 doctrinam
3123 3586 3152 3626 a
3181 3571 3422 3627 doetrina
3468 3572 3519 3625 S.
3557 3571 3805 3635 Prosiieri
3896 3604 3899 3605 ν

2229 3643 2491 3698 dissidere
2538 3643 2685 3699 card.
2732 3642 2972 3697 Norisius
3018 3641 3387 3697 contenderat.
3443 3641 3588 3697 lllius
3630 3652 3804 3698 autem

2229 3716 2455 3770 multum
2480 3714 2734 3769 intererat
2760 3714 3166 3768 consensionem
3191 3714 3449 3773 doetrinrc
3482 3722 3709 3766 statuere
3740 3728 3807 3768 ne

2230 3785 2288 3841 S.
2324 3787 2460 3848 Leo,
2489 3800 2646 3854 quem
2682 3784 2935 3839 librorum
2967 3794 3238 3839 auctorem
3271 3783 3585 3851 praeferebat
3606 3826 3620 3845 ,
3653 3784 3806 3839 aliter

2229 3857 2474 3911 docuisse
2503 3854 2812 3912 crederetur
2839 3855 2890 3910 in
2922 3856 3138 3910 materia
3161 3856 3371 3925 gratim,
3400 3871 3560 3925 quam
3585 3856 3806 3923 Prosper

2228 3929 2625 3995 Augustiuianae
2668 3928 2924 3982 doctrinm
2977 3924 3349 3980 tenaciSstmus
3395 3924 3598 3981 docuit.
3648 3924 3805 3980 Nobis

2226 4014 2375 4069 vero,
2405 4000 2493 4069 qui
2524 4014 2627 4053 non
2662 4000 2835 4069 minus
2862 4012 2891 4050 a
2919 3996 2977 4053 S.
3009 3996 3269 4067 PrOSpero
3295 4011 3457 4069 quam
3489 4012 3518 4051 a
3548 3997 3604 4051 S.
3635 3996 3804 4051 Leone

2228 4068 2328 4124 hos
2351 4067 2516 4124 libras
2537 4068 2977 4136 abjudieavimus,
3014 4069 3113 4123 etsi
3138 4072 3188 4122 in
3213 4067 3546 4137 propositum
3572 4077 3802 4121 nostrum

2228 4138 2343 4195 hsrc
2372 4141 2662 4210 disputatio
2694 4155 2800 4195 non
2831 4155 2980 4207 atque
3012 4139 3313 4210 necessaria
3343 4139 3414 4192 sit
3435 4180 3450 4202 ,
3479 4153 3599 4192 cum
3633 4148 3802 4193 tamen

2228 4212 2316 4265 ille
2366 4213 2417 4265 in
2467 4209 2914 4278 responsionibus
2966 4209 3217 4265 nonnulla
3268 4210 3561 4263 inseruerit
3608 4224 3723 4276 qua:
3771 4223 3801 4262 ι

2227 4293 2403 4336 mente
2433 4282 2695 4344 auctoris,
2728 4279 3049 4351 quicumque
3080 4281 3167 4344 sit,
3200 4280 3419 4334 omnino
3447 4279 3725 4351 dissident,
3752 4288 3804 4332 et

2227 4367 2624 4419 nonnumquam
2653 4348 2811 4405 etiam
2862 4351 2913 4404 in
2968 4352 3336 4405 damnatarum
3382 4348 3800 4419 propositionum

2225 4436 2441 4479 sensum
2488 4422 2793 4487 detorqueri
2844 4432 3086 4492 queunt,
3146 4420 3349 4491 aliqua
3401 4420 3802 4477 observationes

2224 4492 2614 4549 subnectendas
2645 4492 2964 4559 putavimus.

2296 4565 2385 4621 17.
2426 4564 2480 4617 In
2515 4563 2863 4631 responsione
2893 4564 2958 4617 ad
2987 4561 3209 4630 primam
3250 4559 3610 4616 ob'ectionem
3642 4560 3805 4626 Ques-

2296 4634 2398 4686 llus
2427 4634 2659 4686 afﬁrmat
2688 4642 2961 4686 auctorem
2995 4634 3247 4686 librorum
3298 4579 3366 4686 de
3418 4631 3711 4685 Vor-..:i-.nc
3756 4632 3805 4682 is

2225 4634 2398 4691 nellus
2427 4634 2659 4691 afﬁrmat
2688 4642 2961 4689 auctorem
2995 4634 3247 4687 librorum
3298 4631 3366 4686 de
3418 4631 3711 4685 Vor-..:i-.nc
3756 4632 3807 4682 is

2222 4703 2344 4758 locis
2375 4705 2459 4759 ubi
2488 4707 2701 4774 gratiam
2735 4704 2826 4758 Dei
2854 4705 3084 4759 omnibus
3119 4704 3289 4774 datam
3327 4705 3508 4755 asserit
3532 4744 3547 4767 ,
3582 4720 3667 4765 per
3697 4719 3807 4774 eam

2220 4773 2500 4844 intelligere
2519 4776 2769 4831 exteriora
2793 4785 2837 4829 et
2859 4777 3114 4828 naturalia
3137 4773 3229 4826 Πανί
3258 4776 3413 4838 dona,
3440 4792 3555 4844 qua!
3576 4773 3805 4825 omnibus

2219 4843 2500 4916 promiscue
2521 4846 2746 4917 exposita
2769 4857 2904 4911 sunt,
2932 4843 3475 4917 aliqaamliLMosaicw
3503 4843 3809 4917 legisdoeu-

2219 4914 2409 4980 menta,
2436 4914 2817 4987 nonnumquam
2838 4918 2989 4971 etiam
3014 4914 3171 4968 Sancti
3191 4914 3457 4986 Evangelii
3477 4915 3805 4987 prrrdiratio-

2219 5004 2354 5053 item,
2380 5004 2490 5055 quae
2506 4989 2629 5041 nulli
2647 4984 2909 5040 hominum
2927 4988 3201 5043 conditioni
3223 4984 3520 5055 denegatur.
3542 4985 3615 5039 Ita
3635 4984 3805 5036 solam

2222 5064 2445 5125 gratiam
2470 5071 2743 5113 externam
2769 5059 3015 5112 omnibus
3041 5057 3347 5111 hominibus
3368 5070 3710 5111 communem
3741 5055 3807 5108 ab

2222 5142 2439 5187 auctore
2461 5145 2717 5183 asserLam
2744 5130 2925 5192 tradit,
2957 5143 3061 5183 non
3092 5137 3267 5181 autem
3293 5128 3578 5181 internum.
3611 5126 3804 5177 Verum

2222 5216 2325 5257 non
2352 5202 2545 5259 desunt
2567 5199 2795 5269 theologi
2817 5198 3053 5269 celebres
3081 5199 3238 5269 etiam
3262 5195 3586 5269 Themisto,
3611 5196 3809 5269 quibus

2222 5270 2325 5326 hoc
2351 5272 2541 5325 falsum
2570 5267 2851 5325 visum'est
2884 5286 2898 5325 :
2931 5268 3069 5323 unde
3103 5268 3392 5337 probaturi,
3415 5267 3679 5337 70llllllbllS
3710 5267 3807 5337 lin-

2220 5341 2449 5396 minibus
2495 5341 2689 5395 adultis
2735 5340 2921 5395 saltem
2967 5336 3249 5405 aliquando
3296 5336 3530 5392 Conferri
3578 5336 3808 5406 gratiam

2220 5412 2449 5481 aliquam
2474 5412 2826 5466 sufficientem
2860 5412 3144 5475 intentam,
3179 5408 3717 5481 potioratestimonia
3746 5421 3809 5481 cx

2219 5479 2365 5537 hisce
2396 5482 2546 5535 libris
2569 5481 2815 5537 allertint.
2848 5480 3123 5535 Nonnullis
3145 5479 3357 5549 quidem
3385 5480 3434 5532 in
3467 5479 3598 5531 locis
3624 5479 3813 5545 gratia:

2219 5556 2429 5606 nomine.
2450 5556 2557 5605 sola
2583 5562 2801 5606 externa
2824 5554 3015 5605 auxilia
3042 5553 3127 5605 hic
3159 5559 3343 5605 auctor
3370 5549 3717 5615 significavit.
3748 5551 3813 5599 At

2219 5640 2321 5677 ttou
2364 5628 2474 5679 lucc
2516 5626 2625 5675 sola
2676 5623 2925 5676 omnibus
2960 5639 3261 5677 ('OIIHIIUIIM
3300 5624 3531 5673 asseruit
3563 5639 3572 5671 :
3605 5618 3811 5672 alicubi

2217 5694 2359 5748 euitn
2402 5708 2741 5749 communem
2785 5696 2944 5747 etiam
2994 5696 3177 5747 docuit
3264 5691 3451 5745 vatiam
3513 5691 3695 5743 lntern
3719 5706 3813 5743 ιιῐι.

2218 5764 2503 5817 Exolorata
2531 5770 2669 5817 inter
2698 5771 2893 5817 caetera
2921 5774 3047 5817 sunt
3079 5762 3165 5817 illa
3197 5707 3286 5817 lii).
3317 5777 3353 5816 ιι
3375 5806 3389 5817 .
3422 5775 3473 5815 c.
3506 5761 3575 5816 25
3605 5777 3620 5813 :
3660 5759 3813 5817 Sicut

2218 5764 2503 5832 Explorato
2531 5770 2669 5820 inter
2698 5771 2893 5820 caetera
2921 5774 3047 5819 sunt
3079 5762 3165 5818 illa
3197 5759 3286 5817 lib.
3317 5777 3389 5829 ιι,
3422 5775 3473 5815 c.
3506 5761 3620 5832 25;
3660 5759 3818 5823 Sicut

2217 5828 2389 5886 autem
2418 5835 2553 5887 circa
2586 5837 2803 5904 majora
2838 5836 2854 5887 l
2866 5833 2915 5889 id
2952 5842 3035 5890 est
3061 5832 3292 5898 adultos)
3321 5828 3508 5895 prater
3539 5828 3698 5885 illam
3716 5845 3821 5892 es-
