3984 6306
490 361 602 424 391

973 356 1215 418 i’ASCH.
1254 354 1633 427 QUESNELLI
1684 351 2270 413 DISSERTATIONES
2304 350 2368 411 IN
2408 352 2467 413 S.
2507 352 2750 414 LEONIS
2792 354 3007 415 MAGNI
3045 353 3306 413 OPERA.

3656 360 3754 422 59!

501 476 769 542 Prospero
794 481 1189 547 nuncuparunt.
1219 472 1297 547 ita
1326 472 1468 527 enim
1486 470 1727 547 legimus
1760 470 1811 523 in
1842 468 2081 525 editione
2109 471 2157 531 A
2186 479 2373 547 contra
2396 483 2527 524 vero
2554 469 2945 547 pluribus_ali_is
2974 470 3105 526 locis
3144 470 3212 526 de
3250 470 3507 541 Prosperi
3549 472 3748 547 delega-

466 519 1631 615 iédﬁééuiiiﬁméiis'niiéiiniTteéreuauu'in
1652 543 1836 615 Boium
1885 519 2077 615 proeli:

498 629 610 674 rata
641 634 671 674 a
697 610 1012 674 doetissimo
1038 615 1310 674 cardinale
1335 613 1563 668 Antonio
1592 610 1781 667 Carafa
1812 620 1867 665 et
1909 614 1960 667 in
1990 611 2079 666 Bi-

497 693 656 745 niana
686 690 1038 746 conciliorum
1070 704 1085 744 ε
1120 686 1241 740 Non
1262 686 1458 740 videtur
1483 683 1821 737 dubitandum
1845 684 1969 751 quin
1998 698 2081 736 sc-

494 762 704 832 quentia
737 761 838 815 sint
882 759 1143 832 Prosperi,
1182 770 1284 832 tam
1322 768 1437 810 sunt
1476 755 1665 808 similia
1703 764 1749 807 et
1775 762 2079 832 grgumcnto

492 824 540 885 et
570 833 704 901 style
744 833 856 903 ejus
898 824 1149 903 δενίριᾲὶεζΔ
1173 827 1326 882 Libro
1369 834 1502 903 certe
1542 835 1720 903 centra
1766 824 2078 903 Collatorem

494 894 666 974 capiia
696 894 952 974 quadam
972 894 1171 969 attingit
1198 915 1321 964 non,
1350 897 1670 974 dissimiliter
1715 894 1978 974 atq_ue_lti_c
2004 895 2080 949 lc—

495 965 720 1043 qu'ntur.’
740 972 858 1029 Non
887 965 1235 1043 aliaequoque
1260 968 1457 1043 scripta
1490 968 1541 1021 in
1586 977 1767 1043 mente
1799 965 2072 1043 habuisse,

494 1036 657 1113 quam
700 1060 820 1113 qua:
862 1043 946 1097 his
985 1036 1243 1110 capitulis
1289 1039 1653 1113 continentur,
1699 1039 1815 1113 viri)
1846 1036 2077 1113 erudito

498 1106 645 1169 visus
673 1106 756 1169 est
786 1106 1118 1176 llincniarus,
1149 1126 1272 1165 cum
1304 1110 1355 1163 in
1386 1109 1524 1163 libro
1550 1109 1618 1163 de
1640 1122 1743 1161 non
1770 1106 1931 1161 'I‘riua
1957 1107 2079 1176 Dei-

495 1192 604 1239 tate
627 1183 789 1255 (Pag.
812 1184 882 1237 4‘2
908 1194 1030 1238 tam.
1055 1181 1074 1236 1
1100 1178 1945 1255 edit._Sirnion.)‘allegat_decreta
1964 1175 2078 1255 ρω-

498 1246 661 1309 lcstini
687 1246 856 1327 paper,
886 1271 953 1327 ea
981 1256 1130 1323 cujus
1154 1246 1671 1327 delegatione'beatjs
1700 1247 1928 1327 Prosper
1956 1246 2077 1327 hinc

495 1320 721 1379 exortam
757 1320 1009 1379 'hwresim
1038 1320 1052 1323 7
1065 1340 1154 1391 per
1199 1320 1554 1375 auctoritatem
1594 1320 2074 1391 Scripturagumwet

492 1395 780 1465 doctrinam
802 1394 863 1448 Β.
892 1387 1164 1465 Augustini
1189 1392 1362 1446 revicit
1386 1387 1756 1465 etcomprcssit
1788 1393 1839 1442 in
1866 1387 2073 1465 Galliis.

495 1464 649 1523 Unde
680 1467 841 1532 huius
872 1461 1191 1533 suspicionis
1219 1471 1406 1516 auctor
1436 1462 1754 1516 latissimum
1802 1461 2075 1533 excogita-

492 1536 570 1591 vit
615 1530 907 1592 discrimen
954 1530 1092 1588 inter
1143 1532 1316 1602 Opera
1370 1547 1488 1602 quae
1535 1532 1746 1603 privato
1796 1530 2076 1585 catholicae

492 1606 754 1676 doctrina:
785 1603 1451 1676 propugnandmeeloper
1475 1610 1647 1676 semet
1677 1613 1959 1676 aggressus
1988 1609 2072 1656 est

493 1674 745 1746 Prosper,
774 1671 827 1729 et
857 1671 984 1746 cani
1004 1676 1152 1745 quasi
1171 1673 1304 1746 fidei
1333 1671 1637 1746 fortiiulam,
1672 1687 1829 1746 quam
1874 1671 1942 1724 ab
1980 1686 2076 1746 eoo

495 1746 616 1802 dem
633 1742 914 1816 'pontilicis
960 1742 1183 1816 Romani
1216 1745 1330 1816 vice
1373 1758 1436 1800 ac
1475 1742 2076 1816 delegationecousqri-

496 1802 842 1889 ptam'putat.
875 1815 1069 1889 l_u_illis
1101 1814 1351 1889 videlicet
1393 1817 1545 1889 quasi
1584 1802 1818 1868 Iiberiori
1858 1802 2076 1889 ingenio

497 1883 547 1942 et
580 1883 785 1942 calamo
816 1886 1179 1956 indulgentem
1209 1883 1572 1940 abstrusiores
1615 1898 1982 1956 quascumque
2009 1883 2079 1939 de

496 1961 664 2026 gratia
706 1968 761 2015 et
790 1953 1265 2027 praedestinatione
1305 1953 1642 2026 quaestiones
1678 1953 1850 2027 fusius
1876 1969 2080 2024 expen-

494 2030 668 2096 disse;
700 2032 751 2085 iu
782 2026 881 2083 hac
924 2044 1055 2084 vero
1096 2042 1387 2099 perpauca,
1436 2040 1607 2099 ea-iue
1649 2026 2079 2099 omnibuspeue

494 2102 673 2165 obvia,
699 2103 786 2155 vix
812 2101 1071 2170 attigisse,
1101 2095 1169 2153 ne
1198 2095 1266 2153 ab
1291 2113 1355 2153 ea
1374 2095 1641 2155 brevitate
1661 2112 1781 2170 qua:
1803 2095 1925 2150 fidei
1954 2110 2081 2167 pro-

498 2170 789 2227 fessionem
818 2169 975 2226 decet
1001 2170 1234 2225 maxime
1264 2170 1478 2234 longius
1502 2169 1825 2223 discederet.

567 2242 765 2298 Verum
799 2251 857 2297 ut
897 2242 1277 2309 coniectationi
1328 2239 1451 2294 huic
1498 2254 1606 2293 non
1649 2236 1913 2293 assentiar
1940 2237 2082 2309 facit

500 2312 554 2367 Γ
580 2313 723 2383 quod
761 2328 822 2369 ea
854 2327 979 2383 quae
1002 2307 1079 2383 (α)
1111 2312 1179 2367 de
1202 2310 1542 2383 delegatione
1567 2310 1822 2383 Prosperi
1855 2307 2078 2363 trahun-

499 2377 687 2439 tur'ex
716 2377 895 2439 verbis
936 2377 1215 2437 Hiiicmari
1239 2382 1306 2436 ad
1335 2377 1525 2435 isthmc
1557 2377 1824 2448 Capitula,
1856 2395 1964 2433 nou
1993 2393 2080 2433 sa-

498 2454 566 2508 tis
590 2454 744 2508 firmo
768 2454 1010 2509 nituntur
1036 2452 1408 2508 fundamento.
1439 2450 1549 2507 Etsi
1580 2452 1722 2505 enim
1748 2452 1804 2503 in
1834 2452 2081 2504 confesso

494 2532 578 2578 est
621 2525 943 2596 Prosperum
973 2539 1006 2596 ἓ
1046 2522 1174 2596 sede
1208 2523 1496 2596 apostolica
1530 2523 1832 2596 delegatum
1865 2521 2079 2596 essead

500 2590 934 2664 propugnaudam
970 2590 1551 2650 Ecclesias‘catholicte
1589 2590 2081 2664 degratiaChristi

498 2661 820 2727 doctrinam.
847 2667 1009 2720 nimis
1039 2675 1218 2719 tamen
1248 2664 1635 2733 constringitur
1664 2662 1761 2733 illa
1786 2661 2075 2730 delegatio,

499 2738 544 2790 si
568 2738 633 2791 ad
675 2752 838 2806 pauca
873 2738 988 2791 haec
1015 2734 1439 2806 brevissimaque
1458 2731 1705 2806 Capitula
1740 2731 1903 2806 fuer_it
1929 2745 2081 2786 coar-

498 2815 638 2862 ctata
669 2801 687 2860 Ξ
714 2822 835 2862 cum
862 2822 930 2863 ex
962 2810 1077 2875 ipso
1101 2801 1367 2874 Prospero
1399 2804 1451 2858 in
1484 2801 1799 2875 praefatione
1840 2801 2082 2871 Respon-

501 2878 669 2932 sionis
700 2877 765 2933 ad
794 2873 1123 2948 obiectiones
1150 2873 1532 2948 Vincentianas
1559 2876 1717 2945 longe
1744 2873 1893 2948 plura
1924 2876 1992 2929 ab
2016 2888 2082 2928 eo

509 2950 777 3003 discamus
800 2944 919 3003 esse
937 2951 1241 3013 conscripta
1258 2947 1514 3002 adversus
1534 2944 1720 3014 gratiae
1748 2944 1991 2999 inimicos
2013 2959 2083 2999 ex

508 3020 756 3075 mandato
782 3018 927 3074 sedis
957 3019 1286 3089 apostolica,
1320 3026 1481 3088 atque
1520 3016 1808 3089 adeohaec
1847 3016 1981 3089 ipsa,
2028 3017 2082 3069 iu

505 3091 696 3160 quibus
738 3088 1115 3162 profundibres
1144 3089 1470 3162 quiestiones
1516 3088 1804 3162 ventilasse
1843 3088 2079 3162 dicitur;

496 3158 565 3235 ita
596 3172 653 3217 ut
683 3158 821 3231 pene
853 3162 1017 3235 695
1061 3158 1267 3216 certum
1317 3159 1713 3235 sit,_quidquid
1752 3158 2077 3235 scriptorum

2187 540 2335 595 tione
2359 540 2428 595 ita
2461 556 2765 595 sermonem
2807 541 2956 607 facit,
2988 551 3049 596 ut
3077 557 3369 611 numquam
3398 540 3524 597 eum
3553 559 3653 598 non
3670 540 3751 603 le.

2183 612 2292 680 gati
2324 625 2545 685 persona
2576 611 2841 685 indutum,
2875 628 3163 685 numquam
3204 627 3315 685 non,
3344 612 3621 685 legationis
3644 615 3754 685 iure
3782 637 3789 657 ι

2184 690 2238 755 et
2262 681 2580 755 auctoritate
2628 684 2953 738 scribentem
2985 681 3221 740 inducat.
3255 681 3475 739 Hinc'in
3502 681 3661 755 opere
3696 687 3753 744 de

2183 752 2814 825 Erindestiiiationecap.
2847 755 2898 818 l.
2928 764 2981 811 et
3004 757 3194 810 eodem
3226 768 3386 810 sensu
3436 752 3626 825 lib.:de
3659 772 3752 813 non

2182 822 2345 877 Tritia
2380 822 2587 906 D-eitate
2622 824 2786 947 {Pas}:
2833 826 3067 910 15.ed.it.
3119 825 3465 907 Sirmondi);
3516 824 3756 908 Instantis

2182 890 2422 947 Procnen
2460 910 2525 947 ea:
2558 896 2618 947 de
2644 907 2873 947 eaatione
2918 913 3081 947 msms
3121 904 3313 947 sancte
3342 898 3642 947 universalis
3670 897 3755 947 Ec-

2182 890 2426 965 Prosperi
2460 910 2525 965 ea:
2558 890 2873 959 delegatione
2918 898 3081 961 ipsius
3121 904 3313 950 sancte
3342 890 3642 950 universalis
3670 897 3755 951 Ec-

2181 964 2367 1036 etesite.
2393 964 2712 1035 redargutos
2731 969 3114 1036 convictosque
3131 967 3261 1021 dicit
3277 967 3444 1020 fuisse
3467 967 3753 1025 haereticos.

2181 1032 2321 1109 [line
2345 1052 2410 1109 ex
2450 1032 2771 1109 delegatione
2814 1032 3115 1103 apostolica
3160 1038 3293 1091 sedis
3320 1038 3671 1109 incomposita
3710 1040 3755 1093 in

2181 1102 2397 1185 Quilicis
2424 1102 2716 1185 regionibus
2740 1109 2808 1185 ab
2849 1102 2908 1163 eo
2953 1109 3256 1185 composita,
3302 1107 3433 1185 digit
3472 1102 3540 1163 ei
3586 1109 3753 1185 pratia:

2182 1177 2329 1249 tione
2380 1178 2445 1231 ad
2512 1177 2892 1234 Vincentianas
2939 1179 3292 1247 obiectiones.
3345 1178 3479 1233 Hine
3526 1181 3692 1249 capite
3726 1178 3753 1234 5

2181 1246 2420 1319 ejusdem
2446 1250 2635 1319 operis
2679 1250 2924 1319 eumdem
2959 1246 3285 1319 Prosperum
3328 1258 3487 1303 vocat
3534 1246 3757 1306 absoluto

2181 1317 2403 1391 legatum
2439 1318 2681 1373 Romani:
2725 1318 2991 1385 Ecclesiae,
3036 1317 3343 1391 ﬁdelcmque
3378 1323 3492 1391 ejus
3532 1322 3758 1391 interpre-

2182 1396 2297 1462 tem.
2342 1390 2405 1462 Ιξὶι
2431 1392 2533 1462 sub
2558 1392 2714 1445 finem
2746 1391 2988 1462 eiusdem
3021 1391 3164 1458 libri,
3198 1392 3287 1462 qui
3317 1390 3755 1462 deprmdestina-

2181 1458 2447 1532 tionAeDei
2477 1461 2633 1515 aliter
2662 1458 2863 1517 sentire
2891 1461 3122 1516 voluerit
3150 1458 3305 1532 quam
3337 1460 3519 1515 beatus
3553 1460 3756 1532 Prosper

2179 1544 2245 1604 ea:
2263 1530 2581 1604 delegatione
2607 1533 2742 1586 sedis
2770 1533 3065 1600 apostolicae
3101 1530 3255 1604 jussu
3301 1536 3465 1586 sancti
3516 1531 3753 1604 Cwlestini

2179 1599 2431 1669 deﬁnivit,
2462 1601 2659 1657 indicat
2691 1617 2822 1657 sane
2847 1619 2969 1658 eum
3001 1599 3115 1659 non'
3132 1604 3337 1658 sentire
3364 1620 3378 1657 :
3404 1602 3552 1672 quod
3582 1603 3645 1657 ad
3672 1600 3758 1657 Ca-

2180 1673 2370 1743 pitula,
2394 1688 2513 1742 qua:
2537 1673 2605 1727 de
2627 1674 3097 1743 praedestinatione
3121 1674 3252 1728 nihil
3275 1687 3537 1741 expresse
3561 1672 3753 1733 habent.

2182 1740 2331 1826 trahi.
2363 1740 2695 1826 nequaquam
2728 1753 2923 1813 potest.
2956 1744 3198 1826 Denique
3225 1758 3323 1800 nec
3351 1745 3458 1798 isto
3472 1744 3642 1826 loco,
3664 1759 3746 1826 nec

2184 1812 2235 1866 in
2263 1814 2371 1867 ullo
2397 1812 2503 1869 alio
2535 1812 2851 1897 itinemarus
2892 1812 3125 1897 ascribit
3157 1816 3424 1897 Prospero
3464 1813 3749 1897 gapitpla:

2183 1898 2303 1953 qua:
2341 1885 2613 1940 sexcentis
2650 1886 2781 1941 locis
2825 1886 2970 1941 inter
3016 1887 3233 1942 decreta
3277 1884 3565 1941 leestini
3603 1886 3667 1940 ab
3702 1899 3755 1941 eo

2184 1966 2558 2027 numerantur,
2582 1971 2764 2027 eoque
2792 1959 3010 2013 nomine
3044 1958 3350 2012 laudantur.

2252 2025 2417 2097 696
2444 2025 2533 2081 ιν.
2572 2026 2627 2080 2.
2671 2025 2888 2083 Minime
2917 2028 3129 2083 videtur
3159 2026 3465 2098 huiusmodi
3514 2028 3749 2097 scriptum

2184 2112 2401 2169 nomine
2427 2102 2824 2169 et_auctoritate
2847 2114 2943 2154 seu
2973 2099 3277 2160 Caelestini,
3297 2112 3416 2169 seu
3458 2098 3754 2169 cuiusquam

2183 2168 2453 2238 pontiﬁcis
2483 2167 2734 2235 Romani,
2765 2170 3055 2235 prodiisse,
3083 2171 3175 2224 sed
3206 2170 3274 2225 ab
3296 2167 3749 2238 homiue'privato.

2183 2237 2268 2292 vel
2312 2240 2580 2307 privatum
2634 2240 2905 2295 hominem
2961 2241 3217 2296 induente
3259 2240 3427 2295 fuisse
3471 2237 3752 2297 exaratum.

2184 2324 2291 2381 non
2326 2317 2383 2362 ut
2416 2310 2679 2377 publicam
2704 2320 2759 2366 et
2787 2320 3117 2367 auctoratam
3148 2310 3273 2365 lidei
3300 2311 3571 2381 regulam,
3606 2310 3689 2365 sed
3712 2318 3757 2363 ut

2184 2379 2448 2448 privatum
2495 2382 2732 2435 doctoris
2780 2382 3028 2437 catholici
3060 2379 3565 2448 commonitorium,
3616 2381 3756 2435 ﬁdem

2183 2450 2397 2519 quidem
2434 2451 2684 2506 Ecclesiae
2711 2452 3048 2521 inquirentis.
3072 2452 3416 2517 elucidantis,
3443 2451 3753 2514 exhibentis,

2184 2534 2290 2575 non
2322 2529 2501 2577 tamen
2532 2525 2851 2578 auctoritate
2879 2524 3172 2591 apostolica
3204 2522 3621 2593 promulgantis.
3649 2521 3757 2579 Ubi-

2183 2606 2288 2661 que
2317 2592 2461 2646 enim
2492 2601 2680 2646 auctor
2708 2594 2798 2648 ille
2829 2594 3035 2661 paciﬁci
3062 2592 3437 2650 conciliatoris’
3458 2607 3751 2664 personam,

2183 2668 2239 2748 et
2255 2664 2611 2748 ,ξυνηρεηαὶωρ
2623 2664 3106 2748 ’ξηάὶσιιιὶ,υιῃ.ἰρςε
3124 2665 3393 2748 _loquitur,
3424 2664 3756 2721 collectorem

2185 2734 2313 2804 agit,
2352 2748 2457 2789 non
2513 2734 2782 2804 publicum
2825 2735 2985 2790 edicti
3016 2733 3376 2790 ’ecclesiaStici
3431 2749 3755 2803 praeconem;

2184 2803 2348 2858 relert
2373 2803 2765 2873 praeteritorum
2797 2806 3053 2861 Romanae
3077 2806 3224 2861 sedis
3248 2805 3558 2861 antistitum
3583 2810 3758 2862 Aucto—

2184 2874 2393 2939 ritates,
2425 2889 2530 2929 non
2562 2877 2807 2944 praesulis
2838 2887 2965 2933 tunc
2990 2877 3231 2932 sedentis
3261 2876 3641 2932 auctoritatem
3666 2877 3755 2931 cir-

2183 2944 2413 3000 cumfert
2442 2962 2456 2999 :
2484 2954 2539 3000 et
2566 2948 2735 3017 magis
2778 2948 3047 3003 instruere
3086 2947 3297 3003 videtur
3335 2956 3612 3003 errantem
3640 2948 3758 3001 ami-

2183 3030 2328 3083 cum,
2359 3031 2516 3086 quam
2560 3016 2858 3073 Ecclesiam
2889 3017 3085 3074 ducere
3115 3019 3445 3073 universam.
3472 3018 3547 3073 At
3574 3032 3634 3073 ea
3663 3031 3753 3072 non

2183 3096 2267 3141 est
2296 3088 2557 3160 tractandi
2583 3089 2718 3143 ratio
2742 3088 3009 3159 Prospero
3030 3088 3331 3153 familiaris,
3360 3088 3453 3160 qui
3484 3102 3756 3160 numquam

2184 3172 2292 3211 non
2319 3158 2528 3223 scribit,
2559 3160 2659 3214 nisi
2686 3168 2742 3213 ut
2769 3158 3069 3215 conductus
3099 3160 3353 3215 Ecclesia:
3378 3158 3664 3225 Patronus,
3690 3167 3762 3211 to-

494 3232 562 3287 de
602 3229 769 3302 gratia
819 3229 1089 3301 ev'uig'avit
1142 3240 1360 3302 sanctus
1411 3229 1663 3299 Presper,
1712 3229 1907 3302 saltem
1956 3236 2077 3297 post
2105 3229 2152 3293 C
2182 3234 2406 3302 tamque
2461 3230 2578 3297 eius
2637 3230 2849 3302 veritati
2902 3232 3299 3302 propugnandae
3355 3229 3753 3302 circumducens

496 3297 790 3357 Romanam
843 3297 1257 3372 profectionem,
1305 3301 1357 3354 id
1397 3297 1559 3355 omne
1604 3313 1672 3372 ext
1711 3297 2076 3372 Romanorum

495 3374 811 3496 gentilicqu
841 3369 1154 3441 praescripto
1182 3373 1251 3427 ab
1280 3372 1397 3440 ipso
1416 3373 1618 3425 editum
1641 3369 1900 3449 fuisse,et
1921 3370 2073 3447 quasi

535 3444 622 3496 dei
665 3452 965 3496 portionem
1015 3452 1249 3496 assertas
1297 3440 1366 3493 ab
1402 3454 1469 3495 eo
1516 3454 1639 3495 esse
1686 3448 2073 3496 nrooosittones

535 3443 622 3498 dei
665 3444 965 3511 portionem
1015 3437 1249 3496 as'sertas
1297 3437 1366 3493 ab
1402 3454 1469 3511 eo
1516 3454 1639 3511 esse
1686 3437 2081 3511 pr0positiones

496 3512 615 3567 illas
641 3507 774 3582 quas
806 3513 957 3567 libris
985 3512 1098 3565 suis
1124 3513 1382 3582 adversus
1403 3510 1862 3582 Semipelagianos
1892 3507 2080 3582 defen-

494 3584 593 3637 dit.
633 3578 724 3638 Sic
758 3584 899 3637 enim
928 3582 1115 3636 scribit
1149 3599 1160 3633 :
1198 3580 1485 3645 Propositis
1514 3578 1814 3649 singillatim
1860 3578 2081 3632 sedecim

495 3652 765 3724 Capitulis.
800 3653 893 3708 sub
920 3668 1226 3721 unoquoque
1252 3667 1429 3705 eorum
1457 3666 1633 3703 sensus
1674 3650 1833 3702 nostri
1859 3660 1903 3701 et
1937 3664 2079 3703 riunt

493 3737 635 3788 ouans
666 3740 870 3778 comas
900 3724 1233 3779 PELAGIANOS
1253 3738 1321 3777 ex
1346 3734 1683 3775 srosrouca:
1712 3734 1857 3773 SEDIS
1884 3734 2085 3773 suc-ro-

498 3810 694 3849 ιιιτΑτε
724 3808 1055 3865 DEFENDIIUS
1083 3792 1274 3865 (Prcef.
1312 3790 1581 3865 Respaad
1612 3790 1915 3865 objectiqnes
1949 3788 2080 3865 Xin-

498 3866 807 3931 ccntianas).
834 3865 913 3918 Ex
945 3859 1139 3933 quibus
1168 3859 1443 3918 evanescit
1467 3860 1754 3916 discrimen
1788 3860 1917 3914 illud
1947 3859 2079 3933 Pro-

497 3935 641 4006 speri
669 3950 808 3991 nunc
841 3932 1110 4005 privatim,
1144 3949 1286 3990 nunc
1315 3933 1564 4006 publice;
1597 3945 1737 3987 nunc
1765 3946 1836 4006 ex_
1866 3932 2082 4000 proprio

494 4002 733 4077 ingenio,
778 4002 923 4062 nunc
965 4021 1045 4077 ex,
1069 4002 1386 4060 auctoritate
1439 4004 1583 4058 sedis
1621 4002 1941 4077 aposmlicze
1969 4016 2081 4077 pu-

495 4072 744 4147 gnantis;
771 4077 930 4132 isthic
955 4076 1151 4131 arduas
1176 4090 1415 4147 quasque
1444 4072 1773 4147 quimstiones
1802 4072 2081 4147 excutien-

497 4144 587 4215 iis,
621 4149 729 4204 illic
752 4148 1072 4203 abstinentis
1101 4146 1170 4203 ab
1194 4144 1641 4203 abstrusiOribus.
1692 4144 1896 4198 Passim
1934 4146 2081 4199 enim

496 4226 553 4274 et
575 4220 771 4290 ubique
802 4222 853 4274 iu
884 4218 1002 4274 aliis
1031 4220 1248 4288 scriptis
1276 4220 1466 4273 eadem
1495 4224 1633 4290 arte,
1671 4215 1859 4269 iisdem
1890 4216 2079 4290 armis,

495 4286 697 4345 eadem'
718 4290 971 4346 Ecclesia:
1012 4286 1335 4345 auctoritate
1364 4286 1600 4358 munitus
1628 4294 1832 4358 pugnat
1861 4296 1911 4339 et
1959 4286 2079 4358 vin-_

494 4363 608 4415 cit:
640 4361 798 4415 nullis
842 4376 948 4414 non
991 4373 1052 4415 se
1099 4361 1365 4415 immiscet
1408 4356 1817 4428 quaestionibus,
1849 4371 1970 4428 quae
2014 4356 2081 4428 ad

494 4432 731 4512 gratiam
771 4432 1251 4512 spectant,'_etiain
1299 4427 1619 4512 difficilioris
1671 4442 1735 4481 ac
1782 4427 2083 4512 subtilioris

496 4498 878 4571 inquisitionis,
925 4516 1027 4571 nec
1060 4500 1165 4555 illis
1205 4508 1439 4565 tantum,
1478 4500 1670 4571 qutbus
1717 4512 1838 4552 sese
1866 4498 2081 4571 theolo-

496 4570 593 4640 gus
620 4581 890 4640 exerceat,
936 4570 1029 4625 sed
1059 4580 1114 4625 et
1144 4571 1209 4624 iis
1242 4571 1435 4640 quibus
1475 4570 1756 4624 adhaerere
1787 4570 2081 4640 necessitas

500 4638 765 4695 incumbit
793 4639 1120 4702 Christiano.
1159 4642 1205 4695 si
1246 4638 1365 4695 cum
1414 4640 1649 4695 Ecclesia
1680 4638 1881 4692 sentire
1926 4639 2076 4705 velit,

497 4722 555 4765 ut
583 4726 647 4765 ex
679 4710 865 4766 relatis
895 4712 953 4765 tit
980 4710 1341 4766 manifestum.
1391 4709 1595 4765 Deinde
1633 4711 1697 4764 ad
1730 4709 2075 4763 Hincmarum

536 4782 640 4836 uod
664 4783 875 4849 attinet,
904 4795 1003 4837 nec
1032 4783 1085 4835 in
1120 4796 1186 4837 eo
1228 4781 1447 4849 quidem
1475 4782 1615 4847 loco,
1660 4780 1749 4849 qui
1782 4779 2075 4849 profertur,

536 4853 891 4922 elegationem
916 4851 1161 4923 Prosperi
1187 4852 1254 4907 ad
1275 4851 1517 4921 Capitula
1541 4852 1641 4906 ista
1665 4851 1751 4905 vel
1770 4852 2075 4917 scribenda,

494 4925 578 4979 vel
610 4923 993 4994 promulganda
1026 4924 1208 4991 refert,
1238 4924 1333 4978 sed
1357 4924 1423 4978 ad
1451 4938 1513 4978 ea
1548 4923 1722 4988 potius
1751 4923 1930 4975 omnia
1957 4937 2079 4994 quae

496 5010 747 5051 reversus
772 4991 1085 5051 in'Galliam
1113 4995 1200 5051 vel
1228 4995 1445 5064 scripsit
1468 4994 1551 5048 vel
1582 4993 1855 5049 disseruit.
1890 4991 2079 5064 verbis

497 5068 642 5136 enim
675 5066 850 5121 solum
880 5066 1155 5135 opusculis
1182 5063 1414 5136 loquitur
1457 5064 1773 5136 Hincmarus
1802 5064 1853 5116 iu
1882 5063 2074 5133 quibus

500 5134 730 5208 Prosper
783 5134 1015 5208 hgrcsim
1055 5153 1145 5208 per
1193 5134 1547 5191 auctoritatem
1582 5135 2074 5208 Scripturarmuwet

498 5203 789 5280 doctrinam
812 5206 885 5280 Βὲ
911 5203 1183 5280 Augustini
1204 5208 1378 5262 revicit
1404 5218 1450 5262 et
1476 5206 1769 5280 compressit
1786 5206 1861 5280 _iu_
1880 5203 2069 5280 Gallis.

498 5277 567 5331 At
596 5278 745 5332 nullo
782 5292 814 5334 e
851 5274 1168 5348 Scripturis,
1217 5280 1362 5334 nullo
1408 5294 1472 5333 es
1521 5274 1803 5348 Augustini
1832 5276 2070 5348 doctrina

496 5358 710 5417 sumpto
731 5357 1053 5420 argumento
1080 5346 1281 5420 pugnat
1323 5358 1510 5404 auctor
1556 5346 1942 5420 capitulorum,
1978 5346 2071 5402 sed

436 5434 457 5507 ρ
498 5434 570 5507 εξ
585 5420 699 5473 sola
725 5419 979 5507 Ecclesiae
1001 5419 1622 5507 Romaneauetoritate,
1651 5419 1919 5507 pertinuit:
1950 5432 2073 5483 pon-

423 5488 454 5562 j’
498 5489 696 5545 tiflcum
723 5490 1008 5562 decretis,‘
1028 5492 1218 5559 partim
1262 5490 1316 5546 in
1349 5489 1618 5562 Africanis
1665 5488 1920 5562 decretis,
1951 5502 2072 5562 qua:

499 5575 593 5614 sua
616 5559 960 5631 approbando
983 5558 1208 5628 fecerat,
1243 5562 1436 5630 partim
1464 5559 1697 5629 denique
1729 5560 1780 5612 in
1811 5558 2071 5631 solemni:

502 5631 600 5686 bus
645 5628 884 5702 eiusdem
931 5631 1178 5703 precibus
1217 5628 1663 5701 chremoniisque
1706 5637 1975 5684 contenta.
2031 5628 2073 5682 Ε

2109 4610 2160 4669 ι)

2182 3300 2591 3372 auctoritatem;
2620 3301 2767 3371 quod
2796 3300 3130 3372 nethaquain
3158 3302 3210 3356 in
3242 3309 3463 3356 auctore
3491 3300 3586 3356 illo
3614 3313 3759 3372 repe-

2186 3370 2293 3442 rire
2315 3381 2422 3442 AeSt,
2451 3372 2542 3440 qui
2569 3370 2653 3427 sic
2680 3370 2917 3442 loquitur
2962 3370 3003 3426 τ’
3024 3371 3411 3436 Necessarium,
3448 3372 3637 3441 inquit,
3666 3370 3757 3441 fuit

2182 3440 2457 3507 inquirere,
2494 3452 2624 3508 etc.,
2659 3452 2714 3496 ut
2744 3440 2943 3512 plenius
2977 3444 3069 3513 qui
3115 3444 3171 3497 in
3207 3443 3379 3513 aliqua
3429 3440 3655 3495 duliitant
3678 3443 3758 3493 in-

2182 3517 2464 3582 struantur,
2499 3513 2880 3567 constitutiones
2917 3512 3215 3567 sanctorum
3265 3512 3479 3567 Patrum
3523 3525 3753 3582 compert-

2183 3580 2325 3661 dicsa
2352 3582 2733 3661 manifestemus
2761 3584 3011 3639 indiculo.
3047 3584 3200 3651 Quod
3224 3584 3270 3638 si
3309 3584 3425 3654 quis
3452 3597 3548 3637 non
3585 3580 3655 3637 est
3680 3580 3756 3634 ni-

2186 3656 2339 3725 mium
2366 3656 2730 3725 contentiosus,
2754 3665 3022 3725 agnoscat,
3053 3664 3159 3710 etc.

2257 3723 2309 3776 5.
2358 3722 2977 3797 Αςιοιοτλϐορίιιὶιρτυηι
3019 3736 3216 3797 aperte
3268 3725 3399 3780 satis
3454 3722 3652 3797 indicat
3702 3736 3756 3777 se

2182 3800 2373 3846 contra
2406 3794 2687 3849 imreticos
2715 3795 2925 3864 publice
2954 3794 3143 3852 saltem
3170 3804 3227 3852 et
3260 3811 3326 3851 ex
3368 3794 3619 3863 professo
3662 3807 3759 3864 non

2184 3864 2641 3937 diuticasse,‘cuui
2667 3863 2891 3935 loquens
2916 3866 2984 3921 de
3011 3866 3075 3922 iis
3116 3867 3205 3936 qui
3248 3866 3613 3937 profundiores
3638 3863 3764 3934 ditii-

2184 3932 2486 4003 cilioresque
2509 3945 2681 4005 partes
2710 3932 3074 3990 incurrentium
3106 3932 3446 4005 quaestionum
3478 3937 3636 3990 latius
3657 3932 3763 4003 pcr-

2186 4013 2465 4077 tractarunt
2519 4007 2915 4077 restiteruntque
2970 4009 3260 4073 hwreticis,
3310 4018 3368 4062 et
3417 4007 3762 4077 Augustinum

2185 4074 2617 4147 Prospei-umque
2644 4078 2795 4147 quasi
2822 4074 2986 4147 digito
3008 4087 3293 4141 monstrat,
3318 4086 3372 4133 et
3393 4093 3455 4132 se
3484 4074 3555 4133 ab
3585 4078 3761 4133 iisdem

2189 4146 2290 4199 hac
2312 4146 2363 4199 in
2390 4159 2540 4216 parte
2562 4146 2815 4203 secernit.
2928 4148 3054 4203 alibi
3088 4164 3101 4203 :
3128 4148 3390 4219 Magistris
3408 4150 3621 4212 nostris,
3647 4158 3768 4201 tant-

2185 4232 2341 4287 quant
2386 4220 2724 4271 necessarium
2771 4218 2981 4272 modum
3025 4218 3352 4283 excesserint,
3405 4220 3766 4286 obloquuntur.

2186 4287 2336 4359 Quod
2360 4288 2625 4357 Prospero
2648 4304 2984 4359 nequaquam
3008 4304 3108 4345 con
3119 4290 3298 4344 venire
3318 4290 3432 4343 sole
3454 4290 3658 4344 clarius
3673 4296 3765 4343 est.

2264 4357 2325 4411 ν.
2366 4359 2535 4426 Quem
2579 4374 2707 4428 ergo
2735 4357 2979 4415 dicemus
3025 4362 3209 4429 scripti
3262 4360 3419 4428 huius
3458 4359 3770 4415 auctorem?

2190 4426 2301 4500 Ego
2330 4436 2476 4484 certe
2506 4445 2609 4484 non
2641 4426 2809 4485 alium
2857 4426 3154 4499 putaverint
3187 4431 3255 4485 ab
3291 4426 3358 4485 eo
3397 4432 3488 4500 qui
3525 4432 3667 4486 duos
3706 4429 3767 4483 de

2188 4498 2479 4572 Vocatione
2511 4501 2757 4572 omnium
2785 4498 3026 4572 gentium
3058 4501 3226 4556 libros
3265 4498 3614 4569 conscripsit,
3640 4513 3769 4572 quos

2187 4570 2451 4638 superiori
2492 4570 2869 4626 dissertatione
2909 4572 3252 4627 sanctissimo
3300 4574 3543 4641 poutitici
3592 4570 3770 4627 nnatro

2188 4641 2594 4696 vindicavimus.
2641 4644 2681 4696 Α
2726 4642 2929 4707 Leone,
2978 4645 3216 4710 inquam,
3264 4652 3610 4708 compactum
3661 4654 3774 4697 esse

2186 4710 2623 4779 compendiosum
2678 4711 2820 4767 hunc
2871 4710 3161 4768 indiculum
3219 4727 3440 4782 prorsus
3490 4713 3768 4775 existimo,

2188 4797 2298 4855 uou
2324 4797 2389 4836 ex
2420 4784 2644 4855 quoille
2671 4784 3038 4855 pontiﬁcatum
3066 4784 3253 4855 gessit,
3286 4784 3379 4838 sed
3419 4799 3517 4852 per
3564 4783 3618 4838 id
3649 4793 3773 4855 tem-

2260 4853 2331 4925 ris
2372 4868 2479 4925 que
2507 4853 2719 4908 diaconi
2749 4852 3090 4910 solummodo
3114 4854 3339 4925 fungens
3371 4870 3623 4919 munere,
3649 4852 3767 4908 Cte-

2207 4923 2377 4978 estiuo
2410 4923 2512 4978 PP.
2546 4940 2723 4980 rerum
2748 4923 3234 4981 ecclesiasticarum
3267 4925 3515 4980 minister
3545 4926 3774 4979 aderat:

2183 5008 2291 5062 quo
2321 5007 2560 5065 tempore
2587 5006 2642 5051 et
2667 4998 2839 5065 ipsum
2878 4997 3195 5051 Cassianum
3225 4997 3291 5050 ad
3326 4996 3584 5051 Ecclesia:
3623 5009 3773 5050 men-

2185 5073 2290 5119 tem
2318 5068 2593 5138 reducere
2638 5068 2939 5138 satagebat,
2989 5075 3043 5122 et
3080 5067 3355 5135 geminum
3381 5065 3451 5122 de
3469 5065 3778 5138 AYocatione

2183 5136 2424 5192 omnium
2451 5138 2685 5207 gentium
2714 5134 2954 5193 libellum
2994 5134 3279 5208 scripsisse
3319 5152 3349 5191 a
3396 5135 3555 5191 nobis
3599 5134 3777 5208 credi-

2184 5218 2283 5261 tur.
2349 5208 2710 5278 Praeterquam
2763 5210 2904 5280 quod
2953 5207 3115 5263 enim
3149 5211 3233 5262 vix
3297 5208 3441 5280 ullus
3488 5222 3587 5278 per
3635 5207 3777 5262 illam

2180 5288 2393 5333 aetatem
2425 5280 2661 5334 occurrit
2682 5278 2892 5334 cui‘boc
2916 5280 3236 5349 opusculum
3264 5278 3563 5334 attribuere
3582 5293 3772 5349 queas.
3848 5286 3857 5333 ἶ

2180 5364 2299 5401 cnni
2349 5350 2608 5417 Prospero
2654 5350 2867 5416 adimis,
2917 5354 3016 5404 nisi
3064 5349 3179 5405 Leo
3222 5358 3406 5403 noster
3456 5362 3555 5404 seu
3588 5360 3777 5403 auctor

2183 5418 2301 5471 libri
2331 5419 2397 5471 de
2433 5420 2720 5474 Vocatioue
2768 5419 3009 5475 omnium
3040 5420 3279 5489 gentium
3327 5436 3340 5471 :
3374 5430 3482 5474 tam
3517 5420 3667 5475 idem
3696 5420 3773 5472 iu-

2181 5489 2403 5560 geuiuin
2443 5491 2856 5560 consiliumque,
2893 5500 2999 5546 tam
3044 5492 3294 5547 eumdem
3327 5489 3382 5545 in
3422 5499 3657 5559 utroque
3690 5490 3780 5543 illo

2180 5573 2344 5630 opere
2377 5559 2785 5630 deprehendere
2833 5560 2965 5617 mihi
3009 5561 3220 5630 videor,
3272 5569 3330 5617 ut
3370 5560 3502 5618 nihil
3546 5561 3781 5619 similius

2184 5629 2344 5685 modo
2382 5629 2547 5686 menti
2585 5642 2856 5690 occurrat.

1568 5738 2131 5799 BALLERINIORUM
2168 5740 2690 5804 ANNOTATIONES

572 5834 652 5904 (α)
688 5834 764 5893 Ds
790 5833 893 5893 bss
925 5844 1252 5908 prasumpta
1290 5833 1630 5906 delegatione
1674 5834 1919 5902 Prosperi
1955 5833 2079 5891 vide
2106 5833 2319 5891 observ.
2353 5852 2408 5890 n.
2438 5836 2487 5889 7.
