3984 6306
231 376 336 433 595

642 369 942 431 DlSSERT.
984 370 1072 429 ill.
1113 370 1201 428 DE
1237 369 1440 431 AUCT.
1481 366 1955 429 EPISCOPORUM
1994 372 2184 432 SEDlS
2221 375 2469 434 APOST.‘
2506 378 2592 436 DE
2631 380 2887 441 GRATIA
2930 384 3063 443 DEI.

3369 392 3476 453 ὅθι

299 488 538 572 Primum
587 487 727 572 enim
760 484 1033 572 utriusque
1070 491 1217 572 illius
1260 491 1443 572 scripti
1486 504 1682 572 scopus
1713 491 1800 572 hic
1824 492 1879 554 Α
1906 492 2120 572 modum
2142 493 2208 547 de
2228 494 2397 572 gratia
2418 496 2693 572 disputans
2719 505 3066 561 excessisset:
3098 514 3297 565 tantum
3320 511 3475 572 abest

228 567 312 616 est
355 577 367 613 :
414 569 471 616 ut
515 559 642 631 quid
689 564 908 631 praecise
948 559 1022 616 ab
1069 559 1287 619 homine
1337 559 1605 618 catholico
1651 562 1799 618 credi

226 638 475 698 Oporteat
525 633 663 687 circa
719 632 1204 701 prmdestinationis
1253 634 1543 703 gratiaeque
1596 632 1793 689 divinat

227 703 565 773 mysterium,
625 704 871 770 sepositis
918 702 1333 758 abstrusioribus
1389 702 1795 773 quicstionibus,

228 772 393 845 ﬁxum
425 772 679 845 habeatur
695 788 711 845 ξ
737 773 896 844 697
922 773 1047 845 quid
1078 774 1132 845 iu
1157 775 1255 829 hac
1280 772 1501 845 materia
1530 775 1800 845 occultum

226 841 321 919 sit,
371 841 517 919 quid_
544 841 1053 919 manifes'ttini_;_'qu_i_
1090 844 1285 919 limites
1310 844 1649 919 disserendo
1694 845 1802 899 siut

228 912 556 980 attingendi,
587 928 685 968 nec
724 912 1079 969 transiliendi.
1119 916 1195 971 Eo
1235 915 1390 969 unice
1428 914 1665 970 collitnat
1704 930 1802 969 au-

229 983 396 1037 ctoris
425 983 702 1052 utriusque
726 985 906 1053 operis
947 985 1192 1050 intentio,
1240 996 1300 1039 ut
1346 985 1543 1053 legenti
1576 993 1687 1039 tum
1736 1000 1800 1040 ea

227 1066 351 1121 qua:
384 1053 719 1126 subiicimus,
752 1062 859 1109 tum
906 1056 1010 1110 alia
1039 1055 1301 1126 permulta
1329 1070 1446 1125 quae
1474 1055 1802 1122 omittimus,

226 1124 565 1191 perspicuum
598 1125 707 1180 ﬁet.

302 1191 416 1264 Lib.
442 1209 458 1247 ι
485 1194 552 1249 de
582 1194 869 1250 Vocatione
894 1194 1129 1251 omnium
1150 1195 1411 1264 gentium,
1434 1208 1554 1263 cap.
1579 1195 1602 1248 l
1627 1212 1639 1246 :
1663 1192 1801 1248 Con-

229 1263 510 1334 trariorum
562 1264 963 1333 disputationum
1010 1263 1186 1320 nullus
1231 1267 1478 1319 terminus
1530 1266 1804 1334 reperitur,

229 1333 356 1393 dum
385 1350 486 1405 n_on
515 1334 818 1389 discernitur
845 1334 969 1404 quid
996 1335 1340 1402 manifestum,
1367 1333 1492 1405 quid
1521 1333 1595 1388 sit
1633 1336 1806 1389 occul-

232 1413 363 1456 tum.
393 1401 466 1457 De
489 1404 583 1457 hac
612 1404 769 1475 igitur
790 1401 1184 1475 compugnantia
1204 1401 1522 1472 opinionum,
1543 1421 1644 1475 qua
1665 1422 1806 1475 men-

231 1489 355 1526 sura
385 1483 430 1527 et
452 1472 787 1541 temperantia
813 1472 1128 1529 sentiendum
1154 1476 1242 1539 sit,
1284 1483 1528 1543 quantum
1556 1472 1807 1529 Dominus

230 1544 514 1614 adjuvcrit,
541 1544 755 1614 annitar
777 1545 1095 1612 inquirere...
1126 1555 1178 1598 ut
1207 1560 1309 1598 non
1339 1544 1501 1597 solum
1526 1545 1687 1607 nobis,
1717 1546 1807 1599 sed

235 1623 287 1666 et
301 1612 432 1667 aliis
458 1613 581 1667 utile
604 1614 667 1682 sit
688 1612 757 1667 ad
776 1614 993 1682 aliquem
1015 1631 1103 1667 nos
1125 1614 1331 1667 limitem
1362 1614 1639 1682 pervenisse
1660 1631 1805 1681 quem

238 1698 345 1736 non
394 1680 661 1737 debeamus
710 1680 964 1737 excedere.
1012 1684 1213 1740 Similia
1272 1680 1532 1738 habentur
1558 1680 1801 1752 ejusdem

241 1752 364 1808 libri
394 1767 509 1822 cap.
536 1752 705 1824 liget
727 1753 823 1824 lib.
842 1769 886 1824 ll
914 1768 1029 1824 cap.
1064 1752 1195 1824 1,9,
1222 1754 1309 1818 lo,
1339 1753 1429 1817 22,
1454 1763 1559 1808 etc.

315 1824 513 1878 Auctor
544 1822 757 1893 indiculi
801 1823 942 1879 idem
970 1822 1247 1879 consilium
1290 1824 1468 1893 prodit
1506 1824 1556 1878 in
1602 1824 1799 1893 pratia-

237 1892 387 1964 tione
426 1908 540 1957 sua,
580 1891 669 1964 ubi
712 1906 771 1948 se
804 1906 867 1949 ea
898 1893 1178 1949 occasione
1206 1891 1488 1961 scripsisse
1513 1891 1798 1964 signiﬁcat,

229 1962 383 2035 quod
429 1962 689 2032 nonnulli,
742 1965 830 2033 qui
880 1964 1143 2035 catholico
1201 1966 1414 2020 nomine
1465 1962 1802 2035 gloriantur,

231 2031 505 2105 Magistris
528 2031 694 2088 tamen
718 2031 933 2105 nostris,
964 2034 1153 2104 inquit,
1184 2044 1439 2105 tamquam
1466 2031 1807 2090 necessarium

228 2104 447 2185 modum
485 2104 807 2186 excesserint,
837 2105 1200 2186 obloquuntur.
1243 2104 1308 2160 Et
1338 2114 1551 2174 postea:
1588 2105 1736 2186 Quod
1765 2108 1809 2161 si

226 2174 350 2246 quis
390 2190 493 2246 non
535 2174 749 2228 nimium
780 2184 856 2229 est
895 2174 1254 2242 contentiosus,
1293 2185 1535 2246 agnoscat
1582 2179 1810 2231 omnium

226 2244 641 2311 disputationum
668 2246 1027 2300 connexionem
1051 2262 1113 2300 ea:
1133 2246 1229 2300 hac
1245 2244 1559 2300 subditorum
1585 2250 1809 2301 auctori-

226 2324 403 2367 tatum
428 2315 663 2369 brevitate
690 2317 927 2385 pendere,
958 2315 1249 2385 nullamque
1277 2318 1373 2371 sibi
1398 2319 1809 2372 contradictionis

224 2401 500 2454 superesse
532 2387 801 2452 rationem,
843 2388 885 2440 si
924 2402 1041 2440 cum
1082 2387 1346 2441 catholicis
1376 2390 1550 2442 credat
1572 2396 1619 2441 et
1647 2388 1806 2443 dicat.

226 2456 305 2510 Et
336 2456 387 2509 in
419 2455 551 2528 ﬁne:
582 2454 956 2528 Profundiores
981 2473 1098 2512 vero
1116 2459 1518 2528 diﬁcilioresque
1545 2466 1711 2528 partes
1731 2460 1811 2511 in-

224 2526 555 2580 currentium
582 2526 935 2597 quaestionum.
965 2544 1093 2596 quas
1133 2526 1285 2583 latius
1323 2526 1693 2596 perri-actarum
1722 2529 1810 2595 qui

226 2597 491 2651 haereticis
521 2599 837 2665 restiterunt,
877 2598 1009 2652 sicut
1047 2613 1148 2652 non
1180 2600 1429 2652 audemus
1467 2611 1802 2666 contemnere,

226 2670 309 2721 ita
335 2683 437 2740 non
467 2683 665 2740 necesse
687 2667 929 2740 habemus
950 2678 1210 2723 astruere:
1230 2672 1350 2740 quia
1375 2670 1444 2740 ad
1464 2670 1808 2738 conﬁtendum

224 2738 459 2811 gratiam
483 2737 600 2804 Dei,
616 2741 771 2811 cujus,
793 2739 933 2811 aperi
951 2755 1011 2793 ac
1028 2737 1312 2811 dignationi
1328 2739 1456 2794 nihil
1473 2737 1670 2811 penitus
1691 2740 1808 2793 sub-

228 2807 555 2881 trahendum
574 2807 798 2872 est,'satis
827 2810 1047 2881 suﬁicere
1064 2807 1597 2881 c'redintus,quidquid
1622 2826 1805 2865 secun-

228 2878 365 2931 dum
395 2879 666 2946 prtedictas
694 2878 1202 2949 regulas’apostolica:
1226 2878 1372 2935 sedis
1388 2878 1695 2949 nos—scripta
1715 2882 1810 2934 do-

226 2960 583 3021 cueruntput
620 2963 826 3021 prorsus
870 2966 970 3003 non
1002 2952 1266 3017 opinemur
1302 2952 1632 3019 catholicum,
1670 2951 1809 3021 quod

227 3020 535 3091 apparuerit
566 3019 789 3089 prteﬁxis
814 3022 1075 3075 sententiis
1093 3038 1200 3075 esse
1227 3023 1556 3075 contrarium.

304 3090 669 3156 Quamobrem
720 3092 877 3145 istum
927 3093 1312 3146 sententiarum
1353 3091 1578 3146 indicem
1620 3089 1809 3145 eodem

230 3160 355 3215 fere
386 3172 650 3231 tempore,
680 3160 975 3231 eodemque
1000 3162 1224 3215 consilio
1253 3162 1508 3230 scriptum
1536 3174 1655 3214 esse
1687 3174 1810 3215 cre-

1832 1866 1880 1928 B

1905 565 2441 654 utejus‘sesubdere
2467 565 2763 654 auctoritati
2791 576 2960 643 parati
2987 589 3187 636 essent.
3221 565 3467 654 Quapro:

1905 643 2023 719 pter
2047 636 2252 719 omisso.
2268 636 2341 719 ad
2372 647 2586 719 tempus
2618 636 3064 719 causaa'patrono,
3096 636 3303 719 patrtiui
3340 636 3474 710 itau-

1904 718 2018 758 sam
2047 707 2281 801 suscepi
2304 722 2369 801 ex
2392 707 2739 801 cAoqcili'nrutn
2762 707 3173 801 pontiﬁcumque
3200 707 3472 782 Romano-

1904 790 2021 829 rum
2050 776 2362 852 auctoritate
2404 776 2814 852 defendendam,
2846 786 3002 841 aliam
3034 776 3207 846 iniens
3238 776 3471 852 uirilis
3556 806 3567 813 ‘

1904 860 1965 930 ea
1992 861 2109 928 qua:
2134 862 2166 929 a
2187 846 2454 930 Prospero
2480 849 2685 930 calcata
2715 852 2908 930 fuerat,
2928 872 3084 930 quam
3113 846 3473 930 quidemn;

1906 915 2071 997 {ensis
2117 917 2369 997 nimirum
2418 918 2720 997 .Augustino
2768 915 3468 997 Semipelagianisriis'dein

1904 988 2277 1064 subvertendis
2296 988 2465 1058 magis
2494 1005 2654 1059 quam
2679 988 3472 1064 convertendis'idoneam'esse

1908 1067 2157 1121 expertus
2189 1056 2377 1112 luerat.

1987 1127 2304 1210 Utramque“
2318 1128 2472 1210 hanc.
2494 1128 2863 1210 probationem
2883 1135 3207 1210 _conﬁrmat,
3248 1147 3384 1210 quod
3418 1149 3472 1202 in

1914 1196 2228 1272 praefatione
2266 1196 2629 1272 Capitulorum
2660 1201 2852 1272 legitur
2880 1204 2933 1258 in
2962 1210 3101 1261 hunc
3130 1196 3343 1265 modum
3359 1196 3384 1268 ἶ
3406 1196 3476 1272 [ii

1909 1282 2030 1342 ergo
2057 1267 2250 1336 plenius
2274 1268 2359 1335 qui
2385 1270 2436 1321 in
2458 1270 2628 1342 aliqua
2660 1267 2891 1327 dubitant
2921 1274 3263 1342 instruantur.
3293 1267 3471 1340 consii;

1910 1338 2129 1420 tutioan
2155 1349 2444 1420 sanctorum
2474 1338 2692 1420 Patrum
2716 1347 3081 1420 compendiosa
3105 1338 3481 1420 manifestarius

1909 1407 2153 1461 indiculo.
2187 1407 2401 1461 Frustra
2422 1408 2561 1462 enim
2590 1407 2878 1476 pleniorem
2905 1414 3043 1471 banc
3070 1407 3477 1478 instructionem

1910 1486 2084 1558 vocat,
2114 1479 2211 1531 nisi
2237 1478 2300 1562 ad
2326 1479 2480 1562 aliam
2504 1480 2755 1562 respiciat
2782 1485 2867 1537 cui
2896 1486 3181 1562 accederet
3202 1532 3217 1555 .
3249 1509 3368 1562 qua:
3400 1495 3482 1549 ni—

1908 1546 2101 1601 mirum
2140 1548 2510 1631 auctoritatem
2535 1546 2885 1631 conciliorum
2929 1546 3481 1631 pontiﬁcumquevlio-

1908 1632 2188 1692 manorum
2211 1619 2567 1692 desiderabat.
2595 1621 2719 1676 llzec
2738 1625 2879 1677 enim
2902 1619 3288 1689 sententiarum
3311 1638 3482 1692 series

1906 1688 2284 1771 compendiosa
2316 1700 2396 1771 est
2426 1699 2479 1741 et
2510 1690 2801 1771 brevia-ut
2830 1694 3349 1771 ipse‘ea'miappellat
3378 1688 3481 1758 mil

1906 1759 2277 1844 ctornnedum.
2306 1760 2459 1827 plena
2499 1771 2554 1844 et
2591 1762 2814 1844 plenior,
2850 1759 2959 1821 'nisi
3008 1759 3221 1844 fusiniis
3258 1775 3481 1844 alicujus

1907 1829 2088 1896 operis
2117 1829 2279 1908 veluti
2309 1845 2427 1897 pars
2458 1840 2549 1883 aut
2573 1836 2835 1899 appendix
2864 1852 2983 1892 esse
3003 1839 3283 1908 cogitetur.
3317 1829 3476 1899 Aliud

1911 1914 2071 1977 porro
2096 1899 2301 1977 nullum
2323 1915 2462 1955 nunc
2490 1914 2739 1977 superest
2754 1918 2947 1977 praeter
2975 1899 3245 1977 geniinum
3271 1915 3337 1968 de
3371 1915 3480 1968 Vo-

1909 1970 2115 2051 _catio_ne
2144 1970 2395 2051 eninium
2437 1971 2679 2051 gentium
2730 1970 3003 2051 libellum:
3044 1980 3291 2051 Prosperi
3334 1986 3480 2041 enim

1912 2040 2313 2122 lucubrationes
2354 2043 2537 2122 eadem
2589 2060 2707 2109 qua:
2761 2045 3093 2122 inuirtdiculo
3143 2040 3482 2122 reperiuntur

1911 2111 2189 2183 continent
2217 2110 2396 2183 lnsiori
2424 2127 2674 2167 sermone
2699 2118 2981 2183 explicata.

1989 2181 2095 2264 Vl_l.
2125 2184 2176 2236 5.
2211 2182 2360 2263 Quod
2390 2181 2781 2264 argumentum
2804 2188 2871 2241 ab
2895 2190 3271 2264 ecclesiasticis
3304 2198 3484 2264 preci-

1912 2250 2009 2305 bus
2030 2251 2329 2330 desnmitnr
2351 2250 2581 2330 capitulo
2602 2268 2697 2308 seu
2724 2261 2983 2313 sententia
3005 2263 3060 2324 8,
3078 2277 3172 2330 pro
3192 2250 3480 2323 astritenda

1912 2322 2095 2393 gratim
2126 2322 2460 2383 necessitate,
2504 2325 2639 2378 idem
2684 2343 2903 2391 prorsus
2930 2322 3209 2387 adducitur
3240 2336 3333 2390 lib.
3368 2354 3381 2390 ι
3411 2322 3483 2393 de

1919 2391 2210 2447 Vocatimie
2238 2396 2469 2461 gentium
2502 2411 2619 2459 cap.
2656 2396 2739 2460 l2.
2786 2400 2829 2451 si
2879 2415 2982 2454 non
3033 2404 3220 2459 iisdem
3262 2391 3483 2463 omnino

1913 2463 2176 2541 terminis,
2209 2463 2301 2541 sed
2347 2466 2537 2519 eodem
2578 2474 2751 2523 tamen
2796 2470 3030 2541 ingenio,
3072 2484 3127 2529 et
3165 2487 3484 2535 contextura

1911 2535 2177 2588 sermonis
2204 2534 2335 2589 cadc
2362 2553 2413 2588 n.

1968 2644 2080 2701 Lib.
2112 2662 2127 2699 t
2158 2646 2222 2701 de
2254 2647 2431 2720 Vocat.
2459 2659 2595 2720 gent.

2166 2734 2280 2786 cap.
2316 2719 2403 2773 l2.

1989 2828 2007 2861 ‹
2040 2811 2111 2865 De
2139 2812 2234 2865 hac
2255 2826 2381 2881 ergo
2403 2814 2660 2869 doctrina:

1910 2882 2217 2951 apostolica:
2279 2884 2488 2949 regula,
2558 2900 2659 2951 qua

1914 2950 2153 3004 Ecclesia
2202 2951 2516 3005 universalis
2566 2950 2664 3006 int-

1915 3019 2127 3077 bnitnr.
2178 3037 2245 3075 ne
2293 3020 2343 3073 in
2393 3024 2662 3077 diversum

1917 3090 2240 3143 intellectum
2302 3104 2484 3145 nostro
2539 3107 2665 3145 eva-

1914 3174 2101 3226 gemur
2142 3160 2384 3231 arbitrio.
2434 3162 2559 3231 quid
2614 3165 2665 3215 in

231 3230 511 3293 diderim.’
534 3247 641 3302 quo
661 3230 976 3302 opusculum
1006 3232 1073 3287 de
1105 3232 1393 3286 Vocatione
1420 3232 1655 3285 omnium
1684 3245 1812 3300 gen-
1840 3239 1886 3302 ρ
1918 3231 2049 3302 ipsa
2074 3230 2392 3302 universalis
2431 3232 2665 3286 Ecclesia

231 3304 400 3357 tium.
446 3300 593 3358 Unus
622 3300 867 3370 idemque
893 3312 977 3357 est
1008 3302 1283 3372 utriusque
1310 3316 1538 3372 scopus;
1578 3316 1682 3355 non
1722 3315 1813 3355 ea-

234 3374 370 3428 dem
416 3384 591 3428 tamen
621 3374 702 3427 via
734 3373 858 3427 illuc
889 3372 1121 3428 tenditur
1151 3371 1219 3426 ab
1247 3383 1493 3443 utroque.
1525 3371 1809 3443 Iniillogsi-

232 3444 461 3514 quidem
482 3444 552 3499 de
570 3443 862 3514 VOCatione
873 3444 1108 3497 omnium
1126 3445 1361 3514 gentium
1384 3440 1659 3512 opusculo,
1675 3440 1813 3495 divi-

236 3513 335 3568 nis
376 3514 715 3584 potissimum
749 3513 1042 3583 Scriptura:
1080 3513 1248 3568 sacra:
1276 3514 1595 3569 testimoniis
1625 3514 1809 3579 utitur,

235 3586 304 3640 ad
345 3600 575 3653 eumque
604 3586 748 3639 velut
774 3584 996 3655 Lydium
1026 3584 1258 3655 lapidem
1283 3584 1546 3652 quaslibet
1565 3584 1814 3655 qtnestio-

236 3669 346 3710 nes
402 3657 672 3711 examinat
711 3672 726 3709 :
767 3654 829 3709 in
860 3655 960 3708 hoc
1007 3654 1135 3710 vero
1182 3654 1414 3711 indiculo
1452 3654 1814 3710 ecclesiastica

235 3728 619 3781 tantummodo
643 3727 957 3781 auctoritate
979 3726 1347 3791 conciliorum,
1374 3726 1681 3794 pontiﬁcum
1710 3724 1816 3777 lto-

235 3812 560 3862 manorum,
598 3804 652 3851 et
706 3796 877 3866 (quod
925 3796 991 3850 ad
1032 3797 1299 3852 cumulum
1352 3797 1564 3867 adjicit)
1617 3797 1813 3867 rituum

236 3868 723 3936 procationumque
753 3867 1188 3933 sacerdotaliutn,
1220 3882 1332 3922 rem
1372 3866 1551 3921 totam
1577 3866 1813 3921 conﬁcit.

233 3938 612 4005 Quamobrem
636 3953 798 3991 unum
821 3938 1043 3993 istorum
1062 3940 1439 4007 opusculorum
1456 3937 1673 4007 alterius
1695 3950 1817 3991 esse

235 4010 707 4080 supplementum,
763 4008 915 4080 facile
955 4006 1196 4080 adducor
1242 4020 1300 4063 ut
1345 4009 1582 4080 credam.
1632 4006 1817 4061 Priore

236 4078 393 4134 enim
425 4079 715 4133 adversarii
750 4094 812 4133 ex
851 4078 1144 4148 Scripturis
1174 4078 1481 4149 expugnati,
1506 4079 1558 4131 in
1595 4085 1815 4145 aposto-

239 4151 369 4205 lica:
400 4150 548 4204 sedis
569 4151 934 4203 auctoritatem
960 4150 1105 4204 velttt
1128 4151 1177 4203 in
1204 4164 1382 4204 arcem
1402 4163 1461 4203 se
1482 4154 1817 4217 receperunt,

238 4237 307 4276 ex
342 4236 452 4289 qua
483 4221 795 4288 posterioris
825 4221 980 4289 hujus
1008 4220 1248 4288 opusculi
1278 4234 1380 4284 ope
1402 4217 1820 4286 dejiciuntur.Ut

239 4292 416 4360 igitur
450 4290 773 4359 conjeeimus
814 4292 1082 4359 geminum
1122 4289 1271 4344 illum
1304 4289 1538 4343 libellum
1567 4302 1597 4340 a
1638 4293 1821 4360 sancto

239 4356 435 4417 Leone
460 4356 585 4414 tunc
622 4356 846 4415 diacono
872 4361 1071 4414 editum
1101 4373 1243 4424 esse,
1286 4368 1343 4412 ut
1370 4360 1545 4412 amico
1568 4371 1666 4411 suo
1688 4356 1821 4410 Cas-

238 4432 429 4497 siano,
456 4431 675 4500 ejusque
691 4431 910 4486 asseclis
935 4430 1212 4499 Pelagiana
1242 4429 1539 4498 lue,aliqua
1556 4442 1627 4482 ex
1651 4433 1821 4495 parte,

241 4502 645 4565 laborantibus,
679 4511 1043 4565 succurreret;
1086 4503 1157 4554 ita
1197 4508 1251 4554 et
1291 4501 1431 4553 hunc
1458 4500 1825 4553 existimamus

239 4581 569 4629 contextum
616 4573 682 4626 ab
721 4574 905 4626 eodem
948 4571 1110 4626 fuisse
1139 4571 1527 4625 Auctoritatum
1560 4568 1821 4631 indicem;

240 4655 305 4698 ut
362 4644 451 4713 qui
496 4644 669 4698 adhuc
702 4658 768 4709 ex
808 4642 1111 4708 pontiﬁcmn
1157 4641 1515 4695 Romanorum
1560 4639 1822 4701 doctrina,

240 4730 416 4784 quam
443 4715 716 4782 iactabant
743 4728 915 4778 suam,
958 4713 1301 4784 dimicabant,
1329 4726 1392 4765 ex
1421 4725 1605 4784 eorum
1635 4717 1823 4784 aucto-

245 4778 420 4840 ritate
444 4778 615 4854 ωε
649 4784 1073 4839 revincerentur.
1111 4782 1313 4850 Quibus
1344 4780 1656 4851 perspectis,
1695 4778 1827 4833 Cas-

242 4857 471 4910 sianum
503 4854 1003 4908 sibimetsilentium
1035 4854 1351 4921 imposuisse
1386 4861 1440 4907 et
1457 4861 1690 4905 mentem
1708 4864 1827 4902 mu-

244 4936 428 4989 tasse,
468 4923 622 4980 facile
645 4923 826 4990 credo,
844 4934 955 4977 tum
983 4925 1122 4992 quod
1150 4924 1279 4976 alias
1300 4922 1364 4975 ad
1391 4921 1825 4992 propugnandatn

246 4995 521 5051 Ecclesiae
550 4994 615 5050 de
638 4991 1008 5049 incarnatione
1021 4994 1226 5047 Domini
1249 4993 1545 5047 doctrinam
1571 4991 1828 5045 adversus

244 5066 567 5123 Nestorium
616 5080 738 5121 eum
783 5080 889 5119 non
937 5064 1232 5133 impulisset
1274 5062 1405 5126 Leo,
1438 5062 1539 5117 nisi
1565 5064 1672 5133 jam
1714 5069 1827 5113 tum

220 5136 468 5193 erroris
494 5135 776 5204 abiiciendi
805 5150 953 5205 spem
984 5132 1249 5205 dedisset;
1283 5144 1392 5187 tum
1422 5134 1542 5203 quia
1575 5132 1828 5187 Romana:

244 5208 378 5265 sedi
400 5202 797 5261 addictissimus
818 5202 1033 5272 semper
1055 5204 1150 5258 fuit
1172 5202 1473 5260 Cassianus.

336 5277 575 5333 v1.2.tn
604 5286 828 5345 utroque
851 5290 1014 5344 opere
1042 5273 1453 5344 Semipelagiani
1484 5274 1651 5344 magis
1672 5286 1831 5343 quam

246 5349 536 5417 Pelagiani
583 5348 981 5417 impugnantur,
1030 5345 1124 5417 sed
1171 5346 1354 5400 eadem
1397 5345 1831 5417 partter‘sobrie-

246 5414 722 5488 tatefeademquc
739 5414 1032 5471 iuodestia.
1065 5416 1299 5486 Uterque
1326 5414 1688 5540 saperioribus
1715 5428 1838 5466 ver-

248 5491 347 5540 bis
380 5490 643 5540 abstinet:
678 5497 864 5540 neuter
886 5489 950 5540 iis
972 5501 1104 5540 auos
1133 5487 1362 5540 instruit.
1407 5486 1701 5540 uereticum
1733 5499 1833 5538 no-

248 5491 347 5545 bis
380 5486 650 5544 abstineti
678 5497 864 5543 neuter
886 5489 950 5541 iis
972 5501 1104 5556 quos
1133 5487 1362 5552 instruit,
1390 5486 1701 5540 haereticum
1733 5499 1833 5538 no-

247 5575 393 5617 men
418 5560 695 5629 impingit;
722 5559 816 5613 sed
844 5573 936 5612 eos
951 5566 1151 5612 tantum
1170 5557 1311 5610 liberi
1328 5558 1521 5629 arbitrii
1546 5556 1833 5629 defensores

245 5648 320 5685 ac
358 5625 677 5685 voluntatum
701 5639 959 5699 patronos,
994 5629 1287 5699 uterquein
1319 5625 1835 5699 prml'atione‘appel-

247 5705 364 5758 lat.
409 5701 639 5769 Uterque
671 5695 841 5752 sancti
888 5695 1164 5766 Augustini
1203 5695 1397 5769 nomen
1439 5695 1837 5769 auctoritatem:

294 5788 376 5827 ue
398 5764 603 5835 reticet,
640 5770 795 5839 idque
819 5786 879 5823 ex
910 5764 1153 5835 consilio,
1180 5783 1243 5822 eo
1265 5768 1404 5837 quod
1428 5764 1837 5839 Semipelagiani

311 5846 627 5913 ligustinum
661 5837 1027 5910 suggillarcut,
1059 5851 1321 5907 tamquam
1352 5838 1439 5908 qui
1478 5837 1839 5890 necessarium

559 5936 823 5999 ΡΑι-ιιυι.
884 5932 1005 5993 [Ν.

1854 4604 1902 4664 D

1916 3300 2128 3363 sentiat,
2175 3300 2524 3370 inquiramus,
2564 3312 2663 3356 etc.

1912 3370 2336 3441 699Praecepit
2350 3371 2667 3441 itaqueApo-

1914 3440 2082 3495 situlus
2152 3440 2265 3495 ﬁeri
2336 3440 2665 3497 obsecratio-

1915 3526 2077 3585 nes...
2094 3511 2260 3585 Quam
2292 3513 2447 3585 legem
2468 3513 2664 3585 suppli-

1914 3584 2128 3636 cationis
2180 3585 2247 3636 ita
2296 3584 2530 3638 omnium
2566 3584 2660 3638 sa-

1915 3652 2189 3707 cerdotum
2234 3662 2287 3707 et
2332 3655 2566 3708 omnium
2604 3655 2664 3709 η-

1916 3723 2112 3778 delium
2143 3724 2357 3779 devotio
2387 3727 2664 3780 concordi-

1918 3804 1998 3849 ter
2043 3803 2207 3859 tenet,
2258 3803 2316 3849 ut
2361 3797 2499 3849 nulla
2542 3813 2662 3863 pars

1918 3866 2099 3919 mundi
2138 3866 2206 3919 sit
2241 3866 2291 3919 in
2334 3882 2434 3935 qua
2478 3868 2660 3935 ltujus-

1917 3936 2058 3989 modi
2088 3937 2357 3990 orationes
2389 3952 2493 3989 non
2526 3939 2667 3990 cele-

1918 4005 2141 4061 brentur
2188 4022 2215 4058 a
2268 4007 2474 4075 populis
2508 4006 2666 4059 Chri-

1918 4075 2671 4145 stianis.Sttppliratcrgonbi—

1919 4160 2023 4215 que
2049 4146 2280 4198 Ecclesia
2313 4144 2407 4199 Dei
2446 4160 2669 4215 noniso-

1925 4216 2031 4269 lum
2044 4230 2143 4295 pro
2165 4216 2362 4268 sanctis
2379 4225 2431 4266 ct
2448 4215 2499 4293 in
2518 4214 2670 4295 Chri:

1921 4295 2007 4339 sto
2040 4282 2147 4353 jam
2183 4286 2533 4353 regeneratis,
2577 4282 2668 4335 sed

1921 4354 2081 4409 etiam
2130 4368 2225 4420 pro
2266 4352 2511 4406 omnibus
2551 4354 2673 4406 inli~

1925 4424 2136 4479 delibus
2164 4432 2217 4477 et
2244 4422 2471 4477 inimicis
2501 4423 2673 4478 erucis

1925 4494 2142 4555 Christi,
2170 4508 2267 4562 pro
2293 4493 2541 4547 omnibus
2563 4494 2675 4549 ido-

1930 4566 2101 4621 lorum
2119 4565 2430 4629 cultoribus,
2452 4578 2546 4630 pro
2562 4579 2676 4619 om-

1930 4638 2086 4691 nibus
2148 4636 2234 4702 qui
2295 4633 2567 4689 Christum
2623 4636 2674 4689 in

1931 4706 2187 4761 membris
2261 4705 2426 4775 ipsius
2493 4719 2675 4772 perse-

1929 4787 2184 4847 quuntur,
2209 4791 2305 4846 pro
2328 4776 2528 4830 .ludacis
2551 4791 2680 4845 quo-

1932 4864 2049 4902 rum
2073 4848 2295 4903 czecitati
2320 4849 2495 4900 lumen
2511 4848 2684 4901 Evam

1932 4919 2053 4988 gelii
2108 4932 2211 4971 non
2268 4917 2528 4986 refulget,
2587 4931 2683 4988 pro

1936 4989 2200 5043 haereticis
2230 4996 2285 5040 et
2310 4987 2680 5051 sehismaticis,

1935 5060 2024 5128 qui
2048 5057 2115 5110 ab
2129 5060 2331 5112 unitate
2352 5056 2472 5110 lidci
2489 5066 2540 5111 et
2556 5056 2685 5128 clla-5

1934 5127 2105 5184 ritatis
2150 5129 2309 5181 alietti
2358 5135 2501 5182 sunt.
2546 5127 2683 5192 Quid

1933 5208 2109 5254 autem
2127 5214 2219 5267 pro
2233 5198 2345 5252 istis
2362 5196 2617 5266 petit,nisi
2631 5203 2688 5250 ut

1937 5271 2138 5324 relictis
2152 5271 2419 5323 erroribus
2434 5270 2544 5322 suis
2555 5282 2683 5322 con-

1936 5348 2213 5395 vertantur
2234 5340 2297 5391 ad
2324 5339 2490 5391 Deum
2509 5380 2524 5402 ,
2544 5337 2685 5391 acci-

1940 5413 2085 5479 piant
2101 5411 2540 5477 lidem,accipiant
2562 5408 2687 5460 cha-

1938 5482 2172 5543 ritatem,
2204 5490 2257 5532 et
2288 5481 2355 5533 de
2380 5479 2690 5548 ignorantia:

1942 5550 2177 5607 tenebris
2206 5547 2416 5603 liberati
2452 5550 2501 5601 in
2538 5547 2684 5614 agni-

1938 5623 2136 5675 tionem
2164 5621 2378 5672 veniant
2407 5614 2683 5672 veritatis?

1938 5692 2090 5760 Quod
2104 5693 2221 5759 quia
2236 5691 2333 5757 ipsi
2353 5697 2605 5756 prmstare
2621 5685 2691 5737 si-

1940 5765 1990 5817 bi
2007 5760 2692 5829 nequeunt,malmconsue-

1943 5826 2141 5887 tudinis
2172 5830 2407 5898 por.dere
2431 5826 2690 5895 oppressi,

2921 2655 3157 2729 Capitula
3190 2660 3242 2717 8.

2811 2830 2828 2863 ι
2867 2810 3308 2887 ὒὺεεᾳωιίρηιιιη
3346 2834 3485 2887 quo-

2734 2895 2837 2949 que
2866 2883 3273 2939 sacerdotalium
3302 2883 3486 2942 sacra-

2736 2959 2913 3024 menta
2962 2953 3329 3024 respiciamus,
3369 2974 3488 3024 qua:

2737 3020 2804 3071 ab
2820 3021 3075 3085 apostolis
3091 3023 3281 3077 tradita
3302 3026 3351 3078 in
3376 3020 3489 3081 t'nto

2739 3088 2938 3141 mundo
2963 3100 3121 3155 atque
3146 3092 3195 3145 in
3219 3097 3358 3147 omni
3385 3097 3489 3148 Ec-

2739 3158 2900 3211 clcsia
2923 3160 3186 3214 catholica
3214 3163 3491 3220 uniformi-

2741 3237 2821 3282 tcr
2846 3228 3218 3306 celebrantur:
3251 3246 3303 3287 ut
3334 3234 3492 3306 legem

2738 3300 2976 3375 credendi
3015 3300 3096 3375 (fa:
3133 3310 3321 3358 statuat
3362 3300 3491 3375 s'up-

2738 3371 2982 3439 plicandi.
3026 3370 3154 3425 Cum
3196 3376 3335 3430 enim
3366 3370 3490 3431 san-

2737 3451 2938 3513 ctarum
2973 3441 3204 3513 plebium
3236 3449 3491 3513 prtesules

2739 3512 2981 3587 mandata
2997 3512 3209 3587 sibimet
3226 3512 3490 3587 legatione

2738 3581 3022 3651 fungantur
3070 3585 3211 3652 apud
3255 3581 3489 3643 divinam

2736 3652 3097 3715 clementiam,
3141 3655 3352 3711 humani
3399 3673 3494 3728 ge-

2738 3728 2878 3777 neris
2927 3732 3089 3793 agunt
3134 3740 3380 3792 causam;
3435 3737 3493 3784 et

2740 3805 2846 3848 tota
2865 3810 3045 3849 secum
3062 3802 3491 3864 eongemiscente

2740 3864 2975 3919 Ecclesia
3001 3868 3271 3937 postulant
3297 3881 3349 3922 et
3374 3884 3493 3937 pre-

2740 3947 2949 3999 cantur,
2984 3944 3039 3987 ut
3068 3934 3493 3992 inﬁdelibus—do-

2743 4015 2895 4058 netur
2920 4004 3071 4063 ﬁdes.
3116 4016 3167 4055 ut
3200 4006 3494 4060 idolnlitrte

2741 4074 2809 4125 ab
2861 4073 3148 4137 impietatis
3203 4089 3312 4127 sum
3364 4076 3496 4129 libe-

2744 4149 2927 4205 rentur
2964 4142 3257 4205 erroribus,
3308 4154 3361 4196 ttt
3399 4144 3497 4197 Ju-

2745 4212 2875 4264 dzeis
2921 4210 3098 4263 ablato
3136 4213 3314 4267 cordis
3352 4215 3499 4267 vela-

2749 4281 2889 4334 mine
2930 4280 3020 4333 lux
3058 4280 3495 4352 veritatisrappa-

2748 4359 2881 4415 reat,
2900 4357 2956 4402 ttt
2974 4350 3203 4404 haeretici
3220 4350 3499 4408 catholica:

2753 4420 2872 4475 ﬁdei
2926 4420 3263 4495 perceptione
3310 4426 3501 4495 resipi-

2746 4500 2915 4557 scant,
2952 4500 3006 4545 ut
3043 4492 3363 4549 schismatici
3393 4492 3502 4563 spi-

2748 4564 2905 4615 ritum
2939 4563 3187 4617 rediviva:
3225 4566 3502 4620 cltaritatis

2748 4634 3030 4701 accipiant,
3061 4645 3115 4687 ut
3148 4634 3309 4703 lapsis
3332 4638 3501 4705 paeni-

2752 4705 2929 4757 tentiae
2949 4706 3242 4760 remedium
3261 4711 3505 4763 confera-

2754 4783 2857 4839 tttr,
2892 4782 2949 4827 ttt
2983 4776 3209 4845 denique
3248 4778 3504 4830 eatechu-

2754 4846 2923 4898 ntenis
2970 4846 3035 4897 ad
3084 4847 3503 4913 regenerationis

2754 4923 3087 4968 sacramenta
3105 4917 3505 4983 perductis,cte-

2757 4984 2902 5039 lestis
2954 4985 3070 5037 aula
3125 4985 3506 5039 misericordiae

2756 5063 3044 5109 reseretur.
3064 5054 3185 5106 "me
3200 5066 3374 5105 autem
3398 5070 3505 5108 non

2756 5122 3136 5194 perfuncmrie,
3186 5138 3359 5194 neque
3394 5124 3509 5175 ina-

2759 5192 2898 5249 ititer
2925 5210 2952 5245 a
2994 5194 3214 5245 Domino
3257 5192 3383 5258 peti,
3421 5208 3508 5245 re-

2758 5279 2873 5317 rum
2893 5264 3124 5330 ipsarum
3155 5270 3409 5315 nmnstrat
3430 5264 3509 5316 ei-

2757 5334 2954 5388 fccttts:
2983 5331 3408 5401 quandoquidem
3440 5347 3509 5386 ex

2759 5404 2901 5457 omni
2918 5417 3157 5454 errorum
3176 5415 3371 5469 genere
3394 5402 3511 5470 plu-

2761 5474 2925 5527 rimos
2958 5473 3094 5525 Deus
3135 5472 3382 5538 dignatur
3425 5480 3509 5525 at-

2760 5546 3132 5609 traltere,qu0s
3145 5551 3325 5594 erutos
3338 5541 3402 5595 de
3416 5557 3512 5611 po-

2759 5621 2947 5666 testate
2973 5612 3307 5665 tenebrarum
3340 5623 3514 5668 trans-

2766 5685 2897 5736 ferat
2920 5683 2971 5736 in
2998 5697 3213 5747 regnum
3246 5682 3360 5736 Filii
3388 5689 3515 5737 clta-

2768 5754 2937 5806 ritatis
2955 5770 3085 5815 sum,
3102 5764 3151 5806 et
3174 5768 3237 5805 ex
3258 5755 3397 5808 vasis
3425 5756 3516 5807 ira:

2769 5824 2923 5878 iaciat
2958 5840 3076 5877 vam
3116 5826 3494 5879 misericordiae

3178 5915 3247 5985 13
