3984 6306
521 302 625 363 399

1010 295 1249 359 PASCli.
1289 297 1678 369 QUESNELLI
1720 298 2301 359 DISSERTATIONES
2341 299 2404 356 IN
2449 301 2507 357 S.
2551 297 2796 357 LEONIS
2831 298 3044 356 MAGNI
3079 296 3325 356 OPERA.

3671 302 3761 360 ιοο

516 421 722 475 titicum
751 415 1014 487 epistolis,
1038 431 1137 472 nec
1167 432 1271 471 non
1302 425 1355 472 et
1380 432 1445 472 cx
1460 416 1868 487 Carthaginensi
1902 415 2107 487 synodo
2133 420 2184 477 Δ
2213 417 2427 486 scriptis
2461 416 2859 487 quadruplicem
2898 430 3017 471 esse
3064 415 3304 471 ordinem
3351 415 3692 484 quaestionum
3717 428 3761 475 et

516 504 572 544 et
594 490 967 545 Africanorum
998 489 1302 557 rescriptis;
1337 488 1407 541 ita
1434 499 1491 541 ut
1516 488 1808 542 indiculum
1832 488 1902 541 ob
1922 489 2105 542 oculos

517 562 678 640 705
704 561 974 640 habuisse
1018 560 1303 640 rideatur:
1326 558 1465 625 Quin
1500 568 1564 637 et.
1587 560 1640 640 in
1672 560 1780 614 ﬁne
1806 559 1991 627 operis
2019 573 2107 612 rc-

519 629 821 702 captiulans
850 645 1039 685 omnes
1068 631 1307 684 Cassiani
1353 629 1751 702 propositiones
1780 643 2104 702 erroresque

520 700 600 757 exi
636 703 876 772 ejusdem
925 702 1138 769 scriptis
1184 714 1489 768 expressos,
1537 700 1754 755 easdem
1786 700 2005 754 omnino
2050 710 2106 754 et

522 775 744 829 totidem
776 774 885 827 fere
918 779 1066 827 notat
1091 772 1142 825 in
1170 785 1233 825 eo
1260 772 1577 836 sententias,
1614 781 1743 839 quot
1767 780 1821 825 et
1849 785 1982 840 quas
2008 784 2103 824 ca-

522 845 708 915 pitulis
739 845 852 897 suis
898 842 1120 915 inseruit
1148 851 1332 915 auctor
1373 860 1387 915 ε
1433 850 1559 911 puta
1596 841 1911 915 depeccato
1938 840 2105 915 origi-

526 910 655 980 itali,
679 914 746 969 de
772 914 1083 967 necessilate
1107 914 1293 982 gratia:
1323 912 1389 966 ad
1419 910 1748 979 Superandas
1781 912 2103 966 tentationes

526 998 580 1041 ct
609 986 675 1040 ad
715 999 902 1039 omnes
943 984 1163 1037 omnino
1207 983 1420 1051 pietatis
1466 984 1703 1037 actiones
1740 984 1805 1036 ab
1839 985 1953 1051 ipso
1982 982 2102 1036 ﬁdei

529 1056 844 1124 crepusculo
873 1054 937 1107 ad
966 1054 1203 1107 ultimam
1236 1068 1401 1121 usque
1436 1056 1853 1123 perseverantia:
1879 1061 2101 1124 metam,

530 1123 744 1181 omissis
768 1126 1005 1193 pluribus
1031 1124 1148 1177 aliis
1172 1124 1646 1192 propositionibus,
1669 1140 1788 1194 qua:
1810 1123 2105 1178 catholicos

530 1200 668 1252 inter
705 1205 757 1251 ct
786 1195 1097 1263 Pelagianos
1142 1194 1704 1264 Semipelagianosque
1742 1194 2101 1264 agitabantur.

530 1270 679 1333 llme,
709 1281 827 1336 qua:
856 1265 1104 1327 dicimus,
1138 1276 1445 1334 supponunt
1488 1264 1774 1320 indieulum
1802 1265 2104 1336 coniectum

529 1354 648 1393 esse
676 1335 959 1407 antequam
992 1336 1600 1407 adversusCollatorcm
1632 1351 1765 1407 opus
1788 1335 1927 1407 illud
1972 1335 2108 1389 scri-

528 1411 683 1465 beret
725 1410 782 1463 S.
822 1405 1090 1476 Prosper;
1131 1406 1270 1475 quod
1316 1416 1519 1460 certum
1555 1408 1683 1460 mihi
1712 1405 1947 1471 videtur,
1995 1415 2107 1459 tum

530 1482 655 1546 quia
684 1481 950 1533 incassum
983 1477 1273 1531 laborasset
1300 1489 1506 1537 auctor.
1538 1486 1592 1530 et
1613 1478 1971 1531 necessarium
2002 1490 2107 1531 non

530 1545 727 1606 fuisset
754 1547 1228 1617 (quemadmodum
1276 1545 1438 1602 fuisse
1485 1548 1580 1618 ait)
1612 1548 1896 1616 diligenter
1935 1546 2111 1617 inqui-

530 1636 657 1675 rere
690 1620 817 1691 quid
857 1628 1092 1691 rectores
1128 1620 1381 1691 Romana:
1410 1618 1664 1691 Ecclesiae
1697 1618 1981 1691 de‘h:eresi
2015 1618 2110 1671 Pe-

534 1688 743 1761 lagiana
784 1688 1112 1759 iudicassent
1145 1698 1199 1742 et
1236 1689 1574 1761 sentiendum
1603 1688 1961 1761 censuissent,
1988 1702 2109 1743 cum

2213 488 2658 557 prepositiunum.
2687 489 2894 542 Primus
2918 496 2999 541 est
3027 502 3211 541 earum
3241 502 3362 557 qua:
3388 487 3455 541 ad
3490 487 3636 540 ﬁdem
3657 502 3761 557 spe.

2208 568 2375 625 ctaut,
2402 574 2642 627 quasque
2667 567 2724 613 ut
2752 559 3083 614 inconcussa
3114 558 3233 613 ﬁdei
3259 558 3508 627 dogmata
3532 558 3761 613 adversus

2210 630 2493 685 hmreticos
2530 630 2758 683 asseruit
2796 646 2858 684 ac
2898 630 3247 699 propugnavit
3281 648 3292 681 :
3327 629 3513 698 quales
3549 644 3624 682 ea:
3660 640 3763 685 sunt

2208 716 2341 762 quas
2362 702 2430 755 de
2457 700 2651 754 divinae
2672 700 2869 755 Christi
2899 700 3189 755 servatoris
3211 702 3397 770 gratia:
3422 708 3681 770 naturaet
3701 701 3766 754 ei-

2210 770 2455 835 fectibus,
2491 771 2667 841 deque
2689 769 3230 841 omnipotentissima,
3256 785 3415 839 quam
3450 771 3588 841 Deus
3609 769 3763 838 habet,

2210 840 2849 896 humanorumicordium
2877 857 3213 912 quocumque
3255 841 3487 896 voluerit
3526 840 3764 896 inclinan~

2211 914 2398 967 dorum
2427 921 2708 981 petestate.
2755 912 2905 968 Alter
2930 920 3014 968 est
3037 927 3221 967 eorum
3251 912 3564 981 dogmatum
3591 928 3697 978 qua
3713 928 3766 968 ex

2212 985 2481 1053 prioribus
2509 984 2611 1038 illis
2650 984 2795 1038 velut
2826 982 3137 1037 naturaliter
3180 984 3347 1039 lluerc
3376 990 3766 1053 cognoscuntur,

2212 1057 2369 1108 sicuti
2429 1070 2494 1108 ex
2548 1054 2665 1123 ejus
2714 1055 2897 1123 gratia:
2946 1062 3169 1119 natura,
3206 1069 3345 1122 qua,
3388 1054 3642 1122 quidquid
3678 1054 3768 1106 vult

2215 1126 2377 1185 Deus,
2426 1126 2475 1178 in
2505 1125 2779 1179 hominum
2808 1126 3080 1179 voluntate
3123 1124 3320 1180 invicte
3348 1134 3623 1194 cperatur,
3665 1138 3771 1178 con-

2215 1207 2522 1250 sectaneum
2548 1204 2630 1250 e~t
2660 1197 2740 1250 vel
2767 1211 2835 1250 ex
2868 1194 2986 1263 ipso
3012 1195 3239 1250 naturali
3258 1193 3480 1259 lumine,
3501 1193 3570 1247 ad
3597 1204 3767 1248 certain

2215 1274 2270 1320 et
2321 1266 2745 1321 indcﬁectibilem
2799 1266 3283 1333 praedestinationis
3333 1272 3529 1319 metam
3586 1264 3695 1318 duci
3728 1272 3772 1318 et

2217 1346 2595 1406 perventurum
2623 1336 2862 1406 quisquis
2890 1336 3192 1405 hujusmodi
3232 1336 3399 1405 gratia
3426 1336 3493 1388 ad
3524 1336 3677 1406 tinem
3702 1348 3772 1388 us-

2211 1405 2315 1478 que
2341 1410 2465 1461 vita:
2510 1405 2729 1477 regitur,
2763 1405 3022 1476 hancque
3065 1423 3130 1463 ex
3160 1408 3390 1477 gratuita
3420 1406 3515 1459 Dei
3567 1405 3771 1459 bonitate

2213 1481 2277 1533 iis
2303 1480 2582 1541 destinari,
2632 1494 2739 1533 non
2777 1478 2919 1533 aliis.
2948 1478 3161 1533 Tertius
3191 1481 3324 1533 ordo
3354 1486 3439 1532 est
3464 1491 3653 1531 eorum
3676 1490 3770 1545 qua

2216 1550 2275 1605 S.
2303 1552 2630 1618 Augustinus
2655 1549 2903 1603 humana:
2931 1550 3094 1604 menti
3129 1548 3382 1619 impervia
3408 1547 3767 1619 pronuntiarit,

2214 1621 2333 1690 quia
2364 1615 2462 1674 n—ec
2513 1636 2540 1671 a
2581 1620 2692 1673 Deo
2737 1630 2863 1675 sunt
2908 1622 3137 1690 revelata
3177 1615 3278 1674 nec
3327 1617 3567 1673 naturali
3605 1615 3771 1690 lumine

2212 1686 2483 1761 penetrari
2523 1701 2775 1758 possunt;
2801 1707 2851 1746 v.
2880 1705 2975 1759 g.:
3016 1689 3121 1745 Cur
3160 1691 3297 1744 hunc
3327 1692 3517 1754 trahat,
3568 1697 3626 1761 et
3652 1686 3771 1740 illul

534 1758 734 1847 id:jam
763 1758 793 1816 a
825 1762 1087 1847 Prospero
1136 1760 1447 1847 prmstitum'
1485 1759 1695 1847 abunde
1741 1760 2108 1847 fuissenntum
2144 1787 2187 1847 Β
2216 1758 2317 1815 non
2354 1761 2690 1847 trahituncur
2724 1762 2853 1847 huic.
2875 1758 2950 1844 ita
2986 1761 3267 1847 suadentur
3307 1769 3361 1813 ut
3401 1758 3771 1839 persuadectttr,

534 1828 697 1888 etiam
734 1842 1014 1902 propterea
1052 1830 1193 1902 quod
1228 1831 1541 1896 opusculum
1574 1830 1836 1883 adversus
1873 1828 2111 1883 Collatu-

534 1920 654 1959 rem
680 1900 791 1973 jam
826 1912 1035 1955 mortuo
1060 1900 1374 1973 leestino,
1410 1902 1562 1956 Sixto
1597 1916 1727 1973 vero
1760 1912 1975 1968 regente
2006 1901 2113 1953 lto-

534 1971 750 2029 manam
782 1972 1072 2027 Ecclesiam
1116 1971 1315 2025 editum
1364 1982 1478 2036 est;
1524 1972 1809 2025 indiculutn
1855 1986 1980 2025 vero
2020 1986 2115 2025 seu

535 2044 1006 2101 commonitorium
1034 2043 1189 2110 paulo
1221 2052 1345 2097 ante
1373 2052 1598 2096 mortem
1630 2042 1900 2096 leestini
1930 2058 2116 2095 exara-

535 2127 651 2171 tum
682 2131 800 2169 esse
838 2114 1065 2184 probant
1099 2123 1154 2166 et
1184 2128 1361 2184 rerum
1400 2129 1514 2181 qua:
1548 2113 1859 2182 Pelagianos
1891 2115 2117 2166 attinent

537 2196 731 2251 status,
772 2183 1005 2253 etquod
1054 2189 1195 2237 inter
1219 2183 1495 2238 leestiui
1527 2184 1745 2237 decreta
1777 2184 1827 2237 in
1859 2184 2121 2252 antiquis-

539 2260 679 2313 simo
729 2258 963 2328 Dionysii
1012 2255 1198 2309 codice
1244 2257 1537 2328 reperitur;
1599 2258 1842 2328 unileAct
1888 2254 1952 2307 ad
2004 2255 2119 2328 ejus

540 2340 781 2397 tempora
817 2325 1127 2381 referendus
1154 2341 1279 2397 esse
1310 2325 1541 2394 videtur,
1572 2336 1623 2379 et
1653 2341 1714 2378 ea
1747 2325 1909 2379 fuisse
1939 2327 2120 2393 Opinio

541 2396 750 2455 abbatis
794 2400 935 2452 illius
970 2409 1155 2463 celate.
1186 2396 1284 2463 Qui
1316 2397 1460 2451 enim
1494 2412 1558 2451 ex
1583 2397 1770 2451 eadem
1800 2397 2123 2450 collectione

542 2470 1100 2539 putaruutCoelestini
1144 2484 1275 2537 opus
1320 2483 1459 2531 esse,
1494 2480 1546 2521 et
1593 2477 1793 2539 partem
1840 2467 2122 2539 quamdam

544 2538 839 2611 superioris
870 2540 1111 2609 cpistola:
1136 2579 1175 2611 ,Α
1205 2554 1309 2611 non
1341 2540 1471 2611 satis
1499 2538 1843 2611 attenderunt
1887 2538 1963 2590 sic
2011 2538 2123 2605 epi-

542 2608 802 2690 stolaailli
833 2608 1128 2690 subiectam
1158 2608 1319 2664 fuisse
1351 2625 1379 2663 a
1404 2609 1668 2690 Dionysio
1699 2610 1780 2662 vel
1807 2624 1835 2660 a
1864 2622 2125 2675 quocum-

545 2699 652 2752 que
682 2684 807 2747 alio,
833 2694 889 2735 ut
916 2683 980 2736 ah
1000 2683 1096 2752 illa
1122 2693 1298 2734 tamen
1326 2680 1490 2747 magis
1520 2680 1939 2752 distingueretur
1968 2693 2127 2745 quam

547 2749 667 2808 alia:
692 2753 933 2819 epistolm
964 2751 1030 2805 ab
1054 2753 1193 2817 aliis,
1220 2754 1436 2819 prtelixa
1461 2752 1547 2803 illa
1579 2749 1940 2804 distinctionis
1967 2760 2123 2802 nota:

547 2825 818 2896 Incipiunt
859 2824 1229 2896 pl'mteritoruui
1256 2865 1270 2888 ,
1324 2833 1453 2896 etin,
1488 2830 1543 2875 et
1581 2822 1747 2875 altera
1799 2822 1897 2874 hac
1946 2821 1996 2873 in
2027 2821 2130 2896 ﬁne

550 2890 791 2966 apposita
819 2914 829 2949 :
859 2890 1159 2965 'Explicinnt
1188 2894 1517 2966 auctoritates
1542 2938 1554 2959 ,
1579 2902 1715 2966 _elc.,
1741 2906 1865 2966 qua:
1896 2906 1992 2962 pro
2021 2890 2131 2946 dis-

550 2964 808 3023 tinctione
839 2964 1189 3038 epistolarum
1223 2964 1408 3033 positzc
1441 2980 1544 3017 non
1578 2964 1940 3017 inveniuntur.

783 3080 1339 3141 DISSERTATIONIS
1378 3080 1557 3135 PARS
1597 3079 1896 3134 ALTERA.

2222 1850 2323 1886 non
2354 1833 2519 1886 alteri.
2551 1832 2784 1899 Quartus
2821 1833 3051 1901 denique
3077 1832 3209 1885 ordo
3238 1846 3423 1885 eorum
3455 1838 3541 1883 est
3571 1830 3774 1901 capitum

2224 1904 2273 1958 iu
2298 1918 2521 1973 quorum
2546 1904 2891 1967 inquisitione
2917 1900 3126 1958 sudavit
3152 1902 3433 1971 plurimum
3454 1900 3775 1973 Augustinus,

2224 1970 2329 2030 nec
2352 1989 2528 2028 tamen
2562 1975 2694 2028 certi
2732 1974 2930 2044 aliquid
2964 1970 3209 2043 umquam
3241 1987 3403 2027 ausus
3430 1983 3514 2027 est
3540 1970 3778 2044 afﬁrmare

2223 2061 2284 2099 se
2320 2060 2440 2099 esse
2483 2041 2836 2111 assecutum,
2869 2044 3027 2099 modo
3064 2041 3115 2099 in
3156 2044 3311 2111 hanc,
3365 2044 3526 2097 modo
3572 2044 3622 2094 in
3660 2041 3776 2111 illam

2225 2116 2544 2170 sententiam
2574 2109 2889 2185 propensior
2921 2116 3092 2170 factus
3120 2116 3221 2170 :ita
3258 2109 3344 2169 res
3372 2115 3605 2168 obscura
3636 2121 3685 2167 et
3700 2109 3781 2185 dii:

2227 2188 2551 2241 ﬁcultatibus
2576 2181 2753 2241 'obs'ita
2783 2186 2857 2240 illi
2884 2188 3000 2240 visa
3027 2195 3129 2241 est.
3154 2185 3475 2254 Opinionum
3502 2181 3779 2253 huiusmodi

2230 2262 2381 2327 plura
2407 2257 2634 2311 inferius
2665 2258 2994 2324 proferemus
3025 2260 3286 2325 exempla.

2298 2328 2410 2383 Xll.
2444 2328 2518 2381 De
2550 2323 2718 2397 prima
2748 2337 2802 2382 et
2830 2328 2996 2382 altera
3022 2323 3333 2397 opiniOnom
3374 2326 3551 2381 claSse
3587 2323 3784 2397 absitut

2228 2410 2414 2452 auctor
2454 2393 2819 2466 Capitoliorum
2857 2393 3125 2453 censuerit
3174 2398 3400 2451 liberum
3447 2410 3574 2450 esse
3615 2393 3783 2448 homini

2229 2469 2496 2523 catholico
2524 2485 2615 2522 eas
2655 2471 2737 2524 vel
2767 2470 3000 2538 abjicere
3026 2471 3107 2523 vel
3139 2468 3410 2536 amplecti.
3436 2467 3650 2538 Recens
3668 2473 3781 2538 erat,

2232 2542 2318 2593 vel
2334 2542 2504 2607 potius
2522 2540 2708 2594 eodem
2727 2536 2964 2607 tempore
2978 2554 3082 2609 quo
3095 2541 3388 2594 cudebatur
3406 2537 3673 2590 indicnlus
3686 2536 3783 2597 iste,

2232 2612 2565 2665 scribebatur
2583 2626 2611 2663 a
2627 2612 2941 2675 Ctelestino,
2968 2626 3070 2664 non
3097 2612 3187 2665 illo
3208 2624 3427 2665 aucmre
3448 2609 3614 2679 707
3633 2610 3787 2662 incon-

2237 2682 2401 2745 sulto,
2428 2682 2651 2751 epistola
2674 2682 2738 2735 ad
2770 2682 2972 2747 Gallos,
3005 2683 3056 2735 iu
3080 2697 3181 2752 qua
3205 2680 3666 2749 Semipelagiauos
3684 2690 3787 2733 eta-

2238 2755 2371 2821 giiat
2398 2753 2467 2805 ob
2497 2769 2612 2805 eam
2649 2754 2885 2808 maxime
2914 2768 3150 2815 causam,
3181 2752 3320 2823 quod
3365 2752 3422 2806 S.
3458 2752 3786 2823 Augustinum

2240 2820 2415 2891 aliqua
2445 2823 2693 2877 docuisse
2728 2824 3021 2892 jactabant,
3064 2820 3401 2893 quze'doceri
3434 2820 3590 2893 nefas
3634 2827 3784 2893 esset;

2240 2888 2486 2948 eumdem
2517 2888 2752 2948 afﬁrmat
2790 2888 3340 2963 numquam'sinistra:
3366 2891 3680 2959 suspicionis
3705 2888 3792 2963 sal-

2242 2974 2355 3021 tem
2388 2980 2604 3019 rumore
2629 2980 2900 3035 aspersum
2919 2959 3056 3029 esse,
3083 2966 3176 3019 sed
3208 2966 3345 3019 inter
3378 2963 3665 3035 magistros
3679 2959 3792 3028 opti—

2242 3051 2359 3090 mos
2389 3050 2604 3104 semper
2642 3051 2671 3089 a
2691 3031 2815 3091 suis
2848 3037 3335 3105 prmdeceSsoribus
3376 3031 3787 3105 esschabitum,

2244 3117 2402 3175 atque
2449 3102 2530 3160 his
2558 3108 2649 3174 qui
2678 3109 2809 3161 tanti
2836 3102 2936 3160 viri
2968 3108 3278 3161 memoriam
3310 3103 3645 3175 lacessebant
3681 3102 3795 3175 resi~

623 3178 713 3232 XI.
744 3178 917 3232 Prima
950 3175 1341 3247 dissertationis
1366 3171 1795 3247 parteAtlcl'uncti,
1823 3185 1944 3247 qua:
1968 3169 2127 3247 Leoni

2240 3166 2489 3232 Ste'udum
2522 3166 2659 3231 esse.
2694 3181 2761 3231 At
2795 3192 2924 3231 vero
2946 3179 2989 3231 si
3023 3192 3207 3247 eorum
3236 3194 3352 3247 (ιιι-υ
3378 3176 3447 3227 de
3472 3172 3795 3247 prmdcstina-

549 3250 868 3316 Opuseulum
899 3248 1036 3301 isluil
1069 3246 1320 3307 vindicat,
1368 3240 1458 3316 ad
1485 3244 1600 3309 ejus
1630 3243 1923 3295 clausulam
1960 3240 2135 3309 pergi-

551 3314 694 3381 nius,
743 3336 901 3388 quant
931 3322 1029 3372 etsi
1056 3318 1400 3385 plurimorum
1446 3314 1551 3381 jam
1590 3321 1831 3366 vexatam
1862 3327 2135 3363 continen-

554 3392 725 3456 tai'iis,
763 3385 1027 3442 intactam
1077 3402 1179 3438 non
1212 3388 1469 3456 audemus
1516 3386 1946 3456 pra'tertnittcrc.
1992 3385 2133 3456 .Suut

554 3450 722 3530 igitur
762 3475 825 3513 ex
875 3456 1263 3530 recentioribus
1297 3450 1659 3530 scriptoribus
1707 3468 1809 3530 non
1855 3450 2006 3518 pauci
2040 3455 2137 3530 qui

555 3523 651 3597 p'er
681 3529 755 3598 (α)
781 3528 1135 3597 profumliores
1153 3525 1559 3598 diﬁicilioresqne
1588 3532 1751 3598 partes
1772 3523 2139 3598 incurrentium

553 3591 921 3671 qna’stibuuin,
964 3600 1029 3652 de
1077 3591 1268 3665 quibus
1307 3598 1370 3671 ad
1415 3599 1615 3671 calcem
1655 3593 2026 3671 Capitulotum
2062 3591 2139 3671 .de

556 3662 731 3740 gratia
761 3662 950 3737 agitur,
984 3682 1077 3723 eas
1098 3662 1293 3719 omnes
1328 3665 1551 3740 intelligi
1586 3664 1749 3715 velint
1777 3679 1900 3740 qua:
1927 3666 2025 3715 isto
2062 3662 2141 3740 in-

555 3732 737 3794 diculo
770 3732 873 3793 non
914 3732 1167 3804 expresse
1199 3732 1561 3797 continentur,
1604 3750 1664 3787 ac
1716 3732 1936 3800 proinde
1963 3732 2136 3785 omnia

558 3814 647 3866 illa
678 3812 934 3865 doctrina:
966 3812 1030 3863 de
1053 3807 1222 3877 gratia
1253 3805 1451 3861 Christi
1482 3806 1651 3873 capita
1681 3820 1799 3873 qua:
1826 3821 1853 3856 a
1883 3804 1939 3877 S.
1972 3809 2142 3872 Angit-

557 3886 701 3935 stino
731 3884 886 3935 latius
923 3875 1243 3948 pertractata
1284 3886 1410 3930 sunt
1446 3878 1701 3928 adversus
1747 3875 2143 3948 l’elagianOSet

558 3945 939 4017 Massilienses,
963 3953 1011 4005 in
1038 3966 1220 4004 eorum
1241 3949 1549 4017 tlugniatum
1572 3948 1799 3999 classem
1828 3945 2138 4017 rejicienda,

557 4042 679 4093 qua:
722 4041 809 4077 nec
853 4016 1100 4077 audemus
1152 4016 1497 4093 contemnere,
1541 4034 1629 4069 nec
1670 4031 1868 4093 necesse
1900 4016 2139 4093 [migrans

560 4086 807 4159 astruere,
840 4098 882 4147 si
916 4096 1031 4147 istis
1055 4092 1303 4160 capitulis
1326 4102 1527 4143 asserta
1560 4103 1663 4141 non
1693 4088 1954 4155 lcgantur.
1980 4086 2141 4157 706

558 4167 823 4235 Quidquid
855 4165 1012 4235 igitur
1042 4171 1239 4232 praeter
1268 4160 1991 4235 ea_qttamlibetconstantcr
2023 4174 2143 4235 pro-

560 4227 741 4291 tulerit
776 4227 961 4303 graiia:
1004 4227 1211 4292 doctor.
1261 4232 1429 4285 solide
1468 4247 1531 4285 ex
1564 4227 1857 4303 scripturis
1894 4228 2141 4303 ct_tradi-

560 4311 706 4361 tione
736 4298 1059 4375 probaverit,
1104 4318 1292 4357 secure
1323 4303 1464 4375 velut
1495 4302 1615 4375 ﬁdei
1647 4300 1923 4375 catholico
1951 4298 2141 4367 dogma

561 4370 919 4447 [troitosucrit,
944 4376 1087 4445 quod
1122 4373 1459 4441 pestmodum
1484 4372 1644 4447 etiam
1668 4370 1902 4447 Ecclesia
1935 4383 2144 4423 summo

561 4442 800 4502 euntium
843 4442 1158 4501 smculorum
1198 4459 1462 4498 consensu
1503 4442 1851 4504 eonlirmarit,
1909 4456 2011 4493 non
2046 4456 2145 4494 nc-

562 4535 715 4571 cessc
743 4519 937 4570 habent
968 4516 1199 4583 theologi
1231 4515 1315 4567 isti
1347 4524 1609 4583 astruere,
1652 4512 1697 4583 si
1728 4526 1788 4583 ea
1820 4510 1901 4583 vel
1930 4527 2033 4564 non
2064 4512 2141 4565 le-

564 4591 758 4656 gerint,
791 4590 873 4641 vel
917 4602 1020 4641 non
1068 4582 1245 4654 legere
1275 4584 1507 4656 sibivisi
1552 4582 1750 4635 fuerint
1779 4582 1830 4634 in
1862 4582 1971 4656 isto
1993 4597 2142 4656 corn-

568 4653 825 4725 pendioso
855 4653 1275 4726 propositionum
1294 4654 1678 4726 catholicarum
1699 4653 2141 4726 commonitorio.

566 4722 678 4783 llac
708 4744 808 4781 una
834 4722 1201 4796 responsione,
1230 4726 1372 4777 velut
1396 4725 1585 4787 ariete,
1610 4722 1948 4796 disjiciuntur
1968 4726 2147 4793 catl‘io-

565 4802 665 4854 liea
695 4790 941 4867 dogmata
980 4798 1047 4852 de
1092 4800 1387 4867 electorum
1430 4809 1533 4846 non
1570 4808 1637 4867 ex
1677 4794 1915 4867 pratv25is
1959 4790 2146 4867 eorum

566 4863 791 4938 meritis,
824 4870 916 4924 sed
948 4884 1011 4924 ex
1043 4868 1271 4938 gratuita
1303 4866 1393 4919 Dei
1428 4864 1816 4938 misericordia,
1868 4863 2145 4938 prafdesti-

565 4935 803 5004 natione,
830 4942 897 4994 de
926 4935 1380 5008 concupiscentia,
1414 4936 1481 5008 de
1504 4936 1672 5004 pinnis
1692 4938 1916 5002 peccati,
1945 4935 2011 4989 de
2029 4949 2151 5006 gra-

566 5014 653 5067 tia:
674 5011 869 5065 Chri-ti
893 5014 959 5063 ab
989 5007 1178 5065 Atlami
1218 5009 1385 5078 gratia
1413 5007 1744 5070 discrimine,
1791 5015 1845 5058 et
1890 5008 1996 5078 alia
2028 5022 2148 5078 qua:

565 5099 631 5137 ex
668 5084 750 5137 his
779 5083 923 5136 velut
957 5080 1189 5135 fontibus
1225 5076 1536 5132 derivantur
1571 5078 1827 5130 doctrina:
1867 5076 2148 5131 catholica:

564 5155 758 5223 capita,
783 5154 850 5205 ab
876 5154 956 5206 his
982 5152 1321 5223 objiciuntur,
1362 5147 1638 5223 autrvclut
1678 5146 1931 5222 ἀδιάφορα
1978 5148 2149 5223 libero

564 5219 818 5294 cujusque
848 5219 1091 5277 assensui
1118 5222 1199 5277 vel
1222 5220 1485 5275 dissensui
1507 5234 1624 5274 esse
1650 5219 1929 5289 permissa,
1952 5219 2149 5289 ubique

566 5296 876 5366 praedicant.

635 5370 803 5431 Quam
836 5370 989 5432 longe
1018 5364 1265 5419 aberrent
1289 5378 1317 5416 a
1340 5360 1613 5416 C(elcstini
1639 5369 1817 5432 mente
1844 5359 1933 5430 qui
1961 5359 2147 5429 hujus-

566 5439 710 5491 tnodi
735 5431 1192 5506 argumentatione
1220 5432 1497 5506 Augustini
1529 5431 1823 5485 doctrinam
1857 5442 2145 5506 concutere

567 5504 839 5570 nituntur,
885 5506 1101 5560 difﬁcili:
1154 5521 1258 5559 non
1313 5512 1396 5558 est
1438 5505 1831 5557 demonstrare.
1882 5505 1957 5555 Ae
2001 5504 2148 5570 prius

567 5579 781 5649 quidem
808 5578 1164 5633 revocandum
1200 5578 1251 5629 in
1285 5575 1628 5642 memoriam,
1677 5574 1731 5627 in
1763 5572 1819 5627 S.
1867 5572 2150 5642 Augustini

644 5786 719 5866 σα)
748 5788 824 5845 De
847 5788 949 5846 hoe
977 5788 1098 5842 vide
1128 5786 1340 5842 observ.
1376 5800 1428 5840 n.
1462 5784 1547 5840 to.

2243 3250 2390 3303 tione
2432 3258 2763 3309 sanctorum,
2807 3246 3107 3303 liberatriec
3131 3241 3328 3302 Christi
3372 3241 3565 3314 gratia,
3616 3252 3669 3297 et
3692 3241 3797 3314 aliis

2244 3319 2505 3385 ejusmodi
2532 3334 2628 3388 pro
2658 3320 2820 3374 certis
2845 3331 2898 3372 et
2932 3319 3237 3372 indubitatis
3262 3311 3800 3388 propesuitasscruit-

2244 3407 2347 3456 que
2379 3385 2704 3456 Augustinus
2730 3392 2988 3444 adversus
3018 3390 3350 3459 Pelagianos,
3381 3385 3799 3459 Pelagianorum-

2246 3454 2349 3526 que
2379 3454 2653 3528 reliquias,
2688 3462 2859 3530 aliqua
2892 3469 3072 3513 essent
3100 3454 3348 3529 a'quibus
3385 3454 3804 3530 discedere_l_ihe-

2248 3524 2365 3584 ruin
2398 3524 2560 3597 esset,
2612 3524 2878 3585 immerito
2912 3524 3264 3600 arguerentur
3293 3527 3552 3597 Pelagiani
3581 3524 3802 3600 ct_lilas-

2248 3601 2495 3655 silienses
2524 3595 2665 3671 quod
2692 3603 2760 3655 ab
2782 3603 2848 3656 iis
2874 3595 3060 3656 revera
3088 3595 3449 3665 discederent,
3480 3596 3615 3667 quod
3642 3595 3807 3671 Augu-

2250 3674 2445 3725 stinum
2493 3668 2555 3724 ini
2573 3672 2838 3741 aliquibus
2888 3672 3149 3727 haberent
3195 3680 3521 3741 suspectum,
3569 3668 3805 3741 Quodque

2250 3742 2366 3809 ejus
2395 3743 2460 3795 de
2487 3737 2954 3810 prmdcstinatione
2998 3752 3052 3797 et
3087 3744 3251 3812 gratia
3292 3737 3581 3796 sententia:
3620 3737 3810 3812 nollent

2250 3805 2528 3867 accedere.
2550 3814 2717 3868 Recte
2747 3817 2888 3868 enim
2918 3805 3809 3867 observatdoctissimuscardinalis

2250 3884 2621 3948 Bcllarminus,
2658 3886 2751 3938 lib.
2785 3901 2817 3938 ll
2849 3885 2916 3938 de
2945 3884 3121 3940 Gratia
3153 3894 3208 3939 et
3236 3886 3406 3939 libero
3434 3878 3672 3936 Arbitrio
3700 3891 3809 3945 cap.

2253 3954 2339 4018 ll,
2364 3956 2592 4008 defatam
2621 3970 2741 4009 esse
2761 3957 2825 4009 ad
2848 3956 3194 4024 apostolicam
3222 3955 3404 4010 sedem
3435 3968 3461 4004 a
3488 3952 3813 4024 Prosperoet

2252 4025 2455 4079 llilario
2483 4019 2898 4092 querimoniam,
2929 4027 3068 4095 quod
3100 4029 3151 4080 in
3183 4020 3684 4095 Galliapresbyteri
3712 4019 3815 4090 qui-

2251 4096 2372 4149 dam
2401 4096 2695 4150 doctrinam
2738 4098 2795 4151 S.
2823 4094 3103 4167 Augustini
3134 4100 3201 4151 de
3232 4094 3707 4166 prredestinatione
3736 4103 3815 4167 re-

2252 4168 2673 4233 prehenderent;
2706 4162 2998 4236 contraque
3027 4162 3246 4236 publica
3281 4167 3535 4220 Ecclesia:
3566 4162 3811 4233 approba-

2252 4246 2397 4290 tione
2427 4239 2561 4291 hanc
2590 4238 2888 4291 doctrinam
2922 4238 3087 4293 fuisse
3120 4249 3244 4292 tunc
3270 4237 3604 4291 roboratam.

2322 4307 2459 4361 Xlll.
2492 4307 2540 4360 Ξ.
2566 4307 2621 4362 1η
2654 4312 2764 4377 ipsa
2800 4310 3226 4363 testimoniorum
3262 4308 3486 4363 istorum
3522 4303 3819 4377 prmlatione

2253 4374 2687 4447 bi-mipclagiani'
2715 4390 3053 4444 coercentur,
3100 4396 3165 4434 eo
3194 4379 3335 4448 quod
3367 4378 3726 4447 Augustinum
3750 4374 3821 4428 di-

2254 4461 2438 4503 cereut
2486 4450 2846 4505 necessarium
2897 4452 3113 4504 modum
3162 4452 3449 4505 scribendo
3496 4448 3821 4502 excessisse:

2174 4538 2223 4597 ι)
2254 4520 2413 4597 iidem
2441 4522 2509 4571 ob
2547 4520 2682 4597 hanc
2706 4536 2919 4597 causam
2950 4524 3033 4575 vel
3072 4522 3377 4597 imperitia.
3411 4518 3495 4574 vel
3531 4516 3822 4597 pravitatis,

2254 4590 2333 4662 vel
2369 4594 2799 4659 praesumptionis
2831 4602 3145 4662 arguuntur,
3190 4605 3244 4646 ct
3285 4594 3409 4647 licet
3436 4590 3714 4644 catholico
3738 4601 3825 4662 no-

2253 4660 2397 4713 tuine
2423 4663 2799 4730 gloriarentur,
2846 4664 2897 4716 in
2931 4660 3307 4719 haereticorum
3352 4673 3531 4715 tamen
3572 4660 3827 4713 damnatis

2254 4732 2503 4801 sensibus
2532 4732 2736 4787 haerere
2780 4734 3049 4788 dicuntur.
3102 4732 3262 4800 Igitur
3293 4732 3650 4801 Augustinus,
3690 4730 3826 4798 juxta

2254 4800 2421 4869 ipsius
2444 4799 2807 4872 Capitulorum
2840 4806 3074 4859 auctoris
3104 4799 3449 4866 sententiam,
3480 4803 3705 4856 modum
3736 4812 3828 4851 non

2254 4878 2493 4927 excessit
2516 4876 2565 4927 in
2589 4874 2653 4928 iis
2674 4891 2791 4944 qua:
2814 4876 3072 4929 adversus
3096 4875 3409 4944 Pelagianos
3434 4876 3681 4942 scripsit,
3706 4886 3832 4940 qua:-

2254 4959 2359 5013 que
2385 4956 2697 5001 constanter
2725 4948 2989 5012 asseruit;
3020 4962 3117 5002 nec
3146 4946 3314 5000 ullum
3342 4946 3538 5014 dogma
3565 4959 3664 5013 pro
3694 4950 3833 4996 certo

2256 5026 2311 5069 et
2352 5015 2646 5086 ittdubitato
2690 5018 2951 5086 prolatum
2998 5027 3081 5071 est
3120 5018 3187 5070 ab
3227 5030 3294 5071 eo
3330 5025 3383 5070 et
3419 5022 3831 5083 propugnatura.

2256 5085 2394 5154 quod
2435 5086 2586 5155 juxta
2626 5085 2863 5156 ejusdem
2910 5089 3144 5143 auctoris
3189 5097 3422 5141 mentem
3468 5102 3568 5154 pro
3611 5096 3762 5139 certo
3788 5090 3836 5134 et

2255 5156 2555 5229 indubitato
2606 5158 2887 5228 theologus
2934 5160 3161 5229 quisque
3205 5157 3403 5211 habere
3447 5170 3557 5210 non
3610 5156 3834 5229 debeat;

2255 5227 2453 5296 alioqui
2496 5245 2602 5283 non
2649 5227 2834 5298 parum
2878 5227 3205 5285 exceSsisset
3234 5229 3451 5282 modum
3482 5228 3833 5298 Augustinus,

2254 5300 2298 5351 si
2332 5299 2454 5367 quid
2486 5300 2630 5353 velut
2657 5316 2723 5354 ex
2759 5301 3011 5355 Ecclesia:
3042 5300 3285 5355 doctrina
3325 5299 3659 5354 asseruisset
3688 5308 3742 5351 et
3768 5304 3839 5348 te-

2258 5370 2491 5440 nendum
2523 5372 2812 5436 docuisset,
2842 5372 2983 5440 quod
3016 5387 3143 5427 vere
3176 5386 3278 5426 non
3311 5380 3453 5425 esset
3479 5384 3548 5424 ex
3582 5367 3841 5440 Ecclesia:

2253 5438 2517 5509 doctrina,
2544 5443 2682 5510 quod
2709 5438 2931 5498 necesse
2955 5458 3059 5497 non
3082 5453 3223 5497 esset
3250 5452 3512 5507 astruere,
3541 5439 3843 5510 quodJibe~

2254 5523 2545 5587 runi_e_sst_:t
2572 5514 2653 5587 vel
2684 5514 2921 5587 abjicere
2946 5513 3034 5587 vel
3061 5513 3329 5587 amplecti.

2328 5579 2462 5635 XIV.
2495 5584 2546 5637 5.
2570 5579 2765 5637 Auctor
2795 5583 3014 5641 lndiculi
3044 5599 3137 5640 seu
3152 5579 3521 5654 Capitulorum
3545 5596 3612 5637 ea
3636 5583 3842 5647 ratione

1627 5686 2185 5746 BALLERINIORUM
2226 5688 2751 5754 ANNOTATIONES

3872 216 3877 273 l

3876 300 3879 353 Ι
