3984 6306
497 364 599 419 407

966 362 1201 421 PASCH.
1245 361 1631 433 QUESNELLI
1674 346 2253 419 DISSERTATIONES
2291 356 2356 415 IN
2398 358 2453 414 .5.
2497 355 2738 413 LEONIS
2778 351 2988 412 MAGNI
3027 353 3271 413 OPERA.

3633 358 3728 416 403

498 475 814 546 exceptione
847 477 1100 544 postremi
1133 478 1271 531 illius
1299 478 1542 545 capituli,
1565 478 1650 530 vix
1680 476 1833 529 nobis
1862 476 2067 529 incum-
2098 474 2407 546 Aquazstio
2434 488 2499 546 ex
2529 472 2811 546 illiserant
2832 470 3023 546 quibus
3046 470 3332 541 Pelagiani,
3366 483 3531 546 cuma
3557 472 3729 546 catho.

497 548 576 601 bit
627 547 908 601 ostendere
953 548 1077 613 quid
1122 563 1215 616 per
1262 548 1620 619 profundiores
1667 548 2067 616 difﬁcilioresque

499 630 669 685 partes
716 620 1079 671 incurrentium
1121 620 1455 687 qucestionum
1496 619 1814 672 intellexerit
1859 626 2065 671 auctor.

502 688 708 743 Sufﬁcit
731 691 869 741 enim
900 687 1155 755 probasse
1193 689 1324 743 nihil
1356 703 1538 742 eorum
1568 704 1684 755 quae
1715 696 1930 741 sanctus
1961 689 2067 740 Au-

498 761 742 827 gustinus
766 768 1071 813 constanter
1100 758 1281 813 docuit
1321 759 1388 813 de
1422 757 1588 826 gratia
1621 767 1673 811 et
1716 758 2067 827 praedestina-

501 830 642 883 tione
673 840 939 899 tamquam
966 838 1170 882 certum
1202 829 1454 884 Ecclesia:
1491 832 1677 898 dogma
1707 830 1770 881 atl
1806 828 1923 882 illas
1948 843 2068 896 par-

498 911 583 954 tes
619 901 840 969 relegari
865 914 1051 969 posse;
1083 899 1150 956 de
1174 899 1255 955 his
1284 909 1464 955 tamen
1494 901 1827 969 conjecturas
1855 910 2068 953 neStras

498 986 813 1039 promttnus.

571 1041 703 1094 Cum
735 1041 959 1107 primum
993 1049 1106 1095 orta
1132 1049 1215 1096 est
1242 1040 1523 1103 Pelagiana
1556 1040 1779 1095 hatresis
1804 1047 1964 1109 atque
2002 1038 2069 1094 ab

495 1111 764 1165 Africanis
787 1112 1051 1181 episc0pis
1081 1122 1133 1165 et
1164 1127 1193 1163 a
1224 1111 1474 1179 pontifice
1510 1112 1818 1166 Innocentio
1850 1113 2070 1163 damna-

498 1191 573 1244 ta,
605 1182 809 1236 duobus
849 1183 957 1236 fere
998 1181 1264 1246 capitibus
1302 1182 1751 1246 Concludebatur;
1784 1182 2069 1242 negatione

499 1252 702 1306 scilicet
737 1254 936 1320 peccati
968 1251 1265 1320 originalis,
1297 1260 1354 1304 et
1383 1252 1720 1306 necessitatis
1759 1252 1939 1319 gratia!
1971 1250 2068 1304 Dei

500 1322 567 1375 ad
591 1323 826 1391 singulos
848 1333 1016 1375 actus.
1049 1321 1380 1375 Succedcnte
1416 1330 1653 1389 tempore
1694 1322 1936 1388 geminus
1968 1320 2071 1374 iste

498 1408 703 1457 ramus,
736 1393 825 1462 qui
874 1409 937 1447 ex
978 1392 1156 1447 radice
1197 1391 1459 1460 dogmatis
1502 1393 1569 1445 de
1616 1393 1821 1446 Adamo
1863 1391 2070 1445 mortali

500 1472 683 1516 creato
721 1474 877 1516 natus
903 1472 1037 1529 erat,
1070 1463 1202 1515 alios
1237 1462 1463 1515 sobinde
1499 1464 1679 1515 emisit
1711 1468 2069 1524 rumusculos,

500 1532 694 1602 quibus
725 1533 1071 1600 praeeidendis
1102 1532 1457 1587 allaborarnnt
1495 1532 1751 1585 Ecclesiae
1794 1531 2072 1585 catholica:

500 1606 760 1671 magistri.
790 1603 983 1657 [larum
1014 1604 1365 1672 qumstionnm
1400 1604 1518 1656 alia:
1548 1602 1850 1657 evidentem
1888 1616 1950 1655 ac
1982 1617 2075 1655 ue-

502 1673 790 1728 cessariam
835 1675 1052 1727 omnino
1089 1689 1209 1726 cum
1261 1684 1487 1741 utroque
1532 1674 1621 1725 illo
1661 1674 1908 1741 dogmate
1945 1686 2073 1725 con-

504 1746 791 1797 nexionem
824 1745 891 1796 ita
923 1744 1142 1806 habent,
1172 1754 1227 1796 ut
1276 1760 1437 1797 unum
1468 1742 1585 1797 sine
1615 1743 1787 1797 altero
1825 1743 2073 1810 dogmate

507 1814 727 1881 intelligi
762 1814 979 1868 minime
1004 1815 1194 1883 possit;
1226 1815 1345 1867 alite
1378 1812 1827 1868 necessitudinem
1856 1813 2071 1882 quidem

505 1885 790 1940 maximam
816 1884 1031 1950 habent,
1059 1885 1153 1938 sed
1194 1894 1425 1938 nectam
1469 1885 1792 1947 evidentem,
1824 1898 1922 1937 nec
1964 1890 2071 1936 tam

506 1954 893 2019 necessariam;
923 1964 979 2008 ut
1006 1955 1208 2023 absque
1233 1969 1458 2023 operosa
1509 1955 1853 2021 inquisitione
1892 1954 2073 2006 statim

506 2025 683 2078 animo
708 2034 975 2091 occurrat,
1002 2035 1093 2080 aut
1125 2025 1192 2079 de
1235 2026 1315 2079 his
1366 2024 1519 2079 facile
1558 2040 1678 2092 qua:
1721 2026 1792 2078 sit
1824 2023 2076 2077 Ecclesite

507 2096 769 2149 sententia
798 2097 1090 2151 decernere
1122 2110 1306 2166 queas.
1341 2095 1417 2166 Ad
1464 2096 1687 2162 primam
1729 2096 1952 2148 classem
1993 2109 2079 2166 re_-

509 2168 732 2219 ferenda
767 2168 992 2235 quaestio
1019 2168 1088 2221 de
1116 2164 1598 2235 ,pracdestinatione
1643 2174 1978 2227 sanctorum;
2011 2164 2077 2218 ad

510 2236 735 2289 alteram
763 2237 942 2303 plures
973 2252 1089 2306 qua:
1127 2237 1193 2291 ab
1230 2236 1522 2305 Augustino
1553 2236 1713 2290 latius
1746 2244 2080 2303 pertractatio

512 2315 655 2369 sunt,
690 2307 875 2375 quales
902 2319 1023 2361 sunt
1056 2326 1067 2360 :
1099 2322 1164 2361 an
1190 2307 1348 2360 homo
1379 2307 1545 2374 possit
1575 2320 1694 2360 esse
1718 2308 1832 2359 sine
1863 2316 2081 2373 peccato

512 2378 569 2431 in
600 2376 697 2429 hac
730 2378 861 2442 vita;
894 2393 995 2446 qua
1032 2392 1187 2444 paena
1228 2378 1526 2446 plectantur
1568 2376 1795 2430 infantes
1843 2378 1960 2429 sine
1992 2375 2082 2427 ha-

512 2448 711 2516 ptismo
740 2463 809 2501 ex
847 2449 945 2502 hac
980 2450 1084 2502 vita
1119 2448 1470 2512 decedentes;
1508 2462 1576 2500 an
1609 2446 1775 2500 morbi
1808 2462 1869 2499 ex
1903 2446 2079 2516 culpa,

516 2515 583 2571 an
626 2533 687 2571 ex
731 2529 916 2573 natura
962 2530 1137 2574 ortum
1187 2518 1498 2583 habuerint;
1542 2517 1810 2585 quomodo
1853 2515 2083 2570 infantes

506 2592 641 2641 ante
672 2590 989 2657 baptismum
1017 2590 1304 2643 morientes
1327 2604 1355 2639 a
1384 2587 1594 2641 Christo
1620 2587 1894 2653 judicandi
1914 2602 1929 2650 ;
1953 2602 2085 2655 quo-

518 2658 680 2711 modo
709 2669 980 2727 peccatmn
1012 2660 1267 2729 originale
1304 2662 1690 2713 transmittatur
1718 2659 1769 2729 in
1805 2666 2081 2725 posteros;

520 2729 664 2781 unde
708 2732 758 2781 in
800 2733 1007 2796 nuptias
1050 2727 1165 2797 qua:
1193 2730 1348 2783 home
1391 2738 1512 2782 sunt
1542 2736 1595 2782 et
1630 2729 1719 2781 Dei
1760 2727 2082 2790 institutum,

520 2809 601 2851 tot
635 2801 771 2852 mala
802 2800 1006 2854 inVecta
1045 2812 1195 2865 sunt;
1228 2800 1355 2869 quid
1380 2802 1446 2853 sit
1475 2810 1769 2869 peceatum,
1803 2797 1928 2867 quid
1957 2812 2085 2869 cott-

521 2870 868 2936 eupiscentia,
899 2871 1023 2939 quid
1048 2873 1163 2939 ejus
1190 2866 1396 2935 natura,
1432 2866 1519 2937 qui
1546 2867 1765 2922 effectus
1798 2866 1981 2939 {quod
2007 2868 2086 2939 in-

521 2939 701 2994 ﬁnitas
744 2938 1124 3011 propemodum
1185 2941 1521 3011 amplectitur
1582 2938 1938 3011 difﬁcultates
1972 2938 2087 2992 istis

523 3008 792 3064 conttesas
811 3027 826 3075 ;
846 3008 923 3065 'an
949 3022 1004 3066 et
1032 3008 1300 3080 quomodo
1328 3011 1569 3065 Christus
1600 3012 1831 3080 antiquis
1861 3008 2089 3080 subve-

522 3083 620 3134 teri
654 3082 996 3137 Testamento
1034 3078 1317 3150 profuerit;
1348 3094 1519 3134 utrum
1558 3082 1674 3134 sine
1716 3079 1817 3134 lide
1846 3080 1896 3132 in
1928 3078 2086 3133 Chri-

523 3162 664 3205 stum
706 3155 883 3206 salvus
912 3153 1029 3221 quis
1060 3154 1346 3221 aliquando
1381 3152 1565 3212 fuerit;
1595 3151 1825 3215 denique
1861 3150 2087 3220 quaestio

2106 1853 2153 1912 Β

2170 542 2291 599 lica:
2327 544 2583 598 doctrinae
2621 542 2990 596 defensoribus
3021 552 3365 609 urgerentur,
3389 542 3603 595 eosdem
3631 544 3728 597 alio

2176 624 2417 669 avertere
2446 628 2508 667 ac
2541 611 2815 668 ludificare
2843 614 3193 673 conabantur.
3237 610 3363 665 Cant
3390 612 3544 681 igitur
3584 610 3729 665 Peto.

2212 686 2314 738 iani
2342 685 2420 737 his
2449 693 2602 755 atque
2633 683 2929 755 hujusmodi
2959 684 3185 737 veritatis
3207 683 3508 755 testimoniis
3534 691 3579 735 et
3605 685 3731 736 raci-

2209 773 2264 808 us
2292 753 2681 825 urgeantur.....
2699 753 2983 808 immittunt
3011 755 3227 825 aliarum
3256 753 3465 825 nebulas
3499 755 3733 825 quastio-

2174 843 2295 879 nunt
2314 866 2329 889 ,
2356 824 2411 878 in
2440 824 2618 894 quibus
2652 841 2825 878 eorum
2851 825 2992 889 apud
3031 824 3259 878 homines
3285 824 3619 888 simpliciores
3642 824 3732 879 sive

2175 893 2459 958 tardiores,
2487 896 2590 948 sive
2622 897 2813 949 sanctis
2852 896 3030 949 litteris
3066 897 3232 948 minus
3259 895 3481 948 eruditos
3512 893 3733 964 impietas

2174 968 2452 1021 delitescat.
2495 964 2596 1019 Has
2638 976 2754 1019 sunt
2794 966 2987 1019 nebqu
3027 964 3089 1018 de
3126 966 3277 1018 laude
3303 974 3571 1027 creuturce,
3595 964 3731 1017 laude

2174 1039 2490 1103 nuptiarum,
2518 1037 2668 1089 laude
2693 1036 2838 1104 legis,
2863 1036 3016 1089 laude
3036 1036 3179 1090 liberi
3200 1036 3417 1098 arbitrii,
3445 1036 3593 1088 laude
3618 1051 3732 1088 san-

2175 1118 2396 1170 ctorum,
2417 1115 2519 1161 etc.
2541 1106 2690 1175 (Cap.
2715 1107 2790 1175 8).
2823 1107 2887 1162 Et
2913 1121 3032 1175 cap.
3063 1107 3095 1160 9
3126 1124 3137 1159 :
3164 1105 3228 1160 In
3252 1107 3328 1159 his
3355 1106 3578 1176 quinque
3601 1107 3731 1158 rebus

2173 1195 2297 1249 quas
2321 1178 2660 1249 proposui,_ln
2680 1176 3119 1249 quibusiquterunt
3141 1176 3379 1240 latebras,
3405 1184 3460 1249 et_
3484 1175 3549 1229 de
3566 1176 3731 1249 quibus

2175 1245 2471 1302 connectunt
2518 1245 2819 1300 calumnias.
2870 1248 2935 1301 Et
2969 1246 3199 1315 denique
3235 1261 3354 1315 cap.
3405 1246 3471 1301 10
3498 1263 3511 1297 :
3542 1245 3732 1298 Addunt

2175 1334 2296 1373 sane
2324 1318 2393 1370 ad
2422 1317 2728 1371 latebrarum
2762 1332 2972 1371 suarum
3005 1318 3213 1371 nebulas
3242 1315 3517 1384 Pelagiani
3556 1316 3615 1367 de
3639 1317 3730 1368 ori-

2176 1390 2291 1458 gine
2330 1389 2514 1441 anima:
2553 1403 2653 1441 non
2691 1402 3049 1442 necessumst
3094 1401 3440 1449 QUESTIONEI
3487 1386 3558 1438 ad
3583 1385 3669 1458 hoc
3690 1395 3733 1458 ut

2176 1456 2254 1512 res
2294 1459 2617 1527 manifestas,
2674 1458 2896 1511 aliarum
2942 1474 3114 1511 rerum
3151 1459 3456 1512 obscuritate
3500 1456 3735 1509 turbando

2177 1529 2452 1582 moliantur
2495 1528 2687 1582 latendi
2728 1529 2916 1581 locum.
2958 1528 3115 1581 Aiunt
3159 1530 3294 1582 enim
3331 1543 3423 1582 nos
3462 1527 3734 1580 animarum

2178 1600 2439 1652 traducem
2467 1615 2577 1651 cum
2606 1599 2798 1669 peccati
2828 1599 3037 1651 traduce
3066 1600 3315 1652 contueri.

2251 1671 2488 1739 Denique
2510 1666 2836 1736 postremum
2851 1669 2989 1723 istud
3014 1670 3301 1738 capitulum
3326 1668 3601 1739 explicare
3621 1666 3733 1721 mihi

2178 1736 2623 1811 videtur—eximia
2667 1739 2753 1811 iila
2796 1742 3018 1811 epistola
3065 1736 3323 1811 synodica
3370 1736 3732 1811 Africanoiuiu

2178 1812 2547 1880 episcoporum
2588 1810 2655 1880 in,
2678 1809 2921 1864 Sardinia
2966 1807 3210 1865 exsulum
3232 1850 3247 1874 ,
3278 1825 3396 1880 qua:
3422 1810 3597 1864 Sancti
3624 1807 3731 1863 Ful-

2178 1881 2339 1950 gentii
2367 1879 2507 1951 stylo
2537 1879 2771 1935 creditur
2796 1892 3030 1951 exarata.
3058 1879 3537 1948 Vitlerat,’opinor,
3560 1891 3730 1951 auctor

2180 1950 2440 2020 epistolte,
2472 1951 2712 2019 quisquis
2756 1962 2859 2018 est,
2906 1950 3147 2020 Capitula
3189 1951 3257 2004 de
3297 1951 3496 2020 quibus
3538 1950 3734 2005 disseri-

2180 2037 2300 2076 mus
2334 2041 2347 2076 :
2378 2021 2639 2087 siquidem
2681 2035 2740 2075 ea
2771 2022 3055 2091 Possessor
3092 2021 3159 2076 ab
3186 2021 3468 2076 llormisda
3502 2035 3635 2091 papa
3657 2035 3734 2075 ac-

2179 2094 2386 2160 cepisse
2416 2091 2647 2156 videtur,
2669 2092 2769 2145 nisi
2788 2090 2898 2160 jam
2920 2103 3075 2146 antea
3100 2092 3346 2146 manibus
3375 2090 3732 2147 AfriCanorum

2184 2162 2559 2225 versabantur,
2588 2161 2812 2231 quodex
2837 2161 3079 2230 epistola:
3104 2161 3403 2217 Hormisdae
3432 2162 3501 2216 ad
3534 2162 3734 2218 Posses-

2182 2248 2358 2287 sorem
2393 2234 2509 2286 loco
2540 2233 2590 2302 in
2635 2232 2887 2302 synodica
2916 2233 3003 2286 illa
3045 2233 3213 2287 relato
3253 2246 3506 2289 asserere
3535 2246 3636 2287 non
3656 2247 3734 2287 ve-

2183 2319 2329 2373 reor.
2368 2302 2535 2373 Porro
2572 2301 2623 2355 in
2669 2301 2775 2373 ista
2825 2303 3068 2373 exsulum
3112 2304 3489 2371 episcoporum
3533 2304 3735 2373 epistola

2183 2372 2403 2445 (Concil.
2430 2372 2585 2425 Labb.
2618 2380 2657 2425 t.
2688 2370 2715 2425 Ι
2734 2371 2803 2445 γ,
2824 2370 3413 2445 σοιη159ιλβτφεὶρυξι
3448 2370 3635 2445 gratia:
3662 2388 3734 2445 ca-

2184 2443 2290 2513 pita
2323 2452 2637 2498 asseruntur
2658 2444 2806 2509 quasi
2835 2445 2899 2496 ad
2925 2443 3085 2499 (idem
3118 2443 3368 2499 Ecclesia:
3394 2444 3733 2513 pertinentia;

2185 2515 2238 2568 in
2267 2529 2495 2583 quorum
2540 2514 2710 2569 fronte
2752 2514 2945 2581 legitur
2990 2514 3371 2584 Augustiniana
3412 2514 3481 2570 de
3532 2516 3737 2584 gratuita

2185 2585 2651 2656 praedestinatioue
2689 2592 2997 2656 sanctorum
3035 2585 3276 2639 doctrina
3317 2602 3330 2638 :
3371 2584 3572 2639 Contra
3600 2602 3736 2656 quam

2186 2655 2946 2727 prcedestinationem,inquit,
2985 2671 3184 2723 magna:
3222 2656 3525 2727 pervicacia
3569 2666 3638 2710 est
3658 2657 3739 2708 ali-

2185 2724 2334 2798 quem
2355 2724 2431 2779 vel
2459 2741 2637 2798 parere
2657 2725 2734 2778 uel
2761 2724 2943 2779 habere
2978 2724 3340 2795 conﬂictum...
3371 2726 3543 2798 718
3573 2736 3616 2780 et
3635 2742 3739 2798 apo-

2185 2794 2430 2869 stolicani
2445 2795 2607 2869 ﬁdem
2634 2812 2897 2863 perversus
2925 2794 3182 2869 oppugnat
3223 2794 3738 2869 quisquifﬁrredesti-

2188 2876 2364 2940 natum
2391 2864 2649 2940 Christum
2676 2876 2937 2940 etsanctos
2964 2864 3082 2940 ejus
3097 2864 3463 2940 ttegqt_(Num.
3497 2867 3594 2935 21)
3624 2886 3634 2919 :
3667 2882 3736 2933 per

2187 2936 2588 2991 misericordiam
2628 2937 2834 3007 scilicet
2868 2938 3139 3005 gratuitam
3163 2936 3367 3007 '(Num.
3403 2938 3493 3006 7),
3534 2956 3619 3005 per
3641 2953 3739 3006 gra-

2188 3008 2368 3060 tuitam
2390 3007 2663 3059 bonitatem
2692 3004 2878 3075 (Nunt.
2908 3007 2985 3076 8),
3025 3024 3113 3076 per
3139 3004 3420 3078 gratuitum
3441 3004 3736 3073 beneﬁcium

2189 3078 2552 3131 misericordia:
2572 3092 2714 3139 sucu;
2739 3077 2791 3129 in
2828 3093 3070 3150 quocum
3094 3077 3196 3132 non
3226 3094 3317 3147 pro
3347 3079 3548 3133 meritis
3578 3083 3742 3150 {utaris

2188 3151 2488 3220 cujusquam
2503 3150 2646 3220 bona:
2669 3148 2973 3214 operationis
2996 3148 3165 3220 elegit,
3189 3150 3269 3203 cui
3289 3150 3515 3220 seipsum
3540 3148 3585 3203 et
3608 3148 3743 3218 ﬁdem

523 3222 614 3275 illa
646 3223 778 3276 adeo
808 3213 1033 3277 celebris
1064 3232 1116 3277 et
1142 3213 1410 3277 salebrosa
1437 3223 1504 3277 de
1527 3213 1824 3276 animarum
1856 3213 2086 3289 origine,
2111 3213 2163 3281 (Ξ
2191 3213 2379 3272 σι’ὺοηὶι
2401 3234 2552 3288 opera
2573 3216 2878 3289 donaturum
2899 3233 3003 3289 esse
3014 3213 3263 3288 priescivit
3287 3213 3569 3288 (Nam.9).
3589 3213 3738 3286 Quam

523 3308 591 3344 an
624 3308 687 3345 ex
714 3295 1109 3360 propagatione,
1139 3309 1204 3345 an
1235 3309 1299 3348 ex
1324 3294 1596 3347 creatione
1625 3300 1802 3346 ortum
1835 3292 2086 3353 habeant,

523 3378 644 3429 quze
671 3362 882 3430 quidem
910 3372 967 3416 et
992 3364 1289 3416 diutissime
1317 3366 1469 3415 torsit
1512 3362 1886 3428 Augustinum,
1913 3370 1966 3415 et
2005 3360 2090 3414 fu-

525 3430 759 3485 sioribus
785 3433 1232 3498 diSleﬂllOlllbllS
1261 3433 1433 3485 locum
1472 3432 1637 3485 dedit.
1662 3432 1794 3485 Istas
1840 3433 1997 3500 igitur
2022 3430 2096 3484 si-

526 3502 787 3569 milesque
814 3504 1136 3563 qutestiones
1163 3502 1329 3556 fuisse
1357 3500 1703 3563 crediderim,
1729 3515 1861 3569 quas
1882 3501 2095 3569 profun-

525 3572 715 3633 diores,
760 3572 1085 3641 tliﬂiciliores,
1116 3572 1269 3624 latius
1308 3580 1634 3640 pertractatas
1681 3571 1829 3634 dicit,
1860 3585 2097 3639 quasque

526 3642 657 3692 sicut
684 3658 785 3694 non
821 3641 1074 3694 audebant
1104 3651 1437 3705 contemnere,
1464 3642 1533 3693 ita
1573 3657 1672 3694 non
1720 3657 1916 3695 necesse
1943 3641 2097 3694 habe-

528 3711 649 3762 bant
687 3723 909 3764 astruere
958 3712 1228 3765 catholici.
1271 3712 1371 3766 Ubi
1415 3722 1588 3765 tamen
1640 3711 1814 3765 adhuc
1858 3712 2097 3766 strictius

528 3780 873 3848 intelligenda
929 3782 1091 3835 verba
1138 3782 1251 3837 hare
1300 3797 1457 3847 quam
1504 3781 1663 3850 vulgo
1709 3782 2092 3849 intelligantur.

524 3850 643 3904 Non
684 3852 825 3905 enim
869 3853 944 3905 ait
973 3853 1280 3907 incurrentes
1308 3852 1425 3905 illas
1447 3853 1744 3920 qutestiones
1770 3862 1992 3907 astruere
2012 3869 2098 3907 ne-

527 3936 664 3973 cesse
694 3937 794 3993 non
823 3939 948 3988 esse,
972 3924 1064 3977 sed
1098 3923 1456 3991 proluudiores
1487 3922 1890 3993 diﬁicilioresqtte
1914 3938 2097 3978 earum

526 4001 714 4063 partes.
740 3991 854 4047 Non
881 3995 954 4046 ait
982 3994 1141 4047 etiam
1168 3993 1235 4046 ad
1257 3991 1593 4060 confitendam
1624 3992 1719 4046 Dei
1740 3991 1957 4063 gratiam
1974 3996 2098 4048 satis

526 4062 750 4130 stt/ﬁcere
792 4063 1073 4132 praedictas
1102 4064 1313 4131 regulas
1342 4078 1434 4117 seu
1477 4062 1793 4126 sententias,
1824 4065 1916 4118 sed
1948 4064 2100 4131 quid-

526 4133 648 4197 qmd
673 4134 950 4186 secundum
984 4137 1251 4201 pradictas
1281 4138 1483 4201 regulas
1513 4134 1810 4201 apostolica:
1848 4135 1980 4187 sedis
2006 4151 2098 4189 nos

526 4204 714 4274 scripta
739 4206 1019 4258 docuerunt
1050 4220 1069 4258 :
1091 4208 1177 4273 qui
1211 4204 1459 4271 loquendi
1491 4205 1681 4258 modus
1702 4205 1985 4274 complecti
2016 4206 2097 4259 vi-

526 4272 682 4345 detur
711 4275 932 4327 omnium
958 4272 1358 4345 disputationum
1396 4279 1756 4328 conuersionem
1779 4272 1840 4328 eai
1864 4277 1962 4328 hac
1981 4276 2101 4329 sub-

526 4344 749 4417 ditorum
788 4344 1164 4417 Auctoritatum
1198 4346 1437 4399 brevitate
1478 4345 1634 4417 717
1684 4346 2008 4415 pendentem,
2043 4354 2101 4401 ιη

528 4414 605 4464 ait
632 4417 899 4480 expressis
926 4415 1119 4470 verbis.

600 4482 741 4553 inter
762 4483 891 4553 alias
921 4494 1098 4538 autem
1130 4484 1454 4551 quaestiones
1481 4486 1794 4553 recensitas,
1837 4486 1969 4539 duas
1999 4485 2099 4539 im-

529 4552 718 4616 primis
743 4552 1117 4618 profnndiores
1138 4553 1569 4621 difficilioresque
1584 4558 1633 4609 in
1648 4556 1826 4609 animo
1846 4557 2096 4612 habuisse

528 4632 797 4694 auctorem
832 4621 1048 4694 indiculi
1079 4624 1347 4676 existimo.
1380 4623 1550 4678 Unam
1571 4666 1585 4688 ,
1619 4627 1885 4694 quomodo
1916 4636 2096 4680 trans-

528 4688 779 4763 fundatur
800 4692 1083 4763 originale
1132 4704 1405 4760 peccatum
1450 4708 1479 4746 a
1513 4688 1823 4763 parentibus
1851 4697 1901 4749 in
1934 4696 2094 4763 filios,

528 4760 749 4835 alteram
782 4760 847 4814 de
891 4760 1549 4835 auitnteorigine;quam
1594 4767 1942 4833 posteriorem
1983 4760 2096 4835 ipse

526 4830 854 4901 Augustinus
894 4832 1237 4901 profundam,
1284 4830 1605 4901 difficilem,
1632 4844 1686 4888 et
1717 4851 1819 4890 non
1852 4830 2097 4891 necessa-

526 4899 659 4952 riam
693 4902 917 4955 censuit.
965 4900 1131 4956 lmmo
1164 4918 1288 4957 vero
1338 4905 1473 4958 hanc
1510 4899 1753 4960 eamdem
1800 4907 1856 4962 S.
1909 4908 2096 4961 doctor

527 4971 917 5047 incurrentem,
965 4989 1067 5025 non
1104 4975 1473 5047 necessariam,
1515 4977 1821 5044 insilitiam,
1870 4985 2027 5047 atque
2063 4993 2095 5033 a

525 5038 823 5113 Pelagianis
865 5043 1126 5097 invectam
1157 5046 1502 5113 quaestionem
1541 5047 1667 5100 dicit
1696 5049 1786 5101 lib.
1810 5038 1869 5101 ἰν
1892 5038 1958 5101 ad
1992 5048 2093 5101 Bo-

524 5110 776 5164 nifaciunt
806 5115 1007 5189 cap}.
1032 5110 1197 5189 fluis,
1219 5115 1422 5189 inquit,
1454 5115 1599 5169 laudi
1631 5128 1876 5172 creatura!
1902 5119 2094 5189 adjun-

524 5190 669 5246 gunt,
694 5191 737 5233 et
764 5185 898 5251 quod
920 5183 1177 5238 Christum
1208 5183 1481 5239 Dominum
1511 5189 1654 5241 nulla
1696 5189 1867 5241 dicunt
1897 5183 2095 5242 macula

523 5253 715 5329 peccati
732 5253 887 5329 fuisse
908 5271 1211 5323 respersum,
1236 5267 1478 5324 quantum
1502 5260 1677 5313 attinet
1698 5260 1764 5312 ad
1790 5263 1900 5321 eius
1923 5260 2095 5325 infan-

524 5323 669 5401 tiam,
698 5323 815 5389 quia
835 5327 946 5387 eius
973 5342 1175 5401 carnem
1198 5323 1259 5401 ab
1286 5329 1423 5379 omni
1446 5330 1647 5401 peccati
1676 5323 2095 5401 contagione-pu-

522 5391 777 5471 rissimam
812 5411 911 5471 non
952 5396 1246 5449 excellentia
1281 5391 1564 5471 propr-laet
1603 5401 1767 5467 gratia
1800 5391 2094 5471 singulari,

522 5463 611 5513 sed
634 5468 987 5538 commrqtione
1008 5477 1206 5519 natura!
1234 5463 1347 5537 qua:
1376 5463 1622 5521 omnibus
1636 5471 1761 5522 inest
1790 5463 2090 5538 infantibus,

521 5543 775 5587 asserunt.
806 5534 883 5587 Eo
906 5538 1125 5611 pertinet
1148 5534 1299 5611 etiam
1320 5538 1458 5611 quod
1582 5540 1769 5611 anima:
1795 5534 1988 5611 origine
2015 5534 2095 5593 in?-

523 5613 695 5681 serunt
736 5608 1096 5681 quaestionem,
1145 5608 1216 5659 sic
1244 5607 1427 5681 animo!
1472 5608 1659 5661 Christi
1695 5607 1957 5677 coaequare
1986 5628 2095 5664 mo-

524 5673 701 5745 lientes
732 5691 903 5728 omnes
947 5678 1144 5730 animos
1190 5680 1557 5745 parvulorum,
1604 5694 1730 5745 quas
1774 5673 1944 5732 volunt
1988 5699 2095 5735 esse

523 5742 754 5796 similiter
785 5746 927 5819 nulla
968 5742 1381 5819 peccatimacula
1417 5742 1667 5816 aspersas.
1724 5748 1848 5803 Haec
1897 5752 2093 5819 quippe

524 5820 785 5871 acutum
808 5815 943 5888 litus,
970 5817 1187 5895 ejusque
1209 5815 1555 5880 consectantur
1584 5818 1651 5874 de
1674 5824 1864 5877 anima:
1889 5815 2092 5893 origine

2197 3287 2489 3360 doctrinam
2532 3289 2748 3360 tradunt
2790 3287 3085 3360 doctissimi
3122 3287 3459 3360 confessores
3501 3298 3743 3360 sequentes

2197 3359 2382 3430 donum
2414 3358 2638 3430 ejusdem
2667 3359 2864 3427 gratiae,
2888 3360 3022 3430 quod
3038 3368 3329 3430 sanctorum
3355 3358 3744 3430 Patntnicordi-

2199 3429 2291 3501 bus
2318 3436 2364 3482 et
2406 3427 2593 3498 linguis
2621 3429 2733 3501 ipsa
2782 3429 3102 3501 esit_d_ignata
3140 3429 3410 3500 infundere
3450 3430 3645 3501 (Νιμιι.Δ
3669 3427 3736 3495 6).

2199 3498 2421 3569 Demum
2448 3505 2568 3567 post
2596 3498 2785 3553 tradita
2815 3498 2937 3553 fidei
2973 3498 3216 3566 dogmata
3245 3501 3389 3555 circa
3416 3498 3737 3569 praedestina-

2200 3568 2401 3622 tionem
2432 3580 2734 3623 sanetorum
2754 3611 2768 3635 ,
2799 3570 3021 3637 gratiam
3054 3570 3147 3625 Dei
3190 3581 3244 3626 ct
3274 3568 3494 3625 liberum
3522 3568 3738 3623 hominis

2199 3639 2506 3705 arbitrium,
2536 3640 2905 3708 exceptionem
2927 3641 3211 3709 quamdam
3250 3657 3355 3695 non
3385 3639 3671 3696 absimilem
3696 3637 3743 3692 ei

2198 3723 2316 3781 quae
2340 3719 2608 3781 postremo
2635 3710 2867 3780 capitulo
2892 3711 3213 3777 continetur,
3235 3712 3327 3767 sed
3358 3711 3744 3781 explicatiorem

2198 3779 2466 3849 subiungit
2495 3782 2545 3834 in
2574 3779 2715 3834 hunc
2745 3781 2957 3835 modum
2994 3797 3009 3834 :
3044 3782 3384 3846 Quastionem
3413 3779 3528 3836 uero
3566 3782 3747 3835 anima-

2199 3866 2312 3902 rum
2338 3860 2426 3905 aut
2447 3852 2651 3903 tacitam
2679 3850 2912 3905 debemus
2941 3851 3253 3919 relinquere,
3292 3861 3378 3906 aut
3402 3854 3515 3907 sine
3553 3858 3748 3905 conten-

2199 3922 2333 3973 tione
2376 3930 2593 3993 tractare
2622 3937 2640 3973 :
2678 3922 2937 3993 quiasive
2964 3938 3024 3993 ea:
3061 3923 3335 3993 propagine
3384 3924 3615 3988 veniant,
3639 3923 3751 3993 sine

2198 4006 2340 4044 nocte
2374 3992 2588 4063 singulis
2615 3992 2910 4058 corporibus
2946 3992 3092 4059 fiant,
3140 3991 3275 4062 quod
3303 4004 3596 4047 sanctarum
3626 3991 3753 4048 Scri—

2202 4072 2477 4133 pturarumi
2506 4063 2781 4133 auctoritas
2821 4078 2925 4115 non
2962 4064 3225 4133 manifeste
3272 4065 3607 4132 pronuntiat,
3653 4077 3753 4115 cum

2200 4132 2401 4184 cautela
2445 4132 2586 4185 debet
2632 4133 2848 4215 inquiri,
2878 4132 3109 4213 maxime
3131 4134 3280 4215 quod.
3307 4134 3418 4188 sine
3436 4133 3754 4215 “ﬁdeindetri:

2200 4211 2367 4275 mento
2399 4211 2556 4270 potest
2600 4219 2641 4275 ε
2666 4202 2900 4275 ﬁdelibus
2926 4202 3156 4273 ignorari
3206 4202 3393 4275 (Num.
3434 4202 3554 4272 2i).
3584 4204 3683 4260 Sed
3708 4208 3755 4275 et

2202 4272 2342 4342 idem
2364 4284 2581 4326 sanctus
2605 4272 2917 4335 Fulgentius
2948 4271 3165 4342 proprio
3195 4271 3409 4328 nomine
3438 4275 3678 4330 scribens
3697 4271 3756 4327 de

2202 4341 2439 4416 Yeritate
2469 4342 2955 4416 praedestinationis
2985 4352 3039 4398 et
3054 4341 3249 4412 gratia:
3276 4344 3369 4399 lib.
3403 4360 3484 4416 tu,
3518 4360 3635 4416 cap.
3669 4343 3783 4416 ηπ

2201 4412 2269 4467 de
2294 4412 2480 4487 eadem
2508 4414 2802 4487 quaestione
2829 4415 3318 4487 disserens,_quam
3346 4415 3494 4487 velut
3516 4412 3758 4487 appendi-

2202 4498 2317 4537 cem
2348 4483 2413 4537 ad
2453 4484 2870 4555 controversiam
2901 4484 2968 4538 de
3007 4484 3476 4553 prtedestinalione
3509 4495 3566 4539 et
3591 4483 3757 4555 gratia

2203 4561 2418 4619 tractat,
2450 4553 2508 4609 S.
2542 4556 2818 4624 Augustini
2852 4569 3108 4623 suamque
3136 4556 3203 4610 de
3231 4555 3315 4609 illa
3343 4553 3665 4610 sententiain
3686 4554 3785 4608 his‘

2200 4624 2377 4677 verbis
2405 4623 2654 4693 exprimit
2684 4642 2696 4677 :
2726 4624 2884 4693 Cujus
2924 4626 3215 4694 quwstionis
3232 4666 3246 4689 ,
3268 4626 3337 4680 de
3361 4627 3542 4681 anima
3563 4668 3579 4690 ,
3604 4627 3761 4679 beatus

2199 4694 2513 4763 Augustinus
2542 4710 2983 4750 PROFUNIIITATEI
3008 4696 3101 4748 sibi
3143 4696 3634 4762 imperscrutabilem
3660 4711 3760 4749 cer.

2199 4780 2344 4828 nens,
2375 4764 2566 4837 nullam
2605 4766 2762 4819 voluit
2794 4766 2946 4837 hujus
2976 4767 3051 4819 rei
3080 4765 3345 4834 tle/initam
3381 4769 3615 4836 proferre
3660 4781 3759 4837 sen-

2200 4837 2437 4900 tentiam,
2467 4836 2802 4905 incongruum
2835 4851 3040 4904 prorsus
3081 4837 3375 4891 existimans
3416 4838 3615 4904 aliquid
3640 4836 3763 4906 afﬁr-

2198 4921 2337 4959 mare
2358 4906 2467 4957 sine
2494 4906 2807 4959 dubitatione
2828 4906 2952 4961 velle
2969 4947 2984 4971 ,
3006 4906 3143 4975 quod
3164 4908 3292 4960 alter
3323 4918 3492 4976 posset
3518 4906 3763 4962 contraria

2198 4977 2527 5047 responsione
2550 4976 2895 5031 convellere...
2925 4992 3226 5031 consensum
3252 4977 3316 5030 ab
3350 4986 3571 5047 utraque
3596 4976 3765 5046 deﬁni-

2198 5046 2334 5119 tione
2360 5048 2628 5111 continuit,
2658 5063 2718 5102 ne
2745 5047 2965 5119 laborem
2996 5055 3148 5100 tanta:
3175 5046 3536 5119 disputationis
3559 5048 3764 5119 inaniter

2197 5118 2490 5189 susciperet,
2519 5134 2667 5188 quem
2694 5117 2963 5189 cujuslibet
2984 5116 3551 5189 sententieetemeraria
3596 5116 3768 5189 deﬁni-

2201 5188 2270 5240 tio
2292 5186 2545 5252 vacuaret,
2575 5197 2678 5243 etc.
2707 5186 2788 5243 Ah
2819 5202 2924 5242 non
2966 5186 3174 5243 diceres
3203 5187 3446 5257 Capitula
3480 5190 3573 5244 illa
3599 5186 3768 5245 ραις.

2200 5257 2324 5329 stiui
2372 5258 2571 5312 credita
2624 5267 2749 5314 ante
2788 5258 2974 5313 oculos
3004 5258 3253 5329 habuisse
3293 5258 3669 5329 Fulgentiutn,
3721 5264 3770 5329 et

2172 5390 2173 5393 η
2198 5327 2343 5399 illitis
2382 5330 2658 5397 scriptoris
2685 5329 2946 5398 pressisse
2964 5328 3230 5399 vestigia?
3260 5330 3386 5385 Haec
3399 5326 3688 5385 “sufficiant
3709 5326 3768 5399 ad

2198 5398 2610 5467 explicationem
2638 5399 2738 5454 loci
2761 5414 2789 5454 a
2818 5398 3060 5469 pluribus
3081 5397 3435 5468 scriptoribus
3458 5400 3697 5457 alienum
3722 5398 3769 5449 in

2199 5483 2414 5522 sensum
2441 5469 2701 5535 distracti,
2728 5480 2782 5524 et
2808 5485 2875 5525 ex
2903 5483 3008 5540 quo
3030 5469 3267 5525 nonnulli
3290 5472 3537 5540 gratuita:
3564 5478 3772 5540 sancto:

2199 5554 2314 5611 rum
2371 5540 2822 5611 praedestinationi
2874 5536 3226 5607 in‘fettsiorcs,
3275 5536 3627 5611 prtepropere
3674 5536 3771 5595 sibi

2198 5610 2524 5678 triumphum
2553 5611 2883 5666 cecinerunt.

2272 5680 2362 5752 His
2390 5680 2733 5752 itascriptis,
2756 5682 3082 5751 jamjamque
3120 5682 3268 5752 prelo
3295 5678 3774 5752 subiiciendis,_iu~

2195 5750 2297 5804 citli
2343 5751 2393 5803 in
2432 5750 2698 5807 Vindicius
2729 5749 3143 5820 Augustinianas
3171 5749 3469 5810 doctissimi
3500 5752 3605 5809 viri
3635 5749 3773 5810 Hen-

2199 5820 2290 5884 rici
2320 5820 2384 5889 de
2407 5820 2580 5901 Neris,
2607 5838 2671 5878 ex
2697 5837 2920 5896 quarum
2954 5824 3127 5901 capite
3158 5831 3352 5895 octavo
3382 5823 3613 5905 plurima
3643 5822 3773 5891 scits
