3984 6306
230 384 332 450 ιοο

768 396 1322 455 BALLERINIORUM
1371 370 1940 455 OBSERVATIONES
1979 398 2043 455 lN
2086 394 2387 455 DISSERT.
2430 399 2494 455 lli
2529 396 2933 467 QUESNELLI.

3361 396 3476 453 Mn

221 510 533 581 silicercque
586 512 779 580 scripta
844 511 945 567 huc
994 510 1360 566 transferenda
1418 520 1597 566 essent
1633 528 1646 575 ;
1706 510 1801 566 sed
1830 516 1881 574 Α
1908 520 2207 565 sanctorum
2247 519 2293 565 et
2322 512 2537 581 gratiam
2582 512 2851 581 (ﬁcacem,
2890 518 3021 581 tam.
3049 508 3089 574 Ι,
3139 515 3274 579 part.
3318 522 3408 573 nt,
3439 524 3468 561 a

223 581 477 650 quoniam
513 579 714 635 instant
759 597 933 650 operm
955 622 971 648 ,
1018 583 1250 637 sufﬁciat
1282 583 1454 636 locum
1486 582 1783 650 indicasse,

221 664 397 722 quem
419 649 613 722 adiisse
633 649 899 722 lectorem
932 669 1259 722 nequaquam
1284 653 1585 722 paenitebit.
1615 649 1787 708 Adeat

261 720 309 772 ui
332 720 440 773 otio
466 720 811 777 abundaverit
834 766 847 785 ,
882 720 1073 778 librum
1118 720 1399 788 Gallicum,
1429 726 1515 779 cui
1550 724 1733 777 titulus
1767 742 1781 777 :

268 789 453 844 raditio
497 789 740 847 Ecclesitz
790 793 1037 849 Romam:
1100 796 1233 849 circa
1286 794 1784 865 prtedestinationem

220 909 410 933 b—

1906 597 2028 652 pag.
2061 581 2162 636 536
2183 582 2248 636 ad
2273 580 2333 649 p.
2351 581 2475 643 363,
2505 582 2592 635 uhi
2610 580 2804 636 auctor
2834 580 3106 652 prolixiori
3137 594 3385 635 sermone
3414 590 3471 632 et

1895 650 2003 707 alia
2034 652 2115 707 via
2160 653 2298 708 hanc
2338 652 2701 723 Capitulorum
2746 650 3055 722 particulam
3087 657 3141 705 et
3169 652 3468 706 conclusio-

1894 739 2015 779 nem
2044 723 2293 794 explicat.

169 992 178 1075 !
1162 1022 1817 1086 BALLERINIORUM
1859 1020 2527 1086 OBSERVATIONES

213 1139 293 1203 In
318 1140 1087 1222 dissertationemterjiam
1115 1142 1447 1222 Qucsrtelli.
1477 1162 1599 1222 qua
1619 1144 1681 1205 S.
1714 1145 1908 1204 Lsom
1941 1143 2178 1222 Msouo
2207 1142 2475 1222 asseruit
2494 1140 2838 1222 CAPIT_U_I.A,
2864 1155 2968 1199 seu
2991 1139 3465 1209 Aucromra'rss

805 1221 877 1283 de
897 1219 1119 1282 Gratia
1146 1222 1279 1291 Dei,
1308 1221 1370 1282 S.
1404 1217 1773 1285 Coiths'rm
1803 1223 2075 1303 epistola
2100 1220 2178 1283 ad
2206 1220 2573 1283 Gallicanos
2604 1217 2899 1299 subjecta.

278 1485 512 1555 719i.
527 1483 599 1540 Ut
617 1484 683 1539 de
703 1483 874 1552 prima
890 1492 1037 1555 parte
1063 1478 1783 1555 prmtnissa’.dissertationis.

211 1550 319 1626 qua
344 1550 435 1609 δεῖ
449 1564 672 1609 auctore
697 1550 1362 1626 Capitulorutn'leestinj
1390 1550 1638 1626 epistolae
1659 1551 1786 1603 sub-

208 1619 479 1693 jéctorum
512 1619 792 1689 statuitur;
812 1639 1021 1693 a-qunm
1046 1623 1302 1693 judicium
1336 1621 1556 1687 feratur,
1588 1619 1783 1693 obser-

210 1689 448 1749 vandum
474 1694 734 1762 imprimis
754 1702 836 1749 est
862 1689 1054 1748 horum
1069 1692 1431 1761 Capitulorum
1453 1689 1781 1762 mentionem

211 1767 446 1833 primum
468 1761 690 1818 inveniri
717 1763 853 1833 apud
878 1773 985 1817 tres
1005 1764 1293 1833 scriptores
1315 1762 1415 1833 sub
1444 1761 1783 1833 initium_sa_:-

205 1830 318 1887 culi
349 1850 417 1888 vr.
446 1834 702 1888 Omnibus
734 1830 1069 1898 praecessisse
1096 1830 1307 1887 videtur
1333 1830 1780 1902 Dionysiungxi-

199 1918 366 1971 guus,
396 1919 515 1957 cum
546 1918 609 1957 ea
634 1918 742 1956 snaa
772 1903 1075 1958 collectioni
1100 1918 1360 1957 canonum
1385 1904 1435 1955 in
1459 1900 1601 1958 Urbe
1629 1900 1779 1956 lucu-

196 1974 375 2044 ιρι-διε
406 1972 649 2044 inseruit,
670 1972 1049 2044 C(elestinique
1076 1973 1337 2044 pontiﬁcis
1365 1973 1610 2044 epistolae
1641 1972 1667 2044 l
1710 1972 1778 2044 ad

195 2041 514 2098 Gallicanos
546 2041 931 2113 adjecitsCum
961 2044 1007 2099 is
1053 2041 1401 2113 posteriorem
1442 2042 1779 2113 collectionis

195 2123 412 2182 partem
441 2114 737 2168 deeretales
767 2112 1128 2169 Romanorum
1160 2114 1467 2182 pontiﬁcum
1500 2112 1780 2169 continen-

194 2195 316 2254 tem
346 2184 575 2238 ediderit
605 2195 818 2253 petente
855 2183 1068 2239 Juliano
1100 2184 1167 2239 Β.
1205 2185 1265 2242 Ε.
1316 2185 1655 2254 presbytero,
1686 2185 1777 2251 qui

194 2253 403 2326 Gelasii
442 2254 729 2326 alumnus,
774 2256 980 2325 synodo
1020 2256 1272 2311 Romana:
1314 2253 1431 2326 sub,
1458 2253 1778 2326 Symmacho

193 2324 448 2381 interfuit
484 2340 573 2380 an.
616 2325 751 2390 £99,
786 2324 892 2380 non
931 2328 1097 2382 multo
1125 2337 1244 2394 post
1282 2324 1525 2380 eamdem
1572 2333 1777 2394 partem

193 2396 452 2466 vulgasse
491 2394 977 2466 probabi‘lissimum
1004 2408 1103 2452 est.
1128 2393 1227 2451 Hie
1255 2406 1433 2466 autem
1461 2394 1649 2466 eadem
1675 2393 1779 2451 Ca-

192 2463 511 2538 pitulauna
540 2481 663 2520 cum
692 2463 969 2538 leestini
999 2465 1602 2538 epistolaproenlduhio
1628 2465 1777 2522 inve-

190 2537 303 2592 nit.
338 2537 475 2592 llinc
514 2538 655 2592 enim
686 2552 747 2590 ea
790 2539 859 2592 ita
888 2537 1010 2592 huic
1037 2537 1290 2607 epistola:
1327 2537 1580 2607 attexuit,
1622 2547 1679 2591 ut
1704 2540 1773 2593 ad

188 2608 453 2665 eumdem
492 2607 794 2678 pontificem
840 2606 1108 2678 pertinere
1135 2607 1439 2663 crediderit.
1487 2606 1772 2678 Enimvero

187 2692 323 2732 cum
371 2678 618 2733 universa
656 2676 929 2734 Caelestini
973 2679 1183 2734 decreta
1232 2680 1283 2733 in
1314 2678 1449 2733 duos
1489 2687 1543 2732 et
1575 2676 1769 2748 rviginti

190 2750 389 2803 titulos
416 2748 636 2813 dividat,
662 2750 939 2818 epistolam
971 2750 1035 2804 ad
1072 2749 1377 2805 Gallicanos
1412 2762 1475 2805 ac
1505 2747 1771 2805 subnexus

188 2818 585 2889 Romanorum
640 2819 943 2889 pontiﬁcum
995 2821 1343 2876 auctoritates
1398 2820 1449 2874 in
1515 2820 1768 2876 tredecim

187 2892 413 2960 priores
440 2888 679 2959 ejusdem
708 2904 855 2960 papa:
882 2893 1061 2947 titulos
1096 2907 1190 2947 seu
1216 2893 1431 2947 decreta
1461 2890 1769 2958 distribuit,

187 2961 335 3016 adeo
365 2972 425 3015 ut
450 2962 673 3030 epistola
715 2962 821 3015 duo
850 2963 1047 3030 priora,
1078 2964 1420 3017 auctoritates
1450 2976 1579 3016 vero
1603 2961 1771 3016 unde-

189 3032 301 3085 cim
320 3031 697 3101 subsequentia
709 3032 921 3087 decreta
942 3032 1248 3087 conﬁciant.
1273 3031 1568 3087 Discrimen
1583 3030 1773 3086 inscri-

189 3103 397 3170 ptionis
428 3103 683 3167 Capitulis
710 3102 963 3171 praeﬁxae,
993 3101 1258 3172 Incipiunt
1288 3102 1655 3171 prcteritorum
1692 3118 1771 3156 se-

188 3172 269 3226 dis
306 3174 604 3239 apostolica
629 3174 980 3244 episcOporum
1020 3175 1342 3244 auctoritates
1374 3173 1437 3226 de
1480 3172 1645 3241 gratia
1666 3213 1681 3239 ,
1715 3180 1771 3226 et

190 3244 489 3299 discrimen
530 3241 688 3297 etiam
741 3241 1021 3312 clausulae,
1049 3241 1373 3315 iExpliciunt
1410 3244 1768 3315 auctoritates,

188 3324 330 3377 ete.,
359 3315 751 3369 distinctionem
791 3315 1006 3384 quidem
1048 3313 1237 3368 harum
1284 3313 1661 3384 auctoritatum
1701 3314 1769 3369 ab

189 3386 317 3454 ipsa
367 3385 591 3454 epistola
648 3383 911 3453 indicant,
975 3400 1082 3441 non
1141 3394 1318 3439 tamen
1372 3383 1769 3439 distinctionem

186 3457 455 3524 auctoris,
482 3471 578 3511 seu
595 3456 920 3522 collectoris,
943 3470 1099 3525 quem
1126 3454 1172 3510 si
1197 3454 1482 3526 Dionysius
1509 3454 1769 3526 credidis-

186 3536 275 3582 set
304 3527 576 3597 diversum
597 3541 624 3579 a
642 3526 951 3597 Caelestino,
974 3528 1069 3581 has
1088 3525 1437 3581 auctoritates
1459 3526 1597 3581 inter
1613 3525 1770 3597 hujus

188 3596 467 3669 pontiﬁcis
492 3596 705 3653 decreta
734 3596 1138 3669 haudquaquam
1168 3600 1543 3653 recensuisset.

254 3667 319 3723 2.
352 3668 594 3722 Alterum
624 3669 982 3723 testimonium
1003 3667 1085 3724 est
1114 3670 1256 3726 Petri
1283 3669 1492 3724 diaconi
1518 3679 1572 3723 et
1595 3668 1771 3723 socio-

187 3753 314 3793 rum
341 3740 396 3792 in
426 3737 653 3809 epistola
676 3753 832 3807 quam
857 3740 923 3794 ad
953 3741 1231 3809 episcopos
1255 3740 1533 3796 Africanos
1564 3741 1613 3794 in
1642 3739 1768 3793 Sar-

187 3809 339 3864 dinia
378 3809 592 3864 exsules
629 3807 814 3862 Romae
841 3807 1169 3879 scripserunt
1210 3812 1351 3866 circa
1400 3826 1598 3865 annum
1640 3809 1764 3868 520.

187 3880 276 3953 Hi.
318 3878 594 3953 qui__a:que
620 3878 978 3953 acDionysius
1005 3880 1236 3953 Exiguus
1260 3889 1413 3936 erant
1432 3882 1665 3952 Scythaa,
1697 3898 1766 3937 ex

186 3952 309 4020 ejus
338 3949 656 4022 collectione
674 3950 783 4019 jam
814 3949 1021 4022 vulgata
1050 3949 1357 4009 earumdem
1388 3949 1764 4009 auct'oritatum

185 4021 441 4075 notitiam
486 4020 700 4091 haurire
747 4020 1053 4088 potuerunt.
1104 4024 1239 4079 llinc
1287 4024 1499 4091 quidem
1549 4027 1765 4080 easdem

184 4091 491 4147 Caelestino
514 4090 912 4164 adjudicarunt.
930 4092 1059 4148 Nam
1091 4090 1331 4164 Capitula
1365 4094 1425 4148 li
1456 4104 1509 4148 et
1537 4093 1602 4146 l2
1630 4096 1766 4150 reci-

187 4170 402 4233 tantes,
433 4176 494 4233 ea
530 4161 812 4217 laudarunt
835 4162 935 4217 sub
964 4161 1222 4233 expresso
1253 4166 1469 4219 nomine
1493 4166 1767 4221 beatissimi

186 4231 452 4287 Caelestini
473 4232 526 4285 in
557 4234 769 4301 epistola
787 4232 854 4287 ad
880 4231 1091 4300 Gallos;
1114 4250 1174 4289 ac
1204 4245 1459 4302 praeterea
1487 4234 1763 4303 Capitulo-

184 4318 306 4357 rum
348 4303 535 4357 ultima
567 4304 731 4357 verba
771 4305 1218 4374 transcribentes,
1264 4306 1317 4360 in
1349 4304 1432 4359 his
1475 4306 1766 4362 terminare

185 4373 531 4444 afﬁrmarunt
557 4374 797 4429 eamdem
830 4376 1129 4444 epistolam.

254 4447 315 4499 5.
348 4443 564 4499 Tertius
593 4447 743 4499 testis
770 4443 1190 4511 est'llormisda,
1231 4445 1319 4510 qui
1361 4445 1444 4500 his
1488 4446 1765 4501 monachis

180 4515 291 4583 jam
327 4529 396 4569 ex
424 4514 563 4569 Urbe
594 4515 842 4584 profectis
867 4512 983 4586 ipso
1013 4531 1152 4572 anno
1181 4517 1303 4580 520,
1334 4517 1384 4571 in
1416 4517 1572 4584 epiSI.
1603 4516 1671 4571 70
1696 4518 1763 4572 ad

185 4588 570 4657 t'osscssorem
596 4586 811 4657 scripsit
842 4604 854 4638 :
885 4587 962 4641 De
982 4589 1193 4642 arbitrio
1217 4597 1383 4641 tamen
1405 4588 1559 4641 libero
1577 4597 1621 4641 et
1645 4605 1764 4657 gra-

184 4656 253 4709 tia
282 4655 551 4729 Deiquod
596 4654 834 4729 Romana
870 4659 987 4729 (hoc
1023 4670 1094 4713 est
1135 4658 1405 4729 catholica)
1440 4654 1676 4729 sequatur
1706 4677 1767 4713 ac

183 4737 348 4797 servet
376 4725 534 4795 (alias
573 4726 840 4797 asseveret)
879 4725 1149 4793 Ecclesia;
1195 4730 1310 4783 licet
1352 4725 1407 4783 in
1442 4725 1596 4783 variis
1621 4728 1765 4785 libris

185 4795 321 4850 beati
343 4797 635 4869 Augustini,
664 4806 708 4850 et
736 4795 956 4852 nsakcime
979 4800 1046 4852 ad
1060 4799 1321 4853 Hilarium
1347 4807 1394 4853 et
1426 4798 1761 4869 Prosperum,

184 4869 347 4941 possit
375 4868 631 4941 cognosci,
666 4878 830 4922 tamen
852 4869 905 4922 in
924 4872 1125 4941 scriniis
1150 4870 1496 4924 ecclesiasticis
1526 4868 1762 4941 expressa

184 4936 432 5009 Capitula
464 4938 802 5001 continentur,
838 4956 951 5009 qua!
973 4942 1018 4993 si
1044 4940 1135 4994 tibi
1164 4942 1375 5007 desunt,
1407 4950 1453 4993 et
1479 4936 1763 4997 necessaria

182 5008 394 5060 creditis
423 5010 808 5080 destinabimus.
854 5008 979 5065 Non
1030 5012 1133 5065 alia
1179 5010 1266 5068 hic
1300 5010 1541 5080 Capitula
1586 5014 1760 5068 notari

182 5078 777 5153 consentiuntgeruditi,
821 5080 922 5135 nisi
952 5080 1064 5153 haec
1105 5098 1223 5153 qua:
1261 5078 1391 5138 sane
1412 5082 1476 5136 de
1517 5084 1685 5153 gratia
1711 5093 1760 5138 et

184 5147 348 5221 libero
377 5150 592 5221 arbitrio
619 5158 802 5220 agunt,
832 5166 895 5206 ac
926 5147 1137 5207 titulum
1166 5153 1473 5221 praeferunt.
1512 5147 1609 5208 Hic
1631 5170 1761 5209 vero

181 5220 726 5292 animadvertendum
762 5230 845 5276 est
874 5222 1014 5277 hunc
1047 5220 1348 5292 pontiﬁcem
1388 5238 1493 5279 non
1527 5225 1763 5280 tribuere

182 5288 302 5363 ipsa
331 5289 576 5363 Capitula
606 5290 897 5363 Caelestino
928 5288 1099 5363 papas,
1122 5296 1216 5350 sed
1258 5303 1458 5350 tantum
1491 5294 1764 5350 afﬁrmare

183 5374 248 5413 ea
282 5361 337 5435 in
365 5362 574 5435 scriniis
605 5361 1113 5435 ecclesiasticis,ltoc
1147 5374 1230 5420 est
1256 5366 1563 5435 apostolica:
1594 5366 1762 5433 sedis,

183 5430 481 5505 contineri,
510 5447 573 5505 ac
598 5447 664 5505 es
688 5434 757 5505 iis
772 5436 1018 5503 cognosci
1045 5449 1200 5504 posse
1220 5430 1349 5505 quid
1376 5436 1442 5491 de
1471 5439 1639 5505 gratia
1670 5430 1762 5491 Dei

181 5511 238 5554 et
267 5502 443 5556 libero
472 5504 698 5578 arbitrio
720 5502 956 5578 Romana
986 5502 1106 5578 (hoc
1130 5517 1204 5561 est
1224 5502 1496 5578 catholica)
1525 5518 1764 5578 sequatur

178 5586 246 5624 ac
294 5581 457 5647 servet
496 5575 587 5647 vel
621 5585 867 5647 asseueret
910 5574 1137 5630 Ecclesia
1179 5592 1199 5631 :
1241 5577 1433 5647 quibus
1470 5574 1765 5647 apostolica

180 5644 508 5725 earumdem
547 5644 911 5715 Capitulorum
952 5644 1273 5718 approbatio
1306 5648 1437 5703 satis
1485 5644 1767 5703 manifeste

180 5723 533 5780 exprimitur.

254 5782 419 5859 ﬁlix
445 5786 528 5841 his
549 5786 657 5859 duo
682 5786 980 5859 colligimus
1010 5806 1023 5845 :
1055 5787 1109 5844 i’
1133 5787 1256 5843 Hme
1277 5784 1514 5859 Capitula
1545 5800 1576 5859 ε
1600 5784 1768 5841 Roma

182 5854 511 5962 prodierunt
556 5857 611 5921 in
642 5854 843 5929 lttcem'.
887 5874 948 5922 ac
989 5859 1043 5922 in
1091 5859 1302 5920 scriniis
1333 5854 1588 5919 Romanis
1616 5864 1771 5917 erant

1796 4624 1847 4687 D

1892 1478 2172 1543 custodita,
2211 1478 2281 1533 ita
2319 1487 2377 1533 ut
2406 1479 2502 1534 hac
2532 1482 2599 1537 de
2627 1497 2785 1537 causa
2811 1483 3055 1539 laudatus
3085 1484 3367 1540 Hormisda
3400 1486 3470 1542 de

1890 1548 2078 1632 iist'i‘ent
2106 1549 2384 1632 scripserit
2418 1569 2430 1605 :
2456 1552 2772 1632 Quce_s_t'_tibi
2801 1555 3464 1632 desunt..._destinabimus,

1887 1618 2229 1699 eHRomanis
2264 1621 2450 1699 utique
2488 1624 3005 1699 scriniiserttenda;
3049 1625 3112 1699 Ξῖ)
3159 1628 3290 1699 cum
3334 1644 3394 1682 ea
3435 1618 3464 1681 ὁ

1886 1688 2175 1761 Dionysio,
2224 1694 2314 1761 qui
2354 1688 2385 1745 ε
2420 1693 2757 1750 documentis
2795 1688 2999 1751 Roma!
3026 1696 3263 1751 collectis
3308 1712 3465 1753 suum

1886 1772 2021 1835 opus
2050 1761 2482 1835 _para_vit,_edita
2526 1763 2726 1821 fuerint
2760 1782 2860 1819 una
2909 1782 3031 1820 cmn
3076 1769 3299 1835 epistola
3340 1767 3465 1824 Cte-

1888 1829 2063 1909 lcstini
2116 1831 2182 1885 ad
2240 1833 2523 1909 episcopos
2570 1836 2909 1909 Gallicanos.
2940 1829 3286 1909 721'simul
3337 1854 3461 1894 cum

1809 1885 1857 1946 Β
1886 1899 1986 1955 hac
2010 1902 2060 1955 in
2088 1885 2925 1971 apostolicisseriniis—custodita
2948 1885 3463 1966 ἔτ’ίῦτὲιῖίῖιυῖξὲέ
3492 1932 3493 1935 η

1883 1971 2154 2027 videntur.

1884 2113 1897 2125 .
1946 2044 2011 2125 A5.
2054 2043 2220 2125 Porro
2245 2044 2536 2125 Celestino
2560 2046 2937 2125 haseCapitula
2965 2064 3069 2125 no_n
3093 2064 3249 2125 posse
3271 2049 3459 2116 tribui,

1884 2116 2023 2193 inter
2050 2124 2246 2193 extera
2282 2132 2310 2169 a
2340 2116 2635 2193 Quesnello
2654 2116 2811 2193 allata
2840 2135 2987 2175 num.
3016 2120 3070 2193 2,
3096 2116 3201 2193 tria
3234 2135 3462 2191 pmor-

1884 2185 1976 2264 tim
2008 2184 2347 2264 manifestum
2370 2188 2585 2264 faciunt.
2612 2192 2642 2264 Α
2654 2189 2674 2211 ⁸
2702 2192 2833 2264 Quia
2858 2194 2902 2246 si
2924 2206 2985 2264 ea
3013 2192 3081 2245 ab
3108 2184 3294 2264 eodem
3327 2207 3461 2264 pon-

1883 2254 2025 2336 tiﬁce
2049 2270 2170 2311 cum
2193 2258 2414 2336 epistola
2442 2260 2506 2314 ad
2528 2258 2710 2336 Gallos
2726 2254 2891 2336 inissa
2916 2262 3139 2336 fuissent
3160 2264 3213 2317 in
3233 2254 3453 2329 Gallias,

1880 2325 2073 2408 aliqua.
2098 2325 2337 2408 profecto
2361 2332 2686 2408 _eorumd_em
2724 2333 3207 2408 subnectendorum
3250 2325 3454 2390 mentio

1879 2397 1933 2450 in
1955 2397 2105 2477 ipsis
2134 2397 2328 2477 litteris
2356 2400 2744 2477 facta_fui_sset_,
2776 2414 2832 2458 ut
2861 2404 2913 2460 in
2945 2404 3071 2477 aliis
3082 2404 3452 2477 Romanorum

1878 2470 2173 2549 antistitum
2212 2471 2453 2549 epistolis
2498 2472 2612 2529 ﬁeri
2649 2474 2806 2549 solet,
2856 2490 2977 2530 eum
3024 2474 3222 2549 aliquid
3262 2476 3452 2549 iisdem

1878 2538 2185 2616 subjiciunt.
2208 2541 2277 2616 _2'
2308 2542 2365 2597 S.
2406 2542 2656 2613 Prosper,
2694 2538 3009 2616 qui'eontra
3053 2538 3453 2616 Augustinianas

1876 2607 2132 2692 doctrinm
2157 2611 2500 2692 adversarios
2522 2607 3044 2692 omnes'apostolicz
3084 2607 3227 2692 sedis
3269 2626 3452 2692 aucto-

1874 2684 2060 2761 ritates
2080 2696 2238 2751 quam
2265 2684 2673 2761 diligentissime
2696 2684 2961 2755 opposuit,
2993 2702 3065 2761 ea
3084 2686 3323 2756 profecto
3348 2686 3449 2742 Ca-

1874 2750 2040 2832 pitula
2067 2750 2171 2832 non
2196 2750 2646 2832 praztcrmisisset,
2676 2750 2795 2825 qum
2820 2768 2873 2832 et
2900 2750 3136 2832 apertius
3156 2769 3209 2812 et
3229 2772 3450 2832 expres-

1872 2823 1985 2896 sius
2022 2823 2449 2896 adversariorum
2495 2823 2800 2895 Opinionem
2846 2823 3194 2896 impetebant.
3226 2823 3362 2893 Quid
3395 2828 3448 2883 in

1872 2890 2012 2965 libro
2038 2901 2226 2949 contra
2252 2890 2575 2951 Collatorem
2600 2912 2720 2965 cap.
2752 2897 2816 2951 IO
2836 2890 3119 2951 contentus
3142 2890 3328 2952 fuisset
3354 2912 3450 2952 an-

1873 2964 2071 3017 teriora
2109 2974 2315 3019 tantum
2356 2966 2648 3020 Innocentii
2674 2964 2740 3021 et
2775 2966 2970 3022 Zosimi
3016 2967 3228 3023 decreta
3265 2967 3450 3021 obtru-

1872 3033 2003 3106 dere
2024 3077 2038 3099 ,
2066 3036 2121 3106 si
2149 3034 2469 3089 leestinus
2497 3036 2584 3106 his
2610 3036 2865 3106 Capitulis
2904 3036 3191 3092 novissime
3232 3036 3449 3091 directis

1875 3102 1929 3156 in
1961 3103 2162 3160 Gallias
2206 3106 2373 3174 ipsam
2404 3121 2523 3159 cum
2560 3102 2850 3160 Gallicanis
2879 3106 3200 3160 adversariis
3235 3114 3450 3161 contro-

1873 3174 2105 3258 χει-δίειμι
2134 3175 2563 3258 expressior-ibus
2591 3176 2768 3258 verbis
2810 3175 3147 3231 diremisset?
3177 3177 3290 3258 Cur
3324 3189 3445 3258 cap.

1798 3258 1845 3325 ρ
1873 3244 1977 3325 ξι,
2020 3246 2106 3325 ubi
2147 3246 2424 3325 leestini
2468 3246 2672 3325 litteras
2710 3245 2779 3325 ob
2820 3255 3146 3325 susceptanL
3164 3244 3447 3325 Augustini
3486 3278 3489 3283 ι

1874 3314 2243 3372 defensionem
2276 3317 2487 3386 laudat,
2529 3316 2663 3372 nihil
2703 3314 2993 3387 allegasset‘
3014 3332 3081 3372 ex
3108 3314 3362 3386 Capitulis
3391 3318 3444 3372 in

1872 3387 2066 3455 quibus
2090 3387 2520 3443 adversariorum
2562 3389 2843 3443 sententia:
2886 3388 3116 3443 maxime
3142 3388 3442 3456 eliduntur,

1871 3458 1916 3510 si
1958 3457 2072 3512 haec
2100 3474 2219 3514 cum
2257 3459 2444 3514 iisdem
2478 3458 2665 3513 litteris
2701 3460 2769 3513 ab
2795 3458 2982 3514 eodem
3030 3458 3280 3529 pontiﬁce
3315 3474 3444 3529 pro-

1873 3529 2104 3599 mulgata
2131 3530 2393 3586 fuissent?
2428 3530 2483 3583 3'
2526 3530 2809 3599 Augustini
2841 3530 3278 3599 reprehensores,
3321 3546 3443 3585 cum

1871 3598 2045 3653 adhuc
2073 3612 2192 3669 post
2220 3609 2491 3670 acceptam
2532 3598 2806 3656 Caelestini
2843 3598 3119 3670 epistolam
3162 3602 3305 3657 illius
3340 3602 3443 3655 do-

1870 3671 2057 3725 ctrina:
2085 3682 2486 3737 succenserent,
2517 3682 2575 3725 ut
2599 3686 2658 3727 se
2688 3672 2755 3727 ab
2784 3676 3098 3727 auctoritate
3130 3672 3440 3727 earumdem

1870 3739 2168 3798 litterarum
2197 3744 2578 3809 subducerent,
2611 3742 2938 3809 reponebant
2966 3744 3048 3797 his
3073 3743 3263 3798 litteris
3290 3753 3443 3797 ante-

1870 3813 2042 3867 riores
2086 3816 2300 3895 quidem
2342 3813 2623 3895 Augustini
2673 3813 2837 3895 libros
2864 3813 3043 3895 tuisse
3082 3815 3438 3895 approbatos,

1870 3899 1975 3939 non
2009 3883 2134 3940 vero
2162 3886 2396 3950 ultimos,
2432 3883 2482 3938 in
2518 3884 2712 3953 quibus
2755 3883 3053 3953 doctrinam
3093 3899 3204 3937 suae
3232 3892 3444 3938 contra-

1868 3955 2001 4009 riam
2022 3956 2160 4011 circa
2186 3958 2393 4011 initium
2419 3952 2547 4008 ﬁdei
2564 3955 2747 4022 gratiae
2767 3952 3126 4016 tribuendum,
3151 3963 3283 4018 etc.,
3303 3953 3442 4007 idem

1868 4025 2058 4080 doctor
2081 4028 2415 4081 manifestius
2437 4025 2745 4079 tradiderat.
2775 4023 2875 4090 Qui
2899 4033 3073 4077 autem
3102 4023 3150 4076 id
3172 4022 3444 4090 jactabant

1868 4098 2037 4149 solam
2062 4098 2414 4165 proculdubio
2433 4094 3010 4165 leestini_epistolam
3026 4100 3354 4165 acceperant
3378 4092 3444 4165 iis

1869 4161 2129 4235 Capitulis
2174 4178 2487 4234 expertem,
2528 4164 2581 4217 in
2622 4163 2814 4235 quibus
2866 4162 3108 4235 doctrina
3159 4161 3446 4235 postremis

1869 4229 2149 4305 Augustini
2187 4229 2335 4290 libris
2381 4229 2581 4290 diserte
2629 4231 2818 4287 tradita
2859 4230 3191 4302 potissimum
3247 4229 3446 4285 conﬁr-

1870 4320 2066 4361 ιιιτιιιιτ.

1943 4377 1997 4432 6.
2038 4375 2306 4441 Quesnelli
2337 4374 2625 4439 sententia,
2655 4386 2774 4442 quas
2802 4371 2857 4429 S.
2893 4370 3059 4427 Leoni
3101 4370 3290 4441 Magno
3330 4370 3445 4427 hac

1870 4446 2111 4516 Capitula
2154 4445 2444 4515 adjudicat,
2474 4443 2526 4500 ei
2555 4442 2835 4515 hypmhesi
2877 4443 3127 4516 innititur,
3145 4458 3248 4513 qua
3287 4457 3443 4497 eum-

1870 4514 1991 4571 dem
2022 4514 2277 4572 librorum
2309 4517 2375 4571 de
2408 4514 2692 4571 VocatiOne
2718 4516 2953 4569 omnium
2991 4514 3226 4581 gentium
3254 4520 3443 4569 aucto.

1870 4606 1983 4644 rem
2024 4587 2275 4657 praetulit.
2326 4587 2455 4643 Cum
2499 4601 2628 4641 vero
2668 4588 2805 4658 hanc
2852 4586 3185 4658 hypothesim
3225 4586 3445 4641 omnino

1873 4654 2059 4714 falsam
2100 4659 2153 4715 in
2183 4659 2645 4714 observationibus
2672 4656 2735 4711 ad
2777 4654 3064 4713 secundam
3106 4657 3442 4712 dissertatio-
3514 4654 3524 4677 ‘

1874 4747 1995 4785 nem
2029 4731 2440 4791 ostenderimus.
2474 4729 2681 4784 sublato
2706 4727 2815 4798 jam
2857 4728 2973 4797 ejus
3001 4728 3279 4783 sententia
3324 4729 3444 4782 iun-

1872 4802 2124 4857 damento
2153 4801 2282 4855 nihil
2310 4801 2507 4856 addere
2548 4814 2681 4871 opus
2726 4808 2888 4855 esset.
2918 4798 3091 4854 Unum
3132 4808 3306 4871 tamen
3338 4814 3443 4852 non

1872 4875 2203 4927 omittemus.
2248 4872 2302 4927 Si
2348 4876 2403 4925 S.
2437 4871 2546 4926 Leo
2574 4868 2879 4940 apostolica:
2920 4871 3064 4924 sedis
3101 4868 3444 4923 auctoritates

1871 4944 2178 5013 collegisset
2205 4959 2293 5011 per
2322 4944 2374 4996 id
2420 4952 2638 5012 tempus,
2682 4949 2739 4994 ut
2780 4940 3103 5013 Quesncllus
3145 4947 3313 5013 putat,
3342 4952 3443 5013 quo

1869 5007 2076 5067 diaconi
2106 5007 2424 5068 solummodo
2450 5007 2665 5081 fungens
2705 5027 2928 5079 munere,
2976 5011 3247 5081 Caelestino
3278 5007 3443 5075 ponti-

1867 5085 1954 5151 fici
1978 5100 2146 5138 rerum
2170 5078 2619 5137 ecclesiasticarum
2645 5083 2873 5135 minister
2897 5078 3083 5149 adfuit,
3108 5080 3162 5151 δ.
3195 5078 3444 5151 Prosper,

1868 5148 2019 5223 cujus
2049 5156 2214 5223 gratia
2245 5154 2461 5209 easdem
2493 5155 2743 5209 collectas
2772 5148 3060 5223 existimat,
3111 5148 3313 5223 iisdem
3345 5161 3442 5214 po-

1874 5216 2137 5280 tissimum
2162 5224 2522 5298 ususfuisset,
2556 5240 2674 5298 cum
2709 5224 2897 5277 librum
2920 5222 3174 5275 adversus
3203 5216 3437 5298 Collatof

1869 5311 1994 5368 rem
2019 5296 2255 5365 scripsit.
2290 5295 2535 5368 Magnum
2562 5296 2701 5348 enim
2728 5302 3099 5368 argumentum
3129 5295 3446 5368 accessisset

1871 5380 1937 5420 ex
1967 5358 2286 5421 documento
2317 5358 2456 5433 quvod
2500 5374 2675 5419 tantus
2719 5358 2994 5418 C(elestini
3028 5358 3443 5433 ,po‘ntilicisnmi-

1872 5439 2043 5491 nister
2070 5437 2133 5490 ad
2165 5427 2515 5491 revincendos
2544 5448 2757 5490 errores
2805 5433 2900 5500 ipsi
2948 5430 3271 5500 tradidisset.
3308 5427 3443 5481 Cum

1871 5522 2001 5561 vero
2031 5508 2233 5561 nullum
2268 5508 2423 5574 hujus
2449 5503 2753 5560 documenti
2796 5499 3071 5574 indicium,
3112 5499 3289 5574 nullus
3319 5511 3447 5551 usus

1872 5578 2013 5647 apud
2066 5569 2388 5646 Prospei-uin
2448 5574 2782 5647 inveniatur,
2832 5573 2970 5625 hanc
3018 5569 3441 5647 lucubrationem

1874 5639 2039 5701 [Iconi
2069 5639 2261 5700 ascribi
2309 5662 2415 5701 non
2446 5659 2599 5711 posse
2640 5644 2766 5695 satis
2794 5650 2979 5711 aperte
3010 5641 3293 5707 colligitur.
3335 5639 3435 5692 Ar-

1874 5726 2123 5785 gumenta
2154 5731 2272 5786 qum
2300 5733 2327 5770 a
2360 5713 2644 5786 Quesnello
2689 5712 3004 5786 ingeruntur
3044 5712 3260 5786 esstyli
3289 5720 3450 5786 atque

1877 5780 2136 5841 doctrina:
2164 5780 2518 5841 consensiOne
2547 5781 2707 5849 hujus
2751 5782 2991 5852 opusculi
3023 5792 3075 5838 et
3104 5780 3357 5836 librorum
3382 5780 3453 5852 de

1881 5858 2168 5915 Vocatione
2215 5858 2450 5913 omnium
2490 5854 2746 5927 gentium,
2789 5850 2835 5913 Si
2872 5853 2999 5927 quid
3045 5854 3354 5929 probarent,
3401 5850 3451 5915 id
