3984 6306
501 348 596 405 125

2116 264 2208 278 ...γέ⁸

990 340 1197 407 118611.
1237 348 1621 418 QUESNELLI
1660 350 2064 410 DlSSERTATI

2172 351 2246 410 ss
2284 352 2349 409 IN
2388 352 2447 411 ε.
2489 351 2733 411 LEONIS
2772 352 2988 411 MAGNI
3025 328 3287 411 orsus;

3644 351 3763 414 ηε

493 471 772 523 litterarum
802 469 1062 526 latissimo
1091 472 1268 525 nuntio
1296 480 1342 524 et
1373 470 1539 526 veraci
1585 469 1873 528 testimonio
1900 471 2067 524 disce-
2093 471 2147 532 Α
2174 484 2294 525 nem
2339 471 2423 527 vel
2463 470 2805 527 obscuritatis
2844 485 3070 539 arguere
3094 511 3108 535 ,
3140 469 3223 526 vel
3256 483 3443 539 parum
3490 469 3763 528 sinceram

490 556 679 594 remus.
711 542 862 607 Quod
911 556 1072 611 porro
1115 542 1413 603 rescribeos
1443 542 1772 611 Augustinus
1800 541 1868 597 ad
1896 542 2065 597 Julia-

490 627 634 676 nam,
660 612 795 666 hanc
834 629 861 665 a
893 612 1143 669 cavendis
1175 612 1370 681 Pelagii
1405 612 1611 668 insidiis
1640 623 1853 667 moneat
1876 653 1892 679 ,
1926 612 2064 668 ratio

491 692 576 737 est
621 682 796 738 obvia.
828 683 1088 740 Nimirum
1122 684 1221 738 hoc
1249 683 1496 739 omnibus
1546 683 1803 738 Ecclesiae
1829 684 2066 740 doctori-

489 752 590 808 bus
618 768 903 810 commune
955 762 1068 820 cst,
1110 762 1167 808 ut
1203 768 1311 824 quo
1340 763 1578 818 tempore
1603 764 1788 809 contra
1819 765 2066 812 recenter

490 836 672 879 natum
718 826 769 879 in
824 825 1061 880 Ecclesia
1100 839 1342 880 errorem
1392 824 1682 880 dimicandi
1732 826 2061 894 provinciam

488 904 813 966 acceperunt
833 937 848 960 ,
881 904 1007 951 tunc
1035 896 1238 949 nullam
1287 898 1623 953 occasionem
1655 897 2061 965 praetermittam

489 965 745 1021 adversus
770 966 1013 1022 eumdem
1041 966 1369 1035 insurgendi,
1393 981 1686 1037 omnesque
1711 966 1775 1020 ad
1806 982 1939 1036 quos
1968 968 2053 1024 vel

488 1051 790 1093 sermonem
819 1037 1032 1103 habent,
1048 1038 1130 1092 vel
1155 1037 1359 1091 litteras
1380 1039 1640 1101 scribunt,
1664 1038 1731 1092 ab
1753 1037 2057 1107 hujusmodi

488 1107 683 1179 haeresi
710 1107 951 1179 studiose
975 1107 1299 1163 deterreant.
1329 1108 1441 1179 lloc
1459 1108 1637 1163 sciunt
1662 1109 1751 1177 qui
1778 1110 2056 1179 Augustini

487 1188 580 1232 aut
608 1177 799 1232 Leonis
845 1178 1042 1245 scripta
1072 1179 1157 1235 vel
1193 1193 1223 1233 a
1262 1178 1449 1235 limine
1497 1179 1814 1234 salutarunt.
1866 1177 1969 1235 Sed
2002 1181 2056 1236 in

491 1249 593 1304 hoc
617 1248 839 1319 negotio,
857 1250 1056 1304 clarum
1087 1256 1172 1305 est
1212 1250 1537 1319 exemplum.
1573 1249 1679 1305 Res
1704 1258 1821 1305 erat
1869 1250 2057 1306 Hiero-

488 1333 649 1390 nymo
693 1317 934 1390 maxime
977 1334 1099 1390 cum
1130 1317 1433 1389 Origeniani
1473 1320 1734 1390 dogmatis
1770 1323 2054 1377 sectatori-

487 1389 591 1461 bus
618 1407 632 1461 ξ
663 1389 786 1445 inde
807 1399 891 1444 est
914 1391 1055 1458 quod
1079 1389 1469 1461 Demetriadem
1499 1389 1795 1461 alloquens,
1824 1391 1961 1448 hanc
1989 1393 2057 1449 ab

484 1459 582 1515 illo
602 1460 850 1531 dogmate
876 1470 933 1515 ut
954 1470 1107 1515 caute
1137 1460 1477 1531 scidclcndat
1496 1459 1842 1517 vehementer
1858 1462 2057 1519 adhor-

490 1540 654 1589 tatur.
684 1530 1012 1601 Augustinus
1039 1546 1159 1586 cum
1198 1530 1495 1599 Pelagianis
1547 1547 1735 1587 manus
1768 1546 2058 1591 conserere

488 1616 587 1728 per
632 1601 818 1657 cadem
866 1612 1105 1671 tempora
1150 1612 1389 1671 casperat
1412 1642 1428 1667 ,
1459 1602 1580 1659 ideo
1609 1602 2000 1661 Demetriadem
2027 1619 2059 1661 a

534 1672 777 1728 elauiauo
798 1672 1029 1728 maximo
1056 1686 1240 1727 errore
1267 1672 1525 1728 deterret.

534 1672 777 1741 elagiauo
798 1672 1029 1728 maximo
1056 1686 1240 1727 errore
1267 1672 1525 1729 deterret.

564 1742 670 1798 Sed
697 1742 1016 1815 peculiarem
1044 1742 1218 1815 adhuc
1244 1745 1521 1815 gtionem
1552 1742 1707 1815 all'ert
1736 1743 1853 1813 ipse
1877 1747 2058 1815 Augu-

488 1812 681 1869 stinus.
716 1813 1003 1886 Quomodo,
1036 1814 1206 1886 inquit
1232 1812 1435 1886 (Epist.
1456 1814 1604 1883 145),
1635 1832 1667 1867 a
1693 1812 1851 1881 vobis,
1883 1812 2061 1886 quibus

490 1892 685 1938 tantam
714 1882 1039 1939 dilectionem
1069 1882 1339 1949 debemus,
1371 1882 1703 1939 admonendis
1733 1895 1787 1939 ut
1826 1882 1931 1941 alia
1974 1904 2063 1942 ca-

482 1954 667 2023 ‘veatis,
695 1955 1048 2026 dissimularc_
1066 1970 1348 2025 possmus,
1401 1972 1514 2011 cum
1553 1955 1847 2026 legissemus
1875 1958 2062 2013 librum

491 2041 640 2093 quem
668 2025 735 2078 ad
760 2036 985 2080 sanctam
1014 2024 1391 2080 Demetriadem
1426 2024 1657 2094 quisnam
1685 2029 1962 2095 scripserit,
1985 2029 2062 2084 uel

489 2106 667 2169 utrum
694 2097 761 2169 ad
788 2112 876 2169 eos
903 2096 1202 2169 peruenerit,
1230 2101 1405 2151 uestris
1432 2097 1601 2169 potius
1628 2098 1881 2169 rescriptis
1911 2116 2060 2155 nosse

491 2166 761 2221 volumus?
788 2166 933 2223 Pene
978 2167 1136 2237 igitur
1167 2166 1620 2237 praevaricationis
1649 2166 1799 2223 reum
1846 2184 1904 2225 sc
1952 2170 2063 2225 Au-

495 2236 741 2305 gustinus
778 2236 1099 2307 prodidisset
1129 2236 1291 2301 .nisi
1342 2249 1527 2293 contra
1582 2253 1844 2295 venenum
1894 2255 2063 2297 sacras

494 2307 685 2379 virgini
715 2320 811 2377 per
840 2308 1087 2379 haeretici
1119 2308 1324 2363 litteras
1372 2309 1739 2379 pr0pinatum,
1782 2310 2064 2368 catholica:

493 2376 754 2453 doctrinae
803 2378 1149 2453 pharmacum
1198 2376 1511 2453 adhiberet;
1544 2394 1651 2453 nee
1685 2380 1829 2436 aliud
1863 2392 2063 2453 myste-

494 2448 642 2522 rium
666 2448 862 2522 habent
888 2458 1085 2505 sancta:
1110 2449 1344 2505 doctoris
1373 2451 1585 2506 littertc.
1614 2448 1879 2506 Caeterum
1908 2448 2065 2522 longe

494 2531 526 2573 a
552 2518 1171 2596 Pelagianorum_erro_re
1193 2535 1406 2591 semper
1424 2522 1589 2596 fuisse
1612 2522 1873 2596 Julianam
1903 2518 2061 2596 74⁷1

492 2603 615 2661 cum
642 2592 920 2661 onmisua
948 2590 1180 2655 familia,
1209 2590 1436 2647 testatur
1480 2592 1592 2661 ipsa
1623 2592 1840 2647 disertis
1886 2590 2064 2649 verbi

493 2659 563 2732 ab
590 2659 886 2731 Augustino
916 2662 1121 2717 relatis.
1154 2662 1299 2717 lllam
1330 2659 1597 2732 prioribus
1649 2663 1836 2718 litteris
1866 2662 1934 2719 dc
1962 2663 2065 2720 hac

495 2730 693 2803 barresi
737 2732 951 2787 vitanda
993 2730 1524 2803 monuerat,'dequc
1578 2734 1659 2802 pia
1701 2734 2066 2790 admonitione

493 2802 693 2875 gratias
719 2804 911 2875 uberes
928 2812 1113 2875 egerat
1127 2802 1153 2859 .l
1164 2804 1358 2866 uliana,
1374 2802 1488 2858 huic
1504 2805 1827 2874 sulijungcus
1841 2806 1858 2875 (
1867 2803 2032 2875 Ibid.)
2047 2822 2060 2859 :

495 2872 603 2947 Sed
631 2874 821 2928 noverit
851 2874 1191 2947 sacerdotium
1218 2885 1438 2947 vestrum
1465 2872 1616 2947 longe
1643 2872 1722 2929 me
1751 2891 1813 2930 ac
1843 2872 2067 2930 domun-

497 2942 670 2996 culam
717 2960 878 2999 nteant
910 2946 971 2999 ab
1001 2945 1297 3015 hujusmodi
1340 2942 1574 3014 personis
1612 2958 1720 3000 esse
1759 2948 2063 3013 discretam;

495 3015 756 3083 omnisque
791 3015 987 3086 familia
1021 3025 1195 3070 nostra
1237 3016 1366 3069 adeo
1397 3017 1703 3071 catholicam
1732 3019 1961 3087 sequitur
1998 3019 2059 3086 ﬁ-

2174 542 2433 611 suspicari
2462 583 2479 611 ,
2508 557 2797 612 numquam
2822 583 2837 606 ,
2879 541 3020 611 quod
3051 541 3382 609 noverimus,
3435 542 3758 612 intuentem

2172 615 2319 667 venit
2336 610 2667 683 Augustinoi
2687 628 2787 667 nec
2814 610 3126 681 cujusquam
3150 612 3363 683 ingenui
3384 620 3439 667 et
3456 610 3759 669 Christiani

2172 684 2405 739 hominis
2429 682 2664 739 animum
2694 683 2856 738 debet
2887 684 3103 738 sinistra
3129 682 3245 739 haec
3284 682 3465 739 subire
3496 683 3758 753 suspicio.

2240 754 2333 810 XI.
2366 755 2590 810 Miratur
2615 754 2847 826 denique
2891 764 3086 826 auctor
3114 754 3250 826 quod
3279 753 3582 826 Demetrias
3613 765 3760 809 tanta

2168 826 2293 880 olim
2340 826 2494 905 totius
2528 823 3070 905 _orbis._gratulatione
3106 823 3448 905 uirginitatem
3496 826 3754 905 professa,

2170 897 2491 965 postmodum
2521 895 2721 951 latuerit
2756 896 2812 949 in
2848 896 3079 965 obscuro,
3120 895 3213 949 nec
3252 896 3348 949 ulti
3386 895 3600 965 penitus
3638 896 3758 951 last.

2167 964 2289 1022 data
2320 969 2407 1035 sit,
2448 967 2545 1022 nisi
2586 968 2716 1035 forte
2741 967 2949 1019 cuidam
2979 964 3254 1036 Prospero.
3283 965 3483 1020 Laudis
3514 966 3758 1035 profecto

2166 1039 2325 1094 nimis
2348 1038 2560 1093 avidum
2592 1037 2843 1105 dixerim,
2874 1036 2963 1107 qui
2997 1042 3205 1106 parcius
3244 1036 3513 1091 laudatam
3536 1038 3756 1107 dixerit

2166 1108 2577 1165 Demetriadem.
2628 1107 2767 1175 Quid
2815 1110 2866 1161 in
2900 1106 3121 1177 virgine
3182 1108 3370 1177 melius
3412 1106 3749 1174 laudaveris,

2165 1195 2326 1249 quam
2356 1179 2677 1250 virginitatis
2703 1177 3129 1250 professionem?
3150 1177 3287 1246 Quid
3318 1178 3369 1232 in
3401 1179 3611 1250 virgine
3639 1196 3756 1248 qui:

2162 1247 2212 1305 et
2250 1247 2513 1307 nobilitate
2569 1258 2618 1304 et
2657 1249 2849 1303 divitiis
2890 1249 3056 1318 prima
3095 1258 3203 1302 erat
3244 1250 3299 1303 in
3341 1247 3461 1302 orbe
3493 1247 3752 1314 Romano,

2164 1322 2482 1398 quamgqu
2510 1322 2617 1398 haec
2656 1320 2889 1374 universa
2930 1321 3304 1398 contempserit,
3337 1329 3393 1372 ut
3431 1321 3757 1398 se_hoiti_am

2165 1389 2369 1459 vivam,
2407 1391 2519 1447 Deo
2558 1392 2862 1459 placentem,
2918 1406 2980 1443 ac
3025 1389 3136 1461 sine
3179 1390 3288 1444 ulla
3336 1389 3544 1461 macula
3592 1390 3754 1461 742

2165 1472 2367 1519 (eterna:
2394 1464 2652 1535 pudicitia:
2677 1470 3005 1535 consecraret
3025 1459 3269 1530 (Hieron.
3302 1461 3454 1535 epist.
3488 1460 3523 1535 _8
3556 1461 3624 1512 ad
3649 1459 3755 1514 De:

2165 1530 2518 1605 metriade'm)!
2545 1534 2668 1587 llaec
2689 1531 2920 1605 laudavit
2945 1531 3337 1605 Hieronymus,
3353 1530 3468 1605 haec
3482 1530 3754 1605 innocen-

2168 1605 2291 1667 tius,
2338 1600 3010 1673 hrec'AugustinusLhazc
3056 1600 3497 1673 excellentissimi
3552 1603 3753 1673 quique

2165 1675 2405 1745 magistri
2449 1676 2541 1745 qui
2585 1671 2709 1729 tunc
2756 1674 2809 1745 in_
2859 1671 3099 1745 Ecclesia
3138 1671 3589 1745 praaeminebant;
3636 1672 3755 1726 haec.

2167 1743 2450 1803 universus
2468 1743 2622 1800 orbis
2640 1743 2933 1815 gratulatus
2954 1751 3054 1798 est.
3082 1743 3286 1815 lstudsi
3302 1743 3394 1815 cui
3423 1758 3608 1815 parum
3630 1757 3753 1798 esse

2164 1826 2437 1882 censetur,
2476 1812 2665 1870 nescio'
2683 1814 2809 1882 quid
2839 1814 2887 1869 ei
2930 1812 3179 1869 sufficiat.
3208 1813 3313 1869 Sed
3343 1823 3398 1869 et
3436 1814 3489 1868 in
3520 1813 3753 1869 obscuro

2167 1886 2387 1951 latuisse
2436 1895 2557 1956 post
2595 1884 2889 1956 professum
2934 1885 3318 1956 virginitatem,
3370 1884 3595 1954 virginis
3639 1884 3753 1937 Deo

2165 1971 2330 2013 sacra:
2358 1966 2412 2013 ct
2437 1954 2489 2011 in
2522 1954 2750 2012 obscuro
2780 1955 2930 2011 faciei
2967 1954 3060 2009 Dei
3088 1956 3366 2018 latitantis,
3397 1971 3505 2010 non
3531 1963 3615 2010 est
3638 1956 3753 2010 laus

2165 2027 2384 2095 infima;
2418 2031 2568 2097 cujus
2603 2026 2852 2081 videlicet
2888 2027 3164 2081 ardentius
3197 2025 3752 2097 Studiumntotiusque

2164 2096 2647 2155 virtutissmeritum
2672 2097 2773 2151 hoc
2801 2105 2904 2162 est,
2928 2107 2985 2150 ut
3012 2105 3155 2151 amet
3183 2096 3401 2151 nesciri.
3436 2096 3544 2153 Nec
3569 2104 3751 2152 tamen

2164 2169 2422 2225 obscurus
2452 2168 2710 2224 remansit
2743 2169 2845 2237 pia:
2866 2168 3083 2235 virginis
3116 2167 3408 2236 profectus,
3440 2182 3602 2237 quem
3627 2176 3751 2237 post

2171 2240 2383 2309 triginta
2428 2238 2541 2296 fere
2580 2236 2757 2309 annos
2793 2240 3057 2309 universa:
3096 2237 3357 2309 Ecclesiae
3396 2236 3754 2309 notumdlecit

2169 2307 2385 2376 eximia,
2428 2325 2531 2365 non
2579 2307 2828 2377 Prosperi
2869 2308 3170 2376 cujusdam,
3206 2307 3301 2363 sed
3340 2307 3537 2365 Leonis
3579 2307 3753 2376 Magni

2171 2382 2417 2450 epistola.
2447 2380 2604 2450 Apud
2632 2396 2798 2448 quem
2817 2379 3005 2447 quanti
3032 2378 3211 2450 meriti
3242 2389 3386 2435 esset
3431 2380 3753 2444 Demetrias,

2170 2448 2405 2523 velinde
2426 2448 2765 2523 perspicuum
2795 2461 2879 2505 est
2913 2448 3134 2523 quodin
3167 2464 3416 2519 maguum
3451 2450 3631 2523 trahat
3656 2450 3756 2504 huc

2170 2518 2834 2592 militatis'argtimentum,
2882 2518 3024 2592 quod
3055 2521 3111 2572 in
3157 2518 3455 2590 hocusque,
3489 2521 3679 2587 inquit,
3722 2535 3756 2573 ο

2169 2609 2317 2648 sacra
2352 2591 2830 2664 uirgo’Demetrias,
2868 2591 3208 2664 dignationem
3246 2600 3349 2645 tua:
3376 2592 3641 2664 dignitatis
3672 2592 3756 2645 in-

2172 2665 2349 2726 clines,
2380 2662 2447 2716 ui
2464 2664 2807 2735 prouectiones
2833 2670 2947 2735 tuas
2975 2662 3130 2714 etiam
3158 2676 3269 2735 meo
3290 2662 3631 2732 stylo’earigas
3660 2664 3756 2735 ad-

2163 2736 2358 2806 juvari.
2388 2733 2539 2800 Quod
2564 2750 2657 2804 ego
2686 2734 2757 2806 ad
2792 2734 3083 2786 tenuitatem
3122 2733 3385 2803 facultatis
3426 2749 3551 2787 mea?
3593 2734 3756 2802 respi-

2170 2804 2330 2868 ciens,
2358 2806 2588 2859 omnibus
2618 2804 2785 2857 modis
2808 2818 3115 2869 recusarem,
3152 2819 3310 2871 neque
3341 2814 3446 2857 tam
3477 2812 3676 2857 mature
3702 2812 3755 2857 et

2171 2879 2368 2929 erudito
2396 2877 2564 2929 animo
2593 2873 3060 2929 cohortatiunculas
3106 2889 3241 2926 meas
3283 2873 3525 2928 adhibere
3562 2890 3757 2941 priests-

2172 2963 2377 3012 rnerem,
2404 2948 2501 3000 nisi
2527 2946 2770 3015 ﬁduciam
2790 2945 3032 3014 efﬁciendi
3054 2943 3107 2997 id
3129 2945 3267 3016 quod
3276 2945 3487 3016 jubetur
3509 2944 3758 3015 ajubente

2172 3018 2507 3087 conciperem,
2529 3014 2593 3071 et
2636 3017 2736 3069 tuis
2774 3017 2965 3072 meritis
3000 3024 3049 3068 et
3086 3014 3405 3087 orationibus
3449 3014 3757 3083 conﬁderem

494 3086 609 3139 dent
630 3124 645 3150 ,
677 3094 732 3138 ut
770 3084 823 3141 in
848 3087 1043 3141 nullam
1070 3087 1301 3159 hwresint
1341 3088 1616 3158 aliquando
1646 3084 1951 3153 deviarem;
1978 3084 2067 3144 nec
2093 3095 2139 3159 C
2170 3103 2277 3143 esse
2303 3084 2668 3159 prwstandum,
2691 3094 2796 3141 ctc.
2823 3088 3051 3159 Danaum
3083 3086 3141 3159 in
3155 3084 3390 3140 obscuro
3416 3101 3519 3140 non
3548 3099 3757 3159 reman-

495 3171 735 3231 untquam
772 3159 919 3231 lapsa
945 3159 1031 3231 sil,
1066 3174 1165 3211 non
1195 3157 1311 3211 dico
1340 3159 1393 3212 in
1421 3157 1507 3213 eas
1533 3169 1696 3231 sectas
1722 3176 1839 3231 qua:
1866 3161 1950 3213 via:
1978 3176 2066 3215 ea:-

492 3227 723 3298 piantur,
751 3227 957 3299 sednec
996 3229 1181 3299 ineas
1234 3243 1347 3299 qua:
1376 3244 1556 3297 parvos
1610 3227 1793 3284 habere
1836 3231 2067 3284 ridentur

493 3298 919 3370 errores._Probe
961 3298 1226 3354 intellexit
1248 3298 1597 3367 Augustinus
1619 3300 1957 3370 Pelagianam
1981 3316 2069 3356 se-

493 3378 635 3441 ctam
661 3384 691 3422 a
716 3366 923 3441 luliana
960 3370 1099 3424 inter
1129 3384 1221 3425 eas
1252 3366 1523 3441 numerari
1550 3386 1666 3439 qua:
1703 3366 1884 3441 parvos
1930 3373 2067 3425 vide-

496 3439 680 3491 bantur
708 3438 893 3493 habere
917 3454 1109 3494 errores
1140 3454 1156 3493 :
1211 3439 1333 3507 quia
1376 3440 1626 3495 nimirum
1661 3438 1781 3495 cum
1830 3442 2068 3496 nondum

496 3508 655 3580 plene
682 3508 1003 3580 innotuisset
1028 3510 1341 3580 itnperitiori
1389 3512 1684 3575 prtesertim
1731 3511 1882 3566 sexui
1911 3526 2070 3580 quam

495 3578 780 3652 exitiosum
808 3588 954 3634 esset
981 3578 1179 3652 Pelagii
1204 3578 1549 3652 C(elestiique
1570 3596 1855 3652 venenum,
1879 3578 2069 3637 eorum

493 3656 639 3719 secta
685 3648 1038 3719 dogmataque
1082 3648 1911 3718 telerabiliora’videbantur,'si
1941 3667 2063 3708 cum

494 3717 610 3795 illis
651 3717 832 3795 sectis
866 3717 1308 3791 dogmatibusque
1346 3722 1779 3795 Aconfcrrcntur,
1830 3739 1943 3795 qua:
1980 3726 2066 3795 eis:

493 3789 787 3861 expiantur.
802 3789 1029 3845 Parvum
1062 3805 1166 3845 non
1195 3789 1314 3847 esse
1344 3791 1501 3846 istum
1524 3789 1773 3848 errorem
1796 3789 1954 3850 docet
1972 3794 2065 3849 Ju-

493 3858 688 3932 lia’nam
702 3859 1057 3932 Augustinus,
1086 3872 1143 3916 ut
1168 3865 1337 3932 magis
1361 3878 1577 3918 exesam
1620 3866 1669 3918 ei
1709 3873 1913 3920 sectam
1940 3867 2064 3920 red-

493 3928 667 3997 deret,
696 3931 748 3985 iu
797 3928 955 4001 quam
995 3928 1282 4005 numquam
1326 3948 1384 3988 se
1436 3934 1760 4005 domumque
1791 3951 1941 3990 suam
1988 3937 2062 3991 lac

493 4013 642 4075 psam
665 4016 805 4075 esse,
824 4012 878 4058 et
898 4004 1103 4075 aAcujus
1128 4004 1345 4059 asseclis
1364 4005 1518 4075 longe
1544 4021 1603 4059 se
1629 4004 1747 4061 esse
1774 4006 2062 4063 discretam

491 4071 787 4130 clarissime
813 4071 1122 4144 profitetur;
1166 4075 1259 4130 sed
1302 4075 1439 4132 hanc
1457 4071 1597 4147 'ejus
1623 4077 1743 4134 fidei
1774 4078 2065 4148 professio-

2171 3160 2243 3215 sit
2283 3155 2667 3228 posterioribus
2711 3157 2865 3211 annis
2896 3155 3230 3228 Demetrias,
3268 3172 3390 3226 qua:
3423 3171 3468 3228 ea
3514 3156 3759 3228 pluribus

2171 3226 2522 3299 scriptoribus
2560 3226 2939 3299 ecclesiasticis
2980 3226 3251 3299 laudatur,
3292 3227 3457 3299 quod,
3488 3226 3538 3281 iu
3590 3226 3758 3299 fundo

2172 3297 2385 3357 suo—via
2407 3300 2593 3355 Latina
2627 3300 2898 3354 basilicam
2922 3297 2973 3351 in
3003 3297 3261 3352 honorem
3292 3298 3461 3353 sancti
3485 3298 3747 3367 Stephani

2174 3372 2601 3441 protomartyris,
2649 3372 2898 3424 hortante
2947 3368 3147 3441 Leone,
3190 3370 3535 3441 exstruxerit.
3585 3367 3757 3441 Cujus

2175 3437 2390 3512 quidem
2422 3437 2680 3496 memoria
2711 3452 2819 3495 tam
2847 3453 2951 3494 non
2985 3448 3067 3493 est
3105 3438 3160 3512 in
3188 3437 3436 3504 obscuro,
3474 3449 3529 3493 ut
3569 3439 3758 3506 potius

2176 3510 2229 3565 in
2258 3526 2354 3567 ore
2382 3521 2438 3567 et
2473 3513 2719 3566 manibus
2745 3520 2992 3566 versetur
3020 3510 3281 3573 omnium,
3325 3516 3573 3632 quotquot
3608 3522 3755 3576 quo-

2176 3582 2432 3632 tidianum
2471 3582 2819 3632 ecclesiastici
2859 3580 3020 3632 ofﬁcii
3054 3595 3279 3632 Densum
3319 3594 3466 3632 uerso
3491 3587 3649 3632 vuut:
3692 3587 3755 3632 et

2174 3582 2432 3637 tidianum
2471 3582 2819 3639 ecclesiastici
2859 3580 3020 3636 ofticii
3054 3595 3279 3649 pensum
3319 3580 3649 3649 persolvunt;
3692 3587 3761 3633 et

2174 3655 2459 3724 quotannis
2514 3654 2565 3709 in
2611 3652 2972 3724 anniversaria
3020 3652 3187 3724 sancti
3235 3651 3431 3706 Leonis
3471 3649 3765 3724 festivitate

2174 3719 2367 3795 tibique
2394 3724 2751 3779 Ecclesiarum
2781 3722 3052 3795 recolatur
3080 3739 3091 3773 :
3122 3722 3257 3795 adeo
3283 3731 3341 3776 ut
3376 3736 3513 3795 pene
3542 3721 3609 3795 in
3648 3719 3765 3795 vir-

2170 3789 2295 3864 gine
2326 3796 2662 3853 Demetriade
2691 3795 2967 3863 impletum
2995 3793 3246 3864 dixerim,
3271 3789 3413 3863 quod
3451 3791 3519 3846 de
3542 3789 3765 3858 Magda-

2171 3862 2288 3922 lena
2318 3864 2563 3936 praedixit
2588 3862 2844 3919 Dominus
2868 3864 3055 3919 Jesus:
3090 3862 3402 3932 Ubicumque
3425 3864 3763 3936 praedicatum

2172 3933 2331 4009 fuerit
2354 3937 2453 4009 hoc
2476 3935 2812 4009 Evangelium
2841 3937 2895 3988 in
2934 3936 3278 4009 tote-mundo,
3310 3935 3511 4009 dicetur
3542 3948 3588 3987 et
3620 3933 3762 4004 quod

2172 4003 2279 4062 hac
2300 4008 2419 4079 fecit
2439 4008 2493 4062 in
2520 4003 2817 4063 meritoriam
2842 4009 2953 4078 ejus
2975 4003 3189 4075 (Matth.
3217 4020 3363 4070 xxvr,
3398 4006 3485 4060 15.

497 4201 3747 4232 Mm

1441 4304 2102 4371 BALLERINIORUM
2144 4306 2803 4373 OBSERVATIONES

486 4430 568 4493 In
587 4426 1081 4491 dissertotioncm
1098 4431 1388 4505 quartam
1410 4425 1751 4502 Quesnelli,
1788 4427 1861 4490 de
1885 4436 2141 4491 auctore
2172 4428 2395 4505 libelli,
2422 4446 2529 4492 seu
2549 4426 2822 4510 epistola:
2845 4427 2927 4491 ad
2956 4426 3404 4489 Demetriadem
3426 4426 3740 4506 uirginem
3779 4440 3786 4447 '

751 4683 799 4737 1.
834 4682 959 4757 llaec
979 4681 1203 4757 epistola
1225 4682 1453 4757 primum
1483 4681 1746 4757 editafuit
1775 4682 1917 4757 inter
1941 4684 2070 4757 Arm-
2096 4687 2187 4757 De
2244 4685 2299 4739 2.
2340 4684 2574 4741 Joannes
2614 4686 2869 4751 Sotellus,
2921 4686 3009 4756 qui
3059 4700 3201 4741 anno
3252 4684 3389 4757 1:565
3443 4681 3773 4757 Lovaniens-

562 4686 728 4809 ’1ηῆ
751 4686 799 4737 1.
834 4686 959 4738 llaec
979 4686 1203 4752 epistola
1225 4686 1453 4753 primum
1483 4686 1623 4737 edita
1650 4686 1746 4738 fuit
1775 4686 1917 4737 inter
1941 4686 2065 4737 Am-

490 4756 655 4812 brosii
732 4769 880 4824 pera,
912 4755 963 4808 in
988 4756 1091 4807 line
1120 4754 1464 4823 epistolarutn
1498 4753 1757 4821 ejusdem,
1786 4755 1947 4823 epist.
1975 4756 2065 4819 84,

490 4837 545 4883 ει
568 4827 733 4893 ipsius
764 4825 981 4880 nomine
1010 4825 1287 4894 inscripta,
1319 4832 1377 4878 ut
1405 4824 1689 4879 didicimus
1727 4840 1792 4879 ex
1834 4825 2073 4881 editione

491 4898 780 4954 Basileensi
807 4897 930 4950 anni
965 4895 1121 4951 H92.
1147 4894 1323 4965 luqua
1346 4910 1464 4951 cum
1501 4910 1606 4949 non
1637 4906 1928 4965 appareant
1952 4896 2070 4951 libri

489 4972 550 5023 de
585 4968 861 5039 Vocatione
886 4967 1115 5039 omnium
1134 4968 1360 5039 gentium
1390 4967 1443 5021 in
1470 4966 1858 5039 posterioribus
1882 4966 2073 5022 editio-

491 5041 648 5095 tiibus
675 5038 893 5106 adiecti,
940 5036 1193 5092 indicium
1228 5049 1309 5092 cst
1340 5036 1678 5092 manifestum
1725 5052 1842 5091 eam
1872 5039 2076 5106 episto-

491 5113 594 5165 lam
622 5126 652 5164 a
682 5111 850 5178 primo
878 5108 1085 5165 editore
1108 5112 1223 5164 sine
1242 5109 1307 5163 iis
1330 5109 1479 5163 libris
1501 5107 1665 5163 fuisse
1692 5108 1964 5163 inventam
1987 5109 2074 5165 vel

491 5183 543 5237 in
576 5180 680 5235 ﬁne
700 5180 899 5234 codicis
931 5179 1284 5249 Epistolarum
1311 5181 1367 5234 S.
1396 5178 1651 5243 doctoris,
1682 5179 1765 5233 vel
1800 5180 1854 5233 in
1892 5180 2072 5249 aliquo

489 5268 593 5307 tus.
626 5252 789 5307 simili
812 5251 1055 5318 exemplo
1081 5250 1198 5303 Vat.
1222 5250 1347 5313 284,
1366 5251 1414 5303 in
1445 5264 1552 5319 quo
1578 5250 1690 5305 lucc
1712 5249 1825 5317 ipsa
1844 5251 2073 5320 epistola

489 5328 605 5377 sine
635 5321 783 5376 libris
808 5322 871 5375 de
907 5320 1177 5375 Vocatione
1197 5322 1388 5391 legitur
1413 5336 1533 5375 cum
1560 5322 1658 5374 hac
1687 5321 2068 5391 inscriptione:

490 5394 743 5447 Ambrosii
772 5393 839 5445 ad
886 5391 1259 5445 Demetriadem
1308 5393 1577 5462 virginem.
1611 5393 1743 5447 Cum
1791 5407 1919 5448 vero
1964 5394 2077 5447 ani-

489 5464 831 5519 madversum
863 5463 1049 5518 fuisset
1083 5464 1219 5517 hanc
1260 5463 1539 5532 epistolam
1569 5476 1633 5516 ex
1664 5462 2072 5532 Pelagianorum

489 5536 783 5598 mentione,
823 5549 943 5604 qua:
974 5533 1025 5587 in
1049 5532 1236 5589 eadem
1268 5534 1522 5604 occurrit,
1548 5541 1602 5587 et
1628 5548 1696 5589 ex
1734 5533 1849 5601 ipsa
1876 5533 2075 5589 Deme-

490 5607 679 5660 triadis
699 5603 854 5659 aetate
885 5619 991 5658 non
1015 5618 1173 5673 posse
1202 5604 1421 5658 attribui
1451 5603 1509 5660 S.
1536 5604 1843 5669 Ambrosio,
1870 5606 1923 5658 in
1957 5605 2071 5659 edi-

492 5678 639 5730 tione
669 5675 905 5743 ejusdem
935 5674 1170 5729 Romana
1200 5676 1322 5729 anui
1358 5675 1488 5730 1581
1517 5675 1713 5729 omissa
1740 5673 1859 5739 fuit,
1892 5684 2074 5730 reten‘

494 5747 561 5799 tis
592 5746 739 5816 libris
769 5747 830 5799 de
866 5744 1161 5814 Vocatione,
1200 5744 1291 5816 qui
1317 5754 1472 5802 antea
1504 5744 1779 5803 Ambrosii
1804 5744 2071 5815 Operibus

494 5816 656 5877 additi
687 5815 896 5873 fuerant

2177 4756 2426 4825 Prosperi
2458 4758 2677 4815 editioni
2706 4757 2872 4812 libros
2898 4755 3169 4826 adjecerat
3190 4755 3560 4826 dej’ocatione
3585 4770 3649 4810 ex
3672 4756 3743 4808 tri

2178 4828 2276 4882 bus
2300 4824 2594 4890 codicibus,
2626 4830 2677 4882 iu
2710 4829 2901 4895 quibus
2926 4824 3084 4882 iidem
3111 4826 3230 4881 libri
3264 4824 3534 4896 Prospero
3565 4826 3772 4896 tribuef

2176 4898 2389 4965 bantur,
2432 4900 2534 4955 etsi
2583 4900 2784 4953 nullum
2838 4910 3025 4953 nactus
3071 4897 3259 4953 fuisset
3298 4895 3595 4966 exemplar,
3625 4895 3772 4965 quod

2179 4969 2317 5024 hanc
2346 4970 2628 5039 epistolam
2655 4968 2922 5039 Prospero
2954 4970 3154 5039 pariter
3182 4969 3500 5031 ascriberet,
3536 4982 3653 5039 eam
3687 4975 3774 5039 ta-

2178 5055 2301 5111 men
2332 5036 2396 5095 ex
2428 5041 2554 5111 styli
2584 5036 2885 5111 prazscrtim
2914 5036 3265 5111 similitudine
3280 5054 3411 5111 cum
3448 5036 3679 5111 laudatis
3703 5038 3773 5092 li-

2181 5110 2292 5166 bris
2319 5109 2497 5166 eideni
2536 5109 2739 5166 auctori
2779 5110 3208 5180 adjudicandam,
3242 5109 3771 5180 ejusqueOperibus

2181 5182 2523 5238 inserendam
2554 5184 2777 5252 putavit.
2817 5179 2965 5238 Licet
2988 5192 3165 5236 autem
3190 5180 3393 5249 aliquot
3412 5179 3770 5252 subrinde_00~

2178 5252 2325 5307 dices
2344 5254 2497 5307 nobis
2526 5250 2731 5309 inventi
2760 5252 2961 5307 fuerint
2988 5267 3111 5308 cum
3139 5251 3454 5305 memoratis
3473 5251 3622 5305 libris
3638 5250 3773 5306 Pro-

2178 5338 2340 5394 spero
2378 5326 2665 5393 inscriptis,
2709 5325 2911 5379 nullum
2956 5334 3133 5394 tamen
3185 5321 3773 5394 reperireilicuitrquo

2179 5393 2295 5449 haec
2334 5394 2522 5449 Sotelli
2552 5396 2734 5461 opinio
2772 5395 3037 5450 fulciatur.
3086 5393 3331 5461 Plerique
3365 5393 3511 5447 enim
3554 5393 3772 5449 codices

2178 5465 2267 5533 qui
2300 5466 2465 5520 libros
2488 5468 2549 5520 de
2591 5463 2861 5520 Vocatione
2884 5465 3182 5520 attribuunt
3211 5464 3499 5532 Prospero,
3528 5463 3626 5517 hac
3654 5465 3773 5534 epi-

2179 5536 2314 5590 stola
2344 5546 2551 5591 carent.
2579 5536 2658 5590 Ex
2697 5537 2867 5590 tribus
2906 5546 3083 5591 autem
3116 5535 3520 5603 exemplaribus
3556 5534 3776 5590 Vatica-

2180 5610 2261 5677 nis
2283 5607 2501 5677 signatis
2529 5624 2675 5662 num.
2697 5606 2825 5670 262,
2848 5607 2952 5662 268
2974 5616 3026 5661 ει
3047 5606 3175 5669 281,
3199 5605 3252 5660 in
3274 5604 3470 5677 quibus
3494 5614 3616 5677 post
3635 5605 3777 5663 duos

2180 5674 2350 5732 libros
2365 5678 2427 5731 de
2460 5677 2737 5732 Vocationc
2761 5680 2874 5731 hzcc
2900 5677 3125 5747 epistola
3158 5674 3509 5742 describitur,
3542 5676 3649 5731 duo
3675 5693 3780 5745 po-

2179 5756 2375 5804 strema
2396 5748 2502 5803 268
2523 5759 2578 5802 et
2599 5750 2697 5803 281
2736 5751 2899 5803 libros
2923 5746 2987 5803 de
3015 5746 3291 5803 Vocatiouc
3313 5747 3601 5803 Ambrosio
3624 5762 3775 5804 asse-

2179 5829 2329 5886 runt;
2361 5819 2642 5889 epistolam
2671 5829 2846 5875 autem
2872 5822 3075 5893 absque
3105 5818 3337 5875 auctoris
3361 5819 3579 5878 nomine
3602 5819 3795 5901 subji~_
