3984 6306
516 344 618 405 151

987 348 1231 409 pasce.
1275 350 1662 421 QUESNELLI
1704 356 2291 423 DISSERTATIONES
2328 363 2395 422 1N
2435 364 2495 424 s.
2537 330 2782 426 LEOle
2820 367 3038 428 MAGNI
3077 368 3329 431 OPERA.

3715 376 3776 436 5!

515 477 748 554 nonnon
775 463 975 554 possit;
998 482 1135 554 _cum
1185 468 1362 554 potius
1407 470 1566 542 755
1614 472 1887 544 utriusque
1913 475 2097 545 apolo-
2125 483 2179 541 Α
2204 478 2543 554 ordinatione
2592 482 2660 554 in,
2689 481 2864 537 locum
2895 482 3123 554 Projecti
3145 525 3160 549 ,
3191 483 3280 538 ubi
3310 482 3378 537 de
3398 478 3521 551 jure
3547 480 3769 552 ejusdem

514 534 653 601 giain
680 536 751 611 ita
774 535 873 590 sibi
906 536 1131 593 invicem
1155 534 1669 597 existimer—niis'esse
1692 534 2008 611 connexam,
2039 558 2098 604 ut

420 636 425 641 ι
512 619 621 686 non
651 607 811 686 aliter
835 622 993 686 quam
1012 620 1249 686 purgato
1275 613 1838 686 eaquainstituimus
1888 607 2095 675 ratione

512 675 738 757 Hilario,
789 675 984 757 Leonis
1011 675 1178 757 ipsius
1199 675 1588 757 existimationi
1621 688 1889 754 provideri
1937 705 2094 757 posse

510 745 856 831 arbitremur.
895 750 972 804 lla
1009 745 1151 806 enim
1184 753 1513 809 Arelatensis
1542 745 1776 831 episcopi
1798 745 2087 831 sanctitas,

510 819 970 891 humanarumque
1010 837 1189 897 rerum
1220 833 1560 897 contemptus
1576 819 1740 897 'apud'
1760 819 2092 888 clarissimos

508 904 752 971 quosque
777 900 1023 971 auctores
1045 893 1555 971 coelesiasticos,_ne
1584 893 1709 968 quid
1741 899 1809 955 de
1839 904 2094 970 peculiari

508 961 626 1027 ejus
651 961 773 1037 vitae
789 963 1050 1033 scriptore
1066 963 1327 1037 dicamus,
1345 961 1615 1021 celebrata
1634 974 1785 1037 sunt,’
1803 961 1859 1025 ui
1882 973 1984 1028 alia
2006 976 2092 1029 via

505 1033 754 1112 excusari
798 1046 904 1087 non
952 1035 1122 1112 possit
1170 1034 1300 1103 Leo,
1342 1038 1485 1112 quod
1515 1040 1585 1112 _in
1622 1033 1918 1112 hominem,
1954 1044 2089 1112 proh

504 1102 716 1186 qualem
762 1102 1109 1186 acutan’tum!
1146 1121 1225 1186 _ea
1274 1102 1571 1186 scripserit,
1607 1110 1802 1180 quibus
1829 1102 1977 1186 paria
2006 1115 2088 1186 (si

502 1170 698 1253 Bivaro
725 1172 1018 1255 credimus)
1044 1180 1243 1245 probra
1286 1170 1765 1255 iniacino'rosum‘
1794 1170 2089 1255 quemlibet

501 1245 605 1324 vix_
620 1245 814 1312 conjici
847 1245 1087 1324 possent,
1118 1262 1279 1324 quam
1324 1249 1369 1303 si
1416 1248 1611 1324 Leonis
1642 1245 1946 1309 credulitati
1994 1271 2088 1324 per

498 1313 671 1391 malas
697 1324 844 1369 artes
875 1316 1041 1394 fuisse
1083 1313 1362 1394 obreptum
1410 1318 1671 1375 fateamur
1718 1324 1807 1378 hic
1852 1313 2084 1394 primum

497 1387 1077 1464 inggnp_e,_etpbu_nde
1101 1397 1285 1456 postea
1311 1389 1761 1464 demonstremus.
1853 1387 1870 1394 ’
1947 1456 2007 1464 η
2066 1450 2079 1464 ,

570 1454 767 1521 Quidni
790 1456 933 1510 enim
966 1454 1198 1512 Leonem
1227 1467 1469 1514 nostrum
1504 1462 1690 1517 iisdem
1726 1464 1903 1521 ιτοτωδ
1931 1454 2080 1504 allati

498 1520 655 1580 nobis
685 1526 861 1589 liceat,
911 1527 1105 1595 quibus
1149 1528 1451 1595 Bgrnnrdus
1494 1533 1690 1595 papam
1741 1520 2082 1595 Eugenium?

503 1594 766 1649 Venerunt
792 1596 859 1645 ad
906 1589 952 1643 te
995 1599 1046 1642 tn
1092 1589 1397 1642 vestimentis
1427 1590 1613 1656 ovium,
1646 1590 1811 1644 immo
1840 1592 1890 1643 in
1920 1592 2083 1645 vesti-

495 1666 693 1718 mentis
728 1669 1016 1728 pastorum,
1040 1661 1094 1712 in
1122 1659 1299 1730 habitu
1333 1667 1509 1712 sancto
1533 1676 1550 1711 :
1573 1663 1764 1730 species
1791 1661 1988 1729 decepit
2008 1671 2075 1716 te.

500 1734 638 1800 Quid
660 1731 884 1786 mirum?
911 1730 979 1782 Et
1019 1739 1071 1782 tu
1117 1729 1269 1782 homo
1308 1745 1378 1783 es.
1410 1729 1721 1799 Neque'boc
1747 1732 1849 1785 sibi
1877 1732 1987 1787 Leo
2011 1732 2079 1787 de

496 1819 558 1904 δεῖ
576 1801 2075 1904 ⁵νῗθονὶῗδὲἓῗῖῗξὲἔξῗῗηνέῗὲίῖἷξῗίθξι’ς.ῗ¹υςίὲξέξίηὲθξέιυθ
2105 1845 2153 1904 Β

493 1870 821 1941 adeptusest
847 1870 1210 1940 pontiﬁcatum
1234 1871 1333 1923 sub
1356 1881 1517 1925 tantae
1540 1871 1814 1942 dignitatis
1839 1870 2076 1942 pondere

495 1945 773 2014 ingemuit,
806 1952 860 1997 et
892 1944 959 1997 de
1005 1941 1327 1997 ineluctabili
1359 1958 1502 2014 pene
1542 1941 1616 1996 in’
1638 1943 1819 1997 multis
1859 1945 2075 1999 errandi

491 2012 817 2070 necessitate
862 2022 917 2068 et
960 2028 1142 2084 secum
1186 2022 1239 2065 et
1285 2012 1423 2083 apud
1456 2012 1663 2082 plebem
1692 2030 1842 2068 suam
1871 2015 2074 2084 pluries

491 2096 817 2155 conquestus
841 2093 942 2138 est.
976 2083 1104 2149 Qua:
1129 2084 1374 2151 conditio,
1400 2084 1593 2152 inquit.
1622 2086 1665 2138 si
1704 2083 1880 2139 omnes
1905 2102 2075 2141 sacer—

491 2157 629 2229 dotes
659 2155 961 2229 generaliter
978 2165 1128 2229 tenet,
1156 2164 1349 2224 quanto
1592 2172 1683 2209 nos
1725 2165 1986 2229 ctionerat
2023 2167 2073 2212 et

489 2226 778 2297 obstringit,
824 2226 1003 2297 quibus
1030 2226 1144 2297 ipsa
1169 2226 1389 2292 suscepti
1428 2227 1597 2289 operis
1627 2228 1927 2297 magnitudo
1965 2244 2075 2282 crc-

489 2296 708 2352 berrima
747 2296 1157 2365 est’o/fensionis
1201 2298 1397 2350 occasio
1437 2297 1629 2365 (Serm.
1687 2296 1723 2351 4
1770 2300 1824 2351 in
1861 2298 2074 2353 Assum-

487 2371 661 2435 ptione
684 2384 778 2423 sua
811 2413 825 2437 ,
858 2364 975 2437 cap.
1000 2365 1092 2437 2)?
1121 2364 1305 2421 Timor
1334 2364 1494 2437 quem
1526 2368 1748 2423 timebat
1790 2371 1971 2423 evenit
1997 2371 2069 2433 ei,

487 2448 543 2495 et
567 2440 708 2510 quod
741 2441 1038 2510 verebatur
1055 2437 1268 2510 accidit.
1298 2437 1376 2493 Ita
1399 2440 1540 2493 enim
1570 2439 1622 2510 in
1652 2438 1752 2494 hac
1780 2454 1903 2494 cum
1926 2440 2073 2494 Hila-

486 2513 569 2565 rio
590 2508 984 2581 disceptatione
1019 2508 1164 2563 falsis
1193 2510 1500 2581 rumoribus
1524 2509 1839 2580 technisque
1879 2511 2071 2566 adver-

486 2580 897 2648 sariorum'ejus
926 2580 1307 2635 circumveniri
1353 2595 1411 2635 se
1462 2595 1653 2650 passus
1696 2592 1804 2648 est,
1860 2590 1918 2635 ut
1946 2596 2069 2636 cum

484 2651 984 2708 innocentissimum
1020 2652 1215 2716 virum,
1263 2652 1428 2705 immo
1469 2652 1820 2721 apostolicum
1851 2655 2069 2707 omnino

486 2723 823 2779 sacerdotem
854 2724 1167 2792 exagitaret,
1202 2723 1438 2777 omnium
1467 2722 1826 2777 Ecclesiarum
1858 2732 2069 2792 pertur-

484 2795 749 2862 batorem,
766 2795 927 2849 totius
951 2792 1247 2860 disciplinae
1264 2794 1651 2855 adversarium,
1667 2795 1906 2849 omnium
1934 2809 2070 2863 pene

484 2867 748 2921 scelerum
775 2881 924 2921 reum
968 2879 1027 2919 se
1057 2865 1110 2918 in
1144 2864 1342 2918 Hilario
1375 2864 1686 2934 impugnare
1715 2864 2065 2920 exiStimaret.

482 2934 668 3008 Neque
693 2951 822 2993 vero
850 2937 964 2991 haec
1003 2944 1110 3008 tam
1147 2950 1264 3008 mea
1294 2944 1436 3008 sunt,
1469 2950 1628 3008 quam
1656 2935 2067 3008 eminentissimi

482 3006 695 3063 Baronii
725 3008 889 3063 verba
915 3008 982 3062 de
1012 3006 1197 3061 Hilarii
1227 3014 1280 3060 et
1310 3006 1550 3060 Mamerti
1588 3021 1745 3061 causa
1778 3021 1883 3060 non
1924 3007 2067 3061 absi-

480 3079 595 3134 mili
645 3080 716 3134 ita
763 3079 1071 3147 loquentis:
1107 3075 1230 3130 Non
1278 3079 1499 3143 mireris,
1547 3075 1726 3142 lector,
1773 3077 2066 3131 Romanum

481 3151 770 3222 pontiﬁcem
795 3152 1046 3222 adversus
1068 3147 1375 3201 Mamertum
1406 3148 1530 3201 adeo
1554 3147 1864 3222 uehementer
1885 3150 2064 3222 insur-

2202 551 2534 624 Arelatensis
2578 553 2813 624 episcopi
2861 555 2913 608 in
2962 551 3267 624 provincias
3312 551 3687 611 Narbonenses
3728 568 3774 616 et

2199 622 2332 675 alias
2377 638 2507 691 quas
2558 624 2661 678 sibi
2691 622 2993 699 vindicabat
3040 626 3292 699 Hilarius.
3339 626 3521 699 Tertia
3559 626 3771 699 denique

2198 702 2350 770 parte
2396 703 2592 770 caetera
2633 695 3037 770 accusationum
3072 698 3244 770 capita
3292 711 3412 768 qua:
3445 696 3647 770 Leonis
3672 695 3769 770 epi-

2197 763 2334 818 stola
2361 765 2759 839 complectitur,
2785 767 3035 836 sepositis
3063 763 3770 839 omnibus'przejudiciis,'atl

2198 848 2428 890 examen
2457 837 2856 893 revocabimus.

2760 928 2936 985 PARS
2985 929 3229 985 PRIMA.

2689 1037 2755 1077 DE
2794 1036 2963 1078 CAUSA
2999 1038 3281 1079 CELIDONII.

2267 1111 2491 1189 CAP.__i._
2518 1113 2697 1189 Totius
2724 1118 3077 1189 controversiis
3104 1118 3249 1189 origo
3272 1124 3321 1170 et
3348 1123 3552 1189 ιιαιιξιξ,ζ
3604 1108 3755 1189 ξξῇξΨΞ

2192 1180 2383 1238 beatus
2412 1184 2642 1239 Hilarius
2682 1201 2713 1241 e
2761 1186 3028 1241 Lirinensi
3073 1175 3560 1245 mon'astr'w’.°“.'.
3603 1175 3756 1245 ⁸⁸⁸³έὲ

2191 1234 2662 1322 oliui—{ridiclei}.
2686 1234 3028 1322 ’θεῖ’ὲὲὰὲὦῖ
3044 1234 3399 1322 θὲῖῑίέιῗέηεῖτη
3417 1234 3492 1322 in.
3518 1234 3756 1322 ",9"???

2190 1305 2662 1381 ἀέῆίοῆζιῖιδῇἶιίῖ
2690 1305 3104 1381 ρζτῖιᾰίΓὲξ-ε-ει-
3118 1307 3258 1381 circa
3305 1305 3755 1381 quadriiigetitesi-

2190 1374 2699 1443 ,ζτᾯξῖῖέεὲἑιὶὴῖῐῖη
2743 1390 2939 1429 nonum
2981 1374 3177 1428 Christi
3209 1390 3430 1440 annum,
3484 1374 3622 1429 nihil
3650 1389 3756 1428 sau-

2186 1445 2323 1501 ctius
2350 1445 2534 1500 habuit
2563 1460 2719 1514 quam
2750 1457 2805 1499 ut
2833 1460 3046 1515 gregem
3073 1444 3272 1500 Christi
3298 1446 3396 1500 sibi
3420 1446 3751 1500 conunissum

2186 1516 2350 1569 verbo
2398 1526 2663 1584 pasceret,
2710 1531 2773 1570 ac
2826 1516 3190 1571 sollicitudine
3244 1525 3453 1585 regeret
3498 1516 3752 1585 pastorali.

2185 1586 2646 1653 Quemadmodum
2675 1595 2852 1640 autem
2882 1586 2998 1655 ejus
3027 1602 3176 1650 cura,
3199 1596 3464 1654 quatenus
3483 1588 3752 1656 episcOpus

2184 1666 2320 1726 erat,
2355 1659 2628 1725 spectabat
2650 1657 2818 1711 solam
2849 1656 3219 1712 Arelatensem
3255 1657 3574 1722 Ecclesium,
3600 1657 3670 1710 ita
3695 1656 3749 1710 ad

2183 1742 2373 1782 omnes
2390 1743 2508 1782 sese
2532 1728 2816 1796 provincia:
2837 1727 3156 1782 Viennensis
3173 1727 3445 1783 Ecclesias
3466 1730 3755 1794 episcopos-

2182 1814 2287 1868 que
2342 1798 2666 1853 extendebat
2712 1799 2920 1853 ratione
2977 1799 3354 1868 metropolitici
3401 1798 3573 1864 juris,
3630 1797 3753 1868 quod

2182 1884 2346 1938 penes
2381 1886 2440 1924 se
2480 1870 2678 1923 dudum
2707 1868 2935 1923 habebat
2959 1868 3291 1923 Arelatensis
3318 1869 3564 1923 antistes.
3598 1870 3651 1923 in
3683 1869 3754 1922 his

2178 1952 2357 1994 autem
2390 1942 2745 2010 pastoralibus
2768 1940 3080 1995 excursibus
3109 1939 3387 2007 eripiendis
3417 1942 3616 1994 comite
3659 1940 3755 2008 ple-

2177 2009 2403 2080 rumque
2458 2012 2705 2066 utebatur
2756 2024 2949 2080 magno
2995 2010 3087 2065 illo
3114 2011 3384 2066 Germano
3428 2009 3752 2065 Autissiodu-

2175 2084 2322 2136 rensi
2348 2081 2621 2150 episcOpo,
2644 2096 2801 2151 quem
2829 2090 2883 2136 et
2908 2083 3205 2137 sanctitatis
3227 2080 3366 2135 fama
3391 2089 3446 2136 et
3469 2082 3745 2151 apostolica

2216 2151 2456 2206 rudentia
2488 2154 2683 2207 eximie
2711 2152 3179 2207 commendabant.
3232 2154 3364 2206 Eum
3399 2168 3529 2207 vero
3559 2168 3663 2206 non
3688 2152 3751 2207 ob

2216 2237 2315 2276 anc
2340 2224 2510 2277 solum
2541 2224 2805 2278 rationem
2832 2224 3150 2278 crediderim
3181 2223 3249 2277 ab
3281 2224 3485 2278 Hilario
3523 2224 3574 2277 in
3608 2223 3750 2291 hujus

2175 2295 2549 2349 sollicitudinis
2578 2295 3015 2349 communionem
3039 2308 3158 2350 esse
3180 2304 3459 2359 vocatum;
3491 2295 3585 2349 sed
3608 2296 3752 2349 etiam

2174 2366 2294 2434 quia
2346 2366 2523 2434 plures
2570 2375 2696 2421 tunc
2744 2367 3002 2434 temporis
3054 2378 3210 2420 erant
3256 2366 3547 2435 provinciae
3593 2364 3742 2420 Vien-

2175 2435 2358 2490 nensis
2401 2436 2664 2503 civitates,
2710 2451 2829 2505 qua:
2868 2452 2976 2490 non
3021 2436 3274 2491 Romanae
3302 2438 3524 2492 ditionis
3557 2444 3747 2498 essent,

2173 2506 2267 2580 sed
2298 2506 2651 2580 (a)parerent
2680 2507 3166 2580 Burgundionibus.
3193 2508 3395 2574 Quibus
3421 2508 3581 2580 757
3614 2505 3751 2560 vide-

2173 2576 2317 2632 licet
2344 2576 2413 2631 ab
2465 2578 2621 2633 Aetio
2663 2576 2893 2633 devietis
2940 2578 3205 2633 Sabaudia
3237 2576 3607 2639 relicta'e'rat.
3637 2590 3746 2631 cum

2176 2647 2447 2718 indigenis
2479 2652 2549 2703 ita
2583 2663 2743 2719 porro
2777 2649 3092 2715 dividenda,
3143 2658 3200 2703 ut
3249 2648 3446 2704 ﬁnibus
3494 2648 3684 2719 deinde
3708 2646 3750 2707 vi

2172 2734 2446 2773 armorum
2496 2736 2593 2790 per
2636 2719 2807 2773 vicina
2854 2720 3196 2789 prepagatis,
3230 2720 3281 2773 in
3314 2721 3493 2775 Prima
3540 2718 3747 2789 Lugdu-

2171 2790 2350 2855 nensi,
2377 2790 2602 2845 Maxima
2632 2791 3003 2859 Sequanorum
3024 2830 3040 2856 ,
3078 2790 3368 2845 Viennensi
3408 2800 3464 2845 et
3493 2790 3612 2844 aliis
3642 2804 3751 2859 pro-

2171 2860 2359 2915 vinciis
2388 2863 2570 2917 sedem
2604 2861 2842 2917 ﬁxeriut.
2876 2861 3231 2930 Potuitigitur
3258 2861 3492 2916 Hilarius
3511 2859 3749 2917 Germani

2168 2945 2327 3000 opem
2373 2948 2491 2987 eam
2522 2933 2592 2987 ob
2635 2948 2745 2986 rem
2778 2948 3022 3002 poscere,
3054 2941 3111 2986 ut
3147 2934 3283 3001 apud
3323 2934 3513 2988 alienae
3538 2932 3746 2985 ditionis

2167 3005 2414 3073 populos,
2443 3003 2636 3073 quibus
2664 3004 3069 3071 acceptissimus
3091 3013 3206 3058 erat
3227 3019 3416 3059 eorum
3438 3002 3745 3058 contribulis

2167 3072 2489 3145 Germanus,
2524 3076 2643 3143 plus
2668 3076 2869 3145 valeret
2898 3074 3216 3145 episcopalis
3245 3074 3555 3145 auctoritas,
3573 3083 3749 3145 etpr-

2166 3144 2393 3199 dinatio.
2422 3142 2689 3227 Quidquid
2717 3148 2785 3226 sit
2813 3142 3008 3227 de‘liae
3039 3142 3273 3227 ratione,
3304 3154 3489 3227 narrat
3510 3142 3592 3227 .(b)
3643 3143 3748 3227 Ho-

480 3213 834 3290 qere,'virum,
858 3226 916 3273 ut
937 3220 1261 3291 declararunt
1281 3228 1475 3280 eventa.
1500 3219 1767 3291 sanctitate
1792 3220 2067 3291 insignem.
2097 3225 2145 3290 α
2177 3228 2396 3291 nora_tus
2428 3216 2777 3291 Massiliensis
2799 3218 3095 3291 episcopus
3130 3216 3182 3271 in
3218 3216 3334 3291 Vita
3359 3213 3544 3271 Hilarii
3566 3213 3748 3291 nostri,

477 3289 549 3345 In
572 3293 649 3344 his
670 3292 803 3345 enim
816 3306 930 3359 qua:
950 3290 1246 3344 contentiosi
1268 3290 1367 3358 fori
1382 3299 1520 3353 sunt,
1545 3289 1787 3357 perfacile
1808 3299 1877 3342 est
1897 3289 2069 3356 quem-

481 3379 633 3430 quam
659 3362 843 3431 decipi.
866 3360 1143 3431 rlﬁ’ersimile
1172 3360 1325 3431 etiam
1352 3368 1527 3431 sancto
1566 3359 1723 3412 Leoni
1749 3361 1955 3425 accidit,
1981 3363 2069 3430 qui

481 3436 534 3485 in
579 3430 807 3485 sanctum
853 3430 1110 3483 Hilarium
1153 3430 1330 3483 cadent
1360 3430 1518 3497 ferme
1557 3445 1620 3482 ex
1646 3446 1804 3482 causa
1826 3434 2069 3486 acerrime

477 3505 702 3557 invectus
732 3510 824 3555 est.
860 3502 984 3565 Quis
1007 3500 1199 3571 nesciat
1225 3515 1357 3570 stepe
1382 3499 1613 3553 accidere
1652 3509 1705 3551 ut
1733 3501 1878 3571 falsis
1909 3517 2066 3553 accu-

477 3572 762 3626 sationibus
793 3581 840 3625 et
870 3570 1275 3641 subreptionibus
1305 3587 1453 3624 aures
1493 3570 1791 3639 pontificum
1834 3573 2067 3641 replean-

480 3654 592 3709 tur;
622 3652 667 3697 et
698 3659 811 3696 cum
840 3651 1031 3714 putant
1051 3656 1198 3713 agere
1218 3641 1353 3714 quod
1369 3645 1571 3714 justum
1590 3650 1861 3714 appareat,
1890 3645 2067 3714 exagi-

479 3724 581 3768 tent
610 3714 925 3769 innocentem
969 3710 1191 3783 (Baron.
1234 3710 1300 3765 ad
1328 3710 1416 3766 an.
1468 3711 1525 3766 (ἰ.
1575 3710 1700 3776 464,
1733 3729 1786 3765 n.
1820 3712 1915 3783 8)?
1939 3710 2066 3771 Hinc

478 3784 663 3838 Binius
685 3799 715 3838 a
740 3784 968 3839 Baronio
999 3798 1095 3853 pro
1138 3796 1238 3837 suo
1282 3798 1432 3837 more
1461 3791 1732 3837 mutuatus
1762 3783 1828 3837 ad
1859 3785 2062 3840 calcem

478 3854 778 3910 undecimae
807 3854 988 3909 Hilarii
1018 3855 1260 3924 epistolae
1287 3854 1582 3920 transtulit,
1623 3855 1811 3924 hisque
1840 3856 2061 3923 insuper

476 3925 690 3996 Baronii
734 3925 1044 3994 suii'ragium
1085 3924 1420 3980 cumulavit:
1474 3924 1624 3991 Quod
1654 3924 1828 3996 7756
1871 3927 2060 3980 accidit

477 3997 540 4050 S.
572 3995 729 4051 Leoni
762 3997 989 4068 pontiﬁci
1018 3997 1336 4051 sanctissimo
1363 3996 1416 4049 in
1444 4012 1600 4049 causa
1641 3995 1837 4049 Hilarii
1870 3998 2057 4052 Arela-

472 4068 647 4134 tensis,
678 4068 765 4140 qui
786 4068 1004 4137 epistola
1026 4069 1103 4140 8Q
1112 4069 1357 4140 acerrime
1381 4068 1700 4140 innocentem
1724 4069 2055 4140 perstrinxit,

472 4140 609 4192 idem
635 4137 699 4193 eai
730 4140 1021 4209 obreptione
1047 4137 1236 4193 Hilaro
1263 4138 1493 4209 pontiﬁci
1532 4138 1585 4190 in
1615 4153 1772 4192 causa
1816 4137 2057 4194 Mamerti

471 4211 715 4282 accidisse
736 4212 921 4282 potuit.
1103 4281 1114 4282 ί
1139 4281 1143 4282 ί
1253 4279 1264 4282 _
1721 4279 1732 4282 _
1762 4280 1768 4282 Α
2072 4243 2103 4269 ο

540 4279 894 4353 Ιηηοοεήιθιη
918 4282 1078 4353 igitur
1101 4279 1358 4353 Hilarium
1391 4282 1699 4351 pronuntiat
1720 4279 1807 4353 hic
1831 4297 2055 4353 magnus

470 4352 769 4417 Annalium
792 4351 1049 4420 scriptor;
1081 4360 1141 4407 ut
1183 4351 1377 4407 merito
1417 4352 1715 4407 censendus
1761 4352 1830 4407 sit
1858 4351 2056 4408 ea'vo-

472 4420 634 4494 luisse
671 4431 963 4494 retractare
1001 4438 1122 4494 qua:
1150 4424 1216 4478 ad
1242 4439 1441 4478 annum
1476 4424 1581 4478 445
1623 4425 1838 4479 dixerat
1870 4424 2056 4479 duriu-

474 4492 641 4546 sculis
670 4493 875 4563 verbis,
906 4492 1199 4549 nee‘rebus
1240 4495 1371 4549 satis
1414 4494 1662 4563 expensis
1704 4497 1770 4548 de
1803 4503 1912 4549 tota
1954 4497 2053 4550 hac

468 4576 633 4635 causa
654 4561 947 4635 disserens.
974 4564 1369 4619 Posterioribus
1394 4561 1641 4635 cogitatis
1660 4565 1825 4619 veluti
1846 4565 2052 4635 sapien-

2175 3287 2317 3355 quod
2348 3302 2469 3342 cum
2511 3287 2743 3342 Hilarius
2788 3286 3193 3358 Germanusque
3224 3288 3513 3343 lustrantes
3541 3286 3749 3358 provin-

2172 3359 2310 3412 ciam
2356 3358 2421 3412 ad
2442 3428 2451 3429 ί
2471 3359 2710 3429 aliquam,
2754 3359 3025 3414 civitatem
3055 3357 3448 3429 pervenissent,
3477 3372 3579 3413 non
3606 3357 3751 3429 prius

2172 3443 2358 3501 eorum
2391 3428 2651 3501 adventus
2700 3428 2962 3501 innotuit,
3016 3428 3175 3501 quam
3227 3431 3470 3486 certatim
3520 3428 3748 3495 undique

2171 3500 2469 3554 convolarit
2492 3501 2765 3555 hominum
2790 3500 3097 3567 multitudo,
3117 3516 3224 3555 non
3248 3517 3314 3557 ex
3346 3501 3514 3557 intima
3539 3506 3745 3552 tantum

2171 3570 2482 3637 plebecula,
2536 3571 2631 3626 sed
2683 3586 2753 3627 ex
2809 3571 3161 3627 nobilioribus
3215 3569 3748 3637 honoratioribusque

2169 3640 2325 3712 longe
2356 3642 2593 3709 plurimi,
2624 3657 2852 3712 quorum
2885 3658 2990 3712 una
3018 3657 3142 3707 vox.
3190 3658 3293 3698 una
3340 3642 3457 3697 haec
3494 3639 3752 3695 adversus

2169 3711 2500 3767 Celidonium
2533 3711 2802 3768 accusatio
2831 3729 2845 3766 :
2889 3711 3065 3783 ipsum
3095 3713 3343 3769 videlicet
3390 3714 3751 3783 internuptatu

2167 3796 2265 3838 suo
2294 3785 2559 3853 quondam
2592 3782 3233 3852 adhibuisse’consortio,
3284 3785 3429 3854 quod
3458 3782 3749 3838 canonibus

2166 3856 2387 3909 omnino
2422 3855 2750 3910 contrarium
2780 3864 2931 3921 erat;
2963 3854 3319 3923 eumdemque
3346 3854 3592 3910 saeculari
3616 3866 3752 3922 pra:-

2166 3924 2369 3983 l'ectura
2400 3926 2760 3995 perfunctum,
2791 3936 3073 3996 antequam
3105 3928 3275 3981 sacris
3303 3925 3751 3996 initiaretur,iali-

2162 4012 2297 4065 quos
2327 4008 2568 4051 extremo
2598 3996 2883 4052 damnasse
2925 3995 3206 4067 Supplicio.
3252 3998 3343 4051 llis
3386 3997 3579 4051 auditis
3608 3995 3745 4049 Ger-

2162 4082 2351 4123 manus
2376 4078 2430 4123 et
2456 4067 2707 4131 Hilarius,
2758 4068 2857 4139 viri
2901 4067 3195 4139 disciplinte
3235 4067 3635 4139 ecclesiasticas
3664 4074 3745 4139 te-

2162 4154 2351 4207 naces,
2385 4148 2710 4209 congregant
2751 4137 2895 4193 illico
2934 4136 3198 4209 synodum
3241 4153 3307 4194 ex
3352 4136 3743 4209 probatissimis

2160 4210 2455 4279 episcopis,
2487 4206 2703 4280 causam
2745 4206 3051 4280 instruunt,
3082 4206 3491 4280 convictumque
3526 4206 3745 4280 Celido-

2160 4282 2307 4335 nium
2337 4278 2367 4336 e
2396 4281 2523 4337 sede
2546 4295 2639 4335 sua
2664 4278 3024 4352 dejicieudum
3048 4278 3417 4352 pronuntiant.
3448 4279 3552 4352 S_ed
3578 4278 3749 4352 satius

2158 4362 2241 4405 est
2268 4360 2322 4407 et
2349 4367 2467 4422 quae
2505 4351 2615 4422 jam
2645 4349 2897 4419 diximus,
2930 4361 2983 4406 et
3008 4349 3129 4422 quae
3155 4352 3418 4408 Celidonii
3454 4350 3750 4419 depositio-

2157 4437 2279 4547 nctin
2319 4434 2499 4478 secuta
2529 4432 2672 4491 sunt,
2703 4424 2815 4479 suis
2847 4422 3026 4478 verbis
3066 4424 3397 4478 Honoratum
3431 4432 3746 4477 narrantem

2157 4507 2222 4547 au
2264 4508 2362 4547 ire.

2156 4507 2362 4549 allGer.

2229 4562 2295 4618 In
2325 4565 2620 4620 excursibus
2668 4574 2857 4631 autem,
2907 4565 3102 4636 inquit,
3142 4566 3254 4635 quis
3296 4572 3351 4617 ut
3402 4564 3623 4635 dignum
3668 4569 3741 4636 est
3788 4594 3799 4599 ε

469 4613 2049 4722 ι’ῑοιρίῇυξῖἶιῇεὲῐέἒιιῖιξζᾗίίῖιξεξξὲυίἰιᾛιῖἶίέιξξὲιῆἐιῖἆείῐέξζ
2075 4613 2132 4675 D
2154 4613 2857 4722 εφρὶξεᾷῐὲιίῇἇῆλιυῇξὶῖᾶξ
2874 4613 3482 4722 ρῖιὲὶὲἓιὶέαᾜξοίέὲιαῖὶῖ
3492 4613 3749 4716 usus

467 4716 590 4757 mus
612 4701 732 4765 hac,
762 4718 922 4773 quam
951 4701 1211 4770 ordimur,
1244 4701 1637 4761 diSsertatione.
1662 4707 1792 4773 Quae
1822 4715 1880 4759 ut
1902 4705 2048 4760 ordi-

467 4773 643 4846 natior
656 4773 958 4845 clariorque
983 4774 1254 4844 procedat,
1271 4776 1324 4830 in
1357 4785 1464 4831 tres
1478 4788 1655 4845 partes
1679 4776 2044 4846 dispertietur,

462 4844 657 4913 quibus
678 4844 933 4916 quidquid
962 4846 1219 4901 adversus
1240 4844 1498 4901 Hilarium
1526 4862 1556 4900 a
1576 4844 2047 4916 Leone’objectum

464 4925 549 4988 est
574 4917 626 4970 in
658 4918 881 4986 epistola
910 4918 999 4971 illa
1032 4918 1228 4974 celebri
1275 4918 1643 4975 discutiemus.
1680 4918 1853 4972 Prima
1886 4918 2047 4988 igitur

460 4987 679 5061 erit_de
728 4988 987 5061 Gelidonii
1028 4990 1281 5061 ‘negotio,
1339 4990 1478 5061 quod
1527 4989 1665 5043 hanc
1713 4987 2043 5045 camarinam

460 5057 650 5139 movit,
674 5060 764 5113 ubi
786 5060 851 5116 de
871 5060 993 5139 jure
1009 5052 1599 5139 Arelateiisis'episcOpi
1627 5062 1681 5139 in
1716 5062 2044 5139 provinciam

463 5128 820 5187 Viennensem
851 5128 1166 5188 disseretur.
1198 5128 1442 5188 Secunda
1470 5131 1539 5187 de
1567 5132 1813 5202 episcopi
1850 5148 2043 5202 super-

2155 4704 2228 4759 rit
2248 4706 2535 4760 civitatibus
2579 4704 2883 4773 Gallicanis,
2927 4704 3515 4762 sanctum‘Germanum
3553 4707 3748 4777 saepius

2149 4779 2451 4847 expetendo,
2485 4794 2599 4830 cum
2625 4795 2726 4849 quo
2752 4780 3077 4833 sacerdotum
3102 4779 3556 4849 ministrorumque
3586 4779 3749 4831 vitam

2151 4865 2348 4903 necnon
2405 4848 2663 4919 profectus
2717 4866 3048 4920 excessusque
3102 4848 3397 4902 tractabat?
3468 4848 3570 4920 Ubi
3635 4849 3750 4918 ejus

2150 4921 2397 4974 adventus
2431 4921 2671 4987 innotuit,
2715 4919 2981 4990 flammata
3007 4920 3074 4975 ad
3100 4929 3370 4989 utrumque
3412 4919 3669 4990 nobilium
3702 4923 3748 4968 et

2149 4992 2459 5045 mediocrum
2485 4992 2659 5045 studia
2685 4992 3041 5055 convolarunt,
3087 5001 3370 5045 astruentes
3413 4989 3751 5043 Celidonium

2150 5064 2497 5133 internuptam
2526 5079 2618 5117 suo
2647 5063 2941 5116 adhibuisse
2967 5064 3247 5133 consortio,
3270 5060 3409 5131 quod
3440 5061 3751 5133 apostolicis

2146 5133 2281 5188 sedis
2308 5128 2586 5188 auctoritas
2625 5143 2673 5188 et
2706 5150 2959 5190 canonum
2988 5132 3258 5203 prohibent
3283 5128 3495 5186 statuta
3522 5147 3545 5185 :
3587 5128 3751 5187 simul

1515 5266 2080 5325 BALLERINIORUM
2118 5266 2663 5326 ANNOTATIONES.

529 5410 610 5484 (a)
646 5411 751 5468 Per
787 5409 891 5467 hoc
937 5418 1168 5480 tempus,
1217 5424 1323 5481 quo
1370 5408 1583 5484 vivebat
1609 5408 1868 5484 Hilarius,
1911 5407 2026 5484 sola

455 5479 741 5537 Sabaudite
762 5498 885 5552 pars
905 5483 973 5537 ab
995 5479 1150 5538 Aetio
1166 5479 1421 5537 concessa
1439 5479 2028 5552 fuit‘Burgundionibus

454 5555 546 5622 qui
576 5548 846 5609 Romanos
889 5552 1062 5609 adhuc
1091 5553 1166 5607 uti
1193 5553 1438 5608 dominos
1478 5548 1783 5606 coluerunt.
1814 5548 2033 5622 Aliquot

456 5617 591 5678 vero
629 5624 945 5681 Viennensis
972 5626 1256 5694 provinciae
1286 5623 1531 5678 civitates
1556 5622 1732 5694 solum
1767 5629 1886 5694 post
1928 5617 2033 5694 Ya-

453 5694 735 5749 lentiniani
757 5689 1005 5763 mortem,
1037 5704 1092 5749 et
1120 5694 1476 5749 Occidentalis
1505 5691 1714 5760 imperii
1742 5689 2032 5763 ruinamin

458 5772 771 5831 potestatem
799 5761 1273 5820 eorumvencrunt
1305 5784 1316 5818 :
1348 5766 1559 5817 vivente
1596 5771 1774 5818 autem
1808 5761 2028 5826 Hilario,

452 5843 749 5911 potuerunt
770 5836 1022 5891 Romanis
1052 5852 1151 5888 una
1189 5853 1307 5889 cum
1333 5836 1553 5889 .‘laximi
1586 5838 1955 5904 Sequanorum
1984 5839 2038 5886 et

2138 5406 2251 5477 ipsa
2305 5407 2437 5463 urbe
2494 5406 2887 5474 Autissiodoro,
2943 5407 3021 5463 uti
3070 5422 3137 5463 ex
3186 5406 3355 5477 ipsius
3390 5406 3448 5463 S.
3478 5404 3755 5464 Germani

2138 5475 2473 5549 Vita._liquet.
2505 5479 2637 5549 Vide
2665 5478 2908 5549 Pagium,
2940 5480 3007 5533 ad
3043 5494 3131 5534 an.
3165 5475 3305 5543 “5,
3338 5494 3395 5533 n.
3428 5477 3515 5532 12.

2238 5546 2291 5671 b3
2329 5549 2463 5602 Num
2514 5548 2600 5603 hic
2648 5546 2955 5603 Honoratus
2999 5549 3069 5603 sit
3121 5557 3301 5604 certus
3348 5558 3541 5603 auctor
3608 5548 3756 5605 Vita

2238 5619 2252 5671 l
2283 5617 2439 5671 ilarii.
2482 5632 2549 5671 ex
2578 5617 2942 5671 admonitione
2971 5619 3149 5671 eidem
3188 5619 3463 5671 praemissa
3501 5620 3753 5671 colline-

2141 5617 2199 5675 S.
2238 5617 2439 5692 Hilarii,
2482 5632 2549 5673 ex
2578 5617 2942 5692 admonitione
2971 5619 3149 5692 eidem
3188 5619 3463 5692 praemissa
3501 5620 3753 5692 collige-

2142 5699 2248 5745 tur.
2290 5689 2655 5745 Narratiouem
2709 5689 2794 5745 hic
2834 5690 3157 5757 Quesnellus
3194 5705 3292 5745 suo
3325 5690 3562 5746 arbitrio
3614 5689 3755 5747 con-

2144 5760 2311 5835 texuit
2334 5776 2401 5835 ex
2423 5771 2640 5835 auctore
2666 5763 2961 5835 praesertim
2993 5762 3129 5817 Vitae
3160 5764 3215 5817 S.
3248 5760 3459 5827 Hilarii,
3484 5762 3587 5835 cui
3618 5763 3755 5835 quid

2148 5832 2486 5888 tribuendum
2514 5833 2601 5898 sit,
2632 5832 2754 5889 vide
2784 5834 2835 5887 in
2867 5833 3135 5889 observat.
3170 5840 3305 5903 part.
3338 5848 3376 5902 ι,
3412 5847 3464 5887 c.
3503 5834 3563 5901 1,
3602 5832 3660 5889 η’.
3697 5836 3756 5890 3.
