3984 6306
306 270 411 329 433

276 389 603 455 ingerentes,
642 390 814 445 seculi
859 391 1297 445 administratione

306 459 395 511 tali
421 460 617 541 aliquos
648 462 1007 541 condemnasse
1044 463 1309 541 sententia.
1340 459 1522 541 Tanta:
1543 462 1623 541 rei
1653 460 1872 541 novitate

303 532 535 605 permoti,
567 540 711 605 testes
723 533 982 605 imperant
1007 534 1308 605 preparari.
1335 532 1645 605 Conveniunt
1669 548 1730 585 ex
1757 532 1873 584 aliis

303 598 429 673 locis
468 598 815 670 probatissimi
852 598 1135 658 sacerdotes
1167 620 1186 659 :
1213 620 1296 659 res
1334 604 1469 658 omni
1505 604 1706 656 ratione
1744 618 1871 673 pru-

303 670 570 739 dentiaque
594 672 884 735 discutitur,
911 676 1166 728 accusatio
1188 675 1485 729 testimoniis
1515 670 1867 740 confirmatur.

304 742 579 795 Adhibetur
597 760 712 816 vera
739 743 1051 815 simplexque
1070 745 1297 813 deﬁnitio
1328 762 1347 799 :
1370 756 1443 810 ut,
1466 762 1614 816 quem
1636 743 1872 814 Scriptu-

302 828 480 886 rarum
503 815 691 886 regula
720 817 1054 886 removebant,
1088 816 1349 869 voluntate
1374 815 1581 886 propria
1616 831 1668 869 se
1709 831 1872 886 remo-

302 897 413 934 trere
448 884 666 937 deberet.
711 882 811 938 Ille
842 884 1030 941 Urbem
1063 887 1275 939 credidit
1314 882 1671 954 expetendam,
1706 884 1874 954 ibique

299 968 351 1005 se
380 953 569 1024 injusto
597 954 767 1023 rigore
790 958 975 1010 astruit
1004 953 1411 1010 condemnatum.
1448 957 1595 1024 Quod
1627 956 1711 1008 ubi
1737 972 1875 1008 com-

306 1024 435 1088 perit
466 1024 549 1097 viri
572 1025 764 1089 beatus,
799 1027 1011 1097 pedibus
1055 1028 1148 1082 iter
1176 1026 1475 1097 aggrediens
1513 1026 1733 1097 Romam
1767 1028 1874 1079 sine

304 1107 464 1161 equo,
507 1095 619 1148 sine
668 1095 925 1166 sagmaria
976 1098 1186 1165 festinus
1212 1095 1459 1166 intravit.
1513 1096 1877 1166 Apostolorum

302 1175 682 1233 martyrumque
712 1164 923 1220 occursu
950 1164 1171 1236 peracto,
1202 1167 1345 1221 beato
1374 1165 1526 1219 Leoni
1563 1180 1713 1236 papw
1739 1164 1876 1218 illico

304 1249 357 1285 se
380 1245 674 1307 prtesentat,
702 1252 817 1289 cum
847 1240 1120 1291 reverentia
1161 1239 1453 1307 impendens
1483 1235 1795 1304 obsequium,
1830 1244 1878 1289 et

306 1320 419 1375 gum
446 1305 732 1359 humilitate
759 1308 1036 1375 deposcens
1069 1317 1123 1359 ut
1157 1305 1499 1360 Ecclesiarum
1519 1315 1703 1359 statum
1741 1322 1877 1360 more

305 1373 469 1446 758
496 1376 646 1428 solito
675 1373 970 1443 ordinaret;
999 1386 1229 1431 astruens
1260 1378 1454 1445 aliquos
1492 1375 1871 1446 apudﬂGallias

306 1445 561 1515 publicam
591 1446 765 1499 merito
794 1448 1047 1515 excepisse
1073 1448 1390 1515 sententiam,
1439 1455 1485 1499 et
1520 1448 1571 1499 in
1618 1445 1754 1500 Urbe
1793 1462 1877 1499 sa-

308 1516 411 1566 cris
438 1514 684 1587 altaribus
714 1514 969 1571 interesse.
1000 1515 1166 1587 Rogat
1199 1526 1345 1581 atque
1378 1514 1703 1585 constringit,
1749 1525 1803 1568 ut
1830 1518 1875 1569 si

310 1586 678 1656 suggestionem
736 1603 880 1639 suam
919 1586 1123 1640 libenter
1182 1588 1407 1655 excepit,
1458 1598 1647 1639 secreto
1693 1587 1875 1656 jubeat

310 1654 601 1726 emendari;
629 1670 683 1726 se
710 1657 777 1711 ad
808 1657 987 1726 o/jicia,
1020 1673 1123 1710 non
1152 1657 1219 1709 ad
1254 1672 1459 1709 causam
1502 1654 1726 1721 venisse;
1753 1672 1872 1725 pro-

311 1725 527 1777 testandi
559 1725 755 1789 ordine,
806 1742 905 1779 non
934 1726 1368 1796 accusandi,_qute
1394 1733 1510 1779 sunt
1548 1737 1664 1778 acta
1693 1741 1870 1796 sugge-

306 1808 448 1915 rerf;
494 1810 643 1861 porro
688 1805 854 1850 autem
891 1797 934 1850 si
982 1796 1125 1851 aliud
1164 1794 1305 1863 velit,
1349 1811 1451 1849 non
1495 1796 1727 1865 futurum
1757 1794 1873 1854 esse

306 1877 386 1915 mo
409 1872 589 1915 estum-

302 1872 589 1921 molestum.

312 1964 319 1975 νη
369 1932 488 2005 Non
507 1936 687 1989 statim
710 1937 955 1993 discessit
979 1938 1150 1993 Roma
1169 1936 1419 2003 Hilarius,
1446 1936 1539 1992 sed
1562 1946 1871 2005 exspectato

296 2003 529 2058 concilio
556 2006 950 2077 episcoporum,
980 2023 1166 2062 eorum
1199 2007 1445 2063 videlicet
1479 2007 1570 2077 qui
1598 2003 1735 2065 forte
1764 2008 1874 2066 lor—

296 2080 426 2151 t_una
457 2083 581 2151 tuac
616 2076 802 2132 Roma:
841 2078 1313 2151 commorabantur
1353 2076 1672 2149 (cujusmodi
1713 2097 1875 2151 syno-

294 2144 426 2222 dum
455 2144 769 2222 ἓνζημοῦσαω
796 2150 1055 2222 vocabant
1084 2144 1548 2221 Orientales),'jus
1577 2144 1870 2206 suum'for-

294 2215 425 2292 titer
461 2215 625 2275 tuitus
676 2231 779 2276 est.
835 2221 893 2277 ln
935 2224 1024 2277 illa
1074 2215 1476 2292 enimsyno'do'
1513 2222 1679 2275 multa
1730 2222 1873 2278 ultro

292 2288 543 2364 citroque
572 2292 777 2364 prola_ta
803 2303 950 2361 sunt,
976 2308 1202 2364 quorum
1224 2288 1355 2346 Acta
1386 2307 1507 2364 cum
1529 2292 1750 2364 epistola
1777 2308 1874 2349 sua

291 2358 690 2434 misit‘sanctus
719 2362 830 2419 Leo
859 2358 1235 2434 ad'episcopos
1280 2358 1574 2432 provinciae
1604 2361 1875 2434 Viennen-

289 2428 395 2505 sis.
431 2429 560 2505 Quae
586 2434 764 2503 igitur,
799 2428 1003 2503 inquit;
1019 2428 1162 2505 apud
1204 2428 1295 2486 nos
1336 2434 1589 2505 inﬁcausa
1620 2430 1874 2505 Celidonii

287 2500 523 2574 episcopi
552 2500 692 2573 gesta
720 2500 950 2574 confecta
976 2500 1115 2571 sunt,
1143 2512 1188 2557 et
1226 2519 1339 2572 qua:
1381 2502 1616 2557 Hilarius
1662 2504 1869 2570 dixerit,

285 2571 426 2644 dum
453 2571 568 2626 cum
595 2575 771 2644 eodem
801 2571 1044 2644 praesente
1080 2571 1335 2644 episc0p0_
1345 2574 1633 2640 audiretur,
1675 2576 1873 2644 inditus

283 2639 492 2695 chartis
533 2639 704 2698 rerum
750 2639 875 2699 ordo
915 2639 1227 2699 demonstrat
1254 2639 1460 2713 (Epist.
1508 2639 1625 2707 10).,
1672 2643 1870 2700 Eadem

283 2713 653 2780 proculdubio
688 2719 813 2769 Acta
842 2730 1001 2782 penes
1037 2731 1095 2770 se
1128 2716 1304 2769 habuit
1348 2723 1532 2769 auctor
1568 2714 1699 2768 Vita:
1729 2716 1872 2769 Hila-

282 2783 387 2851 rii,
426 2784 520 2838 sed
560 2784 628 2838 ab
669 2784 732 2839 iis
763 2786 1103 2841 recensendis
1152 2786 1424 2847 abstinuit,
1474 2800 1540 2839 ne
1591 2784 1871 2839 dissidium

282 2853 407 2921 iam
444 2862 569 2909 tunc
614 2855 750 2909 inter
796 2857 1128 2911 beatissimos
1177 2857 1454 2923 pontifices
1497 2855 1701 2909 cmlesﬁ
1742 2870 1873 2924 pace

284 2926 629 2991 compositos
671 2925 1035 2997 redintegrare
1075 2925 1365 2981 videretur.
1400 2924 1465 2997 Et
1507 2927 1651 2993 quia,
1680 2926 1871 2995 inquit,

286 3003 559 3048 lautorum
584 2997 824 3060 virorum,
872 2995 1156 3063 praesertim
1190 2999 1305 3066 jam
1347 2995 1717 3066 adisupernam
1757 3012 1877 3065 gra-

290 3066 427 3117 liam
454 3074 770 3130 vocatorum,
798 3084 889 3120 nec
914 3070 966 3119 in
1002 3064 1293 3119 narratione
1332 3064 1499 3118 audeo
1523 3065 1728 3135 judicia
1758 3064 1876 3118 ven-

293 3137 471 3199 litare,
505 3137 599 3189 hoc
624 3139 835 3191 breviter
858 3138 1047 3191 dixisse
1078 3136 1290 3205 sufficiat
1334 3150 1353 3188 :
1388 3136 1523 3202 quod
1564 3135 1705 3187 solus
1750 3143 1878 3187 tan-

295 3217 375 3259 tos
405 3208 669 3275 sustinuit,
695 3208 832 3277 quod
858 3223 1178 3277 nequaquam
1208 3207 1458 3259 minantes
1475 3206 1716 3277 expavit,
1737 3206 1880 3277 quod

296 3278 614 3343 inquirentes
651 3274 877 3343 edocuit,
917 3274 1053 3347 quod
1096 3276 1397 3330 altercantes
1437 3274 1574 3347 vicit,
1608 3274 1746 3343 quod
1785 3292 1878 3343 po-

300 3348 527 3401 tentibus
566 3364 665 3402 non
716 3352 879 3413 cessit,
914 3346 1052 3418 quod
1087 3349 1144 3402 in
1187 3346 1487 3418 discrimine
1522 3346 1638 3418 vita:
1686 3348 1881 3415 positus

298 3420 653 3472 communioni
701 3422 810 3488 ejus
850 3416 996 3487 quem
1042 3434 1157 3472 cum
1193 3417 1347 3488 tantis
1380 3416 1514 3488 _viris
1551 3416 1882 3488 damnaverat

296 3489 549 3559 conjungi
579 3485 871 3543 nullatenus
899 3490 1164 3557 acquievit.
1190 3485 1425 3559 Miranda
1455 3493 1602 3541 certe
1630 3486 1881 3559 hociloco

298 3556 565 3614 simulet
610 3560 839 3615 dolenda
880 3556 1033 3614 nobis
1080 3559 1226 3614 venit
1265 3558 1514 3612 humana:
1562 3556 1880 3613 conditionis

298 3644 400 3685 seu
434 3630 740 3692 inﬁrmitas,
772 3645 866 3684 seu
894 3632 1213 3699 ignorantia.
1252 3628 1393 3682 Ecce
1421 3628 1569 3699 enim
1599 3642 1757 3697 quam
1778 3628 1881 3699 idi-

299 3701 478 3755 versis
504 3700 773 3755 coloribus
801 3695 1058 3779 Hilarium
1085 3699 1375 3770 depingunt
1421 3696 1498 3770 (a)
1549 3695 1658 3779 Leo
1691 3705 1745 3753 et
1775 3698 1882 3752 llo-

300 3781 551 3837 noratus,
583 3783 806 3838 uterque
841 3774 1144 3840 episcopus,
1190 3778 1413 3839 uterque
1443 3774 1723 3840 sanctitate
1752 3784 1882 3840 con-

299 3842 544 3909 spicuus,
574 3842 811 3896 veritatis
839 3838 1059 3909 uierque
1103 3838 1392 3895 studiosus.
1438 3839 1633 3894 Scribit
1670 3838 1730 3896 S.
1765 3838 1875 3894 Leo

303 3913 505 3979 (Epist.
542 3913 626 3979 10,
654 3928 769 3980 cap.
800 3910 852 3983 5)
885 3931 897 3965 :
929 3910 1079 3965 Nihil
1106 3910 1372 3983 Hilarium
1398 3910 1634 3983 habuisse
1658 3911 1887 3964 rationa-

304 3984 426 4049 bile,
461 3984 597 4051 quod
643 3984 695 4034 in
739 3980 1031 4036 sanctorum
1081 3982 1297 4035 concilio
1347 3980 1886 4051 sacerdotumrposset

304 4050 654 4115 respondere;
689 4056 940 4107 eumdem
980 4052 1158 4106 laudat
1201 4052 1526 4117 Honoratus,
1563 4050 1703 4117 quod
1748 4051 1887 4103 solus

309 4134 485 4177 tantos
527 4123 789 4185 sustinuit,
819 4123 953 4192 quod
978 4123 1287 4188 inquirentes
1316 4120 1540 4187 edocuit,
1569 4121 1705 4192 quod
1735 4120 1889 4192 alter-

308 4202 483 4247 cantes
525 4194 665 4247 vicit.
713 4188 961 4259 Queritur
1004 4193 1113 4246 Leo
1156 4193 1223 4244 atl
1270 4207 1329 4243 ea
1376 4207 1427 4243 se
1476 4190 1674 4242 occulta
1720 4188 1888 4243 cordis

307 4266 471 4333 ipsius
505 4265 851 4329 transtulisse,
880 4278 993 4332 qute
1021 4262 1191 4333 nullua
1221 4262 1469 4333 laicoruni
1496 4259 1680 4325 dicere,
1717 4259 1890 4333 nullus

312 4329 637 4409 sacerdotum
668 4344 831 4402 posset
860 4329 1061 4409 audire.
1107 4330 1249 4385 Nihil
1280 4332 1386 4385 tale
1418 4330 1748 4409 Illonoratus,
1793 4329 1890 4409 sed

310 4404 495 4474 potius
548 4408 771 4459 miratur
813 4407 947 4473 quod
992 4418 1310 4474 nequaquam
1360 4401 1612 4474 minantes
1666 4401 1889 4474 expavit,

983 274 1285 329 DISSEliT.
1332 276 1388 327 Υ.
1431 275 1771 331 AI'ULUGM
1816 275 1874 328 I’l

1987 278 2041 331 S.
2086 275 2357 330 lllLAlllO
2398 278 2433 330 Α
2446 277 2856 336 ΙΠΞΙΛΊἘΝΞΙ.

3449 286 3546 333 ΔΜ

1375 392 1681 466 erfunctum,
1731 389 1871 466 c_api-
1898 392 1952 450 Α
1979 390 2245 466 minimum
2274 389 2475 466 quidem
2508 390 2716 466 factum
2741 393 3197 466 beatitudinistua:
3244 398 3553 466 arrogantia:

1974 460 2181 535 tuemini
2206 460 2503 535 contagione
2530 462 2738 528 fuscari.
2767 462 3228 535 Sedimpatienter
3256 460 3426 534 ferunt
3456 465 3551 519 ho—

1974 529 2156 602 mines,
2186 530 2231 583 si
2257 530 2330 583 sic
2361 529 2647 602 loquamur,
2677 534 2930 602 quomodo
2960 529 3102 589 nobis
3139 529 3328 589 conscii
3352 552 3550 590 sumus.

1973 600 2135 676 Aures
2160 610 2404 670 praeterea
2434 599 3020 676 Rgmanorumiquadam
3056 606 3393 659 teneritudine
3430 606 3548 676 plus

1974 670 2272 745 trahuntur,
2306 681 2428 745 etc.
2480 671 2719 745 Denique
2772 670 2877 727 Leo
2928 678 3161 745 graviter
3214 670 3542 742 expostulat.

1972 741 2117 809 quod
2153 742 2386 817 Hilarius
2418 743 2585 817 meriti
2620 744 2700 797 sui
2737 741 2987 817 conscius,
3014 764 3125 799 cum
3146 741 3457 817 quereretur
3481 749 3550 800 ad

1972 828 2204 873 causam.
2234 814 2369 884 turpi
2402 815 2524 884 fuga
2559 829 2613 884 se
2652 814 2869 867 credidit
2904 814 3312 872 subtrahendum.
3349 821 3551 873 Auctor

1973 897 2104 938 vero
2142 884 2231 960 ille
2278 882 2333 938 et
2382 882 2671 960 sapientiai
2706 894 2771 960 eti
2808 884 3096 960 fortitudini
3146 889 3368 957 imputat
3413 889 3550 960 quod

1976 954 2574 1029 custodibus_appositis,
2617 953 2796 1029 hiemis
2836 956 3004 1029 rigore
3029 953 3275 1029 saeviente,
3310 953 3436 1029 quos
3463 977 3552 1014 ra-

1979 1024 2114 1077 tione
2139 1041 2238 1077 non
2266 1024 2495 1092 ﬂexerat,
2531 1024 2747 1077 credidit
2788 1026 3162 1090 relinquendos.
3193 1024 3474 1084 Jam'enim
3515 1046 3545 1084 a

1980 1097 2153 1162 primo
2196 1095 2249 1148 in
2298 1094 2496 1149 Urbem
2527 1094 2758 1149 adventu
2800 1095 3033 1149 Leonem
3083 1110 3351 1152 monuerat
3390 1117 3442 1153 se
3483 1103 3552 1154 ad

1981 1164 2176 1231 ofﬁcia,
2220 1181 2320 1217 non
2357 1168 2433 1238 ad
2481 1182 2685 1218 causam
2733 1167 2945 1230 venisse,
2992 1169 3302 1238 protestaiidi
3357 1172 3549 1238 ordine,

1980 1250 2083 1307 non
2099 1236 2405 1307 accusandi,
2437 1251 2550 1305 qua:
2569 1244 2727 1307 erant,
2741 1246 2855 1289 acta
2884 1235 3173 1307 suggerere.
3202 1235 3366 1291 Porro
3388 1235 3553 1293 autem

1981 1304 2025 1357 si
2055 1303 2200 1357 aliud
2240 1304 2409 1366 vellet,
2450 1303 2508 1359 se
2555 1323 2656 1359 non
2701 1303 3085 1373 futurum'Esse
3110 1308 3398 1361 molestum.
3434 1310 3554 1363 lltec

1980 1374 2157 1445 omnia
2203 1374 2520 1445 Honoratus,
2574 1378 2664 1445 qui
2717 1387 2835 1443 post
2888 1379 3161 1445 utriusque
3210 1389 3433 1433 mortem
3483 1380 3551 1434 ita

1979 1444 2240 1515 scribens,
2274 1444 2341 1497 ab
2370 1445 2512 1498 omni
2552 1444 2634 1500 vel
2676 1447 2922 1515 palpandi
2969 1448 3054 1503 vel
3080 1444 3324 1503 fallendi
3365 1449 3560 1506 aﬂ‘ectu

1980 1512 2113 1566 liber
2139 1521 2193 1567 et
2215 1514 2464 1569 immunis
2493 1516 2655 1571 fuisse
2678 1512 2993 1572 'crédendus
3017 1527 3118 1573 est.

2049 1582 2465 1658 Praesentiseens
2500 1587 2660 1653 igitur
2701 1588 3031 1658 Arelatensis
3075 1589 3358 1658 episcopus
3389 1601 3559 1647 statu-

1979 1660 2091 1707 tum
2120 1667 2240 1709 esse
2284 1654 2450 1728 Leoni
2480 1671 2697 1711 causam
2745 1656 3000 1712 Celidonii
3050 1654 3189 1728 apud
3236 1654 3296 1714 se
3347 1663 3556 1727 penitus

1979 1732 2292 1796 retractare,
2344 1727 2708 1796 majoremque
2760 1728 2919 1783 ﬁdem
2972 1727 3171 1784 habere
3215 1730 3441 1787 testibus
3488 1734 3559 1786 ab

1975 1794 2070 1849 illo
2118 1794 2373 1868 episcopo
2414 1794 2707 1865 productis,
2740 1812 2897 1868 quam
2940 1798 3023 1853 his
3059 1800 3305 1855 omnibus
3346 1804 3435 1868 qui
3466 1818 3557 1857 co.

1975 1880 2090 1940 rain
2120 1865 2516 1940 Gallicanorum
2541 1865 2915 1940 episcoporum
2948 1870 3153 1940 synodo
3180 1865 3436 1925 adversus
3455 1870 3555 1927 Ce-

1976 1935 2237 1989 lidonium
2291 1940 2654 1993 testimonium
2704 1938 2934 2006 dixerat,
2977 1935 3151 1995 satius
3197 1941 3347 1995 duxit
3388 1941 3556 1997 Bonna

1976 2006 2292 2078 abscedere,
2326 2022 2393 2061 ne
2430 2023 2609 2062 coram
2641 2011 2867 2065 certanti
2903 2026 2997 2078 pro
3026 2011 3140 2065 suis
3171 2011 3560 2067 Ecclesiaruttt—

1977 2093 2082 2146 que
2129 2076 2519 2151 Gallicanarum
2554 2076 2922 2151 prmrogativis
2970 2080 3167 2151 aliquid
3212 2084 3426 2137 incauto
3463 2094 3555 2138 aut

1978 2150 2268 2222 pugnacius
2322 2151 2496 2219 agenti
2546 2150 2870 2217 elaberetur,
2922 2150 3073 2221 quod
3109 2152 3242 2207 iram
3290 2153 3555 2222 pontiﬁcis

1978 2220 2206 2273 Romani
2240 2223 2407 2289 magis
2433 2224 2769 2285 accenderet,
2796 2237 2955 2291 quam
2986 2238 3095 2276 rem
3130 2220 3395 2292 propriam
3429 2240 3553 2294 pro-

1979 2300 2248 2353 moveret;
2309 2305 2440 2346 neve
2492 2297 2850 2360 ex3pectando
2901 2295 3220 2349 sententiam
3281 2309 3437 2360 quam
3497 2296 3549 2350 in

1979 2362 2173 2432 prioris
2203 2360 2583 2432 detrimentum
2614 2363 2752 2417 lerre
2782 2372 2999 2430 paratus
3043 2374 3158 2419 erat
3202 2363 3260 2420 S.
3294 2364 3423 2432 Leo,
3455 2367 3555 2421 ali-

1980 2431 2504 2504 quodconciliorum
2547 2432 3029 2504 episcoporumque
3069 2437 3371 2490 auctoritati
3412 2431 3549 2501 prm-

1970 2500 2233 2574 judicium
2266 2513 2557 2570 crearetur,
2584 2500 2749 2574 quod
2791 2500 2982 2561 futuris
3018 2505 3211 2562 deinde
3254 2500 3467 2562 saeculis
3497 2508 3550 2563 in

1977 2573 2281 2641 exemplum
2313 2573 2638 2629 traheretur.
3460 2626 3475 2631 _

2048 2643 2216 2710 Quam
2250 2659 2391 2717 aegre
2428 2646 2614 2701 Hilarii
2642 2662 2912 2717 egressum
2944 2664 3008 2703 ex
3054 2648 3196 2705 Urbe
3234 2649 3414 2704 tulerit
3447 2650 3553 2703 R0-

1978 2728 2167 2768 manus
2209 2715 2471 2788 pontifex,
2523 2715 2696 2772 testis'
2722 2729 2806 2773 est
2853 2720 3078 2788 epistola
3126 2734 3282 2788 quam
3337 2722 3552 2787 scripsit

1978 2786 2318 2869 postmodum
2363 2788 2429 2840 ad
2480 2789 2780 2869 provincize
2807 2786 3118 2869 episcopos,
3145 2786 3201 2869 et
3236 2786 3550 2869 constitutio

1978 2855 2271 2927 imperialis
2299 2870 2455 2924 quam
2482 2855 2535 2910 in
2566 2858 2737 2925 ipsum
2769 2855 3062 2927 intorqueri
3094 2860 3218 2913 fecit
3247 2877 3272 2912 a
3308 2860 3545 2915 Valenti-

1980 2924 2140 2977 niano
2171 2928 2429 2992 Augusto.
2475 2924 2601 2980 Non,
2628 2931 2807 2981 statim
2839 2924 3016 2983 tamen
3047 2940 3227 2981 secuta
3257 2940 3381 2983 sunt
3410 2931 3555 2985 Hila-

1982 2996 2121 3065 rium
2155 2994 2458 3065 huiusmodi
2498 2996 2694 3063 scripta
2738 3015 2751 3062 ;
2790 2998 2883 3050 sed
2922 3012 2986 3050 eo
3016 3012 3254 3065 egresso,
3289 2998 3550 3055 absolutus

1983 3062 2374 3137 estigelidonius
2402 3062 2687 3137 episcopus,
2720 3065 2889 3137 inquit
2928 3066 2983 3121 S.
3036 3062 3163 3130 Leo,
3210 3080 3554 3137 remotumque

1906 3122 1953 3187 C
1974 3126 2257 3206 judicium,
2287 3122 2707 3206 quod'prolatum
2753 3122 2811 3187 iri
2834 3134 2929 3189 hac
2967 3122 3216 3190 sententia
3253 3122 3555 3206 legebatu'r.‘

1986 3204 2123 3274 quod
2153 3212 2413 3270 tamquam
2453 3205 2619 3257 vidule
2647 3206 2857 3259 ntaritus
2897 3207 3233 3260 sacerdotium
3267 3204 3431 3261 tenere
3458 3226 3556 3263 non

1988 3282 2172 3345 posset.
2204 3274 2405 3349 Deinde
2429 3276 2649 3349 scripsit
2678 3290 2772 3344 per
2794 3275 3013 3349 brevem
3044 3278 3323 3349 epistolam
3353 3278 3418 3332 ad
3445 3280 3558 3349 epio

1986 3343 2177 3418 Scopos
2207 3343 2491 3418 provincia:
2522 3343 2857 3418 Viennensis,
2886 3356 2944 3401 ut
2972 3362 3065 3401 eos
3078 3343 3156 3402 'de
3202 3358 3309 3402 toto
3339 3343 3555 3418 negoiio

1986 3413 2523 3487 certioresﬂfaceret;
2570 3416 2952 3487 iudicaretque,
3000 3418 3199 3472 llilario
3246 3413 3556 3487 metropoli-

1987 3486 2091 3540 tica
2136 3485 2197 3559 in
2234 3482 2593 3559 Viennensem
2650 3482 2975 3555 provinciam
3022 3498 3281 3557 potestate
3325 3482 3553 3559 privato,

1986 3572 2103 3612 eam
2134 3554 2200 3609 ad
2234 3555 2451 3628 Vienna}
2478 3554 2783 3628 episcopum
2816 3554 3125 3613 translatam
3157 3576 3251 3627 pro
3274 3554 3392 3628 ju're
3416 3554 3554 3616 antil

1985 3642 2091 3698 quo
2118 3628 2303 3698 fuisse.
2334 3626 2443 3698 Nec
2472 3629 2572 3681 soli
2602 3627 2886 3683 Viennensi
2917 3626 3202 3697 provincia:
3242 3626 3379 3687 hanc
3407 3633 3557 3687 dedit

1986 3697 2289 3771 epistolam,
2317 3697 2419 3757 .sed
2452 3701 2612 3771 etiam
2651 3702 2859 3771 caeteris
2888 3700 3153 3768 episcopis
3199 3718 3286 3770 per
3335 3700 3553 3771 Gallias,

1989 3778 2046 3841 ut
2077 3769 2256 3822 titulus
2284 3783 2392 3835 pra:
2414 3784 2472 3823 se
2501 3768 2622 3841 fert,
2654 3769 2754 3825 hoc
2783 3779 2865 3824 est
2901 3772 3062 3841 760
3076 3787 3169 3839 per
3194 3768 3397 3839 septem
3429 3768 3557 3841 pro;

1988 3840 2692 3912 vinciasconstitutis.Quae
2723 3840 3063 3912 epistoladsi
3111 3851 3285 3895 tamen
3325 3840 3559 3912 genuina

1989 3918 2091 3974 est,
2126 3908 2285 3962 veluti
2337 3910 2574 3977 praelusit
2620 3908 2895 3981 prolixiori
2938 3911 3016 3963 illi
3065 3912 3261 3975 libello,
3309 3908 3360 3965 in
3395 3928 3557 3981 quem

1990 3980 2327 4050 diSserimus,
2353 3981 2448 4050 qui
2491 3994 2609 4033 cum
2629 3979 2860 4050 maximi
2886 3988 3029 4033 esset
3058 3981 3334 4050 momenti,
3367 3979 3561 4050 opero—

1992 4049 2120 4105 siori
2150 4051 2289 4117 stylo
2316 4049 2579 4102 elaborari
2608 4049 2809 4102 debuit.
2844 4048 3011 4101 lnuno
3053 4064 3155 4102 non
3203 4048 3348 4115 prius
3393 4048 3460 4105 de
3492 4068 3560 4106 eo

1995 4120 2046 4172 in
2075 4118 2273 4172 Gallias
2317 4118 2575 4171 mittendo
2605 4119 2741 4185 apud
2787 4134 2845 4170 se
2889 4118 3074 4171 statuit
3107 4118 3362 4185 pontifex,
3401 4135 3560 4186 quam

1994 4190 2193 4242 diutius
2245 4186 2654 4254 diligentiusque
2708 4196 2873 4240 totum
2924 4187 3025 4241 hoc
3068 4188 3337 4254 negotiutu
3381 4200 3561 4245 mente

1998 4202 2193 4242 (llllllllS
2245 4202 2332 4239 αιιι
2374 4202 2654 4253 enuusque
2708 4202 2873 4240 totum
2924 4202 3025 4241 noc
3068 4202 3337 4254 negouutu
3381 4202 3561 4245 mente

1998 4265 2287 4311 vcrsasset.
2322 4202 2476 4311 ﬁnde
2505 4258 2735 4324 quinque
2764 4258 3022 4310 mensium
3058 4256 3391 4311 intervallum
3420 4259 3561 4314 inter

1999 4341 2275 4395 utramque
2317 4326 2591 4394 epistolam
2644 4327 2929 4395 reperitur,
2978 4342 3203 4393 quarum
3244 4328 3423 4381 ultima
3467 4344 3562 4385 vut

1999 4399 2116 4451 idus
2160 4397 2347 4469 Junias
2380 4397 2499 4450 data
2546 4405 2648 4461 est,
2705 4398 2890 4451 eodem
2942 4398 3144 4453 scilicet
3177 4408 3413 4468 tempore
3454 4416 3563 4469 quo

310 4467 448 4543 quod
480 4476 761 4542 potentibus
787 4467 889 4528 non
914 4467 1080 4534 cessit,
1106 4467 1241 4543 quod
1269 4473 1321 4525 in
1344 4467 1774 4561 discrim_in€vitw
1799 4488 1892 4539 po-
1919 4500 1972 4561 Β
1999 4467 2351 4561 Valentiniani
2382 4469 2722 4561 cgnstiiutio;
2763 4471 3062 4561 priori'ero
3108 4484 3195 4523 vut
3235 4467 3315 4523 vel
3360 4486 3415 4525 ιιι
3444 4467 3563 4561 idus

311 4540 439 4599 situs
470 4540 810 4616 communioni
835 4546 944 4616 ejus
973 4540 1257 4616 quent'cum
1285 4542 1439 4616 tantis
1465 4541 1585 4593 viris
1616 4540 1888 4616 damnave-

312 4626 393 4669 rat
422 4616 668 4685 conjungi
699 4612 991 4669 nullatenus
1019 4612 1284 4682 acquievit.
1313 4612 1407 4685 llle
1426 4622 1677 4685 tumorem
1706 4613 1886 4666 utentis

313 4689 425 4755 ejus
466 4682 715 4757 superbia:
759 4687 942 4755 spiritu
977 4685 1191 4757 inﬂatur,
1230 4692 1276 4737 et
1313 4683 1463 4757 nimis
1505 4682 1717 4757 impiam
1755 4698 1888 4752 prte-

313 4752 655 4826 s'umptionem
694 4752 883 4826 arguit,
939 4752 1202 4822 talemque
1251 4752 1443 4826 asserit
1491 4752 1778 4826 exstitisse,
1832 4762 1888 4809 ut

315 4774 655 4826 sumpttonem
694 4774 754 4809 ar
793 4774 883 4822 ιιιι,
939 4774 1202 4822 talemque
1251 4774 1443 4807 3588f“
1491 4774 1778 4818 ειδιιιιδευ,
1832 4774 1888 4809 ιιι

315 4828 458 4881 beato
484 4828 716 4896 apostolo
744 4774 901 4881 ﬁetro
943 4826 1097 4879 nollet
1129 4840 1234 4879 esse
1263 4823 1619 4896 subjectus,iet
1650 4824 1889 4896 frequen-

317 4898 416 4951 tius
438 4894 719 4952 tenierariis
742 4907 787 4951 et
814 4896 1145 4950 insolentibus
1173 4894 1331 4949 verbis
1350 4894 1646 4947 sententiam
1672 4895 1888 4948 damna-

317 4968 472 5023 tionis
500 4977 769 5037 expeteret.
813 4967 911 5022 llic
950 4981 1080 5021 vero
1124 4974 1347 5021 testatur
1377 4964 1538 5036 759
1572 4980 1692 5018 eum
1742 4964 1887 5037 beate

319 5038 478 5092 Leoni
504 5036 722 5093 seillico
752 5046 1101 5107 prresentassc,
1130 5052 1245 5090 cum
1282 5040 1556 5089 reverentia
1586 5036 1889 5107 impendisse

319 5110 634 5180 obsequium,
664 5117 711 5162 et
742 5104 858 5163 cum
885 5108 1169 5180 humilitate
1193 5107 1493 5180 poposcisse
1520 5112 1587 5180 _ut
1630 5104 1881 5180 Ecclesia-

317 5174 671 5234 rum'statum
724 5196 861 5232 more
913 5177 1061 5233 solito
1108 5174 1386 5231 ordinaret.
1436 5174 1533 5229 Cui
1569 5175 1888 5246 suffragatur

322 5250 611 5327 Auxiliaris
642 5250 944 5327 praefectus,
969 5249 1059 5318 qui
1088 5257 1212 5327 tunc
1237 5248 1421 5327 Romae
1440 5247 1711 5327 agebatuet
1739 5248 1888 5327 testis

320 5320 553 5375 ocularis
583 5317 748 5376 luisse
777 5317 1006 5383 videtur,
1040 5334 1163 5374 cum
1194 5320 1265 5373 ita
1303 5321 1367 5371 ait
1409 5318 1581 5385 ipsum
1628 5317 1885 5372 Hilarium

320 5392 523 5446 scribat
553 5392 691 5446 inter
717 5399 910 5446 czetera
943 5405 958 5444 :
990 5389 1093 5444 Sed
1114 5406 1229 5442 cum
1256 5389 1502 5459 propositi
1532 5388 1603 5441 tui
1633 5398 1784 5441 tenax
1819 5389 1887 5442 sis

322 5471 367 5532 et
388 5477 586 5532 semper
611 5459 1104 5532 mqualis,nulloque
1130 5460 1481 5532 commotionis
1502 5459 1621 5527 felle
1646 5460 1888 5527 rapiat-is,

322 5531 450 5589 sicut
495 5530 956 5588 nullis'extolleris
1007 5530 1251 5585 illecebris
1297 5530 1622 5599 gaudiorum,
1670 5545 1759 5600 ego
1803 5546 1891 5583 nec

1997 4538 2232 4595 Januarii
2259 4556 2273 4593 :
2303 4538 2441 4605 quod
2472 4540 2670 4607 optime
2708 4538 2955 4594 convenit
2987 4556 3106 4593 cum
3145 4553 3383 4608 tempore
3415 4542 3561 4597 redi-

1998 4622 2080 4665 tus
2108 4610 2292 4664 Hilarii
2322 4610 2374 4662 in
2402 4607 2619 4682 Gallias,
2653 4613 2739 4682 qui
2770 4611 2949 4669 hiemis
2984 4612 3151 4682 rigore
3174 4607 3405 4666 steviente
3432 4627 3561 4668 con-

1996 4682 2125 4752 tigit,
2162 4689 2218 4752 ut
2245 4695 2402 4748 supra
2431 4695 2496 4734 ex
2523 4681 2640 4748 ejus
2670 4681 2784 4735 Vita
2816 4681 3112 4736 retulimus.

2064 4750 2278 4806 Interim
2320 4765 2445 4805 vero
2473 4765 2531 4805 se
2560 4766 2669 4804 sua:
2701 4752 2927 4807 reddidit
2977 4754 3235 4808 Ecclesiae
3282 4756 3564 4810 Arelaten-

1994 4824 2069 4879 sis
2097 4822 2331 4893 pontifex
2357 4837 2372 4885 ;
2415 4832 2473 4893 et
2506 4832 2561 4875 ut
2589 4822 2743 4886 nihil,
2786 4838 2881 4891 pro
2912 4825 3320 4877 mansuetudine
3347 4836 3400 4877 et
3429 4827 3563 4879 cha-

1996 4895 2154 4947 ritate
2184 4892 2520 4955 sacerdotali,
2553 4894 2821 4947 omitteret
2847 4909 2952 4962 quo
2981 4899 3169 4947 iratum
3212 4894 3444 4947 Leonem
3477 4895 3566 4948 de-

1995 4965 2216 5018 liniret:
2252 4970 2409 5015 totum
2442 4978 2515 5025 se,
2560 4963 2727 5031 inquit
2774 4963 3096 5025 Honoratus.
3135 4962 3204 5015 ad
3253 4964 3565 5030 placandum

1996 5039 2105 5107 ejus
2134 5034 2360 5089 animum
2381 5032 2940 5107 inglinatahumilitate
2969 5032 3230 5107 convertit,
3264 5034 3419 5085 misso
3451 5036 3563 5107 pri-

1996 5103 2147 5159 mitus
2192 5112 2367 5158 sancto
2414 5103 2675 5157 Ravennio
2717 5114 2836 5156 tunc
2881 5103 3188 5171 presbytero,
3242 5105 3565 5167 postmodum

1994 5177 2201 5246 proprio
2231 5190 2532 5246 successore.
2577 5173 2772 5228 Deinde
2800 5184 3033 5226 sanctum
3078 5171 3407 5246 Niectarium,
3438 5190 3561 5227 san-

1993 5243 2225 5316 clumque
2247 5244 2619 5309 Constantium,
2645 5247 2926 5316 pracipuos
2954 5243 3260 5316 sacerdotes,
3291 5244 3456 5297 misit.

2067 5312 2176 5372 Etsi
2207 5331 2365 5385 porro
2408 5317 2508 5374 hoc
2557 5312 2842 5370 lenimento
2884 5326 3009 5385 usus
3058 5312 3285 5385 llilarius
3328 5328 3423 5381 pro
3450 5326 3569 5368 ser-

1997 5382 2479 5454 vandafquantum
2513 5388 2563 5441 in
2593 5388 2708 5453 ipso
2733 5392 2866 5454 erat,
2901 5383 3100 5454 unitate
3126 5382 3345 5454 spiritus
3374 5387 3422 5435 in
3453 5386 3568 5437 vin-

1997 5459 2117 5512 culo
2151 5451 2314 5523 pacis,
2350 5473 2416 5512 ne
2446 5466 2597 5524 putes
2615 5451 2801 5506 tamen
2822 5453 3005 5524 ipsum
3048 5451 3155 5521 juri
3186 5466 3283 5505 suo
3312 5454 3566 5518 cessisse,

2000 5539 2057 5583 ut
2114 5522 2214 5584 sibi
2270 5522 2537 5598 persuasit
2583 5522 3032 5579 eminentissimus
3076 5524 3359 5581 cardinalis
3401 5524 3569 5585 Baro-

1372 5640 1928 5699 BALLERINIORUM
1963 5639 2507 5700 ANNOTATIONES.

392 5744 474 5821 (a)
515 5745 680 5805 Leoni
705 5745 871 5818 magis
897 5741 1217 5805 credendum
1246 5740 1364 5798 loco
1390 5737 1615 5809 allegato
1650 5736 2000 5809 ostendimus,
2028 5752 2124 5795 nec
2151 5752 2255 5793 non
2284 5750 2402 5807 capt
2432 5734 2485 5804 5,
2519 5748 2571 5788 η.
2602 5733 2661 5787 2.
