3984 6306
466 260 562 318 £59

929 250 1164 308 PASCH.
1212 247 1593 317 QUESNELLI
1639 239 2219 299 DlSSEH'l‘A'l‘lONES
2257 240 2321 296 ΙΝ
2364 241 2419 296 S.
2462 237 2705 297 LEONIS
2744 237 2954 294 MAGNI
2992 235 3246 293 OPERA.

3600 240 3700 299 N0

469 383 692 442 dentur;
721 376 812 431 sed
840 388 1043 441 pannus
1073 382 1154 427 est
1181 373 1347 425 Vitam
1374 368 1431 442 S._
1443 364 1682 442 _Romani
1705 377 2036 442 nequaquam
2065 364 2261 435 Alege
2306 366 2489 442 haberi
2529 364 2896 442 sancivissent
2912 365 3145 442 episcopi
3194 365 3247 442 in
3291 365 3706 442 synodum‘co..-

466 431 711 515 atii-nens,
759 455 814 501 et
841 431 1270 516 'lectorisLotiosi
1316 431 2024 516 meditaiionemnreferens:

462 507 751 589 Postquam
802 517 942 570 enim
995 512 1382 589 ordinationem
1430 508 1486 564 S.
1520 507 2033 589 Homani‘narravit

461 575 671 653 auctor,
698 602 923 655 eumque
954 584 1331 657 monasterium
1354 594 1507 657 suum
1534 584 1861 657 repeieiitein
1889 575 2035 629 velut

468 646 783 733 prosecutus
812 646 922 733 est,
944 657 1021 733 ab_
1038 671 1101 709 en
1128 652 1415 733 resumitnr
1444 651 1647 733 iterum
1670 646 1863 733 Hilarii
1885 661 2033 733 niens-

468 716 566 793 ἶίο,
596 747 713 799 quae
740 730 847 797 jam
878 716 1117 799 absoluta
1144 738 1267 799 esse
1296 722 1818 799 debu_era‘t,_reveiso
1847 716 1910 769 ad
1939 731 2033 799 sua

469 786 756 865 Roinanof
771 798 1097 868 historiaque
1127 792 1475 868 depositio-nis
1503 786 1787 851 Celidonii,
1819 804 1935 868 qua;
1966 786 2033 841 ad

470 888 583 928 rem
630 863 772 925 nullo
815 867 971 922 modo
1011 863 1340 939 pertinebat,
1386 863 1688 939 importuna
1731 863 2035 939 narratione

471 942 809 1005 edisseritur;
851 939 918 993 ita
956 928 1029 992 ut'
1054 952 1241 991 rursus
1282 934 1347 987 de
1388 928 1725 1008 ordinatione
1764 937 1819 983 et
1861 928 2037 1008 reditu

472 1014 525 1069 Β.
571 998 807 1065 Romani
835 1011 994 1063 verba
1037 1008 1213 1061 facere
1256 1005 1559 1079 compulsus
1600 1001 1719 1079 sit,_
1752 1014 1817 1079 ne
1860 998 2036 1079 hiulca

470 1084 627 1151 plane
669 1089 810 1136 esset
850 1082 1019 1134 oratio
1059 1088 1319 1151 extranea
1362 1071 1663 1151 narratione
1708 1071 2032 1151 intermissa.

472 1145 657 1223 Igitur,
687 1150 1221 1223 inquit,beatissimus
1258 1146 1515 1223 Romanus
1551 1145 1616 1223 (id
1640 1145 2034 1223 monasterium,

473 1214 527 1277 ιιῖ
548 1214 700 1296 supra
715 1214 825 1293 jam
847 1220 1090 1296 diximus,
1123 1214 1607 1296 collatovsacerdotio
1632 1225 1907 1296 regressus,
1930 1221 2035 1296 etc.

543 1280 763 1346 QO'Cuiu
793 1293 1049 1359 genuinus
1078 1280 1413 1359 aueloriyitte
1441 1283 1830 1359 ordinationem
1851 1282 1906 1333 S.
1932 1280 2041 1359 Ho-

475 1365 614 1418 mani
646 1350 1105 1432 primo’mirravit,
1151 1359 1217 1412 de
1258 1351 1923 1432 Hilarioperhonoriﬁcam
1956 1350 2038 1432 fe-

475 1436 545 1486 cit
573 1422 922 1492 mentionem,
954 1444 1180 1499 eumque
1214 1427 1504 1501 sanctitatis
1547 1423 1699 1501 titulo
1729 1422 2035 1501 insignivit:

477 1505 695 1558 Sanctus
719 1503 970 1563 Hilarius,
996 1495 1182 1568 inquit,
1208 1495 1513 1568 Arelatensis
1534 1498 1829 1561 episcopus;
1859 1495 2038 1568 siatim

477 1584 651 1627 autem
700 1582 894 1642 postea,
929 1561 1219 1642 assumenti
1271 1567 1631 1642 illius_sartor
1669 1578 1790 1617 eum
1822 1561 1964 1615 velut
2009 1577 2041 1617 e

479 1635 1156 1714 ccelesti'sededejiciens,
1178 1654 1282 1691 non
1319 1635 1481 1714 modo
1520 1643 1905 1714 sanctummon
1946 1647 2042 1714 ap?

480 1716 659 1781 pellat,
686 1705 987 1774 antedictu's,
1017 1710 1281 1777 inquiens,
1310 1707 1563 1781 Hilarius,
1592 1705 1684 1781 sed
1713 1705 1878 1781 etiam
1899 1705 2042 1757 velut

480 1773 667 1837 effreni
707 1773 993 1855 ambitione
1031 1773 1360 1855 laborantem
1400 1776 1661 1855 traducit,
1704 1773 2040 1855 qna‘ductus

479 1856 653 1907 omnia
699 1869 791 1923 per
817 1854 919 1907 vim
960 1860 1169 1923 ageret,
1212 1846 1683 1923 alie_na_sibi_jura
1710 1844 2038 1923 vindicaret,

478 1912 816 1996 episcon'osa
849 1912 1075 1991 propriis
1100 1920 1353 1996 Ecclesiis
1379 1912 1715 1996 deiurbaret,
1749 1912 1894 1996 rint/ci
1924 1916 2040 1996 eai-

480 1985 643 2047 slentc
669 1985 905 2055 ratione,
948 1985 1139 2046 omnes
1181 1990 1408 2065 denique
1443 1986 1731 2065 Galliarum
1773 1985 2040 2065 Ecclesias

488 2068 757 2139 tyrannica
788 2054 1047 2139 potestate
1078 2054 1438 2139 pepularetur.
1481 2055 1649 2139 Nemo
1677 2054 1872 2139 dixerii
1901 2054 2042 2110 hunc

482 2125 640 2188 u'nius
672 2125 907 2202 ejusdem
936 2125 1208 2200 scriploris
1263 2130 1456 2198 stylum
1511 2125 2043 2202 esse,_eumdemque

482 2196 806 2275 fontequui
832 2206 892 2257 de
912 2196 1086 2258 eodem
1112 2196 1359 2275 foramine
1384 2205 1582 2275 emanat
1605 2196 1804 2275 dulcem
1830 2206 1877 2249 et
1900 2212 2046 2275 ania—

480 2267 595 2328 ram
621 2267 801 2345 aquam
823 2275 959 2349 (Jac.
987 2291 1063 2349 in,
1094 2267 1211 2349 l);
1246 2271 1337 2327 sed
1364 2274 1587 2325 duorum
1615 2269 1939 2349 potiusesse
1966 2267 2044 2349 fe:

484 2356 625 2409 tum,
658 2338 1064 2419 quorumialteri
1107 2338 1255 2419 bene-
1281 2349 1555 2419 perspecta
1581 2348 1751 2419 erant,
1774 2338 2043 2419 S_:__llil.arii

483 2408 702 2482 merita';
747 2416 901 2471 alteri
928 2431 1053 2471 vero
1082 2408 1293 2469 aliunde
1321 2408 1428 2467 non
1459 2412 1762 2465 innotuerat
1791 2408 2041 2476 Hilarius,

484 2502 640 2557 quam
667 2504 727 2541 ex
758 2487 951 2541 Leonis
979 2486 1220 2554 epistola.

558 2560 619 2612 3°
652 2558 982 2613 Celidonium
1010 2550 1239 2626 appellat
1262 2554 1605 2626 patriai-chain
1630 2550 2043 2626 ntetropolia_}’eo

484 2629 855 2691 aontionenais;
894 2621 1214 2695 quod'i'nitio
1244 2621 1377 2678 sexti
1398 2622 1591 2695 saaculi
1609 2621 2046 2695 Occidentalibus

487 2699 735 2754 nsitatnm
766 2713 870 2752 non
899 2691 1014 2753 erat
1038 2699 1101 2751 ad
1132 2694 1566 2762 metropolitanos
1591 2691 1971 2761 designandos.

560 2771 621 2823 4°
650 2768 943 2824 Germanus
966 2768 1096 2823 Vitae
1126 2778 1308 2822 auctor
1332 2764 1717 2818 ordinationem
1746 2762 1801 2817 S.
1823 2762 2047 2815 Romani

490 2840 796 2913 describens
828 2839 1137 2913 presbyterii
1181 2835 1635 2913 iiomine_utitur:
1674 2831 1921 2913 imposito
1952 2834 2046 2913 ho:

493 2927 613 2964 nore
640 2906 967 2981 presbyterii;
987 2906 1112 2979 qua?
1138 2924 1239 2964 vox
1266 2922 1360 2981 per
1390 2906 1533 2981 illam
1567 2910 1779 2981 aetatem
1804 2906 2049 2971 usurpari

488 2974 649 3035 solita
674 2974 879 3035 erat'ad
918 2974 1695 3051 p‘resbyteros’signiticandos;
1735 2974 1866 3028 alter
1896 2988 2044 3051 vero,

488 3052 577 3121 qui
606 3069 833 3119 pannum
862 3045 1049 3118 assuit,
1074 3045 1343 3105 sacerdotii
1366 3062 1550 3121 vocem
1579 3054 1815 3121 usurpat,
1839 3059 1957 3121 qum
1983 3045 2048 3098 de

2140 433 2373 507 gregati;
2398 435 2844 507 quemadmodum
2866 436 2934 491 de
2949 433 3251 507 Innocentii
3272 433 3417 504 papae
3432 433 3459 507 γι
3482 437 3704 506 epistola

2139 506 2204 562 ad
2226 508 2548 577 Exuperium
2568 506 2764 561 factum
2786 517 2868 562 est
2886 508 2954 562 ab
2969 506 3258 577 Agathensi
3273 506 3501 561 concilio
3516 523 3639 563 can.
3651 510 3703 567 9.

2137 578 2292 647 Quod
2320 594 2448 633 vero
2474 579 2538 632 ad
2571 577 2943 648 Dionysianam
2969 577 3342 633 collectionem
3368 588 3598 644 spectat,
3624 581 3703 635 vel

2140 652 2206 705 ad
2237 649 2395 703 aliam
2430 648 2751 720 Dionysiana
2786 648 3160 720 antiquiorem,
3202 649 3253 720 in
3295 658 3482 703 neutra
3509 649 3705 715 episto-

2142 721 2246 776 lam
2277 720 2473 775 Leonis
2500 718 2755 774 adversus
2786 719 3041 773 Hilarium
3072 718 3404 787 reperimus;
3440 729 3629 774 neutra
3656 723 3704 777 in

2142 808 2241 847 usu
2288 792 2381 844 luit
2428 792 2500 861 in_
2528 789 2813 845 Gallicanis
2857 789 3111 844 Ecclesiis
3154 798 3278 845 ante
3315 787 3496 844 Caroli
3542 792 3704 861 Magni

2140 874 2402 931 tempora.
2456 859 2572 915 Non
2622 862 2779 929 igitur
2826 871 2980 916 sexto
3028 860 3223 915 saeculo
3270 861 3483 915 vivebat
3529 859 3705 919 auctor

2146 934 2302 1002 hujus
2332 931 2723 996 annotationis,
2767 946 2887 987 cum
2927 931 3087 985 nullae
3126 940 3251 986 tunc
3277 941 3570 985 auctorata:
3596 934 3702 987 col-

2143 1004 2400 1058 lectiones
2450 1006 2772 1067 existerent,
2822 1002 3014 1071 quibus
3061 1002 3260 1071 inserta
3309 1012 3453 1057 esset
3503 1002 3703 1058 laudata

2144 1074 2340 1129 Leonis
2373 1073 2617 1138 epistola.
2676 1066 3027 1143 Hancfhabet
3073 1066 3318 1143 cbllectio
3362 1087 3559 1127 excusa
3596 1090 3703 1143 qua:

2144 1144 2332 1199 lsidori
2362 1143 2671 1198 Mercatoris
2708 1142 2924 1197 nomine
2952 1142 3327 1198 circumfertur
3357 1144 3483 1208 (etsi
3517 1142 3632 1198 eam
3657 1147 3701 1197 in

2142 1215 2284 1268 illius
2314 1229 2443 1268 mss.
2466 1213 2739 1268 codicibus
2764 1229 2868 1267 non
2899 1213 3240 1280 invenerim),
3265 1214 3358 1268 sed
3386 1222 3514 1268 ante
3537 1213 3703 1269 Caroli

2145 1285 2319 1355 Magni
2350 1293 2588 1355 tempora
2618 1300 2721 1337 non
2758 1291 2839 1355 est
2876 1283 3013 1337 edita
3046 1284 3096 1336 in
3128 1284 3331 1348 lucem;
3370 1285 3513 1339 eirea
3555 1286 3701 1340 ﬁnem

2143 1358 2341 1425 quinpe
2363 1354 2535 1409 octavi
2548 1355 2731 1425 smctili
2753 1354 2920 1409 videri
2941 1356 3124 1422 capit,
3144 1364 3201 1409 ut
3226 1361 3375 1409 notat
3395 1355 3455 1408 P.
3480 1356 3704 1411 Pithoeus

2144 1424 2197 1479 iu
2231 1426 2503 1480 Glossario
2529 1424 2933 1492 Capitularium.
2982 1426 3091 1480 Hac
3132 1440 3289 1492 porro
3329 1426 3521 1480 lsidori
3552 1427 3704 1480 colle-

2146 1498 2326 1552 ctione
2357 1495 2549 1565 passim
2577 1497 2656 1550 usi
2686 1504 2807 1549 sunt
2828 1494 3114 1550 Galliarum
3144 1496 3383 1565 episcopi
3412 1496 3469 1550 in
3500 1497 3704 1565 synodis

2146 1513 2326 1552 ctione
2357 1513 2549 1565 passrm
2577 1513 2656 1550 usr
2686 1513 2807 1549 sunt
2828 1513 3114 1550 uaniarum
3144 1513 3383 1565 episcopi
3412 1513 3469 1550 in
3500 1513 3704 1621 agnotus

2144 1581 2265 1635 qua:
2305 1574 2545 1634 tempore
2575 1567 2750 1621 Caroli
2790 1566 2990 1635 Magni,
3039 1578 3264 1635 postque
3302 1568 3481 1635 ipsum
3561 1568 3705 1621 abitas

2145 1646 2299 1708 sunt,
2345 1637 2496 1708 sicut
2530 1644 2585 1691 et
2629 1636 2853 1691 aliarum
2898 1638 3056 1691 etiam
3103 1636 3466 1692 Ecclesiarutu
3508 1637 3701 1708 synodi.

2146 1707 2290 1773 Quas
2315 1707 2504 1761 imitati
2535 1708 2850 1762 collectores
2876 1708 3227 1773 posteriorum
3260 1707 3561 1774 temporum
3590 1709 3703 1763 Bur-

2146 1779 2397 1840 chardus.
2432 1776 2564 1841 Yvo,
2604 1777 2908 1844 Gratianus,
2939 1786 3065 1843 etc.,
3097 1778 3337 1833 eamdem
3379 1778 3568 1834 lsidori
3608 1780 3705 1833 col-

2148 1850 2431 1903 lectionem
2482 1848 2707 1915 amplexi
2757 1858 2923 1911 sunt,
2979 1849 3125 1903 nullo
3172 1848 3486 1904 discrimine
3537 1851 3700 1904 habito

2147 1920 2522 1990 epistolarum,
2538 1934 2670 1986 quas
2695 1918 2953 1989 impostor
2977 1920 3066 1975 ille
3090 1920 3389 1990 supposuit,
3411 1930 3507 1975 aut
3527 1921 3592 1976 ab
3612 1921 3702 1976 alio

2147 1991 2449 2060 suppositas
2477 1989 2726 2044 obtrnsit.

2218 2060 2275 2115 6°
2317 2061 2552 2130 Denique
2580 2061 2734 2130 longe
2762 2061 3114 2115 recentiorem
3142 2062 3266 2116 facit
3291 2062 3521 2117 Romani
3553 2062 3702 2117 histo-

2148 2131 2282 2186 riam
2309 2129 2596 2200 Gregorius
2618 2129 2965 2193 Turonensis,
2986 2146 3142 2199 quam
3175 2131 3328 2199 hujus
3360 2134 3493 2187 Vitae
3511 2143 3699 2202 auctor,

2147 2217 2305 2326 gnem
2325 2243 2338 2265 ,
2368 2212 2423 2255 ut
2464 2203 2647 2257 incerti
2680 2203 2909 2256 nominis
2937 2210 2993 2257 et
3012 2202 3065 2256 in
3106 2202 3284 2257 multis
3311 2203 3698 2271 interpolatum,

2199 2272 2407 2326 rctzorio
2430 2274 2855 2326 postponendum
2884 2286 3002 2326 esse
3029 2272 3294 2326 ducimus.
3326 2274 3698 2326 Pensicnlatius

2199 2272 2407 2341 rcgorio
2430 2274 2855 2341 postponendum
2884 2286 3002 2327 esse
3029 2272 3294 2328 ducimus.
3326 2274 3699 2329 Pensiculatius

2148 2342 2497 2416 discussimus
2520 2344 2654 2416 hanc
2670 2342 2804 2399 Vitae
2826 2342 2884 2399 S.
2904 2342 3128 2398 Romani
3152 2354 3353 2416 partem
3378 2363 3389 2397 :
3410 2343 3576 2416 768
3591 2360 3702 2409 quo-

2149 2415 2289 2467 niam
2324 2413 2465 2467 nulla
2488 2414 2600 2481 Zalia
2631 2414 2887 2469 hactenus
2910 2416 3117 2469 ratione
3137 2414 3283 2469 ducti
3311 2413 3459 2480 suni,
3478 2413 3564 2481 qu'i
3582 2416 3702 2470 Celi-

2150 2484 2367 2557 donium
2398 2484 2869 2557 Vesontioncnsem
2911 2487 3214 2557 episcopum
3253 2485 3527 2557 fecerunt,
3558 2502 3698 2557 quam

2150 2554 2307 2625 hujus
2333 2554 2563 2625 auctoris
2592 2555 2922 2618 testimonio;
2956 2555 3095 2623 quod
3122 2571 3279 2625 quam
3308 2554 3701 2612 sublestte'ﬁdei

2149 2625 2219 2678 sit
2246 2624 2429 2678 lectori
2460 2624 2702 2694 relinquo
2724 2625 3090 2693 iudicandum.

2221 2694 2330 2766 Etsi
2373 2709 2499 2766 vero
2538 2696 2677 2750 inter
2716 2711 2945 2765 pannum
2984 2696 3143 2751 istum
3188 2704 3243 2751 et
3286 2697 3552 2766 reliquum
3592 2698 3698 2752 vita:

2149 2765 2403 2833 scriptum
2430 2765 2794 2831 distinximus,
2827 2766 2953 2838 dum
2982 2767 3129 2821 illum
3167 2765 3507 2823 subdititium
3539 2769 3701 2838 argui-

2150 2850 2291 2901 mus,
2322 2844 2514 2890 caetera
2543 2852 2647 2891 non
2672 2846 2753 2891 est
2772 2836 2979 2892 animus
3006 2852 3101 2907 pro
3128 2840 3288 2893 certis
3317 2848 3372 2894 et
3400 2836 3698 2895 indubitatis

2149 2907 2411 2976 recipere,
2438 2908 2583 2960 velut
2607 2918 2689 2961 est
2717 2908 2843 2961 illud
2869 2908 3009 2976 quod
3035 2910 3264 2964 refertur
3287 2909 3355 2964 de
3382 2910 3700 2965 ordinatione

2151 2975 2379 3047 Romani
2414 2992 2509 3043 per
2534 2977 2793 3032 Hilarium
2825 2975 2962 3033 faeta
2995 2993 3099 3033 non
3127 2980 3285 3047 longe
3314 2996 3344 3035 a
3367 2981 3697 3036 Vesontione.

2152 3045 2303 3121 Quod
2330 3047 2373 3100 si
2403 3047 2598 3102 factum
2624 3056 2768 3103 esset
2796 3048 2863 3102 ab
2886 3050 3182 3104 Arelatensi
3198 3045 3483 3121 episcopo,
3515 3067 3579 3107 eo
3604 3066 3702 3105 ma-

489 3108 620 3176 solis
646 3124 909 3191 episcopis
939 3108 1354 3190 intelligebatur,
1378 3120 1421 3172 si
1448 3108 1765 3172 efferebatur
1789 3108 1922 3175 SOla,
1949 3130 2047 3169 nec
2074 3108 2118 3170 C
2151 3108 2231 3186 gis
2262 3125 2446 3171 contra
2477 3133 2707 3174 canones
2734 3130 3041 3189 peccasset,
3071 3120 3212 3245 (ﬁred
3243 3108 3449 3177 nullum
3472 3108 3556 3191 jus
3582 3138 3702 3191 prte-

492 3208 738 3245 umauani
771 3196 836 3245 de
863 3194 1210 3245 nresbvteris.
1242 3191 1342 3243 nisi
1368 3204 1487 3242 cum
1516 3187 1695 3241 addito
1723 3186 1928 3240 secundi
1959 3202 2047 3238 or.
2154 3188 2373 3243 tendere
2400 3196 2631 3245 poterat.
2661 3205 2728 3244 ex
2756 3204 2860 3245 uno
2886 3191 2933 3244 ei
2967 3206 3087 3245 ores
3130 3201 3307 3245 vteros
3338 3194 3389 3245 in
3420 3194 3591 3245 aliena
3620 3208 3702 3245 na-

3063 3207 3087 3245 S

492 3186 738 3263 umquam
771 3186 1210 3263 de'presbyteris,
1242 3191 1342 3243 nisi
1368 3204 1487 3263 cum
1516 3187 1695 3241 addito
1723 3186 1928 3240 secundi
1959 3202 2047 3238 or.

492 3259 647 3329 diuis,
678 3273 769 3317 aut
794 3259 984 3317 similis
1010 3259 1231 3327 alicujus
1260 3259 1518 3312 formulae.

563 3335 624 3387 5°
658 3334 887 3400 Epistola
911 3332 1102 3387 Leonis
1128 3332 1379 3384 adversus
1403 3329 1659 3400 Hilarium
1683 3328 2050 3382 Arelatensem

494 3399 849 3455 inserla’csse
900 3404 1095 3456 dicitur
1144 3399 1454 3463 canonibus,
1506 3399 1608 3451 hoc
1660 3407 1743 3451 est
1789 3414 2050 3453 canonum

494 3470 697 3531 codici,
732 3482 790 3525 ut
819 3474 1155 3541 interpretari
1188 3467 1506 3541 licet.__Tres
1539 3482 1698 3541 porro
1729 3475 1931 3520 tantum
1964 3482 2053 3541 oc-

495 3550 717 3595 currunt
754 3542 930 3594 animo
961 3537 1234 3595 canonum
1262 3538 1501 3603 codices,
1544 3537 1631 3599 qui
1677 3546 1828 3590 sexto
1859 3540 2053 3593 saeculo

496 3610 548 3663 in
592 3626 690 3665 usu
728 3623 905 3665 essent
929 3613 1013 3666 vel
1043 3611 1267 3665 fuissent
1304 3624 1398 3663 seu
1438 3609 1488 3661 in
1530 3607 1764 3662 Ecclesia
1791 3608 2050 3675 Romana,

496 3694 591 3735 seu
620 3683 669 3734 in
701 3680 993 3737 Gallicana.
1036 3679 1090 3735 In
1119 3680 1356 3734 Romana
1381 3678 1592 3746 quidem
1625 3678 1788 3730 codex
1818 3677 2051 3734 omnium

498 3751 918 3819 antiquissimus,
952 3766 1106 3820 quem
1136 3766 1275 3803 nunc
1306 3749 1529 3820 primum
1560 3749 1613 3803 in
1654 3748 1824 3802 lucem
1855 3750 2053 3804 emitti-

498 3818 637 3883 mus,
669 3836 835 3890 usque
864 3824 927 3875 ad
960 3818 1261 3893 Symmachi
1289 3820 1393 3893 PP.
1423 3818 1533 3873 fere
1562 3830 1795 3893 tempora
1828 3835 2054 3889 usurpa-

501 3899 616 3943 tus:
641 3894 724 3945 cui
746 3893 886 3964 circa
904 3890 1060 3964 767
1081 3890 1397 3964 liujusisexti
1427 3890 1604 3944 saeculi
1632 3890 1775 3943 initia
1800 3894 2054 3964 successit

500 3976 634 4014 nova
678 3960 949 4029 collectio:
973 3960 1084 4017 seu
1120 3962 1293 4015 versio
1324 3974 1586 4014 canonum
1628 3975 1787 4027 opera
1819 3960 2055 4031 Dionysii

500 4031 688 4101 Exigui
730 4035 933 4088 abbatis
973 4033 1231 4095 Romani;
1281 4031 1367 4084 cui
1414 4040 1468 4084 et
1510 4031 1610 4083 alia
1650 4030 1924 4099 subjuncta
1974 4042 2057 4087 est

496 4103 739 4157 collectio
770 4104 1101 4159 decretorum
1134 4101 1437 4171 pontificum
1471 4101 1823 4155 Romanorum
1863 4118 1889 4156 a
1919 4102 2055 4157 Siri-

497 4174 580 4226 cio
608 4188 772 4241 usque
798 4174 862 4228 ad
888 4172 1245 4228 Anastasium.
1276 4171 1334 4225 ln
1356 4170 1623 4226 Gallicana
1648 4187 1773 4226 vero
1798 4173 2052 4239 Ecclesia,

498 4242 640 4297 nulla
663 4246 764 4298 alia
788 4246 1028 4300 collectio
1051 4252 1263 4313 recepta
1288 4243 1383 4295 fuit
1406 4242 1661 4313 usquead
1686 4242 1858 4296 Caroli
1882 4244 2053 4313 Magni

497 4324 735 4386 tempora
767 4318 856 4386 (de
889 4331 993 4384 quo
1030 4330 1099 4368 ex
1130 4312 1367 4383 professo
1403 4312 1535 4367 infra
1566 4312 2055 4386 (Ιίεδρξοῃιυειάἱε-

495 4393 626 4455 ΒΕΓῑί
674 4382 1005 4455 16)’ρι“;ιέιρι“
1053 4386 1355 4455 antiquam,
1408 4400 1525 4452 qua:
1573 4398 1638 4455 ex
1695 4382 2054 4455 Orientalibus

496 4452 899 4519 confecta'erat,
923 4469 1188 4523 quamque
1215 4452 1415 4519 optime
1439 4454 1673 4522 appelles
1703 4454 1939 4507 codicem
1968 4471 2056 4509 ca-

499 4536 697 4574 nonum
746 4522 997 4578 Ecclesiae
1048 4526 1345 4585 universae;
1397 4522 1646 4591 quoniam
1694 4537 1928 4578 canones
1975 4527 2060 4581 isti

499 4591 798 4646 Orientales
823 4595 908 4659 jus
938 4594 1097 4647 veluti
1127 4608 1408 4647 commune
1452 4603 1566 4646 erat
1603 4594 1837 4646 omnium
1871 4595 2055 4649 Eccle-

498 4660 699 4733 siaruni
738 4662 1082 4733 Orientalium
1124 4673 1176 4716 et
1216 4661 1660 4733 Occidentalium,
1708 4663 1896 4733 saltem
1942 4676 2061 4733 post

496 4730 781 4785 concilium
804 4731 1261 4787 Chalcedonense.
1292 4732 1493 4797 Quibus
1519 4732 1809 4785 canonibus
1840 4730 2058 4791 suorum

494 4801 839 4874 conciliorum
862 4818 1094 4857 canones
1116 4803 1459 4871 adjungentes
1478 4803 1819 4874 particulares
1838 4821 2059 4874 qumque

494 4870 770 4936 Ecclesiae,
804 4882 927 4941 puta
960 4870 1250 4935 Gallicana,
1288 4873 1538 4939 llispaoa,
1571 4870 1891 4937 Britannica,
1927 4870 2055 4944 etc.,

491 4955 649 4994 sumn
679 4943 777 4995 sibi
808 4944 1078 5012 proprium
1110 4945 1346 4998 codicem
1377 4945 1804 5011 compingebant.
1856 4949 1925 5001 De
1952 4943 2055 5011 quo

491 5026 654 5083 porro
681 5014 899 5067 istorum
930 5014 1171 5068 codicum
1205 5015 1485 5083 intelliges,
1510 5016 1647 5083 quod
1682 5018 1731 5068 in
1767 5033 1937 5083 panno
1968 5020 2055 5074 illo

490 5081 702 5147 dicitur,
731 5084 795 5139 de
821 5086 1043 5153 epistola
1072 5085 1266 5139 Leonis
1305 5081 1594 5139 canonibus
1637 5081 1854 5149 inserta.
1898 5088 2058 5144 Galli-

489 5166 656 5205 canus
683 5156 875 5222 quippe
904 5156 1071 5211 codex
1103 5154 1461 5209 Romanorum
1506 5158 1809 5223 pontiﬁcum
1843 5159 2056 5215 decreta

488 5237 595 5298 non
626 5227 949 5298 continebat.
991 5227 1101 5281 Etsi
1132 5226 1273 5281 enim
1301 5226 1386 5279 illa
1410 5227 1586 5295 magni
1608 5226 1862 5292 facerent,
1887 5240 1939 5284 et
1964 5247 2057 5298 pro

485 5290 607 5365 data
637 5297 915 5350 occasione
942 5305 1260 5365 usurparent
1287 5298 1336 5349 in
1365 5298 1473 5349 suis
1501 5290 1741 5351 conciliis
1767 5290 2054 5356 Galliarum

490 5362 774 5435 antistites,
809 5382 914 5420 non
945 5382 1004 5421 ea
1036 5362 1213 5421 tamen
1253 5368 1305 5420 in
1335 5377 1533 5435 partem
1567 5366 1825 5423 Gallicani
1856 5371 2055 5427 codicis

486 5434 802 5503 evehebant,
837 5436 940 5491 nisi
967 5452 1218 5508 expresse
1254 5434 1542 5492 canonibus
1574 5439 1683 5492 suis
1722 5441 1921 5494 inserta
1959 5457 2055 5511 pro

2154 3188 2373 3262 tendere
2400 3196 2631 3262 poterat,
2657 3205 2728 3262 ex
2756 3204 2860 3259 quo
2886 3191 2936 3262 ei
2967 3188 3307 3262 presbyteros
3338 3194 3389 3247 in
3420 3188 3594 3248 aliena
3620 3208 3702 3259 pa-

2150 3258 2335 3330 rochia
2372 3260 2621 3314 ordinare
2655 3258 2861 3315 liceret.
2900 3258 3029 3315 Cum
3058 3258 3187 3330 ergo
3216 3262 3317 3317 hoc
3344 3278 3442 3319 nec
3474 3263 3698 3319 retulerit

2152 3328 2338 3401 Hilarii
2362 3330 2502 3401 Vitae
2532 3332 2783 3401 scriptor,
2814 3345 2911 3386 nec
2943 3328 3201 3399 obiecerit
3240 3333 3441 3389 Hilario
3468 3334 3545 3389 vel
3576 3335 3695 3400 Leo,

2151 3399 2236 3472 vel
2279 3398 2618 3472 Celidoinius,
2644 3398 2823 3472 'quem
2870 3398 3021 3456 istud
3059 3404 3223 3459 latere
3268 3420 3372 3459 non
3419 3398 3689 3471 potuisset,

2155 3468 2566 3525 existimandum
2594 3468 3016 3541 est'scriptorem
3046 3473 3204 3541 hujus
3230 3474 3362 3530 Vitae
3390 3468 3438 3530 id
3465 3490 3526 3529 ex
3554 3468 3693 3529 falsis

2154 3541 2556 3619 rumoribus_vel
2582 3543 2824 3619 populari
2855 3544 3103 3619 opinione
3132 3544 3394 3619 hausisse,
3424 3555 3481 3619 et
3498 3545 3701 3619 incaute

2155 3611 2354 3683 scripto
2372 3611 2607 3683 dedisse.
2640 3611 2697 3668 Si
2722 3624 2896 3668 tamen
2926 3613 3025 3668 hoc
3054 3615 3300 3683 praestitit
3323 3616 3569 3672 Hilarius.
3590 3614 3701 3671 dico

2157 3680 2208 3755 id
2247 3696 2339 3755 per
2370 3682 2685 3755 Eucherium
2722 3680 3125 3753 Lugdunensem
3166 3685 3474 3755 episcopum
3516 3686 3703 3741 Hilario

2156 3750 2394 3825 licuisse.
2441 3752 2631 3808 Notum
2661 3763 2746 3825 est
2772 3750 2913 3808 enim
2944 3770 3102 3820 quam
3130 3750 3277 3811 arcta
3306 3750 3517 3825 utrique
3545 3760 3703 3811 inter-

2158 3821 2369 3896 cederet
2400 3824 2765 3889 necessitudo,
2815 3834 3032 3894 propter
3058 3842 3215 3896 quam
3256 3838 3311 3881 ut
3352 3821 3611 3883 Eucherio
3646 3828 3707 3884 ab

2157 3892 2357 3947 Hilario
2378 3895 2690 3970 permissum
2718 3892 2886 3949 estut
2906 3892 3243 3970 Arausicanaa
3271 3900 3478 3970 syno'do
3506 3915 3520 3953 ι
3550 3899 3706 3955 inter-

2158 3973 2303 4038 esset
2345 3980 2405 4018 ac
2453 3965 2814 4038 subscriberet
2851 3980 2971 4021 cum
3015 3967 3279 4038 episcopis
3301 3965 3629 4025 Viennensis
3661 3979 3709 4025 et

2157 4034 2448 4089 vicinarum
2473 4036 2886 4104 provinciarum;
2910 4038 2980 4091 ita
3004 4034 3290 4093 Hilario—ab
3310 4040 3576 4096 Eucherio
3595 4055 3710 4096 con-

2157 4120 2365 4160 cessum
2408 4116 2467 4162 ut
2504 4107 2676 4183 virum
2717 4106 3210 4183 pietateAinsignem
3254 4111 3303 4183 in
3348 4113 3708 4183 presbyterum

2159 4185 2497 4251 consecraret
2521 4177 2573 4230 in
2599 4191 2692 4251 s_u_a
2721 4176 2941 4251 ditecesi
2967 4177 3327 4248 Lugdunensi,
3351 4176 3711 4251 cujus'ditioni

2158 4246 2320 4301 etiam
2360 4246 2517 4321 hodie
2553 4247 2792 4315 subjacet
2832 4246 3068 4304 Jurense
3098 4246 3514 4318 monasterium;
3560 4268 3588 4306 a
3617 4266 3712 4321 quo

2159 4333 2277 4370 cum
2311 4332 2423 4388 inec
2462 4316 2709 4384 Geneva,
2758 4334 2877 4388 quae
2922 4329 3003 4374 est
3046 4322 3336 4388 provincia:
3367 4316 3709 4385 Viennensis;

2160 4402 2269 4461 nec
2308 4387 2665 4461 Lugdunum,
2715 4404 2813 4444 nec
2862 4387 3110 4461 Vesontio
3159 4392 3444 4461 plurimum
3491 4394 3708 4454 distent,

2087 4480 2141 4540 υ
2164 4457 2392 4540 difﬁcile
2412 4474 2517 4540 non
2546 4468 2629 4540 est
2657 4461 2861 4515 credito
2888 4460 3139 4540 Hilarium
3161 4457 3281 4540 sua:
3300 4466 3602 4540 provincia:
3625 4464 3713 4540 Ec—

2163 4530 2353 4583 clesias
2381 4528 2715 4598 lustrantem,
2748 4546 2867 4585 cum
2899 4532 3166 4588 Germano
3190 4528 3640 4590 Autissiodurensi
3668 4541 3714 4587 et

2164 4597 2430 4653 Eucherio
2458 4599 2796 4668 Lugdunensi
2820 4603 3157 4658 convenisse.
3201 4603 3316 4659 Jam
3347 4620 3476 4660 vero
3501 4606 3569 4659 ad
3595 4605 3712 4660 alias

2162 4670 2834 4749 probationespergamus,
2858 4672 3050 4749 quibus
3077 4673 3411 4749 Celidonium
3443 4676 3712 4749 Vesontio-

2163 4742 2408 4794 nensium
2440 4742 2747 4809 episcOpum
2794 4742 2901 4796 non
2939 4743 3129 4809 fuisse,
3173 4745 3338 4801 immo
3368 4762 3469 4802 nec
3512 4746 3716 4803 alterius

2164 4810 2478 4881 metropolis
2506 4811 2739 4881 civitatis
2765 4814 3043 4881 probatum
3072 4814 3230 4870 imus.

2234 4880 2360 4953 CAP.
2412 4881 2499 4934 Ill.
2562 4880 2879 4953 Celidonium
2928 4900 3016 4938 nec
3064 4884 3582 4953 Vesontionensium,
3632 4902 3715 4940 nec

2166 4951 2387 5029 cujusvis
2408 4952 2746 5029 metropoleos
2768 4956 3064 5029 episcopum
3084 4956 3260 5029 fuisse,
3285 4959 3401 5012 aliis
3421 4951 3720 5029 argumentis

2166 5025 2429 5099 probatur.
2453 5052 2525 5099 _—-
2553 5022 2823 5099 lniirmato
2852 5022 3008 5099 quod
3027 5022 3091 5099 ert
3120 5022 3324 5083 Vita'S.
3355 5022 3581 5084 Romani
3609 5043 3720 5099 pro-

2162 5092 2683 5171 fcrtur__testirn_onio,
2716 5092 2918 5171 nullum
2942 5095 3089 5171 aliud
3118 5110 3495 5171 superestquo
3517 5102 3592 5171 (a)
3611 5092 3719 5153 inc—

2165 5163 2483 5238 tropolitana
2507 5164 3015 5238 _Vesor_itionensium
3040 5163 3269 5237 dignitas
3296 5163 3585 5225 Gelidonio'
3610 5184 3721 5238 pos-

2161 5235 2231 5287 sit
2264 5234 2552 5308 vindicari,
2594 5234 2689 5308 sed
2734 5250 2835 5292 nec
2880 5237 2987 5291 ulla
3020 5234 3120 5308 est'
3144 5240 3283 5293 ratio
3326 5256 3444 5308 qua:
3487 5234 3640 5294 aliam
3681 5238 3721 5291 ei

2160 5306 2500 5372 metrOpolim
2545 5304 2917 5379 assignandam
2953 5307 3037 5362 vel
3080 5309 3266 5363 leviter
3294 5304 3518 5379 probet;
3571 5313 3721 5365 immo

2160 5390 2266 5453 non
2300 5386 2379 5430 est
2410 5390 2513 5453 una
2544 5391 2663 5453 qua;
2699 5377 2849 5437 illum
2887 5377 3355 5449 metropolitanum
3396 5394 3717 5453 nequaquam

2160 5443 2327 5501 fuisse
2357 5446 2530 5514 palam
2554 5443 2736 5503 faciat.

1524 5547 2080 5607 BALLERINIORUM
2120 5553 2667 5616 ANNOTATIONES.

558 5638 641 5769 ac)
665 5641 779 5699 Hoc
810 5648 969 5713 caput
991 5640 1255 5698 refellitur
1273 5642 1329 5696 in
1349 5641 1562 5696 observ.
1583 5650 1718 5709 part.
1740 5657 1778 5707 ι,
1802 5655 1853 5696 c.
1870 5643 1904 5696 2
1926 5652 1977 5697 et
1996 5645 2050 5707 3,

560 5710 576 5767 l
635 5712 814 5769 onium
855 5722 1034 5769 autem
1085 5728 1192 5769 non
1245 5712 1667 5769 metronolitam.
1718 5711 1812 5767 sed
1853 5728 2050 5769 nierum

491 5709 815 5785 Gelidonium
855 5709 1034 5773 autem
1085 5728 1192 5771 non
1245 5712 1667 5783 metropolitam,
1718 5711 1812 5767 sed
1853 5728 2059 5771 nierum

2162 5645 2842 5726 fuisse_episcopum,_,qui
2890 5650 3159 5726 primariae
3201 5651 3571 5726 Sequanorum
3612 5651 3723 5712 urbi

2169 5717 2510 5791 praesidebat,
2539 5717 2867 5792 probabilius
2891 5717 3245 5796 ostendimus,
3273 5717 3321 5784 ἐ.
3351 5726 3405 5799 3,
3434 5730 3488 5783 n.
3516 5732 3569 5788 8.
