3984 6306
241 287 338 346 Ml

923 293 1220 354 DlSSEB'F.
1262 296 1325 351 ν.
1368 294 1706 350 APOLOGIA
1750 292 1881 349 PRO
1922 295 1977 347 S.
2022 293 2296 351 MILAlllO
2336 298 2781 359 AHELATENSI.

3365 296 3470 354 ιω

310 405 547 481 Primum
579 405 632 462 in
652 410 961 481 narratione
988 424 1148 481 quam
1176 409 1245 464 de
1270 408 1370 465 hoc
1401 410 1617 479 negotio
1644 406 1799 481 insti-
1826 409 1876 466 Λ
1905 406 2202 481 sanctitatis
2249 408 2609 481 doctrinaeque
2650 411 2952 479 opinionem
3001 419 3159 481 atque
3207 406 3262 465 iu
3307 408 3469 465 rebus

243 477 343 549 tuit
364 475 476 549 Leo
503 478 559 534 in
582 479 806 549 epistola
835 495 925 534 sua
956 480 1022 534 ad
1053 480 1399 546 Viennenses,
1428 475 1495 536 ef
1515 481 1564 533 in
1593 494 1655 535 ea
1686 479 1801 546 ipsa

243 548 482 618 epistola:
530 548 682 619 parte
719 551 772 605 in
816 566 917 621 qua
960 552 1137 605 omnia
1182 552 1423 621 congerit
1460 566 1577 619 quae
1614 559 1799 604 contra

242 633 477 691 canones
504 621 817 691 regulasqne
842 621 1134 691 disciplinae
1162 622 1261 677 sibi
1289 630 1579 689 arrogant,
1606 621 1800 676 Leonis

242 689 472 759 judicio,
501 690 663 763 769
688 692 949 756 Hilarius,
980 689 1060 747 ne
1102 694 1321 747 verbum
1367 694 1579 763 quidem
1626 692 1802 763 legere

242 771 327 816 est
368 776 434 817 ex
469 762 572 831 quo
613 762 680 817 de
718 763 1109 829 mctrOpolitica
1135 762 1399 819 Celidonii
1436 764 1689 832 dignitate
1718 762 1803 818 vel

243 832 511 891 levissima
538 834 771 902 suspicio
804 834 1032 889 suboriri
1070 834 1257 902 possit.
1297 835 1635 890 Ventilentur
1659 836 1799 888 enim

244 903 463 973 syllaba:
490 918 674 975 omnes
704 905 985 975 apicesque
1008 906 1197 972 capitis
1226 905 1390 970 tertii,
1432 906 1485 959 in
1523 921 1630 975 quo
1670 920 1807 972 prae-

243 979 427 1032 sertim
475 990 558 1029 res
601 974 859 1029 Celidonii
903 986 1160 1044 aguntur;
1210 976 1343 1030 nihil
1386 977 1492 1029 tale
1536 974 1800 1030 Occurret.

247 1044 393 1103 Hanc
419 1046 625 1101 unicam
656 1060 846 1100 noxam
883 1061 949 1101 eo
992 1046 1094 1101 loci
1138 1048 1361 1115 imputat
1392 1047 1624 1109 Hilario,
1666 1044 1808 1114 quod

246 1119 552 1186 episcopum
590 1116 898 1185 deposuerit
932 1116 1038 1170 tale
1076 1116 1207 1171 nihil
1247 1126 1539 1171 merentem
1569 1134 1581 1167 :
1614 1118 1809 1186 quippe

286 1190 334 1242 ni
364 1185 639 1242 convictus
670 1202 773 1240 non
803 1198 919 1240 erat
946 1186 1061 1253 ejus
1099 1187 1339 1241 criminis
1358 1228 1372 1250 ,
1418 1194 1641 1255 propter
1670 1185 1809 1253 quod

283 1256 593 1327 epositionis
640 1271 797 1323 poena
842 1256 1201 1320 infligebatur.
1254 1257 1443 1325 Arguit
1487 1256 1645 1327 etiam
1692 1272 1811 1311 enm

244 1326 389 1396 quod
415 1329 579 1382 multa
609 1326 862 1383 elfutierit
886 1327 1202 1381 reverentiae
1226 1327 1468 1394 apostolo
1510 1326 1669 1381 Petro
1712 1327 1809 1381 de-

245 1398 394 1464 bitae,
410 1408 462 1453 et
483 1397 802 1453 sacerdotali
824 1396 1215 1451 mansuetudini
1239 1398 1525 1452 contraria.
1549 1397 1618 1451 At
1639 1398 1811 1462 quoad

246 1468 393 1524 illam
432 1483 648 1523 causam
688 1482 792 1521 non
835 1466 884 1520 ei
926 1466 1111 1531 objicit
1138 1466 1397 1521 defectum
1425 1466 1810 1534 jurisdictionis

252 1539 311 1593 in
343 1538 709 1601 Celidonium,
756 1551 861 1591 non
906 1535 1181 1592 imminuta
1221 1537 1613 1604 metropolitani
1660 1538 1814 1591 ullius

252 1609 493 1678 episcOpi
518 1607 659 1676 jura,
683 1624 786 1663 non
812 1607 1035 1678 violatos
1059 1608 1245 1678 aliena:
1274 1608 1556 1678 provinciae
1584 1607 1807 1678 limites:

253 1676 378 1748 qua:
405 1676 581 1732 omnia
615 1692 719 1734 non
746 1676 1033 1748 omisisset,
1064 1676 1156 1731 sed
1186 1679 1358 1743 potius
1384 1677 1489 1748 vim
1504 1678 1565 1748 _in
1603 1677 1706 1731 illis
1734 1676 1812 1731 fe-

255 1746 419 1804 cisset
442 1748 747 1810 maximam,
774 1746 967 1816 quibus
996 1756 1251 1801 temerata
1284 1748 1449 1815 magis
1475 1746 1808 1802 Nicaenorum

252 1833 517 1873 canonum
553 1817 818 1871 videretur
846 1816 1135 1871 auctoritas
1176 1831 1240 1873 ac
1281 1816 1488 1887 religio.
1541 1817 1809 1885 Quemad-

244 1889 466 1942 modum
497 1888 583 1942 ubi
614 1887 841 1954 Projecti
867 1888 1129 1955 negotium
1158 1896 1353 1952 versat,
1385 1887 1561 1942 statim
1595 1890 1809 1955 provin-

246 1958 455 2013 ciarum
488 1956 767 2012 distinctos
796 1956 993 2028 limites
1017 1959 1287 2024 opponit,.
1315 1972 1447 2025 quos
1495 1960 1808 2028 metropoli-

244 2029 387 2082 tanis
414 2028 559 2083 nefas
592 2028 660 2082 sit
689 2027 1003 2096 transgredi.
1042 2028 1176 2094 Quid
1203 2028 1318 2089 sibi,
1352 2029 1540 2098 inquit,
1576 2027 1809 2085 Hilarius

240 2100 429 2167 quierit
476 2099 529 2151 in
575 2098 745 2153 aliena
790 2099 1087 2168 provincia?
1112 2107 1215 2153 etc.
1269 2098 1411 2153 Nihil
1440 2102 1543 2153 tale
1570 2109 1721 2167 urget
1754 2102 1807 2156 in

240 2169 473 2249 gratiam
487 2169 753 2249 _Celidonii
776 2184 791 2221 :
824 2170 924 2221 hoc
949 2184 1075 2249 vero
1101 2184 1271 2249 unum,
1293 2169 1514 2249 profert,
1538 2185 1643 2238 quo
1665 2171 1811 2227 illum

241 2238 445 2307 injuste
470 2239 773 2307 depositum
799 2247 1006 2308 arguat,
1036 2239 1311 2294 manifesta
1346 2240 1555 2294 testium
1584 2256 1811 2308 respon-

239 2311 399 2365 sione
441 2311 754 2378 patefactam
795 2324 914 2365 esse
956 2309 1151 2380 objeCti
1194 2308 1448 2366 adversus
1481 2310 1813 2369 Celidonium

240 2381 488 2436 criminis
515 2380 820 2436 falsitatem.

309 2451 367 2505 2.
418 2451 552 2507 Huic
576 2458 891 2521 argumento
922 2450 1083 2521 (quod
1115 2451 1213 2506 etsi
1244 2452 1548 2521 negativum
1577 2460 1811 2508 tantum-

238 2522 409 2576 modo
431 2523 553 2593 isit,
596 2520 953 2593 decretorium
986 2530 1159 2576 tamen
1189 2522 1421 2593 videtur)
1454 2524 1702 2579 succedat
1728 2541 1814 2580 as-

236 2592 560 2647 sertorium.
588 2593 741 2660 Quod
768 2592 825 2647 S.
856 2592 964 2646 Leo
989 2592 1429 2661 metropoliticam
1462 2596 1512 2648 in
1538 2594 1813 2651 Celidonio

234 2661 560 2732 dignitatem
584 2678 687 2717 non
713 2662 1008 2731 agnoverit,
1031 2662 1125 2717 sed
1150 2666 1323 2730 potius
1342 2662 1672 2721 Celidonium
1704 2683 1813 2720 me-

237 2734 568 2803 tropoliticaa
616 2733 796 2787 Hilarii
843 2734 1088 2801 potestati
1127 2734 1425 2801 subjectum
1468 2736 1631 2791 fuisse
1676 2738 1812 2792 ultro

238 2802 533 2875 confessus
560 2804 647 2875 sit,
672 2805 925 2875 evincunt
944 2802 1136 2858 Leonis
1158 2804 1340 2870 verba,
1365 2806 1557 2875 quibus
1578 2807 1815 2863 declarat

235 2874 301 2928 ad
333 2890 501 2929 suum
530 2873 774 2931 effectum
803 2874 1195 2943 perducendum
1224 2873 1394 2932 fuisse
1418 2876 1601 2931 Hilarii
1627 2877 1814 2933 adver-

234 2958 330 2999 sus
352 2944 700 3016 Celidonium
740 2948 1081 3016 sententiam,
1123 2944 1167 2998 si
1195 2946 1439 3016 objecta,
1486 2957 1717 3016 acceptas
1760 2950 1813 3003 in

236 3032 469 3071 uxorem
496 3015 668 3070 viduas
694 3016 960 3071 accusatio
988 3014 1238 3084 legitimis
1261 3014 1323 3070 ac
1346 3018 1446 3072 fide
1468 3014 1642 3083 dignis
1667 3019 1817 3073 testi-

234 3084 334 3141 bus
369 3087 597 3156 probata
628 3086 835 3141 fuisset.
870 3085 1139 3139 Mansisset
1169 3102 1385 3156 namque
1435 3090 1487 3140 in
1524 3087 1697 3148 illum,
1734 3088 1815 3143 in—

1903 476 2126 548 agendis
2151 478 2394 547 peritiam
2424 476 2703 546 plurimum
2729 476 3128 549 suspiciebani?

1972 551 2043 623 At
2059 564 2216 623 vero,
2240 550 2472 623 inquies,
2496 566 2675 606 revera
2703 553 2916 623 scripsit
2944 552 3003 608 8.
3035 551 3143 607 Leo
3170 551 3235 623 ad
3259 551 3471 622 episcoo

1904 634 2001 689 pos
2028 621 2273 675 Maxima:
2299 620 2690 689 Sequanorum,
2717 620 2864 688 cujus
2890 624 2962 678 rei
2990 631 3180 679 testem
3208 620 3467 680 habemus

1903 692 2269 745 doctissimum
2314 691 2688 756 Sirmondum,
2733 695 2820 761 qui
2868 703 2998 749 tom.
3044 695 3062 749 l
3107 694 3463 749 Conciliorum

1904 761 2093 817 Gallia:
2122 761 2361 816 addenda
2402 764 2543 817 notis
2573 762 2682 815 suis
2712 764 2775 816 ad
2804 766 2999 819 calcem
3038 780 3351 832 recensens,
3394 766 3471 821 ait

1913 834 1964 905 in
1996 832 2408 905 veterescheda
2445 832 2727 905 epistolam
2767 834 2832 888 de
2870 851 2973 902 qua
3012 836 3213 905 agimus
3258 853 3359 890 non
3403 836 3469 891 ad

1908 902 2227 957 Viennensis
2258 912 2460 957 tantum
2493 904 2799 971 provinciae,
2827 905 2921 959 sed
2950 902 3105 958 etiam
3136 907 3203 959 ad
3232 906 3471 963 Maxima:

1908 974 2276 1030 Sequanorum
2307 976 2589 1040 episcOpos
2622 975 2838 1028 missam
2872 975 3108 1037 inscribi,
3141 980 3241 1030 hoc
3270 978 3464 1031 modo:

1911 1042 2273 1097 Dilectissimis
2306 1046 2553 1099 universis
2588 1045 2839 1113 episcopis
2878 1061 2967 1113 per
2994 1048 3271 1112 provincias
3304 1047 3471 1102 Maxi-

1912 1130 2046 1166 mam
2100 1114 2452 1183 Sequanorum
2505 1125 2554 1169 et
2604 1114 2963 1169 Viennensium
3013 1116 3295 1169 constitutis
3346 1117 3465 1171 Leo.

1920 1183 2032 1252 Ego
2062 1194 2295 1255 veterem
2326 1186 2469 1238 illam
2500 1184 2770 1255 schednm,
2800 1184 3086 1239 admodum
3112 1196 3341 1255 veterem
3372 1203 3475 1242 nun

1915 1269 2036 1323 esse
2067 1253 2412 1310 vehementer
2440 1256 2703 1322 suSpiCor,
2746 1253 2838 1309 sed
2881 1258 3056 1323 potius
3087 1272 3149 1309 ex
3179 1254 3363 1309 eadem
3394 1257 3476 1309 of-

1918 1322 2073 1377 ficina
2107 1325 2315 1391 prodire
2347 1340 2408 1379 ac
2445 1341 2674 1392 pannum
2709 1326 2857 1381 illum
2888 1322 3209 1381 adscilitintn
3245 1324 3375 1379 Vita:
3415 1326 3473 1380 S.

1915 1393 2163 1448 Romani.
2197 1395 2325 1461 Quis
2348 1411 2506 1461 porro
2526 1395 2819 1450 chartulam
2847 1398 3064 1451 incertae
3086 1395 3261 1449 aetatis
3280 1410 3341 1450 ac
3361 1394 3481 1450 fidei

1913 1472 2201 1531 anteponat
2227 1466 2473 1519 omnibus
2498 1467 2893 1529 exemplaribus
2926 1478 3030 1521 tam
3062 1467 3294 1531 excusis,
3318 1481 3479 1531 quam

1913 1548 2072 1587 manu
2111 1537 2361 1599 exaratis,
2404 1536 2491 1602 qui
2538 1538 2689 1591 nobis
2729 1537 2864 1591 hanc
2901 1538 3179 1595 epistolam
3223 1538 3481 1591 hactenus

1911 1603 2028 1658 sine
2069 1606 2168 1659 ulla
2207 1606 2477 1659 mentione
2512 1609 2882 1670 episcoporum
2924 1608 3166 1661 Maximus
3199 1606 3477 1675 Sequano-

1913 1690 2028 1747 rum
2067 1677 2561 1743 reprassentarunt?
2610 1678 2672 1731 2ο
2704 1678 2814 1747 Qua
2862 1679 3085 1740 ratione,
3132 1678 3175 1731 si
3218 1678 3281 1730 ad
3324 1677 3479 1745 hujus

1914 1745 2112 1817 pariter
2143 1747 2427 1817 provincia:
2456 1745 2743 1817 episcopos
2763 1749 3028 1803 destinata
3058 1757 3230 1815 esset,
3265 1747 3391 1801 nihil
3423 1748 3476 1802 itt

1915 1814 2031 1888 ejus
2058 1818 2196 1871 serie
2222 1814 2707 1886 deprehenderetur
2733 1835 2797 1875 ex
2823 1836 2927 1888 quo
2954 1819 3018 1872 ad
3048 1833 3144 1871 eos
3176 1833 3479 1873 sermonem

1916 1900 1974 1939 se
2017 1886 2213 1942 habere
2251 1888 2573 1957 significaret
2614 1886 2890 1955 pontifex?
2936 1898 2991 1943 at
3034 1889 3235 1943 nullum
3274 1897 3480 1955 exstat,

1915 1971 2123 2025 quaqua
2156 1966 2298 2026 patet
2329 1959 2443 2013 haec
2469 1962 2711 2027 epistola,
2748 1961 2829 2015 vel
2862 1960 3183 2014 levissimum
3216 1959 3372 2027 hujus
3399 1958 3480 2014 rel

1916 2028 2227 2101 νβδίῖείιὶφῖ
2271 2030 2434 2084 immo
2463 2046 2591 2085 vero
2619 2032 2810 2101 ubique
2842 2030 3038 2101 indicat
3074 2044 3134 2083 se
3173 2029 3328 2084 unius
3358 2043 3484 2097 pro-

1915 2099 2104 2172 vincite
2130 2098 2441 2172 Viennensis
2469 2098 2748 2172 episcopos
2778 2100 2992 2172 alloqui,
3026 2110 3084 2153 ut
3113 2115 3231 2155 cum
3262 2101 3312 2153 itt
3344 2114 3480 2167 prai-

1918 2166 2137 2255 fatione"
2172 2171 2283 2224 haec
2333 2166 2527 2255 habet}
2587 2166 2767 2227 Vestra
2816 2166 3108 2255 [raiernitas
3156 2166 3482 2255 recognOscat

1917 2240 2252 2313 apostolicam
2268 2242 2462 2313 gsedem
2489 2261 2520 2296 a
2547 2253 2725 2297 vestra:
2761 2240 2909 2297 etiam
2944 2242 3213 2313 provincia:
3249 2240 3485 2313 sacerdo-

1919 2310 2076 2381 tibus,
2106 2323 2211 2367 etc.
2265 2311 2326 2365 5ο
2360 2312 2475 2381 Ipsa
2518 2314 2654 2367 tituli
2695 2313 2861 2368 forma
2910 2310 3249 2381 iinpostorem
3290 2311 3481 2381 arguit.

1918 2380 2046 2454 Quis
2085 2383 2226 2436 enim
2268 2380 2397 2453 legit
2436 2400 2681 2454 umquam
2730 2380 3039 2453 provinciam
3079 2382 3482 2454 Viennensium?

1918 2450 2150 2506 Tametsi
2179 2450 2399 2523 legimus
2423 2450 2671 2509 civitatem
2706 2450 3079 2517 Viennensium,
3108 2470 3223 2523 qua:
3260 2468 3289 2507 a
3318 2452 3480 2507 Vien-

1918 2523 2172 2578 nensibus
2212 2526 2416 2592 populis
2456 2526 2724 2592 incolitur,
2758 2528 2894 2580 sicut
2931 2534 2985 2580 et
3018 2524 3471 2591 Lugdunensium,

1916 2607 2035 2659 qua:
2064 2608 2093 2645 a
2121 2593 2579 2667 Lugdunensihns.
2633 2597 2701 2652 At
2726 2595 3305 2667 quemadmodnmgnou
3337 2595 3471 2667 dici-

1919 2672 2003 2716 tur
2039 2666 2307 2737 provincia
2341 2665 2769 2737 Lugdunensium
2805 2670 3004 2737 pritna,
3052 2665 3478 2737 Lugdunensium

1916 2735 2169 2801 secunda,
2205 2745 2336 2800 etc.,
2382 2735 2449 2792 ita
2491 2754 2775 2806 numquam
2806 2735 2954 2793 dicta
2997 2747 3077 2791 est
3108 2736 3485 2790 Viennensium

1919 2806 2213 2871 provincia,
2242 2808 2361 2873 quia
2392 2810 2598 2876 p0pnli,
2643 2808 2733 2876 qui
2766 2808 3091 2863 Viennenses
3120 2806 3479 2875 appellantur,

1919 2889 2025 2928 non
2048 2885 2211 2929 totam
2239 2879 2586 2944 provinciam,
2616 2878 2699 2933 cui
2728 2878 2855 2932 dant
2885 2892 3100 2939 nomen,
3132 2876 3484 2943 occupabant,

1918 2948 2012 3016 sed
2044 2946 2306 3000 modicam
2336 2960 2535 3016 partem
2568 2947 2893 3014 provinciae,
2941 2961 3059 3015 quas
3106 2946 3159 2999 in
3203 2944 3487 2999 duodecim

1919 3014 2056 3067 alios
2088 3016 2311 3082 populos
2338 3014 2698 3072 dividebatur.

1994 3085 2263 3137 Adversus
2308 3087 2442 3141 hanc
2484 3096 2719 3142 nostram
2766 3086 2834 3140 de
2871 3085 3130 3139 Celidonii
3180 3084 3491 3151 episcopatu

234 3149 383 3224 quit,
405 3155 614 3227 prolata
633 3158 904 3220 sententia,
924 3158 968 3209 si
991 3149 1504 3227 objectorum'veritus
1526 3159 1815 3213 exstitisset.
1846 3149 1890 3212 C
1923 3155 2081 3225 771
2110 3156 2437 3227 opinionem,
2470 3157 2572 3211 erit
2598 3159 2685 3224 qui
2712 3157 2929 3225 objiciat
2951 3156 3065 3209 hznc
3091 3155 3261 3209 sancti
3298 3149 3491 3208 Leonis

235 3229 379 3293 Quid
432 3226 535 3281 hoc
571 3229 846 3283 enimvero
882 3235 996 3293 est,
1044 3226 1147 3280 nisi
1192 3229 1598 3295 metropoliticis
1639 3228 1820 3284 Hilarii

236 3298 459 3370 juribus
498 3299 869 3370 subscribere,
912 3298 1267 3370 ejusdemque
1293 3297 1345 3351 in
1377 3298 1706 3353 Celidonium
1732 3300 1822 3370 ju-

241 3369 622 3438 risdicrionem
672 3366 868 3423 fateri?
923 3366 1075 3435 Quod
1127 3368 1431 3438 neutiquam
1485 3366 1747 3437 fecisset,
1776 3372 1821 3425 si

240 3436 567 3512 Celidonius
612 3438 1062 3512 iisdem_jttribus
1114 3436 1497 3512 potitus_esset
1545 3438 1597 3512 in
1646 3436 1820 3512 aliqua

234 3510 557 3577 provincia,
597 3509 893 3579 praesertim
923 3524 1050 3563 vero
1103 3507 1145 3579 si
1192 3510 1245 3562 in
1292 3509 1521 3563 Maxima
1551 3507 1823 3579 Sequano-

232 3595 378 3645 rum,
427 3580 497 3635 de
536 3577 642 3648 qua
684 3594 795 3634 sua:
836 3579 1023 3633 ditioni
1062 3577 1391 3647 subjicienda
1438 3596 1504 3635 ne
1550 3577 1821 3649 personi-

234 3652 388 3706 nium
424 3650 641 3719 quidem
664 3648 991 3720 cogitaverat
1017 3665 1265 3718 umquam
1300 3648 1559 3705 Hilarius.
1585 3652 1821 3709 Conces-

231 3736 353 3776 sum
387 3731 540 3777 esset
567 3736 697 3777 vere
735 3720 935 3775 Hilario
970 3720 1056 3787 jus
1098 3720 1149 3774 in
1193 3722 1419 3777 alienam
1471 3725 1815 3790 provinciam,

232 3793 373 3918 quos!
420 3792 492 3847 ab
529 3807 595 3848 eo
634 3792 774 3848 male
811 3792 1095 3861 quzcsitum
1134 3806 1257 3847 esse
1297 3803 1404 3846 tant
1442 3794 1635 3849 acerbe
1673 3794 1819 3865 obje-

232 3872 313 3916 cta
358 3874 513 3918 atnr.

230 3872 513 3922 stabatur.

302 3933 357 3987 5.
405 3933 791 3989 Probationem
830 3933 987 3989 aliam
1030 3933 1265 4003 eruimus
1308 3949 1376 3989 ex
1418 3934 1537 3989 aliis
1580 3936 1820 4003 ejusdem

232 4005 492 4073 epistola:
527 4005 701 4059 verbis
739 4020 856 4074 cap.
884 4004 955 4057 2:
991 4002 1292 4069 Nobiscum,
1325 4005 1513 4073 inquit,
1543 4002 1709 4075 itaque
1738 4024 1821 4061 re-

231 4085 520 4143 cognoscat
567 4083 734 4129 vestra
772 4074 1069 4144 fraternitas
1110 4076 1443 4143 apostolicam
1480 4074 1677 4141 sedem,
1730 4095 1822 4144 pro

231 4147 313 4197 sui
341 4147 659 4209 reverentia,
689 4164 720 4200 a
744 4156 920 4200 vestrte
951 4146 1103 4198 etiam
1147 4145 1418 4209 provincia:
1456 4147 1820 4211 sacerdotibus,

231 4216 533 4270 innumeris
564 4216 892 4271 relationibus
922 4232 1027 4269 esse
1057 4217 1359 4278 consultam,
1396 4224 1443 4268 et
1481 4233 1569 4283 per
1598 4217 1825 4270 diversa-

228 4302 350 4358 rum
378 4286 839 4358 (quemadmodum
865 4295 1007 4340 vetus
1034 4286 1339 4338 consuetudo
1368 4284 1622 4358 poscebat)
1648 4286 1825 4358 appel-

231 4356 492 4412 lationem
516 4374 788 4411 causarum
809 4368 896 4411 aut
922 4366 1199 4410 retractata
1224 4366 1312 4409 aut
1342 4356 1641 4424 conﬁrmata
1673 4357 1826 4425 fuisse

220 4428 466 4495 judicia,
498 4438 601 4482 etc.
645 4428 699 4483 Si
735 4428 801 4482 de
832 4426 1170 4495 nietrOpolita
1198 4426 1283 4481 vel
1312 4427 1378 4480 de
1408 4429 1660 4494 episcopo
1687 4427 1821 4481 alte-

228 4498 347 4552 rius
378 4498 674 4565 provincia:
705 4514 861 4567 quam
886 4497 1209 4553 Viennensis
1230 4498 1451 4565 ejusque
1473 4498 1825 4566 appellatione

229 4582 536 4637 ageretur,
585 4584 740 4639 quam
790 4570 860 4623 ob
907 4567 1490 4639 causamiViennensis
1542 4568 1826 4635 provincia:

227 4640 533 4708 episcopos
572 4638 940 4709 compellaret,
974 4648 1031 4693 ut
1058 4638 1218 4709 770
1247 4640 1298 4692 in
1332 4638 1643 4692 memoriam
1672 4654 1827 4693 revo-

228 4720 431 4765 carent
480 4710 767 4766 relationes
809 4710 1332 4775 consultattonesque
1381 4725 1410 4763 a
1450 4709 1559 4763 suis
1601 4710 1821 4778 missas,

228 4781 744 4851 appellationesque
773 4780 901 4833 olim
935 4780 1276 4851 interpositas
1303 4779 1369 4833 ad
1395 4779 1575 4835 sedem
1606 4793 1824 4851 aposto-

227 4850 399 4906 licam
432 4868 502 4905 ex
532 4850 747 4919 antiqua
778 4851 919 4905 illius
950 4850 1237 4920 pr0vinci:e
1266 4850 1690 4905 consuetudine?
1717 4853 1823 4906 Cur

227 4923 423 4990 potius
468 4923 851 4991 appellationes
891 4938 997 4976 non
1036 4929 1422 4975 commemorat
1459 4936 1523 4975 ex
1564 4921 1655 4975 illa
1697 4937 1823 4988 pro-

223 4994 416 5049 vincia
462 4990 685 5056 delatas,
729 4994 813 5047 cui
856 4992 973 5057 jure
1016 4990 1425 5059 metropolitico,
1466 4993 1509 5045 si
1552 4991 1623 5044 ita
1655 5000 1823 5046 estut

226 5065 459 5128 volunt,
489 5072 718 5133 praeerat
744 5062 1095 5117 Celidonius?
1138 5062 1248 5116 Hoc
1276 5077 1379 5115 non
1413 5062 1535 5117 fecit
1565 5062 1695 5126 Leo,
1726 5064 1819 5117 scd

221 5136 422 5204 potius
445 5150 513 5189 ex
538 5135 808 5204 provincia
829 5133 1112 5189 Viennensi
1134 5133 1550 5202 appellationum
1576 5136 1822 5201 exempla

220 5206 563 5271 arcessivit,
604 5208 724 5275 quia
762 5219 951 5259 revera
978 5205 1200 5274 quaestio
1228 5212 1343 5258 erat
1369 5204 1435 5258 de
1463 5204 1821 5273 appellatione

222 5275 487 5346 episcopi
514 5278 649 5331 intra
678 5275 831 5346 illam
852 5275 1174 5346 provinciam
1200 5275 1493 5329 constituti.

299 5350 361 5404 4.
402 5343 472 5403 Si
500 5362 606 5402 non
635 5362 699 5402 ex
726 5362 789 5402 ea
817 5345 1002 5401 fuisset
1024 5343 1354 5412 Celidonius,
1381 5346 1473 5401 sed
1502 5361 1566 5401 ex
1595 5345 1821 5401 Maxima

218 5417 643 5488 Sequanorum,
667 5432 767 5488 cur
794 5418 933 5488 illius
960 5418 1137 5487 potius
1155 5432 1318 5488 quam
1353 5416 1508 5488 hujus
1536 5418 1822 5488 provincia:

219 5486 535 5558 episcOpos
560 5487 865 5543 sollicitavit
890 5486 948 5542 S.
968 5486 1079 5543 Leo
1102 5487 1357 5543 adversus
1385 5486 1684 5558 Hilarium?
1712 5486 1818 5542 Cur

215 5557 288 5615 ad
338 5559 686 5615 Viennenses
734 5559 940 5614 litteras
990 5559 1186 5621 mittit,
1240 5574 1347 5612 non
1395 5559 1461 5611 ad
1510 5557 1815 5626 Sequanos,

215 5646 369 5699 quos
418 5632 608 5699 utique
649 5629 857 5685 facilius
894 5641 1009 5685 erat
1051 5632 1104 5684 in
1148 5628 1403 5699 Hilarium
1444 5641 1817 5699 commovere,

218 5697 434 5773 utpote
470 5697 612 5773 quos,
629 5700 772 5773 nulla
799 5700 1196 5773 necessitudine
1215 5699 1315 5751 sibi
1343 5697 1625 5752 devinctos
1657 5698 1819 5753 habeo

214 5768 343 5841 ba‘t,
364 5768 543 5845 quam
560 5770 905 5843 Viennenses,
922 5768 1016 5843 qui
1037 5770 1291 5829 Hilarium
1315 5776 1531 5839 pr0pter
1554 5782 1815 5826 summam

1860 4534 1907 4593 Ι)

1928 3227 2118 3287 verba,
2165 3226 2357 3294 quibus
2396 3228 2463 3281 ab
2504 3243 2567 3281 eo
2609 3228 2835 3281 I'lilaritts
2876 3238 3175 3287 accusatur,
3222 3233 3491 3291 tamquam

1928 3296 2271 3369 ordinationes
2300 3299 2395 3351 sibi
2421 3300 2643 3353 omnium
2672 3316 2759 3369 per
2781 3297 2977 3353 Gallias
3012 3295 3354 3369 Ecclesiarnm
3384 3296 3491 3348 ttin-

1925 3367 2124 3434 dicans,
2149 3378 2194 3421 et
2215 3369 2440 3440 debitam
2466 3367 2875 3440 metmpolitunis
2890 3368 3231 3423 sacerdotibus
3262 3368 3312 3440 in
3342 3383 3492 3440 suum

1916 3440 2008 3509 jus
2049 3439 2360 3509 transferens
2391 3436 2687 3509 dignitatem
2712 3458 2731 3505 ;
2776 3439 2963 3508 quibus
2991 3440 3167 3494 verbis
3198 3438 3355 3505 vulgo
3382 3436 3493 3491 exi-

1926 3510 2145 3563 stimant
2168 3508 2471 3581 confirmari
2498 3512 2802 3581 opinionetn
2823 3510 2888 3566 de
2906 3510 3182 3581 Celidonio
3205 3518 3352 3581 extra
3371 3523 3495 3581 pro-

1926 3581 2151 3651 vinciam
2180 3580 2564 3648 Viennensem,
2598 3584 2852 3649 episcopo
2872 3580 3109 3651 judicato
3137 3595 3199 3635 ac
3227 3580 3492 3651 deposito.

1938 3692 1945 3697 ε
1996 3651 2073 3705 Ad
2117 3650 2228 3704 lucc
2268 3654 2565 3722 respondeo
2594 3652 2962 3721 distinguenda
2998 3667 3119 3707 esse
3156 3652 3205 3722 in
3246 3651 3345 3705 hac
3381 3650 3493 3717 epi-

1926 3722 2058 3775 stola
2088 3722 2327 3791 qna‘dam
2355 3721 2472 3793 qua:
2496 3724 2754 3778 tlelidonii
2786 3723 3054 3792 negotium
3080 3721 3331 3789 attinent,
3351 3734 3497 3791 quaa-

1925 3794 2046 3846 dam
2071 3809 2189 3861 qua:
2221 3794 2448 3861 l’rojccti
2473 3810 2685 3849 causam
2729 3803 3003 3861 spectant;
3035 3794 3134 3848 alia
3182 3794 3339 3845 etiam
3377 3807 3495 3859 quae

1926 3865 2139 3932 utrique
2166 3874 2288 3918 sunt
2315 3867 2637 3920 communia.
2690 3866 2853 3933 llujus
2885 3865 3099 3931 generis
3131 3872 3258 3917 sunt
3285 3878 3346 3916 ea
3379 3876 3496 3933 quas

1929 3936 2239 4001 praefatione
2287 3936 2658 4001 continentur,
2712 3932 2779 3988 in
2812 3950 2914 4002 qua
2964 3947 3152 3987 omnes
3200 3932 3495 4002 generatim

1928 4006 2270 4071 prosequitur
2302 4004 2514 4067 llilarii,
2558 4013 2615 4058 ut
2654 4004 2898 4069 putabat,
2943 4016 3229 4063 excessus,
3270 4016 3493 4065 quorum

1928 4070 2016 4125 alii
2049 4070 2371 4141 Projectum.
2406 4077 2491 4127 alii
2521 4073 2876 4137 Celidonium,
2905 4082 3186 4141 utrumque
3213 4072 3296 4141 alii
3328 4070 3497 4141 respi-

1930 4144 2096 4197 ciunt.
2151 4139 2317 4198 Porro
2358 4144 2588 4212 Projecti
2632 4145 2902 4209 negotium
2942 4142 3011 4196 ob
3032 4139 3499 4212 Woculosrhabcbat

1930 4213 2061 4276 Leo,
2093 4228 2213 4267 cum
2245 4208 2606 4268 ordinationes
2633 4208 2867 4265 omnium
2899 4227 2991 4281 per
3010 4210 3207 4265 Gallias
3234 4208 3499 4281 Ecclesia-

1932 4298 2049 4336 rum
2088 4284 2189 4337 sibi
2227 4283 2584 4338 vindicantem
2619 4282 2873 4336 Hilarium
2904 4280 3115 4349 arguit;
3159 4280 3310 4347 cujus
3341 4294 3499 4333 occa-

1931 4354 2082 4407 sione
2114 4355 2163 4407 in
2200 4356 2313 4409 Ittec
2337 4355 2494 4408 verba
2525 4350 2741 4423 erupit:
2778 4352 2912 4419 Quid
2938 4352 3030 4406 sibi
3056 4352 3236 4422 quwrit
3265 4349 3497 4406 Hilarius

1931 4425 1983 4477 in
2025 4424 2192 4478 aliena
2234 4426 2535 4493 provincia?
2563 4436 2669 4481 etc.
2723 4424 2796 4478 De
2827 4423 3085 4478 Cclidonii
3126 4432 3301 4477 autem
3340 4436 3499 4476 causa

1935 4492 2273 4564 intelligenda
2307 4513 2408 4550 non
2439 4510 2587 4560 esse,
2622 4494 2748 4550 inde
2779 4504 2921 4562 patet
2949 4493 3090 4563 quod
3122 4493 3176 4547 in
3202 4508 3262 4548 ea
3298 4509 3403 4549 non
3433 4492 3500 4548 de

1933 4567 2268 4621 ordinatione
2308 4567 2584 4635 agebatur,
2626 4565 2720 4621 sed
2765 4568 2831 4620 de
2870 4566 3201 4635 depositione
3229 4564 3499 4634 episcopi;

1933 4639 1983 4689 in
2024 4638 2176 4705 cojns
2212 4638 2384 4692 locmn
2430 4638 2607 4691 nullus
2646 4636 2821 4692 adhuc
2860 4638 3175 4692 substitutus
3204 4636 3271 4692 ab
3300 4636 3502 4691 Hilario

1932 4709 2097 4762 fuerat
2116 4749 2131 4772 ,
2171 4719 2224 4762 ut
2256 4711 2596 4778 perspicuum
2624 4717 2709 4763 est
2734 4724 2801 4762 ex
2828 4709 2884 4763 8.
2914 4708 3107 4762 Leonis
3136 4707 3372 4773 silentio,
3411 4706 3503 4778 qui

1931 4779 1996 4832 de
2036 4794 2101 4833 eo
2142 4774 2342 4848 aliquid
2388 4774 2604 4833 decreto
2647 4795 2744 4831 suo
2775 4780 3081 4841 statuisset,
3125 4779 3263 4832 sicut
3307 4778 3375 4831 de
3412 4774 3505 4832 illo

1931 4849 2115 4903 statuit
2137 4847 2533 4919 qnimgrolanti
2558 4851 2805 4916 Proiecto
2838 4851 3010 4905 fuerat
3034 4847 3501 4919 superordinatus.

1933 4914 2166 4973 Econlra—
2187 4914 2388 4975 vero'in
2414 4921 2641 4990 Projecli
2664 4914 2903 4988 negotio,
2928 4936 3031 4974 non
3054 4914 3121 4972 de
3143 4914 3500 4990 depositione,

1930 4991 2023 5044 sed
2064 4991 2131 5044 de
2170 4987 2638 5046 ordinationeseu
2688 4987 3188 5060 superordinatione
3238 4987 3301 5039 lis
3344 4994 3500 5060 erat:

1927 5062 2275 5130 quamobrem
2305 5062 2370 5115 ad
2404 5063 2547 5115 illtun
2578 5056 2858 5116 referenda
2891 5072 3012 5114 sunt
3041 5071 3389 5130 quaecumque
3419 5056 3505 5110 hic

1929 5124 1994 5185 de
2018 5131 2216 5185 illicitis
2243 5133 2671 5187 ordinationibus
2696 5150 2727 5184 at
2751 5142 2936 5186 sancto
2961 5124 3136 5183 Leone
3158 5124 3503 5196 objiciuntur.

1927 5204 2009 5257 Ad
2048 5204 2304 5270 majorem
2336 5203 2492 5273 hujus
2526 5203 2625 5257 loci
2672 5204 3082 5273 illustrationem
3115 5198 3297 5273 aliqua
3335 5196 3507 5251 adhuc

1928 5269 2148 5348 dicenda
2178 5284 2303 5348 sunt
2327 5269 2444 5343 quin
2470 5275 2808 5348 commodius
2846 5272 2898 5326 in
2929 5270 3220 5348 secundam
3246 5269 3501 5348 disserta-

1931 5344 2091 5398 tionis
2118 5344 2274 5412 hujus
2304 5341 2507 5412 partetn
2538 5344 2883 5405 diﬂ‘erentur;
2928 5341 3015 5395 ubi
3042 5354 3148 5409 quo
3175 5354 3335 5394 sensu
3366 5341 3507 5391 acci-

1932 5415 2125 5489 pienda
2160 5411 2229 5470 sit
2267 5411 2369 5489 hoc
2406 5416 2525 5489 loco
2551 5413 2907 5489 ordinationis
2935 5426 3067 5475 vox,
3105 5411 3332 5489 et-int‘r’a
3362 5422 3503 5489 quos

1924 5478 2057 5539 fines
2088 5486 2423 5541 coarctandae
2463 5487 2573 5539 sint
2609 5484 2831 5545 Galliae,
2872 5496 3099 5545 quarum
3137 5480 3225 5535 hic
3253 5478 3506 5534 Ecclesia:

1923 5572 2111 5610 omnes
2140 5564 2651 5619 commemorantur,
2680 5563 2926 5618 relegere
2952 5550 3287 5607 conabimur.

1994 5628 2047 5681 5.
2088 5628 2142 5682 Si
2176 5628 2293 5695 quis
2321 5627 2610 5681 Galliarum
2649 5624 2977 5695 statttm‘qui
3019 5632 3145 5676 tunc
3172 5629 3299 5695 erat
3331 5629 3505 5695 atten-

1922 5698 2079 5758 derit,
2115 5690 2378 5765 intelliget
2406 5711 2565 5764 quam
2610 5707 2794 5763 parum
2832 5690 2923 5765 illi
2960 5690 3246 5765 conveniat
3285 5701 3341 5746 ut
3369 5691 3512 5765 Celi-

1922 5768 2113 5827 donius
2131 5762 2513 5824 Vesontionitm
2532 5762 2697 5826 fuisse
2722 5764 2978 5823 credatur
3006 5764 3096 5823 illo
3124 5772 3365 5838 tempore
3394 5762 3516 5835 epi-
