3984 6306
511 265 619 326 445

988 263 1226 321 PASCH.
1268 263 1655 333 QUESNELIJ
1691 260 2275 318 DISSERTATIONES
2313 257 2379 313 IN
2422 233 2759 314 S.~LliONlS
2799 262 3008 318 MAGNI
3046 263 3291 322 OPERA.

3652 269 3753 331 ιιι

516 395 732 451 scopas.
759 382 957 436 Omnes
977 381 1141 446 enim,
1164 382 1216 434 ni
1243 380 1413 445 fallor,
1434 381 1771 436 consentiunt
1796 376 2078 451 Maximam
2108 379 2159 437 Α
2186 378 2514 451 Arelatensis
2544 378 2797 435 Ecclesiae
2841 379 3205 451 privilegiaiac
3234 381 3599 451 praarogativze
3641 391 3748 441 ein-

515 449 882 521 ch'uanorum
902 452 1206 521 vicinasque
1222 454 1464 521 regiones
1481 453 1558 519 ta)
1574 460 1697 504 tunc
1718 449 1956 521 paruisse
1975 464 2078 502 non

516 519 800 587 Romanis,
846 521 937 575 sed
970 519 1159 590 partim
1189 519 1381 589 Galiis,
1426 524 1612 588 partim
1646 519 2080 587 Burgundionum

516 592 867 661 principibus.
922 592 1053 658 Quis
1101 603 1277 647 autem
1325 592 1509 647 credat
1558 592 1813 645 Hilarium
1864 591 2080 645 ditionis

516 665 774 719 Romana:
803 664 1111 731 episcopum
1147 665 1197 716 in
1228 664 1417 717 alienas
1444 662 1659 716 ditionis
1691 661 2081 729 metropolitam

520 736 599 797 jus
639 734 739 787 sibi
771 748 1044 788 assumere
1076 748 1261 788 ausum
1299 749 1440 797 esse,
1485 736 1535 787 in
1573 743 1755 786 extera
1786 744 1839 786 et
1868 733 2080 787 inimica

567 805 772 860 omanis
802 804 1070 874 provincia
1093 804 1419 858 visitatorem
1445 805 1638 872 egisse.
1664 804 1922 870 synodum
1950 818 2083 857 con-

516 890 799 945 gregasse,
830 875 984 943 primi
1013 875 1213 929 ordinis
1242 877 1548 943 episc0pnm
1578 874 1927 941 deposuisse?
1972 875 2081 929 Hoc

518 956 664 1001 certe
690 948 973 1015 numquam
1000 947 1137 1014 passi
1163 956 1343 1001 essent
1373 945 1773 1011 Burgundiones
1792 988 1805 1010 ,
1848 945 1939 1000 sed
1982 960 2081 999 nec

520 1033 769 1085 umquam
801 1018 852 1070 id
882 1018 1281 1071 cordatissimus
1312 1017 1391 1069 vir
1422 1016 1651 1070 Hilarius
1681 1024 1959 1077 tentasset.
1988 1016 2081 1084 qui

591 1085 883 1143 Romanum
908 1087 1222 1141 monachum
1254 1088 1305 1139 in
1336 1087 1699 1156 presbyterum
1729 1088 2079 1153 consecravit,

522 1170 579 1212 nt
607 1158 761 1226 hujus
793 1158 906 1212 Vita
938 1168 1180 1223 testatur,
1204 1174 1306 1211 non
1336 1158 1493 1210 aliam
1522 1158 1588 1209 ob
1616 1172 1826 1210 causam
1858 1173 1978 1212 eum
2010 1172 2080 1211 ex

517 1228 819 1284 Jurensium
841 1229 1002 1299 772
1030 1229 1161 1282 locis
1190 1228 1255 1281 ad
1282 1243 1341 1281 se
1369 1228 1634 1299 evocavit,
1659 1243 1814 1296 quam
1843 1229 1961 1293 quia
1989 1228 2082 1282 Ju-

518 1300 692 1354 rensia
716 1300 825 1353 loca
836 1298 981 1369 ,quae
998 1299 1343 1365 Burgundicae
1360 1298 1733 1351 dominationis
1749 1309 1919 1364 erant,
1937 1299 2083 1354 adire

519 1371 595 1423 fas
617 1370 689 1423 illi
715 1386 818 1423 non
842 1380 977 1433 erat,
1003 1379 1059 1422 ut
1078 1369 1428 1423 sacerdotalia
1460 1370 1633 1422 munia
1659 1369 1764 1422 illic
1786 1378 2078 1423 exerceret.

592 1442 644 1495 6.
686 1440 765 1494 Ex
808 1441 989 1493 ultima
1031 1441 1125 1493 ista
1168 1439 1371 1493 ratione
1419 1440 1581 1493 altera
1631 1438 1889 1507 sequitur,
1939 1439 2081 1508 quod

518 1512 770 1565 nimirum
802 1511 1198 1565 Valentinianus
1229 1511 1513 1573 imperator
1542 1526 1644 1562 non
1669 1510 1734 1563 ita
1759 1524 1902 1579 aegre
1933 1510 2083 1563 tulis-

518 1582 949 1636 setCelidonium
978 1582 1044 1634 ab
1068 1581 1266 1633 Hilario
1290 1580 1450 1633 fuisse
1472 1582 1791 1647 depositmn.
1822 1596 1918 1634 nec
1940 1580 2083 1636 illius

432 1686 433 1689 η
519 1667 737 1705 causam
790 1652 1043 1705 adversus
1094 1651 1253 1718 hujus
1302 1652 1621 1705 sententiam
1671 1658 1779 1703 tam
1830 1651 2081 1705 ardenter

521 1723 843 1792 suscepisset
869 1721 1277 1789 defendendam,
1310 1722 1356 1774 si
1387 1731 1535 1774 extra
1564 1721 1939 1775 dominationis
1970 1736 2081 1792 suae

528 1791 721 1846 limites
748 1793 1027 1862 cpisc0pus
1059 1793 1244 1846 fuisset
1274 1792 1601 1846 Celidonius.
1637 1792 1801 1844 Immo
1824 1807 1950 1845 vero
1982 1791 2082 1846 hoc

522 1864 599 1917 illi
643 1864 1067 1932 acceptissimum
1114 1862 1333 1929 fuisset,
1383 1864 1521 1931 quod
1569 1862 1822 1915 Romana:
1866 1862 2083 1916 ditionis

521 1935 798 2004 episcopus
825 1935 876 1986 in
901 1948 991 1986 eas
1018 1934 1282 1988 Ecclesias
1306 1948 1425 2000 quae
1448 1935 1513 1987 ab
1540 1933 1626 2004 illa
1651 1933 1847 1986 avulsa:
1874 1933 2084 1987 fuerant

516 2006 604 2072 jus
624 2014 677 2060 et
699 2014 1012 2073 potestatem
1035 2005 1134 2058 sibi
1158 2005 1495 2058 vindicasset.
1518 2003 1627 2057 lloc
1648 2005 1789 2056 enim
1813 2013 1928 2057 erat
1947 2004 2083 2058 viam

524 2075 776 2128 Romanis
819 2075 1156 2144 aliquatenus
1196 2090 1383 2143 parare
1426 2075 1491 2127 ad
1532 2075 1778 2144 regiones
1824 2074 1943 2127 illas
1985 2090 2084 2129 suo

527 2146 715 2200 iterum
740 2146 866 2215 jugo
892 2146 1269 2214 subjiciendas.

596 2217 676 2269 Ex
709 2217 864 2269 dictis
901 2216 1239 2271 manifestum
1270 2226 1352 2271 est
1380 2214 1711 2269 Celiduninm
1745 2230 1848 2269 non
1881 2231 1947 2270 ex
1983 2217 2085 2271 alia

526 2287 797 2356 provincia
823 2286 985 2341 fuisse
1013 2302 1171 2355 quam
1205 2286 1511 2340 Viennensi.
1542 2286 1693 2356 Quod
1724 2286 1881 2339 etiam
1912 2286 2087 2342 innuit

525 2355 741 2413 Sanctus
768 2360 875 2410 Leo
914 2358 965 2411 in
1004 2367 1223 2425 utraque
1262 2357 1488 2425 epistola
1527 2361 1592 2409 ad
1625 2355 1985 2423 Viennenses,
2030 2359 2084 2413 in

526 2430 715 2497 quibus
742 2428 1004 2498 significat
1045 2431 1235 2482 merito
1272 2428 1526 2481 Hilarium
1560 2434 1825 2499 potestate
1863 2429 1915 2481 in
1959 2444 2088 2499 pro-

526 2498 749 2553 vinciam
774 2500 1131 2554 Viennensem
1170 2500 1432 2567 privatum
1472 2512 1623 2562 esse,
1671 2498 1919 2567 quoniam
1964 2498 2084 2553 cam

526 2570 667 2624 male
705 2578 1083 2637 usurpaverat,
1136 2566 1230 2624 seu
1268 2583 1330 2624 ca
1370 2569 1509 2622 male
1547 2582 1676 2621 usus
1715 2566 1886 2622 fuerat
1917 2587 1928 2622 :
1982 2586 2085 2625 non

528 2650 673 2695 certe
702 2641 752 2693 in
782 2655 940 2694 causa
975 2640 1233 2709 Projecti.
1270 2639 1359 2702 qui
1386 2654 1461 2709 ex
1500 2637 1601 2691 alia
1634 2639 1900 2705 provincia
1935 2652 2083 2704 erat;

530 2711 687 2779 igitur
715 2712 767 2765 in
797 2707 1338 2780 Celidoniinegouo:
1371 2707 1583 2780 Noverit
1621 2725 1702 2780 se.
1747 2708 1945 2780 inquit,
1986 2726 2089 2763 non

527 2783 691 2835 solum
725 2781 786 2853 ab
820 2781 984 2834 alieno
1011 2783 1132 2853 jure
1158 2778 1455 2853 depulsum,
1494 2778 1581 2832 sed
1611 2778 1763 2831 etiam
1790 2778 2087 2853 Viennensis

594 2852 819 2934 evincite,
841 2868 991 2934 quam
1012 2851 1141 2905 male
1161 2851 1520 2934 usurpaverat,
1540 2858 1786 2930 potestate
1815 2851 2086 2934 privatum.

572 2934 770 2977 etesias
794 2920 951 2993 igitur
970 2924 1067 2977 ista
1090 2920 1300 2992 propria
1325 2923 1420 2975 fuit
1439 2920 1645 2993 Hilarii.
1661 2920 2087 2993 quandoquidem

530 2994 645 3047 haec
669 2996 736 3047 ab
762 2990 936 3047 alieno
958 2990 1105 3063 jure,
1125 3010 1156 3047 a
1186 2990 1292 3063 quo
1318 2990 1564 3059 superius
1590 2991 1779 3063 legitur
1796 2992 2084 3063 depulsus.

529 3067 796 3132 expressis
820 3062 998 3119 verbis
1023 3062 1385 3133 distinguitur,
1414 3072 1680 3132 tamquam
1708 3062 1960 3131 legitima,
1985 3065 2086 3118 etsi

530 3152 636 3190 non
666 3138 902 3206 lqitime
923 3144 1195 3206 usurpata:

599 3204 737 3264 ΟΑιιξ
758 3208 843 3260 1V.
879 3204 1125 3277 Sanctum
1156 3204 1412 3258 Hilarium
1438 3204 1783 3277 Arelatensem
1812 3204 2095 3277 legitimum

527 3277 751 3348 judicent
794 3279 948 3345 fuisse
974 3275 1256 3348 Celidoniil,
1294 3292 1353 3328 eo
1381 3274 1517 3348 quod
1542 3276 1826 3348 Arelatensi
1859 3274 2095 3346 Episcopo

532 3344 752 3414 potestas
784 3344 1150 3415 metropolitico
1174 3347 1228 3398 in
1258 3346 1563 3413 provinciam
1592 3344 1925 3399 Viennensem
1953 3344 2094 3399 coni-

532 3425 741 3485 peteret.
776 3416 950 3485 Hnjus
976 3417 1234 3485 potestatis
1256 3416 1463 3483 vestigia
1487 3416 1550 3468 ab
1573 3426 1721 3469 (etate
1743 3418 1804 3470 S.
1831 3416 2097 3485 Traphimi

530 3502 689 3553 usque
715 3486 782 3538 ad
811 3486 1174 3538 Taurinensem
1203 3486 1470 3555 synodum.
1497 3512 1565 3525 -—
1596 3486 1816 3540 Abunde
1850 3488 1900 3539 in
1940 3502 2099 3554 supe-

534 3557 764 3610 rioribus
795 3557 1070 3621 probatum
1113 3571 1142 3608 a
1181 3558 1335 3609 nobis
1365 3554 1697 3609 (Zelidouium
1744 3557 1794 3609 in
1826 3558 2098 3624 provincia

534 3626 822 3682 Viennensi
861 3627 1064 3680 sedisse
1102 3630 1429 3692 episcopum.
1482 3625 1608 3678 Inde
1644 3640 1975 3695 consequens
2016 3637 2099 3681 est

536 3706 701 3750 totam
727 3697 864 3751 hanc
889 3708 1028 3752 conti
1044 3695 1308 3750 oversiam
1333 3697 1434 3749 huc
1458 3696 1616 3748 modo
1636 3696 1866 3761 devolvi,
1888 3698 1932 3751 si
1960 3699 2099 3753 male

529 3767 820 3833 judicatum
849 3778 931 3822 est
954 3768 1021 3821 ab
1048 3768 1248 3820 tlilario
1275 3780 1491 3820 causam
1522 3781 1627 3819 non
1652 3781 1770 3820 esse
1796 3769 1894 3821 nisi
1925 3784 1989 3821 ex
2017 3768 2099 3823 his

534 3838 703 3890 tribus
726 3853 918 3902 unam;
946 3838 1033 3891 vel
1054 3836 1192 3906 quod
1219 3838 1317 3891 sibi
1343 3838 1454 3904 ipse
1478 3846 1659 3889 contra
1684 3836 1761 3891 fas
1783 3846 2097 3905 potestatem

532 3908 975 3973 metropoliticam
998 3909 1050 3961 iu
1074 3908 1401 3975 provinciam
1422 3906 1772 3962 Viennensem
1794 3910 2095 3974 vindicat-it,

531 3979 615 4030 vel
647 3977 767 4043 quia
804 3978 1112 4045 episc0pnm
1151 3992 1327 4045 neque
1364 3978 1668 4031 confessum
1713 3994 1885 4047 neque
1927 3982 2099 4048 legiti-

531 4051 632 4101 mis
679 4048 997 4103 testimoniis
1046 4049 1345 4101 convictum
1395 4048 1461 4101 ab
1502 4051 1792 4117 (ιριεοορειιι
1842 4050 2098 4117 dignitate

532 4119 672 4190 nihil,
717 4120 821 4173 tale
868 4127 1161 4179 merentem
1208 4120 1500 4187 dejecerit;
1552 4119 1635 4171 vel
1680 4120 1909 4189 denique
1954 4122 2098 4190 quod

528 4187 863 4243 Celidouium
893 4190 1246 4259 appellantem
1279 4190 1458 4244 sedem
1499 4187 1843 4258 apostolicam
1878 4187 2101 4245 uon'au-

530 4260 719 4323 dierit,
761 4276 861 4316 nec
890 4276 1075 4329 passus
1108 4261 1266 4314 fuerit
1294 4276 1447 4313 suum
1481 4260 1738 4328 judicium
1780 4276 1808 4313 a
1849 4263 2101 4328 primaria

532 4329 661 4383 sede
706 4333 979 4385 retractari
1028 4347 1089 4385 ac
1139 4332 1439 4385 reformari.
1492 4332 1620 4396 Qua:
1666 4332 1762 4385 tria
1808 4346 1905 4383 suo
1950 4333 2102 4387 nobis

531 4398 719 4454 ordine
745 4401 1073 4454 discutienda
1108 4412 1263 4466 sunt;
1303 4417 1364 4454 ac
1394 4403 1623 4469 primum
1654 4403 1867 4471 quidem
1896 4402 1963 4457 de
1992 4419 2101 4457 me-

532 4471 832 4536 tropolitico
855 4472 1243 4524 Arelatensium
1275 4473 1646 4540 episc0p0rum
1670 4473 1789 4539 jure
1815 4474 2096 4527 dicendum

532 4540 1002 4614 probandumque,
1044 4541 1204 4610 773
1249 4542 1564 4614 hocgpenes
1612 4544 1729 4614 illos
1773 4542 1847 4614 (ὁ)
1887 4559 2102 4612 semper

533 4608 733 4673 fuisse,
780 4626 884 4663 non
926 4608 1129 4665 autem’
1152 4608 1471 4679 pertinuisse
1513 4614 1577 4667 ad
1616 4608 1947 4667 Viennenses
1990 4608 2102 4684 epi-

532 4692 743 4743 scapos.

605 4748 680 4824 Et
704 4750 919 4824 quidem
948 4751 1125 4824 omnia
1148 4753 1480 4824 percurrenti
1504 4754 1699 4824 smeula
1744 4771 1771 4808 a
1814 4756 2101 4824 praedicam

532 4818 823 4897 iii-Galliis
865 4818 1344 4897 Evangelio'usque
1371 4823 1449 4897 ad
1500 4818 1933 4897 Hilariiwaeta'tem
1975 4828 2102 4897 (hoc

532 4890 673 4945 enim
704 4894 856 4948 nobis
889 4890 1037 4949 satis
1069 4904 1169 4961 est,
1202 4890 1300 4948 nec
1331 4894 1481 4965 plura
1510 4895 1870 4965 aggredimur)
1902 4890 2095 4968 ubique

2129 4507 2183 4568 D

2184 460 2307 502 cent
2338 450 2648 520 nullumque
2674 451 2789 506 tere
2827 461 3071 520 superest
3105 450 3391 507 Gallicanae
3423 454 3746 522 antiquitatis

2184 528 2583 595 monumentum
2612 522 2798 595 inquo
2834 536 2939 595 non
2957 531 3209 592 appareat
3238 522 3507 595 singulare
3534 526 3743 595 aliquod

2185 590 2585 669 metropolitica'
2616 590 2913 669 dignitatis,
2944 590 3102 663 quam
3141 590 3482 649 Arelatenses
3516 590 3745 669 episcopi

2186 662 2470 732 gesserint.
2498 662 2797 732 vestigium.

2252 732 2386 814 _Post
2435 731 2785 801 Tropbimum
2813 735 2924 859 (qui
2975 750 3003 790 a
3031 736 3159 818 sede
3203 736 3495 820 apostolica
3532 752 3733 823 missus,

2252 819 2388 857 Imus
2431 804 2798 859 Arelatensem
2874 806 3089 859 undam
3133 814 3377 859 rentaue
3422 808 3711 859 Ecclesiam

2185 804 2388 875 primus
2431 804 3089 861 Arelatensem‘iundavit
3133 808 3377 875 rexitque
3422 808 3711 865 Ecclesiam

2183 874 2276 947 sed
2300 874 2451 944 cujus
2481 876 2683 947 incerta
2726 886 2855 930 retas
2901 878 3227 931 eruditorum
3259 874 3607 947 disputationi
3640 890 3743 937 tra-

2183 944 2292 1017 dita
2321 947 2426 1015 est)
2446 946 2645 1017 nullum
2668 948 2912 1002 novimus
2939 948 3095 1015 hujus
3117 948 3258 1004 sedis
3279 944 3590 1017 episc0pnm
3615 952 3748 1007 Mar-

2185 1016 2329 1070 tiano
2358 1016 2763 1091 antiquiorem,‘
2783 1018 2939 1091 cujus
2979 1019 3115 1091 apud
3146 1016 3389 1073 sanctum
3419 1016 3739 1091 Cyprianum

2184 1088 2440 1159 memoria
2470 1088 2705 1159 inepist.
2735 1087 2803 1142 66
2828 1088 2892 1141 ad
2916 1088 3241 1159 Stephanum
3273 1087 3484 1159 papam:
3503 1087 3591 1145 'De
3613 1092 3743 1147 Mar-

2185 1157 2329 1210 tiano
2362 1159 2449 1212 illo
2498 1157 2804 1212 Nevatianze
2832 1161 2994 1226 partis
3045 1157 3743 1218 {antore'a'communione

2185 1227 2507 1296 collegarum
2543 1237 2601 1282 et
2627 1229 2933 1299 episcopatu
2958 1229 3281 1283 removendo
3310 1232 3526 1299 scripsit
3550 1232 3745 1287 Fausti.

2186 1312 2285 1352 nus
2314 1299 2679 1372 Lugdunensis
2718 1300 2783 1353 ad
2823 1308 3062 1372 sanctum
3099 1300 3424 1372 Cyprianum
3470 1300 3743 1372 Carthagi-

2185 1383 2445 1443 nensem,
2496 1370 2750 1443 idemque
2791 1385 2909 1424 cum
2965 1371 3082 1443 aliis
3135 1369 3423 1425 Gallicanis
3485 1369 3744 1443 episcopis

2184 1442 2468 1507 scripserat
2501 1439 2566 1493 ad
2605 1440 2933 1507 Stephanum
2974 1441 3273 1496 Romanum
3318 1439 3741 1510 episc0pnm,“

2185 1522 2427 1583 quemet
2457 1510 2572 1579 ipse
2609 1512 2906 1583 Cyprianus
2937 1512 3077 1565 illam
3118 1527 3275 1581 quam
3303 1513 3633 1568 laudavimus
3658 1515 3743 1569 de-

2185 1582 2258 1635 dit
2284 1582 2584 1650 epistolam.
2618 1581 2700 1636 Εἰ
2727 1583 2813 1636 illa
2843 1598 3003 1652 porro
3025 1596 3293 1651 magnum,
3326 1592 3383 1637 ut
3412 1599 3514 1653 ego
3542 1585 3743 1652 quidem

2186 1667 2339 1715 reor,
2389 1662 2759 1721 argumentum
2813 1653 3071 1707 sumimus
3127 1655 3177 1707 in
3224 1654 3461 1723 gratiam‘
3506 1655 3746 1710 Ecclesia

2186 1723 2534 1776 Arelatensis.
2567 1723 2677 1777 Nisi
2706 1723 2846 1777 enim
2889 1725 3173 1792 primatum
3211 1724 3464 1793 gessisset
3490 1724 3650 1793 hujus
3670 1740 3750 1781 se-

2186 1794 2266 1848 dis
2300 1794 2582 1861 episcopus
2611 1794 2664 1847 in
2694 1794 2962 1863 provincia
2994 1794 3253 1863 Romana,
3281 1808 3388 1849 non
3418 1804 3537 1849 erat
3562 1794 3635 1864 (ε)
3660 1811 3748 1851 cur

2186 1865 2250 1917 ad
2282 1865 2659 1936 Transalpinos
2682 1864 3169 1934 transmarinosque
3195 1864 3480 1934 episcopos
3505 1866 3743 1936 confuge-

2187 1943 2335 1989 retur
2372 1950 2398 1986 a
2424 1935 2711 1989 Gallicanis
2744 1936 3028 2004 episcopis,
3074 1946 3128 1989 ut
3157 1936 3223 1990 de
3263 1936 3510 1990 Martiani
3548 1935 3747 2005 deposi-

2190 2007 2333 2059 tione
2358 2012 2596 2075 agerent.
2630 2004 2832 2059 Przesto
2867 2004 3055 2060 fuisset
3098 2007 3493 2075 metropolitani
3524 2004 3745 2061 auctori-

2190 2085 2270 2130 tas
2300 2074 3080 2147 seuiViennensis.rutvolunt,
3125 2090 3219 2131 seu
3261 2074 3395 2130 alius
3435 2074 3742 2147 cuiuspiam.

2188 2147 2299 2201 Etsi
2326 2146 2470 2201 enim
2503 2147 2733 2200 nondum
2764 2146 2898 2201 forte
2934 2146 3003 2200 ita
3041 2147 3417 2201 ecclesiastica:
3446 2146 3747 2203 bierarchia

2191 2217 2459 2288 formaribi
2498 2219 2785 2288 constituta
2824 2232 2885 2270 ac
2916 2219 3120 2271 firmata
3147 2228 3292 2272 esset
3319 2226 3375 2270 ut
3401 2230 3591 2288 postea
3616 2218 3747 2273 ordi-

2189 2298 2311 2342 nata
2357 2287 2455 2341 fuit
2479 2329 2491 2351 ,
2535 2287 2752 2341 dubium
2784 2297 2960 2341 tamen
2994 2303 3097 2341 non
3125 2297 3209 2342 est
3235 2289 3363 2354 quin
3392 2287 3589 2357 aliquis
3621 2288 3748 2344 inter

2189 2361 2466 2427 episcopos
2483 2358 2877 2428 praeemineret,
2898 2372 3057 2427 penes
3068 2373 3222 2429 quem
3237 2368 3555 2414 caaterorum
3571 2374 3747 2429 regen-

2191 2431 2401 2495 dorum,
2431 2438 2484 2483 et
2507 2444 2625 2483 cum
2648 2446 2779 2495 opus
2807 2439 2941 2501 erat,
2978 2431 3029 2483 in
3070 2430 3333 2501 synodum
3363 2429 3729 2501 congregando

2190 2516 2307 2554 rum
2339 2515 2462 2553 cura
2497 2515 2560 2555 ac
2598 2500 2899 2555 sollicitudo
2945 2500 3225 2563 resideret.
3267 2502 3383 2555 sive
3413 2517 3478 2555 ex
3509 2500 3751 2569 dignitate

2190 2571 2333 2625 sedis
2355 2585 2464 2624 sum
2494 2571 2545 2623 id
2576 2571 2857 2637 obtineret,
2882 2572 2995 2625 sive
3020 2586 3085 2625 ex
3111 2570 3393 2625 sacerdotii
3419 2570 3747 2641 antiquitate,

2190 2643 2308 2711 sive
2332 2656 2398 2694 ex
2436 2643 2706 2695 communi
2751 2641 3087 2696 sacerdotum
3131 2641 3382 2711 suﬂ'ragio
3420 2657 3484 2696 ac
3526 2642 3743 2711 delectu.

2191 2710 2242 2765 ls
2267 2712 2481 2767 demum
2514 2720 2629 2765 erat
2667 2726 2825 2781 quem
2866 2711 3153 2766 Faustinus
3184 2710 3471 2781 caeterique
3499 2710 3747 2767 Gallicani

2190 2784 2427 2851 episcopi
2458 2782 2834 2853 sollicitassent
2858 2782 2921 2837 ad
2955 2782 3244 2853 urgendam
3272 2782 3517 2837 Martiani
3544 2781 3747 2852 deposi-

2194 2854 2411 2907 tionem.
2460 2852 2637 2923 Quisi
2665 2853 3040 2923 tcrgiversatus
3079 2852 3283 2917 fuisset,
3326 2862 3608 2907 notaretur
3638 2867 3747 2921 pro-

2192 2923 2443 2978 culdubio
2494 2922 2650 2991 hujus
2705 2922 2940 2990 primarii
2999 2926 3233 2992 episcopi
3279 2924 3566 2978 oscitantia
3602 2924 3680 2978 vel
3720 2936 3746 2976 a

2194 2994 2448 3049 Faustino
2479 2994 2543 3047 ad
2576 2994 2918 3065 Cyprianum.
2957 2996 3036 3048 vel
3075 3009 3103 3047 a
3132 2993 3398 3065 Cypriano
3427 2995 3493 3048 ad
3537 2994 3748 3063 Stepha-

2196 3082 2322 3120 num
2353 3065 2638 3118 scribente.
2664 3064 2747 3135 κε’
2771 3064 2844 3119 lta
2874 3064 3189 3135 Cyprianus
3212 3064 3500 3133 alloquitur
3542 3065 3750 3134 Stepha-

2121 3132 2166 3197 C
2196 3152 2322 3216 num
2363 3150 2551 3216 papam
2584 3151 2596 3186 :
2647 3132 2965 3216 Quapropter
2985 3134 3146 3207 774
3171 3132 3413 3216 [περιέ-ιε
3435 3132 3753 3216 apart-dple-

2198 3204 2431 3261 nissintas
2459 3204 2654 3259 litteras
2679 3205 2746 3257 ad
2767 3204 3089 3275 coepiscopos
3116 3204 3316 3259 nostros
3350 3206 3405 3258 in
3429 3204 3619 3259 Galliis
3643 3223 3753 3260 cort-

2195 3280 2417 3340 stitutos,
2452 3292 2515 3329 ne
2560 3276 2697 3347 ultra
2738 3274 3065 3347 Martianum,
3087 3287 3192 3330 etc.
3224 3276 3288 3330 Et
3313 3275 3450 3329 infra
3478 3293 3493 3329 :
3526 3275 3756 3347 Dirigue-

2199 3358 2279 3401 tnr
2304 3350 2355 3399 in
2382 3345 2714 3416 provinciam.
2748 3354 2793 3397 et
2820 3348 2887 3398 ad
2908 3345 3099 3416 plebem
3128 3346 3333 3401 Arelate
3357 3345 3706 3400 consistentem
3724 3363 3752 3398 ιι

2199 3428 2245 3471 te
2286 3417 2491 3481 littera’,
2532 3427 2635 3470 etc.
2676 3415 2731 3471 Si
2770 3415 3063 3484 quis'alius
3094 3420 3159 3471 ab
3185 3418 3480 3472 Arelatensi
3512 3418 3752 3485 episcopo

2198 3489 2430 3542 rexisset
2453 3487 2596 3539 illam
2623 3486 2745 3555 jure
2774 3488 3161 3555 metropolitico
3186 3486 3529 3557 provinciam.
3560 3502 3623 3538 an
3646 3502 3745 3538 non

2200 3558 2376 3627 potius
2403 3557 2625 3611 dixisset
2658 3574 2671 3610 :
2702 3557 2785 3611 Ad
2829 3560 3178 3628 coepiscopum
3220 3570 3443 3612 nostrum
3487 3557 3746 3628 provincic

2198 3626 2642 3695 metropolitanum
2678 3629 2755 3681 vel
2784 3626 3255 3697 primatemfmore
3296 3628 3583 3697 Africano).
3618 3626 3755 3681 sicut

2200 3698 2405 3753 etalias
2446 3698 2684 3753 fecerunt
2721 3698 2943 3753 Romani
2984 3700 3282 3766 pontifices,
3325 3714 3445 3753 cum
3484 3697 3676 3767 aliquid
3702 3698 3752 3751 in

2200 3768 2484 3825 Gallicanis
2509 3769 2815 3837 regionibus
2852 3777 3035 3823 contra
3072 3784 3336 3824 canonum
3381 3769 3620 3823 instituta
3660 3770 3755 3821 im-

2200 3855 2340 3907 pune
2366 3840 2655 3908 perpetrari
2688 3838 3013 3893 audiebant?
3050 3840 3106 3894 ὅθ
3132 3840 3245 3895 Non
3268 3854 3392 3894 esse
3417 3854 3517 3893 cur
3542 3840 3608 3893 ad
3636 3842 3756 3892 Are-

2201 3912 2455 3964 latensem
2485 3911 2814 3978 episcopum,
2853 3914 3025 3978 potius
3054 3926 3211 3980 quam
3237 3909 3301 3964 ad
3330 3910 3491 3964 alium
3538 3925 3570 3963 e
3606 3908 3757 3965 Galli-

2201 3984 2351 4035 canis
2377 3982 2745 4051 dirigerentur
2781 3981 3000 4035 aliarum
3030 3982 3301 4051 regionum
3328 3995 3423 4034 seu
3454 3981 3633 4034 clerici
3668 3994 3757 4051 seu

2202 4052 2323 4105 laici
2352 4050 2621 4113 catholici,
2645 4060 2695 4103 et
2724 4050 2966 4105 formatae
3005 4049 3425 4106 inscriberentur
3444 4090 3459 4116 ,
3503 4051 3603 4104 nisi
3650 4049 3757 4103 aliis

2201 4122 2553 4192 prtefulsisset
2601 4120 2744 4176 sedis
2792 4136 2902 4175 sua:
2949 4122 3226 4190 privilegio
3278 4132 3329 4175 et
3380 4121 3759 4190 metropolitica

2201 4194 2283 4248 vel
2308 4192 2468 4247 simili
2491 4192 2748 4263 dignitate
2776 4208 2787 4243 :
2817 4193 2916 4246 hoc
2937 4193 3078 4263 enim
3100 4201 3215 4246 erat
3236 4205 3551 4263 magnorum
3576 4199 3759 4263 metro-

2203 4265 2508 4333 politarum,
2555 4261 2641 4333 vel
2682 4263 2842 4316 etiam
2885 4262 3231 4333 exarchorum
3274 4262 3633 4332 privilegium.
3680 4261 3762 4333 Sic

2201 4331 2380 4389 autem
2413 4335 2572 4404 habet
2613 4331 2911 4404 Cyprianus
2940 4350 2954 4385 :
3002 4332 3253 4404 Signiﬁca
3281 4331 3450 4404 plane
3484 4334 3628 4386 nobis
3662 4332 3763 4401 quis

2202 4407 2255 4458 in
2279 4404 2447 4458 locum
2479 4403 2725 4457 Martiani
2753 4405 2957 4457 Arelate
2986 4404 3138 4472 fuerit
3156 4403 3459 4457 substitutus
3504 4419 3522 4456 :
3553 4412 3607 4455 ut
3638 4404 3762 4456 scia-

2209 4492 2318 4530 mus
2348 4478 2414 4529 ad
2436 4491 2585 4545 quem
2612 4479 2792 4543 fratres
2832 4482 3035 4545 nostros
3074 4472 3296 4543 dirigere
3343 4483 3390 4545 et
3434 4475 3521 4527 cui
3557 4476 3762 4528 scribere

2210 4540 2498 4600 debeamus.
2534 4540 2658 4599 Haec
2698 4546 2769 4599 ita
2799 4558 2856 4598 se
2886 4544 3151 4597 habebant
3178 4540 3317 4599 circa
3343 4542 3762 4600 ducentesimum

2207 4616 2700 4687 quinquagesimum
2728 4614 2983 4687 quintum
3011 4614 3211 4687 Christi
3235 4629 3456 4687 annum,
3476 4631 3515 4687 a
3546 4632 3651 4684 quo
3686 4628 3766 4669 us-

2208 4685 2309 4755 que
2339 4688 2402 4739 ad
2446 4686 2757 4742 Arelatense
2796 4685 3087 4755 concilium,
3106 4686 3332 4752 primum
3372 4686 3515 4753 nihil,
3539 4686 3768 4741 occurrit

2208 4760 2544 4825 antiquorum
2572 4766 3032 4810 monumentorum
3060 4754 3347 4811 Gallicanae
3369 4756 3640 4811 Ecclesia.

2280 4829 2560 4897 Sexaginta
2591 4826 2751 4896 igitur
2778 4826 2889 4882 fere
2918 4834 3038 4894 post
3074 4829 3228 4881 annis
3273 4837 3651 4897 congregatum
3688 4832 3768 4882 est

2200 4900 2349 4969 jussu
2380 4899 2714 4953 Constantini
2745 4898 3083 4967 imperatoris
3122 4898 3333 4953 celebre
3369 4899 3450 4967 (ά)
3486 4897 3765 4954 concilium

1576 5009 2131 5070 BALLEHINIORUM
2170 5010 2708 5069 ANNOTATIONES.

604 5103 676 5175 (α)
709 5103 819 5160 Hoc
858 5112 913 5159 et
951 5119 1180 5175 sequens
1221 5114 1589 5171 argumentum
1633 5106 1760 5159 falsa
1806 5106 2086 5174 hypntbesi

531 5176 805 5229 nituntur:
850 5191 969 5230 nam
1015 5177 1097 5230 hie
1140 5178 1385 5245 regiones
1426 5178 1527 5229 hoc
1570 5186 1809 5245 tempore
1847 5177 2088 5233 Romano

529 5246 753 5320 imperio
792 5247 1072 5313 suberant,
1120 5248 1194 5320 uti
1236 5247 1537 5302 monuimus
1576 5258 1758 5302 aunot.
1796 5250 1819 5303 i
1859 5250 2086 5320 (Supra,

529 5317 626 5370 col.
651 5315 775 5387 451,
805 5334 858 5371 ιι.
887 5320 936 5387 tl)
966 5320 1018 5371 in
1045 5333 1093 5372 c.
1122 5317 1173 5371 1.
1557 5358 1561 5368 ,

600 5386 1143 5459 (b)Metr0p01iticum
1170 5389 1256 5456 jus
1287 5405 1481 5459 semper
1504 5389 1610 5459 jam
1645 5390 1765 5444 inde
1809 5404 1836 5442 a
1865 5390 1921 5442 S.
1958 5389 2093 5443 Tro-

528 5458 711 5528 ιιιιὶιιιο
749 5467 803 5513 et
848 5462 1043 5514 seculo
1088 5474 1144 5514 ιιι
1187 5460 1350 5515 fuisse
1382 5458 1545 5527 penes
1572 5462 1878 5528 episcopum
1908 5460 2093 5513 Arela-

529 5538 754 5599 tensem,
783 5546 943 5586 nemo
974 5532 1186 5597 credet,
1227 5533 1270 5585 si
1315 5532 1498 5600 legerit
1526 5546 1643 5599 quae
1675 5531 1741 5583 de
1772 5545 1889 5583 sera
1920 5530 2095 5584 eccle-

530 5601 861 5657 siaSticarum
885 5603 1253 5671 metropoleon
1277 5601 1605 5657 institutione
1626 5600 1678 5655 in
1699 5601 1887 5655 Galliis
1912 5601 2098 5655 dicen-

533 5681 616 5725 tur
646 5682 779 5739 part.
808 5689 846 5728 ιι
871 5674 1083 5730 observ.
1112 5689 1160 5726 c.
1186 5674 1240 5737 5.
1275 5690 1329 5727 n.
1356 5675 1409 5728 2.
1854 5708 1857 5711 ν

604 5743 673 5813 (τ)
704 5742 945 5802 Nondum
979 5744 1233 5800 institutis
1262 5759 1352 5815 per
1384 5746 1497 5800 haec
1520 5754 1762 5812 tempora
1797 5744 2108 5815 metropoli-

2201 5106 2358 5172 tanis,
2391 5105 2521 5160 nihil
2547 5104 2741 5159 mirum
2767 5105 2811 5160 si
2852 5104 3087 5159 Africani
3129 5113 3183 5158 et
3223 5103 3365 5159 Galli
3404 5103 3473 5158 de
3518 5101 3775 5158 Martiano

2199 5178 2530 5248 scripserunt
2552 5176 2615 5229 ad
2640 5176 2939 5248 Romanum
2972 5174 3300 5245 pontiﬁcem,
3329 5172 3641 5248 quippequi
3665 5182 3773 5248 tum

2198 5242 2346 5303 solu's
2375 5247 2549 5303 altiori
2578 5248 2697 5315 jure
2723 5242 2987 5301 omnibus
3010 5260 3072 5302 ac
3106 5242 3401 5316 praesertim
3449 5242 3619 5300 Gallis
3672 5242 3773 5311 epi-

2196 5320 2371 5386 scOpis
2403 5318 2739 5387 prmsidebat.

2273 5384 2357 5461 (ὀ)
2384 5384 2494 5444 Hoc
2524 5388 2809 5461 concilium
2837 5388 2969 5461 nihil
2999 5389 3207 5461 confert
3236 5386 3300 5441 ad
3336 5387 3433 5461 jus
3471 5384 3774 5461 metropoli-

2201 5456 2362 5515 ticum
2415 5459 2789 5515 vindicandum
2844 5460 3143 5515 Arelatensi
3202 5470 3292 5513 aut
3335 5457 3623 5511 Viennensi
3667 5456 3775 5524 epi-

2202 5546 2386 5600 scopo,
2418 5545 2539 5584 cum
2584 5532 2738 5593 nulli.
2771 5539 2827 5584 ut
2849 5529 3103 5595 diximus,
3132 5543 3257 5584 tunc
3282 5538 3465 5600 essent
3502 5538 3777 5596 metropm

2208 5599 2315 5656 litae
2361 5602 2418 5656 in
2454 5600 2662 5657 Galliis.
2705 5600 2813 5656 Cur
2852 5607 3030 5655 autem
3081 5601 3311 5655 Marinus
3353 5599 3566 5668 primus
3613 5600 3687 5652 sit
3728 5600 3777 5649 in

2210 5672 2555 5743 inscriptione
2572 5672 2811 5744 epistolae
2827 5670 3067 5744 ejusdem
3090 5671 3302 5744 synodi,
3317 5671 3443 5725 licet
3468 5668 3781 5744 tuetropoli-

2211 5739 2502 5800 unus—non
2530 5739 2691 5800 esset.
2709 5742 2828 5799 vide
2856 5739 3070 5799 observ.
3100 5739 3241 5801 part.
3275 5757 3333 5812 It,
3362 5755 3410 5801 c.
3446 5743 3498 5811 5,
3524 5758 3578 5798 n.
3602 5739 3659 5797 4.
