3984 6306
207 359 318 420 4ιό

897 357 1202 416 DISSERT.
1249 355 1307 410 ν.
1349 355 1686 413 APOLOGIA
1732 359 1766 413 ι·

1903 362 1957 408 S.
2005 354 2278 412 lllLARIO
2313 354 2756 414 ARELATENSI.

3336 347 3441 411 “6

214 481 269 535 in
292 476 505 533 civitate
537 473 851 541 Arelatensi,
897 474 1051 543 cujus
1074 544 1081 545 γ
1102 472 1336 528 civitatis
1380 472 1493 541 ipse
1536 472 1776 545 delectus
1802 478 1853 537 Α
1881 474 2109 543 Sulpitio
2136 472 2337 529 Severo
2366 482 2575 529 notatus
2613 477 2681 529 sit
2715 484 2980 545 tamquam
3026 488 3300 542 perperam
3338 476 3440 532 sibi

214 548 357 605 illius
386 547 636 603 Ecclesiae
667 554 722 601 et
749 545 981 613 episcopi
1034 544 1341 613 dignitatem
1388 544 1597 599 astruit.
1646 546 1769 599 Haec

213 636 319 675 non
368 633 565 687 urgeo,
622 617 695 672 uti
724 630 841 687 nec
881 615 1329 687 subscriptionem
1377 615 1618 669 ordinem
1666 630 1772 683 quo

214 686 502 745 Viennensi
532 690 684 757 prait
706 686 1059 749 Arelatensis;
1090 702 1193 742 non
1223 686 1366 741 enim
1396 687 1768 757 episcoporum

210 762 303 830 qui
330 759 454 815 huic
482 755 687 830 synodo
733 757 1086 830 interfuerunt
1136 758 1351 830 nomina
1398 756 1587 811 eadem
1635 755 1773 830 serie

211 827 698 899 subscripta't'uisse
725 828 971 883 existimo
997 827 1046 880 in
1089 827 1340 899 primario
1369 838 1421 880 et
1445 828 1773 899 autographo

209 900 401 969 synodi
425 897 725 968 exemplari
761 912 861 966 qua
902 912 1041 969 nunc
1088 900 1139 969 in
1186 898 1345 955 editis
1388 897 1601 951 concilii
1627 898 1774 969 iactis

209 968 478 1041 descripta
506 970 771 1039 leguntur,
794 969 861 1024 de
886 983 989 1037 qua
1030 968 1162 1041 intra
1200 970 1356 1036 paulo
1396 968 1563 1041 iusius
1607 968 1775 1041 disse-

209 1039 410 1097 remus.
441 1042 774 1111 Quamquam
816 1054 880 1111 ex
926 1052 991 1092 eo
1038 1040 1222 1094 saltem
1274 1039 1410 1111 istud
1456 1039 1771 1104 evincimus,

211 1127 312 1181 per
338 1112 390 1166 id
414 1109 692 1179 temporis,
715 1125 822 1179 quo
851 1109 963 1164 haec
991 1110 1186 1175 scriba,
1226 1109 1465 1177 quisquis
1492 1118 1603 1181 est,
1648 1124 1779 1163 exa-

210 1180 378 1247 rabat,
406 1184 782 1237 Arelatensem
810 1181 1117 1249 episcopum
1157 1181 1375 1247 dignum
1414 1180 1776 1233 existimatum

211 1253 409 1317 fuisse,
457 1254 546 1322 qui
598 1252 884 1306 Viennensi
929 1258 1362 1322 anteponeretur.
1411 1249 1518 1322 Sed
1565 1250 1781 1322 majoris

212 1320 590 1377 momenti'est
632 1338 695 1376 ac
725 1320 973 1390 ponderis
1002 1320 1141 1388 quod
1179 1328 1234 1373 et
1261 1321 1311 1372 in
1342 1320 1516 1387 capite
1544 1321 1780 1387 epistolae

206 1394 479 1462 synodicae
507 1389 739 1456 primus,
762 1399 819 1445 et
847 1392 898 1443 in
925 1389 1201 1462 Breviario
1223 1390 1461 1462 ejusdem
1491 1392 1781 1462 canonihus

210 1459 431 1530 praefixo
455 1463 602 1516 solus
626 1462 932 1515 nominatur
958 1460 1284 1513 Arelatensis
1312 1459 1593 1527 episcopus
1620 1461 1779 1514 Mari-

208 1549 312 1588 nns
357 1555 371 1588 :
418 1533 562 1601 quod
611 1531 1013 1601 metropoliticaa
1059 1532 1111 1583 in
1153 1546 1218 1582 eo
1261 1531 1529 1599 dignitatis
1576 1542 1777 1585 certum

212 1603 356 1671 apud
388 1600 473 1656 me
510 1602 763 1656 indicium
810 1612 914 1656 est.
966 1600 1279 1655 Primarium
1309 1601 1447 1653 enim
1485 1601 1657 1653 locum
1691 1616 1779 1670 sy-

210 1670 341 1726 nodi
371 1682 553 1727 tenere
584 1688 687 1725 non
737 1672 937 1740 potuit,
984 1686 1080 1725 nec
1121 1672 1295 1724 omnia
1340 1670 1526 1737 synodi
1564 1674 1777 1724 nomine

214 1742 433 1807 facere,
486 1742 587 1796 nisi
636 1741 913 1810 primarius
960 1741 1244 1810 provincia:
1279 1740 1438 1810 575
1471 1740 1772 1810 cpisconus

212 1815 404 1867 fuisset
435 1813 522 1866 vel
558 1809 891 1872 Viennensis,
914 1809 974 1865 si
994 1810 1103 1878 jam
1151 1825 1180 1862 a
1228 1809 1416 1864 solida’
1441 1809 1772 1865 Narbonensi

204 1882 460 1949 decerpta
497 1890 630 1943 erat,
669 1882 750 1935 vel
779 1882 937 1935 totius
968 1881 1251 1947 provincia:
1287 1880 1561 1943 Romanis,
1609 1883 1650 1934 si
1680 1882 1773 1935 ad-

199 1951 312 2005 huc
330 1952 503 2006 stabat
531 1951 702 2007 solida
730 1950 1102 2005 Narbonensis.
1140 1950 1240 2005 Iste
1258 1952 1402 2005 enim
1424 1966 1541 2005 mos
1560 1966 1773 2018 semper

195 2022 454 2089 obtinuit,
498 2033 555 2075 ut
602 2022 861 2091 cujusque
905 2022 1189 2088 provincia:
1237 2024 1678 2089 metropolitanus
1720 2024 1771 2078 ei

194 2093 409 2163 synodo
438 2100 710 2163 praeesset,
740 2107 858 2160 qua:
900 2093 1037 2146 intra
1084 2105 1195 2163 sua:
1243 2093 1531 2162 provincia:
1572 2092 1768 2149 limites

193 2162 524 2233 congregata
553 2162 859 2233 haberetur,
885 2163 1009 2233 licet
1027 2162 1213 2217 civitas
1248 2165 1333 2216 illa
1366 2165 1637 2231 proprium
1678 2166 1771 2219 lia-

194 2231 355 2287 heret
419 2233 750 2302 episcopum.
826 2231 1065 2288 Sufliciat
1120 2234 1277 2287 modo
1335 2235 1403 2287 ad
1461 2236 1768 2300 exemplum

195 2302 573 2371 Diospolitana
602 2303 857 2375 synodus,
889 2305 974 2358 cui
1005 2304 1255 2373 praesedit
1292 2304 1547 2373 Eulogius
1592 2304 1770 2359 Cresa-

193 2389 308 2427 reae
335 2375 615 2443 episcopus
636 2373 732 2428 an.
762 2373 889 2439 ΗΒ,
922 2375 1047 2429 licet
1086 2375 1349 2443 Diospolis
1373 2376 1471 2429 sub
1495 2375 1769 2445 lerusoly-

198 2445 413 2498 mitano
441 2450 693 2513 episcopo
720 2445 943 2514 jaceret.
980 2446 1035 2499 Si
1077 2460 1204 2515 ergo
1236 2445 1546 2499 Viennensis
1582 2449 1770 2503 civitas

191 2516 593 2585 metropolitica
620 2516 876 2584 dignitate
906 2525 1030 2570 tunc
1052 2517 1305 2581 temporis
1338 2516 1523 2570 luisset
1551 2528 1762 2581 ornata,

185 2584 277 2654 jus
311 2586 418 2639 sibi
445 2600 598 2639 suum
629 2588 848 2654 praeripi
888 2602 993 2640 non
1027 2601 1213 2655 passus
1247 2596 1388 2641 esset
1413 2586 1579 2641 Verus
1611 2587 1768 2643 Vien-

189 2656 389 2710 nensis
416 2655 719 2727 cpiscopus,
760 2656 848 2727 qui
894 2658 1080 2712 aderat
1124 2658 1376 2720 concilio;
1417 2657 1619 2726 primus
1652 2673 1769 2712 om-

188 2726 351 2781 nium
378 2726 804 2799 subscripsisset,
832 2736 884 2799 et
905 2729 1018 2795 ipse
1047 2728 1528 2799 omniumnomine
1551 2731 1768 2799 synodi-

188 2810 318 2851 cam
343 2797 663 2853 coniecisset
688 2798 986 2866 epistolam,
1031 2799 1097 2852 ad
1133 2797 1434 2866 pontiﬁcem
1470 2797 1765 2854 Romanum

191 2867 262 2922 de
284 2876 405 2921 tota
435 2868 639 2937 synodo
667 2871 947 2922 relaturus.
981 2869 1090 2923 Hoc
1111 2870 1413 2937 exemplum
1448 2885 1552 2923 non
1583 2885 1763 2937 parum

192 2937 504 2993 Arelatensi
540 2938 813 3008 privilegio
861 2938 1039 2993 favere
1088 2940 1464 2993 intellexerunt
1500 2942 1689 3009 synodi
1730 2956 1765 2995 ιι

189 3008 535 3064 Arelatensis
565 3009 769 3077 Patres,
800 3024 919 3063 cum
942 3024 1146 3063 canone
1187 3012 1253 3064 t8
1294 3009 1423 3063 illud
1464 3008 1541 3061 ad
1569 3012 1767 3064 contir-

191 3078 454 3133 mandum
495 3080 584 3148 jus
630 3079 843 3150 synodi,
888 3080 1215 3135 Arelatensis
1261 3081 1499 3149 episcopi
1548 3080 1767 3135 arbitrio

186 3150 609 3220 congreganda,
634 3150 994 3205 adduxerunt.

1800 1850 1847 1911 Β

1875 557 2137 627 arrogans
2164 545 2514 627 praesidentia
2537 560 2678 627 reus,
2710 547 2913 627 integra
2948 548 3297 627 nobismanet
3319 561 3442 627 pro-

1877 616 2040 682 batio,
2083 630 2203 685 qua:
2244 616 2369 671 inde
2414 616 2639 670 sumitur
2688 632 2783 685 pro
2826 616 2945 686 jure
2992 618 3311 672 Arelatensis
3341 617 3443 673 Εεο

1873 689 2071 743 clesim.

1948 758 2001 811 ln
2034 757 2323 812 Biterrensi
2352 771 2563 824 quoque
2584 756 2786 827 synodo
2808 759 3082 825 primatum
3110 760 3273 815 tenuit
3296 759 3437 816 idem

1878 828 2220 893 Saturninus,
2253 836 2310 882 ut
2331 842 2396 881 ex
2431 827 2653 891 Hilario,
2681 828 2874 883 Severo
2909 830 3130 897 Sulpitio
3160 841 3213 885 et
3251 831 3440 887 lliero—

1876 915 2039 974 ny‘ino
2070 898 2227 974 facile
2254 898 2551 974 colligitur;
2598 898 2688 974 qui
2723 899 2927 974 jus_vel_
2951 901 3198 967 cogenda:
3224 902 3435 974 synodi,

1876 971 1957 1024 vel
1989 970 2039 1023 in
2059 985 2119 1024 ea
2144 970 2373 1037 primum
2398 970 2569 1024 locum
2596 967 2823 1023 habendi
2845 968 3017 1024 eidem
3039 975 3133 1025 etsi
3156 967 3439 1027 vaferrimo

1880 1040 2078 1094 homini
2127 1054 2230 1094 non
2267 1040 2578 1106 abjudicant
2622 1058 2633 1091 :
2684 1040 2822 1092 sicut
2857 1054 2952 1093 nec
2998 1038 3177 1095 Patres
3231 1044 3440 1100 concilii

1881 1109 2230 1169 Parisiensis,
2281 1111 2371 1176 qui
2421 1124 2541 1165 eum
2585 1111 3099 1164 excommunicatum
3142 1112 3433 1177 declarant,

1883 1196 1988 1233 non
2021 1181 2178 1233 aliam
2202 1182 2269 1234 ob
2299 1196 2535 1243 causatn,
2566 1195 2724 1248 quam
2755 1180 2877 1246 quia
2907 1182 3119 1234 statutis
3147 1182 3439 1237 salubribus

1883 1250 2196 1317 intpiissime
2218 1251 2552 1305 contradixit.

1953 1324 2079 1375 Car.
2106 1321 2165 1375 V.
2201 1322 2336 1387 Quid
2376 1338 2468 1387 pro
2509 1322 2731 1391 primatis
2766 1336 2853 1374 seu
2891 1322 3260 1391 metrOpolitjca
3299 1332 3441 1385 pote-

1880 1400 2010 1445 state
2040 1394 2301 1444 contulerit
2346 1390 2626 1447 Arelatensi
2656 1392 2893 1461 episcopo
2914 1394 3142 1461 synodus
3160 1390 3446 1447 Taurinen-

1880 1463 1972 1515 sis.
2004 1491 2073 1501 —
2103 1463 2380 1529 llucusque
2403 1463 2684 1527 primatum
2708 1462 2900 1529 ubique
2930 1464 2981 1516 ιιι
3013 1464 3282 1532 provincia
3312 1463 3443 1517 Nar-

1882 1532 2100 1584 bonensi
2146 1533 2435 1585 obtinuisse
2463 1533 2669 1586 videtur
2695 1533 2903 1586 nemine
2929 1534 3327 1587 contradicente
3356 1534 3439 1588 vel

1878 1612 2226 1670 repugnante,
2261 1604 2583 1657 Arelatensis
2604 1603 2904 1670 episcopus,
2936 1619 3093 1671 quem
3116 1606 3166 1657 in
3195 1604 3444 1658 omnibus

1879 1676 2052 1734 magni
2073 1672 2562 1741 montcntinegotiis
2580 1674 2784 1728 cunctis
2806 1685 3128 1742 prmeuntem
3154 1675 3439 1728 intuemur.

1880 1742 2256 1815 DeViennensi
2275 1752 2447 1798 autem
2472 1746 2725 1815 episcopo
2748 1745 2910 1798 altum
2935 1744 3127 1813 ubique
3150 1745 3439 1799 silentium.

1948 1814 2017 1867 At
2042 1818 2177 1868 inter
2201 1824 2482 1883 utrumque
2510 1816 2637 1869 oriri
2668 1824 2840 1876 carpta
2869 1815 3034 1869 estde
3064 1816 3286 1883 primatu
3308 1831 3438 1869 cnu-

1877 1885 2044 1938 tenlio
2067 1884 2203 1938 circa
2232 1893 2467 1953 tempora
2490 1886 2701 1941 concilii
2730 1885 3090 1951 Tanrinensis,
3114 1886 3253 1954 quod
3281 1886 3441 1954 vulgo

1875 1970 2015 2008 anno
2049 1955 2425 2009 trecentesimo
2454 1956 2799 2023 nonagesimo
2842 1958 3070 2023 septimo
3110 1957 3435 2011 celebratum

1872 2024 2125 2089 creditur,
2158 2028 2345 2080 melius
2372 2035 2546 2081 tamen
2573 2027 2637 2079 ad
2673 2027 2817 2080 initia
2841 2028 3111 2095 sequentis
3139 2027 3318 2080 saeculi
3349 2042 3432 2080 re-

1868 2096 2048 2164 ⁸ἱίινίιιιι·
2072 2113 2087 2153 :
2115 2098 2362 2165 quoniam
2398 2113 2462 2151 ex
2500 2097 2737 2164 pluribus
2779 2096 2975 2151 Zosimi
3015 2112 3162 2163 papa:
3200 2096 3442 2166 epistolis

1874 2178 2019 2235 pnlel
2050 2176 2173 2222 tunc
2203 2168 2471 2223 Turonum
2501 2170 2810 2237 episcOpum
2834 2168 2998 2223 fuisse
3030 2168 3287 2221 Briccium
3319 2182 3442 2223 suc-

1871 2251 2137 2291 cessorem
2160 2239 2329 2293 sancti
2368 2240 2598 2299 Martini.
2641 2254 2798 2308 quem
2844 2253 2985 2293 anno
3026 2239 3439 2307 quadringente-

1873 2308 2009 2362 simo
2038 2319 2130 2364 aut
2157 2310 2316 2364 etiam
2351 2311 2615 2378 sequenti.
2669 2312 2729 2365 ll
2764 2309 2851 2363 die
2879 2309 3198 2365 Novembris
3239 2311 3440 2365 abiisse

1868 2378 2190 2434 eruditiores
2236 2381 2452 2436 tradunt
2497 2380 2809 2447 chronologi
2853 2394 2919 2435 ex
2958 2380 3155 2436 Severo
3190 2380 3435 2447 Sulpitio.

1872 2448 2040 2515 Quam
2067 2452 2492 2517 supputationem
2519 2454 2606 2521 qui
2636 2450 2994 2519 amplectitur,
3037 2451 3178 2506 dicat
3215 2464 3437 2507 necesse

1869 2529 1953 2573 est
1974 2522 2257 2591 concilium
2284 2523 2443 2583 istud.
2466 2523 2605 2591 quod
2638 2536 2823 2578 mense
2844 2523 3143 2589 Septembri
3174 2536 3436 2577 convoca-

1871 2597 1979 2643 tum
2004 2590 2204 2647 indicat
2231 2590 2762 2662 praefatioejnsdexn.
2797 2608 2901 2649 non
2930 2602 3052 2648 ante
3070 2592 3434 2662 quadringen-

1869 2662 2117 2717 tesimum
2136 2664 2428 2721 secundum
2456 2666 2538 2720 vel
2561 2672 2870 2734 sequentem
2894 2680 3087 2719 annum
3107 2665 3433 2719 celebratum

1866 2746 2008 2786 esse.

1935 2802 2048 2868 Qua
2078 2814 2255 2859 autem
2285 2807 2355 2874 (c)
2387 2806 2669 2861 occasione
2717 2813 2913 2860 motam
2963 2815 3209 2873 putemus
3251 2803 3433 2872 hujus-

1868 2874 2011 2927 modi
2054 2877 2513 2930 controversiam?
2561 2876 2706 2930 Hauc
2747 2889 2846 2942 ego
2876 2886 3053 2929 natam
3080 2874 3329 2930 existimo
3353 2888 3438 2928 oc-

1863 2948 2081 2997 casione
2124 2947 2315 3012 partim
2363 2961 2514 3001 nova:
2560 2944 2839 3000 divisionis
2884 2945 3198 3007 Galliarum,
3245 2946 3436 3010 partim

1867 3012 2159 3078 ingentium
2184 3017 2455 3069 turbarum
2477 3030 2594 3082 qua:
2622 3022 2850 3069 exeunte
2876 3022 3068 3083 quarto
3095 3014 3293 3083 seculo
3312 3027 3429 3065 eam

1870 3092 2073 3149 partem
2119 3084 2411 3139 Galliarum
2448 3092 2849 3139 concusserunt.
2894 3082 3153 3139 Maximus
3183 3082 3323 3136 enim
3354 3090 3435 3150 ty«

1873 3154 2148 3207 rannidem
2189 3155 2412 3221 arripuit
2462 3156 2515 3209 in
2568 3153 2833 3208 Britannia
2886 3168 2975 3207 an.
3026 3154 3147 3216 582,
3191 3152 3439 3206 Treveris

258 3222 479 3275 Asserit
498 3221 713 3289 quidem
739 3220 1086 3292 illustrissimi
1117 3221 1255 3292 Petri
1283 3221 1473 3274 Marca:
1492 3221 1769 3275 continua-
1796 3226 1842 3289 C
1872 3221 2052 3276 sedem
2099 3220 2313 3292 imperii
2345 3224 2665 3288 collocavit,
2709 3223 3017 3278 Gratianum
3066 3223 3437 3292 imperatorem

188 3298 274 3345 tor
300 3292 555 3345 Baluzius
577 3292 668 3345 lib.
701 3307 726 3344 ν
749 3290 1017 3346 Concord.
1053 3290 1262 3345 sacerd.
1292 3301 1348 3345 et
1376 3292 1503 3359 imp.
1534 3308 1650 3360 cap.
1679 3292 1765 3356 30,

188 3377 351 3415 num.
390 3362 425 3415 4
448 3408 460 3427 ,
514 3362 772 3416 Marinum
815 3361 1182 3417 Arelatensem
1223 3377 1322 3414 nou
1360 3364 1640 3416 vindicasse
1666 3364 1776 3417 sedi

186 3448 303 3486 sua:
326 3435 411 3503 ius
437 3433 860 3503 metropoliticum
888 3435 941 3486 in
962 3432 1177 3503 epistolis
1195 3434 1439 3502 synodica
1458 3435 1577 3496 ;sed
1600 3450 1627 3486 e
1653 3449 1776 3487 con-

185 3513 269 3553 tra
297 3502 475 3556 domi
500 3502 789 3574 episcopum
818 3505 1093 3574 provincia:
1122 3502 1417 3556 Viennensis
1439 3505 1491 3556 in
1512 3506 1661 3557 veteri
1687 3521 1774 3557 ca-

185 3574 369 3643 talogo
386 3573 738 3646 episcoporum
778 3576 864 3642 qui
899 3575 974 3646 ad
1002 3573 1343 3627 Arelatensem
1378 3574 1627 3643 synodum
1651 3591 1773 3627 con-

186 3655 462 3699 venerunt.
492 3644 686 3698 verum
717 3646 857 3699 unde
896 3644 1061 3699 habes
1086 3686 1100 3707 ,
1153 3647 1232 3698 vir
1276 3650 1503 3707 erudite,
1540 3645 1640 3698 hoc
1670 3646 1769 3701 sibi

182 3714 270 3781 jus
292 3730 405 3768 non
439 3714 735 3769 vindicasse
769 3715 1068 3769 Marinum?
1098 3716 1151 3770 Si
1183 3731 1248 3770 ex
1277 3730 1343 3769 co
1373 3716 1512 3784 quod
1544 3717 1768 3784 provin-

185 3786 285 3839 cia
322 3785 642 3840 Viennensis
679 3787 965 3856 cpiscopus
991 3785 1187 3840 dicitur
1216 3788 1267 3838 in
1300 3787 1465 3839 veteri
1492 3787 1584 3840 illo
1622 3798 1769 3840 cata-

186 3856 337 3924 logo,
368 3856 477 3924 jam
508 3858 578 3911 ob
606 3858 849 3910 eamdem
872 3858 1134 3910 rationem
1162 3856 1478 3911 adimendus
1505 3867 1586 3911 est
1608 3860 1766 3912 etiam

186 3930 461 3993 primatus
491 3926 622 3981 Vero
643 3928 929 3982 Viennensi
962 3927 1231 3995 episcopo,
1258 3930 1343 3980 cui
1378 3928 1545 3988 illttm,
1578 3936 1635 3981 ut
1655 3930 1767 3995 opi-

184 4011 308 4061 nor,
343 3998 549 4052 asseris
592 4014 603 4049 :
636 4012 743 4053 non
766 3998 923 4052 aliter
958 4004 1099 4053 enim
1123 3999 1407 4053 subscribit
1432 3998 1764 4065 Viennensis,

182 4066 361 4123 immo
390 4083 489 4122 nec
522 4069 882 4133 Massiliensis,
914 4069 1269 4123 Arausicanus
1308 4079 1362 4123 et
1400 4068 1758 4123 Vasionensis.

181 4138 299 4208 Hoc
332 4155 501 4192 unttm
532 4139 820 4195 discrimen
850 4140 902 4193 in
949 4140 1279 4193 Arelatensis
1318 4141 1541 4208 gratiam
1580 4154 1769 4192 occur-

182 4207 271 4273 rit,
306 4211 457 4277 qnod
484 4210 601 4278 ejus
629 4211 946 4279 subscriptio
968 4223 1285 4263 creterorum
1309 4207 1610 4262 nominibus
1634 4225 1767 4274 pra:-

180 4289 443 4347 ponatur,
472 4291 696 4348 excepto
730 4280 1067 4343 Massiliensi,
1109 4282 1197 4349 qui
1232 4283 1281 4332 itt
1314 4280 1543 4349 antiquis
1580 4279 1769 4333 editio-

179 4350 345 4403 nilms
376 4366 482 4403 non
509 4363 747 4420 apparet,
778 4352 871 4405 sed
917 4352 967 4404 in
1012 4348 1137 4403 sola
1161 4349 1430 4405 Sirmondi
1469 4348 1769 4404 Gallicana-

182 4434 309 4491 rum
337 4420 667 4491 synodorum
694 4422 950 4477 editione.

253 4490 311 4544 In
338 4490 572 4546 cencilio
603 4493 973 4561 Agrippinensi
999 4491 1254 4545 adversus
1296 4491 1647 4560 Euphratem,
1679 4490 1764 4545 cui

1878 3293 2017 3365 apud
2049 3291 2362 3363 Lugdunum
2388 3310 2419 3349 a
2446 3295 2555 3349 suis
2582 3294 2853 3350 desertum
2882 3294 3041 3365 777
3068 3291 3155 3348 an.
3189 3291 3312 3365 583.
3346 3307 3439 3359 per

1879 3364 2295 3434 Andragathiutn
2319 3365 2507 3420 ducem
2537 3365 2779 3434 peremit.
2809 3364 3077 3433 Euge’tttus
3102 3364 3299 3434 pariter
3327 3365 3432 3419 Ar-

1875 3433 2109 3504 bogastis
2129 3436 2336 3489 comitis
2357 3433 2606 3501 prasidio
2628 3436 2793 3491 fretus
2810 3435 3079 3493 stl‘ectavit
3102 3433 3256 3505 vique
3279 3449 3435 3488 usur-

1876 3508 2019 3576 pavit
2050 3506 2329 3575 imperium
2360 3522 2486 3561 ann.
2528 3506 2661 3571 59l;
2694 3507 2998 3563 succedenti
3040 3507 3268 3576 denique:
3295 3519 3435 3560 anno

1876 3574 2302 3646 Valentinianum
2353 3580 2729 3646 imperatorem
2777 3578 2913 3633 idem
2951 3574 3274 3642 Arbogastes
3296 3578 3435 3644 apud

1874 3645 2130 3701 Viennam
2168 3645 2453 3704 interiecit.
2504 3648 2605 3704 Per
2635 3650 2730 3703 has
2759 3649 3019 3717 procellas
3043 3647 3316 3717 probabile
3346 3648 3438 3700 ad-

1872 3718 2086 3771 modum
2112 3730 2197 3773 est
2231 3718 2576 3777 Viennensem
2599 3716 2907 3789 episcdputn
2937 3716 3095 3788 caput
3113 3721 3349 3775 erexisse
3370 3716 3435 3770 ad

1875 3789 2182 3859 primatum,
2214 3791 2298 3844 cui
2330 3790 2702 3859 prebensando
2739 3790 2912 3845 locum
2956 3792 3104 3845 dedit
3150 3792 3435 3859 provincia:

1871 3858 2233 3913 Narbonensis
2274 3858 2533 3929 in’plures
2562 3877 2669 3928 non
2694 3860 2762 3915 ita
2794 3861 2997 3928 pridem
3043 3860 3180 3915 facta
3221 3858 3434 3918 divisio,

1871 3930 2031 3982 indita
2068 3930 2350 3985 Viennensi
2377 3932 2661 4000 provincia:
2687 3945 2752 3984 ex
2783 3932 2929 3986 urbis
2958 3933 3171 4000 nomine
3197 3929 3436 3997 appella-

1871 4000 1965 4065 tio,
1994 4010 2050 4055 et
2074 4002 2124 4053 in
2147 3999 2412 4055 diversam
2437 4002 2825 4067 adversamque
2846 3999 3261 4055 dominationem
3284 4000 3438 4051 Vien-

1870 4074 2049 4126 nensis
2087 4071 2325 4141 ejusdem
2374 4071 2657 4139 provinciae
2688 4071 2898 4141 scissio,
2926 4068 3438 4141 aliquibuscivitati-

1873 4141 1969 4193 bus
2022 4138 2247 4209 tyranno
2288 4138 2740 4210 parentibnssub
2786 4138 3109 4203 Viennensi,
3149 4138 3269 4210 aliis
3314 4151 3435 4210 cum

1869 4205 2170 4263 Arelatensi
2199 4205 2304 4265 sub
2320 4210 2560 4264 Romana
2590 4209 2791 4262 ditioue
2821 4207 3307 4277 perseverantibus.
3341 4205 3438 4277 Fa-

1868 4281 1969 4333 cile
1999 4282 2140 4332 enim
2167 4280 2265 4333 fuit
2292 4280 2577 4333 Viennensi
2609 4276 2859 4340 antistiti,
2887 4279 3040 4343 cujus
3078 4277 3267 4331 civitas
3309 4276 3437 4329 olim

1869 4350 1921 4403 in
1957 4350 2212 4403 laterculo
2240 4350 2445 4416 imperii
2477 4348 2791 4415 metrOpolis
2822 4348 3011 4413 fuerat,
3040 4358 3099 4402 et
3123 4347 3437 4417 antiquitate

1868 4421 2154 4486 eminebat,
2190 4422 2290 4474 hoc
2318 4428 2542 4489 tyranne
2570 4418 2911 4488 persuadere,
2943 4429 3000 4474 ut
3043 4418 3113 4474 ibi
3154 4420 3438 4488 primatum

1869 4492 2288 4545 ecclesiasticum
2315 4491 2565 4545 constitui
2609 4490 2840 4559 juberet,
2888 4491 2973 4545 ubi
3006 4492 3211 4558 imperii
3238 4492 3317 4546 sui
3347 4503 3435 4543 se-

178 4559 894 4655 !!25‘92"'2§.I'3*er:mis
932 4562 1607 4655 i“i€.‘.“’..‘!“?ﬂ'“?°.'i‘f£t.
1630 4577 1764 4655 vis:
1789 4594 1840 4655 ι)
1869 4563 2099 4655 f'.ﬁ'_'.'.."‘i'
2128 4563 2319 4655 βειιςηι
2362 4559 3437 4655 “Lenaea.incestasse?)1!“

171 4632 416 4698 sidebet,
462 4632 662 4701 primus
709 4636 948 4688 omnium
996 4642 1111 4701 post
1159 4634 1331 4701 ipsum
1373 4633 1678 4687 inscribitur
1706 4642 1760 4687 et

170 4702 496 4772 snﬂ‘raginm
524 4704 654 4756 dixit
701 4704 1014 4758 Valentinus
1062 4705 1405 4758 Arelatensis.
1464 4704 1614 4769 Quod
1656 4703 1757 4757 etsi

170 4786 370 4840 aperte
400 4774 489 4844 jus
542 4775 990 4843 metropoliticum
1039 4790 1140 4827 non
1174 4786 1397 4839 asserat,
1448 4776 1756 4844 dignitatem

170 4852 362 4897 tamen
392 4843 539 4898 sedis
564 4844 807 4915 designat
836 4846 1189 4914 aliquatenus.

244 4915 704 4987 Agrippinensem
752 4916 1013 4987 synodum
1048 4924 1227 4987 secuta
1264 4925 1352 4987 est
1381 4916 1607 4983 septimo
1639 4926 1757 4977 post

169 4996 327 5058 anno
357 4986 710 5054 Arelatensis,
758 4986 843 5041 cui
888 4987 1100 5055 praefuit
1139 4986 1213 5058 (b)
1253 4986 1569 5042 Saturninus
1595 4987 1759 5057 776

161 5055 423 5127 ejusdem
473 5058 709 5112 civitatis
770 5059 1091 5127 episcopus,
1143 5055 1231 5127 qui
1278 5057 1492 5126 quidem
1544 5055 1755 5111 Artamis

162 5124 399 5181 factioni
431 5128 677 5183 addictus
700 5124 846 5195 erat;
878 5124 970 5183 sed
998 5144 1120 5184 cum
1152 5124 1248 5183 nec
1284 5124 1349 5181 ab
1378 5128 1577 5183 Hilario
1600 5145 1697 5182 nec
1726 5144 1755 5183 a

1867 4632 2029 4686 titulis
2060 4635 2339 4701 primatum
2360 4674 2371 4691 .
2396 4633 2587 4699 quibus
2618 4634 2793 4700 potuit
2817 4633 3078 4701 praesidiis
3107 4643 3305 4687 tutatus
3329 4641 3432 4697 est,

1864 4705 1952 4772 qui
1985 4720 2088 4757 non
2118 4703 2258 4757 aliud
2293 4708 2487 4771 passim
2520 4703 2779 4758 atiectata:
2821 4704 3091 4774 dignitatis
3132 4704 3437 4771 metropoli-

1864 4783 1981 4857 item
2010 4776 2414 4857 fundamentum
2436 4775 2677 4857 protulit,
2701 4791 2859 4857 quam
2889 4777 3120 4857 civitatis
3147 4774 3432 4843 antiquita-

1864 4853 1989 4909 tem,
2019 4846 2332 4926 etejusdem
2366 4846 2640 4916 dignitatis
2664 4846 2793 4901 olim
2817 4849 2868 4901 in
2897 4847 3137 4902 civilibus
3162 4858 3435 4900 concessae

1861 4930 2276 4993 posscssmnetn.
2728 4988 2738 4993 _
2881 4988 2892 4993 _
2956 4988 2967 4993 _
3116 4986 3127 4993 ,
3194 4986 3205 4993 ,
3401 4981 3433 4993 ..

1934 4987 2045 5041 Huc
2087 4987 2379 5042 devenerat
2410 4988 2773 5042 controversia
2815 4988 2999 5055 primis
3039 4986 3208 5057 quinti
3256 4981 3434 5038 saeculi

1861 5059 2018 5111 annis
2039 5098 2052 5119 ,
2082 5073 2203 5112 cum
2232 5058 2374 5112 illius
2405 5072 2502 5113 seu
2549 5057 2863 5113 dirimenda:
2907 5073 3002 5113 seu
3041 5067 3324 5124 utcumque
3348 5066 3431 5108 so-

1862 5128 2069 5196 piendaa
2113 5129 2284 5199 gratia
2324 5128 2608 5183 concilium
2654 5128 2987 5185 Taurinense
3029 5127 3426 5181 Gallicanorum

1233 5240 1791 5296 BALLERINIORUM
1829 5239 2373 5297 ANNOTATIONES.

233 5330 325 5400 (ι)
360 5328 746 5383 Treverensem
788 5328 1099 5400 episcopum
1139 5330 1533 5396 metropolitani
1582 5331 1745 5384 tuisse

157 5398 274 5455 hoc
302 5398 552 5469 tempore
580 5413 687 5469 quo
714 5398 948 5469 nondum
980 5401 1227 5452 instituta:
1255 5402 1467 5455 luerunt
1498 5401 1749 5456 ecclesia-

154 5472 326 5525 sticae
361 5468 710 5540 metropdles,
737 5470 880 5524 omni
912 5468 1256 5524 fundamento
1289 5479 1454 5524 caret.
1479 5470 1746 5525 Creterum

152 5544 231 5597 de
269 5546 387 5595 tiae
419 5540 626 5611 synodo
657 5541 1027 5611 Agrippinensi
1066 5542 1242 5611 plures
1280 5541 1544 5596 dubitant.
1587 5541 1749 5597 Certe

156 5610 498 5669 Vnica-tinus
526 5611 855 5666 Arelatensis
892 5612 945 5665 in
988 5610 1144 5679 hujus
1185 5610 1441 5665 Ecclesia
1480 5612 1748 5681 diptychis

146 5700 183 5739 a
212 5681 548 5739 Isbillonio
566 5681 723 5737 editis
748 5695 853 5734 non
875 5681 1085 5751 legitur.
1196 5682 1204 5688 '

229 5754 321 5826 (b)
359 5752 490 5826 Quae
516 5751 685 5826 hieet
705 5751 759 5805 in
782 5750 1128 5826 sequentibus
1153 5750 1472 5826 colliguntur
1491 5765 1560 5805 ex
1581 5752 1746 5826 gestis

148 5821 459 5883 Saturnini
502 5821 1044 5889 Arclatensis,’quam
1088 5823 1191 5877 sint
1227 5821 1423 5888 inania,
1458 5823 1654 5891 patebit
1679 5838 1743 5878 ex

1851 5334 2069 5385 observ.
2098 5342 2235 5400 part.
2265 5345 2324 5396 ll,
2356 5346 2404 5385 c.
2434 5330 2485 5396 6,
2513 5347 2569 5386 ιι.
2590 5332 2649 5398 5,
2672 5346 2735 5387 ac
2757 5337 3037 5399 propterea
3070 5327 3196 5383 nihil
3229 5329 3436 5384 ﬁrmum

1862 5401 2121 5458 hactenus
2151 5403 2371 5456 allatum
2406 5412 2487 5455 est
2526 5416 2621 5471 pro
2667 5400 2947 5457 vetustiori
2988 5400 3106 5470 jure
3132 5402 3436 5469 metropoli-

1856 5471 1968 5526 tico
1988 5474 2224 5542 episcopi
2254 5472 2609 5527 Arelatensis.

1926 5545 2003 5612 (c)
2024 5540 2223 5598 Veram
2254 5543 2634 5598 controversiae
2662 5540 2998 5597 occasionem
3042 5540 3353 5609 detegemus
3382 5542 3435 5596 in

1851 5615 2066 5669 observ.
2098 5622 2233 5683 part.
2262 5628 2324 5679 tt,
2354 5628 2405 5667 c.
2427 5613 2480 5678 5,
2509 5630 2564 5667 ιι.
2590 5614 2644 5677 9,
2674 5623 2730 5669 et
2750 5625 2975 5683 numero
3002 5612 3241 5680 sequenti
3263 5614 3437 5678 Ques-

1852 5686 1981 5739 nelli
2029 5682 2363 5752 coinmenta,
2418 5699 2537 5754 quas
2583 5683 2669 5740 hic
2713 5682 2939 5739 miriﬁce
2990 5684 3435 5755 agglosterantur,

1858 5757 2032 5811 natam
2062 5758 2213 5812 (ient.
