3984 6306
588 346 693 405 417

1054 345 1289 403 PASCII.
1330 343 1709 414 QUESNELLI
1754 341 2333 399 DISSERTATIONES
2374 343 2438 399 IN
2477 344 2531 400 S.
2576 340 2818 401 LEONIS
2858 344 3070 402 MAGNI
3109 347 3358 408 OPERA.

3680 342 3807 409 ’118

585 462 955 533 episcoporum
981 460 1230 533 precibus
1249 467 1622 533 congregatum
1653 466 1767 533 est;
1793 456 1945 526 cujus
1987 471 2157 533 canon
2184 456 2239 518 Α
2261 457 2661 533 adiudicabant,
2698 473 2855 533 quam
2902 468 3037 533 tunc,
3069 463 3324 532 temporis
3364 462 3438 533 (ὁ)
3486 470 3804 532 metropolim

584 527 947 602 2'buju'smodi
973 527 1087 602 est;
1113 528 1256 585 Illud
1274 527 1612 602 deinde—inter
1655 531 1917 602 eplscopos
1958 527 2157 580 urbium

584 598 895 658 Arelatensis
949 610 997 656 et
1044 600 1339 655 Viennensis
1388 600 1630 669 (observa
1681 599 1852 665 primo
1891 598 2011 653 loco
2057 613 2155 669 noo

582 675 837 729 minatam
884 671 1182 741 Arelatem)
1223 671 1310 741 qui
1356 666 1418 724 de
1448 670 1693 741 primatus
1734 670 1873 738 apud
1925 684 2014 722 nos
2065 666 2161 741 ho-_

584 759 706 799 nore
728 743 1001 810 certabant,
1048 759 1081 796 a
1120 739 1293 797 sancta
1315 739 1510 811 synodo
1536 740 1806 809 deﬁnitum
1843 748 1949 804 est,
1993 749 2049 811 ut
2070 739 2161 807 qui

585 830 649 886 ea:
680 815 754 869 eis
798 813 1148 886 approbaverit
1178 827 1322 886 suam
1346 810 1611 886 ciuitatem
1656 827 1763 864 esse
1798 810 2154 886 metropolim,

580 885 626 939 is
681 880 841 940 totius
866 880 1155 953 provincia:
1199 883 1438 935 honorem
1476 883 1728 951 primatus
1774 880 2059 953 obtineat,
2109 890 2157 935 et

584 955 693 1023 ipse
728 950 897 1025 juxta
924 970 1195 1025 canonum,
1220 950 1530 1025 praeceptum
1563 952 1939 1025 ordinationum
1976 950 2158 1025 habent

582 1021 900 1096 potestatem.
959 1021 1103 1079 Certe
1130 1021 1681 1096 adpacis'uinculum
1734 1021 2152 1096 conservandum,

585 1092 678 1149 hoc
722 1096 930 1150 consilio
958 1096 1161 1148 utiliore
1187 1092 1441 1146 decretum
1474 1104 1579 1158 est;
1613 1101 1665 1145 ut
1687 1134 1699 1153 .
1724 1092 1767 1144 si
1787 1093 1951 1162 placet
1970 1107 2159 1145 memo-

580 1175 809 1219 ratarum
842 1166 1042 1219 urbium
1072 1164 1353 1232 episcopis,
1384 1178 1695 1232 unaquaque
1732 1161 1794 1214 de
1833 1161 1912 1214 his
1949 1162 2157 1214 vicinio-

580 1251 659 1289 res
692 1236 787 1290 sibi
820 1236 955 1289 intra
989 1236 1301 1304 provinciam
1338 1234 1550 1287 vindicet
1590 1234 1842 1297 civitates,
1887 1242 2033 1299 atque
2071 1249 2159 1286 eas

582 1304 840 1360 Ecclesias
880 1307 1040 1359 visitet
1082 1321 1208 1371 quas
1252 1304 1452 1373 oppidis
1487 1304 1593 1356 suis
1621 1304 1808 1355 vicinas
1842 1304 2001 1372 magis
2054 1319 2160 1357 esse

582 1377 891 1442 constiterit;
921 1378 992 1430 ita
1030 1384 1083 1428 ut
1112 1388 1354 1428 memores
1380 1375 1727 1426 unanimitatis
1772 1380 1920 1438 atque
1950 1390 2161 1427 concor-

579 1447 699 1511 diw,
715 1464 815 1500 non
842 1446 973 1500 alter
997 1446 1213 1499 alterum
1242 1444 1441 1515 longius
1462 1443 1554 1496 sibi
1586 1442 1900 1513 usurpando,
1924 1444 2058 1512 quod
2084 1452 2159 1499 est

577 1515 687 1587 alii
698 1518 926 1587 propius,
958 1517 1220 1587 inquietet.

657 1583 736 1657 Ex
762 1583 844 1657 his
870 1583 1058 1657 synodi
1079 1585 1263 1657 verbis,
1276 1585 1613 1657 perspicuum
1631 1590 1733 1649 est,
1760 1583 2027 1657 lfjamdiu
2047 1600 2158 1639 mo-

584 1653 914 1711 lestissimas'
952 1658 1092 1711 inter
1130 1655 1418 1711 Galliarum
1462 1655 1743 1723 episcopos
1792 1653 2155 1711 dissensiones

585 1726 851 1781 exarsisse
881 1727 947 1781 de
983 1727 1296 1782 Viennensis
1327 1725 1635 1795 provinciae,
1666 1726 1828 1778 immo
1846 1734 1899 1779 et
1928 1724 1996 1779 de
2025 1726 2157 1780 alia-

585 1812 703 1878 rum
735 1799 1128 1878 provinciarum
1154 1796 1382 1878 primatu
1404 1813 1419 1852 :
1442 1797 1695 1878 quoniam
1721 1804 1776 1850 et
1805 1795 2153 1878 illorum-iura

584 1877 637 1919 et
671 1867 855 1921 harum
879 1868 1075 1923 limites
1096 1883 1162 1923 ex
1186 1867 1670 1937 perturbationibus
1698 1880 1792 1933 per
1819 1868 2152 1935 tyrannidem

585 1936 803 1993 Maximi
830 1940 1062 1994 subortis
1085 1936 1218 1993 intra
1242 1937 1544 1993 Gallicanas
1572 1937 1895 2006 provincias,
1926 1937 2152 1994 obscura

586 2016 641 2061 et
669 2007 1079 2065 difﬁcultatibus
1120 2009 1367 2079 impedita
1416 2008 1578 2079 778
1620 2017 1926 2079 evaserant;
1959 2007 2151 2079 itaut,

584 2094 705 2132 cum
743 2080 831 2133 vix
877 2088 1059 2148 posset
1095 2077 1384 2135 Gallicanis
1425 2077 1685 2147 episcopis
1729 2078 1997 2147 judicibus
2036 2078 2152 2136 haec

581 2152 946 2205 controversia
985 2150 1201 2216 dirimi,
1233 2150 1499 2219 plerisque
1535 2148 1782 2204 videlicet
1815 2148 1897 2202 vel
1936 2150 2147 2218 propria

589 2219 673 2273 vel
702 2220 995 2275 amicorum
1026 2236 1186 2276 causa
1215 2221 1509 2287 occupatis,
1544 2220 1610 2274 ad
1642 2219 1845 2273 vicinos
1874 2220 2148 2284 coepisco-

580 2303 675 2358 pos
728 2304 941 2347 causam
986 2292 1197 2347 deferre
1254 2290 1395 2345 velut
1442 2290 1699 2360 depositis
1739 2290 2142 2360 compromissis

584 2360 790 2432 illarum
842 2363 1118 2430 regionum
1164 2362 1400 2431 episcOpi
1449 2359 1842 2432 proposuerint.
1899 2359 2147 2432 Episcopi

578 2428 777 2486 Italica:
803 2428 1122 2498 diteceseos,
1150 2428 1213 2487 ut
1228 2428 1516 2500 provinciae
1548 2428 1865 2485 Viennensis
1895 2428 2147 2485 aliarum-

576 2515 680 2572 que
709 2502 941 2571 contigui
971 2504 1036 2557 ad
1072 2503 1174 2559 hoc
1206 2503 1397 2557 delecti
1434 2509 1586 2567 sunt,
1620 2518 1684 2557 eo
1714 2500 1962 2557 libentius
2002 2501 2145 2567 quod

574 2570 887 2640 jamdudum
911 2574 1050 2629 illius
1066 2574 1313 2629 dimcesis
1335 2575 1615 2642 primatem
1647 2584 1892 2626 sanctum
1914 2573 2144 2626 Ambro-

576 2642 713 2697 sium
737 2643 1081 2699 dissidiorum
1110 2659 1328 2700 suorum
1368 2644 1600 2712 judicem
1632 2648 1994 2713 peroptarant,
2022 2642 2142 2711 opi-

582 2727 703 2785 nor,
734 2713 870 2769 Galli
896 2716 1158 2771 antistites
1183 2734 1194 2769 :
1221 2730 1377 2785 quem
1409 2722 1691 2785 propterea
1720 2713 1784 2767 ad
1808 2726 1956 2785 suam
1984 2727 2144 2782 syno-

576 2784 701 2856 dum
730 2795 786 2838 ut
820 2786 1131 2842 conveniret
1172 2783 1436 2856 frequenti
1477 2783 1740 2856 legatione
1769 2783 2137 2856 sollicitarum.

580 2852 654 2928 _De
684 2852 787 2928 bcc
813 2855 952 2911 enim
985 2857 1198 2928 negotio
1224 2852 1572 2928 pronumest
1597 2855 1768 2928 ipsum
1802 2853 2138 2908 Ambrosium

578 2923 897 2995 intelligere,
930 2923 1131 2982 cum'in
1156 2923 1342 2982 funere
1368 2925 1721 2980 Valentiniani
1746 2938 2020 2994 perorans,
2063 2932 2140 2978 te-

572 3003 747 3067 statur
779 2996 879 3051 sibi
934 3000 1192 3067 rescripto
1241 2996 1593 3052 Valentiniani
1658 2996 1822 3067 ipsius
1873 2995 2055 3067 accito,
2083 2995 2139 3049 in

576 3065 796 3137 Gallias,
821 3079 876 3123 ut
903 3084 1023 3123 eum
1047 3065 1232 3123 vadem
1252 3067 1372 3123 lidei
1397 3083 1506 3122 sua:
1531 3066 1669 3137 apud
1690 3066 1943 3137 comitem
1968 3065 2139 3137 Arbo—

573 3135 1040 3205 gastem'ltaberet,
1090 3139 1191 3194 hoc
1228 3154 1349 3194 esse
1393 3135 1760 3194 denuntiatum
1804 3135 2136 3190 accelerandi

573 3207 775 3262 itineris
804 3224 960 3265 causa
980 3252 994 3275 ,
1024 3225 1128 3264 non
1158 3211 1223 3264 ad
1263 3212 1522 3279 synodum
1568 3208 1784 3271 Galliae,
1822 3206 1913 3260 sed
1945 3207 2011 3259 ad
2047 3207 2137 3260 ba-

575 3279 827 3349 ptismum
856 3279 1210 3334 Valentiniani
1246 3282 1463 3349 Augusti
1506 3282 1678 3347 ipsum
1718 3292 1841 3332 esse
1868 3286 2136 3349 vocatum.

579 3346 821 3419 Additur,
849 3349 1036 3418 inquit,
1069 3366 1125 3403 eo
1150 3358 1202 3403 ut
1234 3346 1558 3419 properarem
1572 3351 1733 3412 ocius,
1754 3362 1843 3400 nec
1865 3347 2141 3400 arbitrarer

573 3432 776 3469 causam
803 3418 996 3472 itineris
1028 3420 1125 3472 mei
1152 3418 1405 3489 synodum
1434 3418 1701 3473 Gallorum
1732 3434 1836 3489 esse
1879 3418 2141 3489 episcopo-

574 3503 724 3553 rum,
768 3498 971 3557 propter
1007 3486 1217 3559 quornm
1258 3494 1542 3557 frequentes
1588 3488 1924 3559 dissensiones
1969 3486 2139 3540 crebro

576 3572 655 3610 me
680 3557 1057 3629 cacusaveram,
1086 3559 1172 3612 sed
1198 3570 1252 3611 ut
1269 3559 1376 3629 ipse
1405 3559 1746 3629 baptizaretur
1769 3557 1823 3609 in
1845 3558 1955 3629 ipsa
1977 3572 2142 3629 egres-

576 3643 658 3679 su.
691 3626 814 3681 Htcc
844 3628 1155 3683 Ambrosius
1185 3624 1398 3683 dicebat
1426 3624 1550 3682 anu.
1584 3626 1721 3691 592,
1766 3624 1873 3694 quo
1909 3624 2141 3680 Valenti-

579 3699 769 3752 nianus
796 3699 1000 3754 occisus
1029 3707 1110 3754 est
1140 3715 1154 3754 :
1189 3700 1326 3754 unde
1352 3707 1406 3753 et
1433 3698 1747 3767 conjicimus
1778 3705 1897 3767 post
1926 3696 2138 3750 Maximi

579 3768 818 3839 tyranni,
848 3772 936 3835 qui
969 3769 1259 3825 Galliarum
1295 3778 1489 3824 statum
1525 3767 1599 3839 (a)
1642 3766 2139 3839 provinciarumque

572 3838 812 3892 ordinem
841 3839 1159 3905 demutarat,
1200 3854 1382 3896 necem
1407 3836 1593 3909 quarto
1622 3847 1746 3892 ante
1770 3852 1911 3909 a_nno
1940 3836 2137 3909 illatam

575 3918 805 3976 emptum
836 3925 953 3965 esse
982 3911 1124 3965 inter
1144 3907 1447 3966 Gallicanos
1475 3910 1756 3979 episcopos
1779 3907 2137 3962 Ecclesiarum

571 3993 782 4033 suarum
814 3980 1020 4044 juribus
1048 3982 1334 4047 decertari,
1367 3983 1769 4050 praesertimque
1796 3979 1929 4050 inter
1955 3979 2140 4033 Arela-

574 4055 775 4122 tensem
794 4050 1294 4122 Viennensemque,
1325 4048 1459 4122 quos
1491 4053 1630 4122 inter
1668 4051 1733 4104 de
1763 4048 1987 4122 primatu
2010 4064 2137 4122 age-

569 4118 746 4192 batur.
779 4121 946 4189 Quam
987 4118 1525 4192 autem—provinciam
1566 4120 1884 4192 detrectavit
1912 4119 2139 4192 Ambro-

570 4191 681 4245 sius
711 4206 739 4245 a
764 4193 1155 4253 dissensionum
1183 4190 1351 4249 turbis
1377 4194 1603 4256 alienus,
1635 4191 1772 4245 banc
1799 4190 2135 4257 postmodum

570 4263 802 4330 suscepit
828 4265 1073 4332 precibus
1103 4264 1376 4319 Gallorum
1404 4264 1576 4318 victus
1606 4261 1981 4332 Simpliciauus
2021 4261 2137 4332 ejus

573 4329 885 4398 successor,
930 4335 1014 4388 vel
1042 4335 1130 4404 qui
1163 4334 1508 4404 Simpliciano
1550 4329 1815 4404 successit
1844 4329 2134 4397 Venerius,

566 4416 789 4473 quorum
818 4402 1134 4473 alterutrum
1170 4402 1382 4473 par-Vest
1417 4404 1638 4459 credere
1660 4402 1975 4456 Taurinensi
2006 4416 2138 4455 con-

569 4470 691 4545 cilio
722 4472 1023 4545 praefuisse;
1053 4470 1193 4545 quod
1236 4490 1301 4545 ne
1340 4476 1500 4545 citius
1535 4474 1925 4545 celebraretur,
1970 4474 2138 4539 impe-

2182 1833 2230 1895 Β

2263 527 2425 608 ῚΊθ
2454 543 2571 608 esse
2600 527 2894 608 constabat.
2926 530 3076 608 unde
3102 527 3205 608 non
3236 534 3353 590 sine
3371 527 3803 608 'artecons'cripta

2264 599 2403 674 mihi
2420 599 2629 674 videtur
2654 614 2773 655 esse
2800 600 2886 655 illa
2913 601 3181 666 deﬁnitio.
3217 620 3335 674 quae
3357 620 3466 660 non
3486 599 3805 669 decernit'illi

2262 670 2655 752 attribuendam
2694 685 2817 727 esse
2857 670 3300 752 metropoliticam
3338 676 3702 752 dignitatem,
3736 687 3805 752 qui

2262 740 2637 821 comprobaret
2663 755 2812 821 suam
2835 740 3101 821 civitatem
3126 746 3249 821 olim
3267 755 3315 799 et
3328 740 3422 821 __e£
3440 750 3653 821 antiquo
3676 740 3806 821 fuisse

2263 812 2621 893 "tetrapolim,
2637 814 2778 893 quod
2807 829 2917 893 rem
2946 814 2996 868 in
3025 817 3243 893 a_ncipiti
3267 812 3595 893 reliquisset,
3626 812 3806 893 etope-

2262 896 2398 936 rosae
2433 883 2758 950 inquisitioni
2789 882 3023 959 dedisset
3052 882 3225 941 locum
3246 927 3262 951 ,
3291 882 3398 942 sed
3421 904 3543 959 quac
3568 882 3805 959 approba.

2262 961 2347 1006 ret
2384 969 2520 1019 esse,
2550 968 2644 1023 per
2671 968 2788 1030 eam
2829 954 3033 1030 scilicet
3065 954 3472 1025 tempestatem}
3502 954 3655 1030 quod
3678 964 3802 1021 aliud

2261 1037 2376 1099 non
2392 1033 2705 1099 eratquarn
2738 1027 2789 1078 in
2810 1098 2813 1099 ν
2836 1026 3057 1092 gratiam
3095 1030 3427 1099 Arelatensis
3454 1026 3803 1099 pronuntiare.

2334 1093 2761 1168 Honoriusenim
2792 1098 3059 1168 Augustus
3085 1098 3262 1168 (Apud
3279 1097 3334 1152 J.
3367 1093 3638 1156 Sirmond.
3666 1106 3716 1158 in
3734 1123 3804 1159 no-

2262 1164 2327 1242 t_is
2348 1165 2413 1216 ad
2431 1165 2723 1242 Sidonium,
2752 1166 2957 1242 p._245)
2983 1169 3034 1221 in
3066 1164 3240 1242 edicto
3260 1170 3331 1242 ad
3359 1173 3663 1240 Agricolam
3694 1191 3805 1242 pra:-

2260 1234 2455 1312 l'ectum
2487 1234 2774 1312 Galliarum
2798 1236 2930 1312 dato_
2948 1252 3089 1312 anno
3113 1237 3218 1312 418
3248 1239 3376 1311 (quo
3404 1234 3493 1296 vix
3527 1234 3802 1312 quindecim

2261 1308 2413 1358 anuis
2442 1307 2855 1381 antiquiorerat
2890 1307 3233 1381 Taurinensis
3254 1307 3516 1381 synodus)
3544 1307 3801 1371 Arelatem

2261 1390 2514 1456 expresse
2546 1376 2793 1456 appellat
2830 1376 3299 1456 metropolitanam'
3332 1376 3639 1456 civitatem,
3683 1387 3800 1453 quod

2255 1446 2457 1513 jamdiu
2490 1446 2579 1500 tali
2614 1448 2956 1523 eam__de_core
2982 1464 3058 1523 ac_
3075 1450 3291 1506 nomine
3330 1446 3635 1523 insignitani
3664 1446 3801 1511 fuisse

2259 1526 2575 1585 argumento
2602 1517 2879 1592 est._Unde
2892 1534 3021 1592 cum
3046 1520 3099 1592 in
3120 1535 3180 1575 ea
3203 1533 3407 1592 septem
3433 1517 3798 1592 provinciarum

2258 1599 2577 1671 conventum
2609 1587 2721 1668 fieri
2746 1589 2988 1670 prmcipit
3004 1630 3019 1653 ,
3040 1587 3313 1671 signiﬁcat
3338 1593 3388 1647 id
3402 1587 3605 1671 ipsum
3628 1598 3800 1671 nonde

2257 1672 2396 1731 novo
2428 1657 2652 1723 institui,
2684 1660 2878 1731 quippe
2913 1657 3054 1731 quod
3088 1657 3197 1728 fam
3228 1678 3257 1714 a
3287 1657 3542 1731 praefecto
3574 1666 3798 1721 Petronio

2252 1727 2457 1806 iussum
2505 1729 2963 1806 erat_observari,
2992 1727 3298 1806 rationabili
3326 1736 3478 1801 plane
3520 1737 3798 1806 probatoque

2259 1799 2505 1874 consilio;
2534 1798 2652 1874 _sed
2683 1800 2876 1874 potius
2931 1802 3200 1874 reparari,
3242 1798 3493 1871 quoniam
3520 1798 3797 1874 'interpola-

2257 1878 2362 1947 tum
2406 1868 2480 1922 uel
2528 1869 2741 1947 incuria
2764 1868 3083 1947 temporum,
3123 1872 3209 1947 vel
3243 1868 3441 1947 desidia
3490 1868 3797 1947 tyrannorum

2253 1941 2443 2011 fuerat,
2476 1948 2533 1992 ut
2560 1940 2610 2011 in
2644 1940 2830 2011 eodem
2872 1940 3045 1997 edicto
3065 1943 3302 2011 queritur
3332 1940 3531 2000 factum
3556 1947 3797 2002 Honorius

2250 2009 2541 2087 Augustus.
2587 2008 2728 2065 Inter
2765 2008 3161 2087 hosatyrann'os
3208 2016 3538 2085 praecipuum
3584 2018 3796 2087 iutellige

2250 2080 3137 2161 Gortstantiuum,_qui_Arelatem
3191 2080 3551 2161 expugnavit,
3601 2080 3795 2142 ineant

2252 2152 2602 2227 tamquamin
2638 2152 2941 2227 primariam
2981 2153 3142 2227 totius
3173 2152 3467 2227 provinciae
3509 2152 3569 2212 se
3598 2160 3795 2227 recepit,

2248 2231 2305 2275 et
2332 2222 2382 2274 in
2410 2236 2471 2276 ea
2500 2221 2752 2276 obsessus
2778 2222 2845 2275 ab
2877 2222 3110 2277 Honorio
3141 2221 3227 2278 ait.
3261 2226 3356 2279 Mt
3394 2226 3460 2279 ad
3492 2221 3794 2283 deditionem

2247 2292 2553 2369 compulsus
2581 2300 2691 2357 est;
2723 2308 2822 2362 qua
2853 2303 3169 2369 expugnata,
3200 2296 3461 2369 provincia
3497 2298 3615 2363 ista,
3644 2299 3793 2369 inquit

2247 2360 2603 2427 Sozomenus,
2633 2360 2811 2417 rursus
2847 2362 2915 2415 ad
2935 2360 3157 2417 Honorii
3194 2360 3461 2433 imperium
3493 2360 3686 2422 reversa
3711 2360 3788 2433 cst,

2246 2448 2305 2484 ac
2334 2433 2547 2486 ducibus
2569 2433 2631 2486 ab
2661 2434 2750 2487 illo
2776 2435 3058 2488 constitutis
3080 2436 3263 2489 paruit.

2316 2502 2499 2571 Neque
2528 2504 2805 2557 tribuenda
2829 2504 3041 2558 videtur
3062 2502 3311 2561 Petronio
3333 2508 3659 2564 Arelatensis
3676 2509 3793 2563 civi-

2245 2575 2367 2627 tatis
2398 2575 2448 2627 in
2478 2574 2814 2648 metropolim
2843 2576 3068 2648 evectjo,
3089 2590 3205 2648 quae
3226 2586 3279 2632 et
3308 2578 3690 2646 prafectoriam
3717 2594 3795 2648 pec

2245 2651 2488 2697 testatem
2527 2645 2841 2712 superabat,
2885 2655 2939 2699 et
2979 2643 3213 2700 Petronii
3248 2643 3405 2704 actate
3436 2650 3666 2705 anterior
3692 2643 3794 2703 erat

2243 2712 2469 2787 (Gallor.
2511 2715 2733 2787 epi_s_co_p.
2776 2731 2947 2787 preces
2984 2717 3051 2787 ad
3090 2717 3152 2771 S.
3184 2715 3450 2787 Leonem).
3488 2720 3633 2775 Hanc
3662 2723 3793 2775 enim

2241 2784 2507 2859 ciyitatem
2535 2800 2563 2837 a
2590 2784 2960 2859 Valentiniano
2987 2786 3309 2855 imperatore
3335 2784 3657 2859 specialibus
3685 2791 3787 2855 pri-

2240 2855 2466 2924 vilegiis,
2500 2864 2621 2922 puta
2644 2856 2772 2910 sede
2801 2855 3153 2923 praefecturae,
3176 2869 3231 2912 et
3260 2855 3419 2925 aliis,
3450 2869 3655 2915 auctam
3679 2860 3793 2914 [υἱε-

2240 2940 2328 2998 se,
2362 2926 3006 2998 immo_et__me_tropolim
3042 2942 3161 2981 esse
3197 2930 3525 2998 appellatam
3568 2938 3794 2998 asserunt

2240 2996 2473 3069 episcopi
2516 2994 2770 3069 Gallicani
2802 2994 2855 3050 in
2894 3013 2959 3052 eo
2988 2998 3163 3052 libello
3196 2994 3356 3069 quem
3388 3014 3487 3069 pro
3517 2997 3793 3055 Arelatensi

2239 3066 2491 3133 episcopo
2521 3065 2827 3119 obtulerunt
2859 3082 3006 3135 papae
3036 3065 3229 3124 Leoni:
3250 3065 3402 3135 Quid
3420 3072 3688 3125 enimvero
3715 3076 3792 3124 est

2241 3137 2509 3191 civitatem
2539 3150 2659 3190 esse
2686 3137 2920 3191 omnium
2959 3136 3249 3193 Galliarum
3289 3150 3539 3206 matrem,
3572 3140 3667 3195 nisi
3686 3154 3792 3193 orn~

2165 3193 2213 3258 C
2243 3206 2389 3261 nium
2430 3207 2703 3261 civitatum
2730 3221 2850 3260 esse
2873 3210 3243 3276 metropolim?
3286 3209 3400 3265 Hoc
3428 3193 3673 3265 autem]
3706 3208 3795 3262 Va-

2245 3277 2536 3331 lentiniano
2552 3292 2646 3331 seu
2664 3278 2853 3345 primo,
2877 3292 2971 3331 seu
2992 3279 3227 3333 secundo
3252 3280 3507 3335 collatum
3528 3295 3646 3336 esse
3668 3281 3793 3334 Are-

2244 3347 2534 3420 latensium
2563 3348 2793 3420 civitati,
2828 3348 3037 3413 publico
3068 3349 3248 3404 libello
3278 3365 3523 3406 asserere
3562 3350 3681 3420 (nisi
3706 3362 3797 3418 pro

2242 3425 2391 3471 certo
2419 3415 2677 3491 habitum)
2699 3432 2984 3491 numquam
3005 3420 3117 3473 ausi
3142 3430 3325 3475 essent
3345 3430 3505 3475 tantae
3531 3415 3801 3491 probitatis

2242 3502 2305 3540 ac
2345 3488 2639 3555 prudentiae
2683 3488 2950 3557 episcopi,
2998 3492 3292 3554 praesertim
3341 3505 3457 3545 cum
3500 3490 3697 3543 libellus
3746 3497 3806 3543 et

2242 3557 2687 3620 adversariorum,
2720 3569 2772 3611 et
2804 3556 3065 3625 pontiﬁcis
3088 3560 3345 3625 Romani,
3370 3571 3423 3614 et
3451 3560 3606 3613 totius
3635 3556 3801 3614 Urbis

2242 3628 2407 3699 oculis
2443 3628 2743 3699 lustrandus
2773 3636 2935 3699 esset,
2966 3635 3019 3683 et
3060 3630 3191 3684 nihil
3216 3640 3361 3685 esset
3401 3630 3605 3685 facilius
3642 3643 3801 3699 quam

2240 3697 2359 3751 falsi
2384 3713 2606 3767 arguere
2624 3697 2876 3766 quidquid
2908 3698 3025 3752 falsi
3056 3701 3304 3768 precibus
3334 3702 3591 3755 insertum
3618 3697 3804 3755 esset?

2315 3768 2418 3823 Sed
2446 3769 2687 3835 pluribus
2713 3777 2837 3839 ante
2870 3782 3155 3839 utrumque
3193 3770 3620 3826 Valentinianum
3652 3771 3802 3824 annis

2242 3838 2311 3909 ita
2340 3839 2615 3909 nobilitata
2643 3838 2908 3907 reperitur
2936 3839 3125 3893 Arelas
3154 3855 3183 3894 a
3212 3840 3531 3896 Constantio
3572 3846 3801 3909 Augusto

2240 3908 2576 3979 Constantini
2607 3909 2942 3979 imperatoris
2971 3908 3101 3975 lilio,
3131 3910 3275 3965 utab
3304 3925 3369 3965 eo
3394 3927 3493 3979 pro
3532 3908 3802 3978 metropoli

2241 3978 2473 4033 habitam
2505 3993 2624 4033 esse
2646 3980 2730 4031 vix
2745 3978 3044 4053 ambigendi
3061 3981 3307 4053 sitlocus.
3324 3982 3377 4035 In
3396 3978 3802 4053 ’eaquippcsoli-

2240 4058 2323 4104 tus
2352 4059 2469 4104 erat
2495 4048 2838 4117 commorari,
2867 4063 2989 4103 cum
3010 4050 3063 4104 in
3089 4048 3276 4105 Galliis
3297 4048 3642 4116 versabatur;
3667 4052 3717 4104 in
3740 4065 3802 4104 ea

2243 4119 2529 4174 theatrales
2559 4119 2710 4173 ludos
2730 4161 2745 4191 _,
2782 4120 2835 4173 in
2862 4134 2924 4174 ea
2946 4121 3228 4191 rcircenses
3256 4122 3455 4191 edidit,
3481 4124 3533 4177 iu
3557 4138 3617 4176 ea
3646 4122 3802 4176 etiam

2239 4191 2577 4265 consulatum
2607 4189 2891 4265 septimum
2938 4190 3076 4265 iniit,
3096 4206 3261 4265 quem
3292 4202 3347 4265 et
3375 4189 3691 4265 circensium
3725 4191 3803 4244 lu-

2240 4260 2427 4331 dpruut
2451 4260 2685 4331 editione
2712 4260 2977 4315 celebrem
3010 4260 3152 4316 fecit.
3183 4261 3389 4315 Arelate
3415 4262 3629 4318 hiemem
3653 4276 3803 4331 agens

2240 4329 2563 4385 Constantius
2583 4370 2598 4394 ,
2630 4330 2800 4399 inquit
2828 4331 3137 4386 Ammianus
3164 4331 3526 4398 Marcellinus,
3559 4334 3650 4388 lib.
3676 4329 3798 4397 xlv,

2240 4411 2351 4469 post
2378 4403 2647 4471 theatrales
2695 4400 2842 4454 ludos
2881 4408 3033 4471 atque
3075 4404 3319 4471 circenses
3355 4404 3621 4458 ambitioso
3648 4403 3802 4455 editos

2237 4480 2518 4539 apparatu,
2547 4470 2615 4523 ad
2653 4471 2788 4525 diem
2818 4481 3015 4525 sextum
3041 4472 3158 4525 idus
3192 4470 3426 4526 Octobris
3444 4513 3460 4538 ,
3491 4475 3580 4541 qui
3607 4473 3803 4539 imperii

568 4538 806 4632 dimcnto
852 4538 1085 4632 laerunt'
1107 4559 1225 4632 qua),
1261 4544 1613 4600 Valentiniani
1659 4550 1886 4632 martem
1937 4538 2135 4595 secutae
2159 4570 2214 4632 Β
2238 4543 2345 4632 Ejus
2562 4557 2752 4632 annum
2788 4541 3098 4632 trigcsimum
3141 4543 3478 4632 terminabat,
3504 4538 3609 4625 etc.
3631 4543 3701 4624 ,Ει
3727 4544 3806 4595 iu-

569 4619 690 4683 sunt
714 4612 977 4678 procellas,
1013 4611 1457 4683 perturbatusque
1502 4628 1684 4668 rerum
1717 4611 2037 4667 Gallicarum
2068 4628 2134 4667 ex

568 4679 737 4752 altero
763 4679 1173 4750 superveniente
1194 4679 1420 4752 tyranno
1442 4683 1681 4751 Eugenio
1709 4691 1897 4736 status.

640 4750 710 4803 Ex
741 4752 931 4821 synodi
962 4753 1138 4807 verbis
1163 4750 1391 4807 alterum
1425 4750 1629 4820 elucet,
1661 4752 1725 4805 ad
1754 4752 1854 4804 hoc
1884 4750 2132 4806 nimirum

565 4827 729 4893 totam
768 4824 1188 4877 controversiam
1227 4824 1476 4887 devolvi,
1530 4832 1589 4878 ut
1635 4836 1879 4893 quasnam
1923 4822 2132 4893 illarum

564 4890 840 4965 civitatum
853 4903 995 4949 esset
1017 4894 1330 4963 metropolis
1350 4890 1727 4965 inquireretur.
1753 4892 1865 4965 Hoc
1887 4892 2135 4965 videlicet

559 4963 697 5031 apud
732 4962 940 5030 judices
985 4962 1205 5019 certum’
1232 4973 1379 5032 erat,
1420 4962 1496 5019 illi
1545 4963 1890 5020 deferendum
1928 4977 2047 5019 esse
2076 4962 2131 5018 in

558 5032 935 5104 ecclesiasticis
966 5035 1222 5103 primatus
1253 5035 1531 5103 honorem,
1563 5037 1655 5104 qui
1689 5035 1934 5089 eumdem
1963 5034 2015 5087 in
2048 5035 2128 5088 ci-

559 5101 651 5181 vili
679 5104 856 5181 palilia
881 5101 1165 5181 obtineret.
1220 5106 1463 5181 inquam
1496 5101 1707 5181 partem
1734 5105 2131 5181 propenderent

557 5171 913 5245 Taurinenses
937 5177 1118 5233 Patres
1134 5179 1267 5233 satis
1292 5171 1391 5232 liae
1417 5171 1851 5245 deﬁnitione'ipsi
1878 5177 2125 5230 innuunt.

558 5244 669 5298 Etsi
696 5248 836 5302 enim
868 5250 1039 5304 neutri
1069 5250 1346 5305 civitatum
1383 5252 1664 5318 primatum
1695 5244 1824 5303 dare
1851 5262 1945 5301 sua
1977 5246 2125 5302 vide-

552 5324 741 5373 rentur
790 5322 1087 5387 sententia,
1145 5335 1333 5377 revera
1393 5332 1574 5375 tamen
1623 5320 1771 5373 illum
1827 5318 2128 5373 Arelatensi

2237 4612 2315 4665 ira
2348 4631 2361 4666 :
2380 4610 2708 4665 constantius
2723 4610 2992 4682 consulatu
3016 4627 3107 4664 suo
3124 4612 3303 4682 septies
3315 4622 3361 4666 et
3388 4611 3604 4667 Caesaris
3624 4616 3805 4665 iterum

2235 4698 2461 4752 egressus
2485 4683 2705 4745 Arelate,
2747 4680 3034 4735 Valentiam
3054 4680 3201 4752 petit,
3229 4690 3334 4736 etc.
3369 4682 3562 4739 Isthmo
3594 4683 3655 4737 ab
3684 4684 3809 4736 aliis

2237 4767 2446 4821 quoque
2493 4752 2745 4821 Augustis
2772 4766 2836 4805 ac
2876 4752 3183 4805 consulibus
3224 4754 3461 4817 prtestita
3508 4769 3626 4809 esse
3660 4752 3808 4820 apud

2239 4824 2505 4877 Arelatem
2542 4822 2718 4878 testati
2736 4831 2861 4875 sunt
2878 4822 2929 4874 in
2955 4821 3167 4875 laudato
3189 4821 3369 4893 libello
3391 4822 3530 4878 Galli
3546 4824 3808 4893 episcOpi.

2236 4897 2471 4957 Quorum
2515 4894 2677 4948 etiam
2715 4892 3001 4957 relatione,
3032 4892 3169 4946 sicut
3197 4901 3251 4947 et
3278 4891 3503 4948 Honorii
3536 4891 3596 4948 in
3620 4907 3813 4948 recen-

2236 4964 2339 5018 sito
2367 4964 2563 5027 ediCto,
2593 4963 2853 5017 docemur
2881 4959 3244 5016 Constantina:
3273 4977 3468 5019 nomen
3501 4963 3813 5019 Arelatensi

2235 5034 2436 5089 civitati
2480 5035 2702 5089 inditum
2733 5047 2761 5085 a
2793 5032 3141 5087 Constantino
3172 5032 3397 5103 Magno;
3436 5034 3528 5103 qui
3562 5036 3699 5089 sicut
3741 5032 3813 5088 ad

2232 5105 2429 5160 veteris
2452 5104 2636 5159 Roma:
2665 5103 2944 5172 exemplar
2969 5118 3160 5157 novam
3184 5104 3233 5156 in
3255 5102 3619 5161 Orientalibus
3638 5106 3813 5172 parti-

2234 5175 2333 5231 bus
2360 5174 2659 5239 :edilicavit,
2684 5188 2887 5243 suoque
2916 5173 3133 5228 ornavit
3160 5174 3399 5242 nomine,
3430 5177 3502 5231 ita
3538 5178 3590 5230 in
3616 5175 3814 5231 Galliis

2233 5248 2391 5302 talem
2415 5246 2684 5303 Arelatem
2704 5258 2824 5298 esse
2844 5244 3028 5315 voluit,
3049 5244 3132 5298 cui
3156 5244 3435 5313 utriusque
3456 5246 3599 5301 illius
3620 5247 3817 5315 splen-

2234 5320 2332 5374 dor
2357 5326 2412 5373 et
2439 5317 2633 5372 decora
2650 5313 3190 5380 communicarentur,
3217 5330 3336 5385 quae
3352 5330 3473 5372 eam
3497 5318 3566 5374 ob
3587 5313 3815 5374 causam

1618 5430 2172 5489 BALLERINIORUM
2204 5428 2742 5488 ANNOTATIONES.

618 5524 697 5597 (a)
735 5523 885 5581 Nulla
918 5526 1310 5597 provinciarum
1346 5527 1572 5582 mutatio
1605 5525 1969 5597 subMaximo
2000 5540 2122 5592 pro-

547 5592 663 5651 bari
676 5592 899 5666 poterit.
919 5592 1039 5652 Non
1066 5613 1229 5666 pauca
1249 5597 1574 5664 Quesnellus
1598 5596 1764 5665 gratis
1791 5598 2117 5666 pronuntiat.

713 5666 829 5723 Non
850 5664 1141 5749 Arelatem,
1164 5667 1259 5749 sed
1284 5668 1545 5749 Viennam
1564 5664 1666 5749 hoc
1696 5676 1935 5735 tempore
1957 5664 2119 5749 luisse

541 5738 753 5808 civilem
790 5738 1127 5808 metropolim
1157 5778 1171 5802 ,
1222 5739 1521 5793 luculenter
1559 5746 1854 5808 statuemus
1889 5744 2032 5805 part.
2080 5751 2117 5792 ιι

541 5804 777 5875 observ.,
809 5823 857 5866 c.
891 5808 947 5875 4,
970 5804 1024 5866 u.
1056 5810 1090 5866 5
1118 5820 1171 5866 et
1197 5823 1378 5880 seqq,
1409 5824 1471 5865 ac
1499 5825 1551 5866 ιι.
1581 5809 1633 5863 2.
1662 5804 1931 5875 Qucsnelli
1956 5821 2113 5878 argu-

2229 5535 2412 5580 menta
2461 5538 2557 5594 pro
2594 5524 2811 5579 Arelate
2835 5522 2992 5577 allata
3015 5522 3363 5579 excutiemus.
3391 5523 3820 5583 Taurinensinm

2227 5610 2390 5666 porro
2421 5594 2635 5651 Patrum
2666 5594 2984 5651 sententiam
3009 5608 3116 5666 non
3146 5594 3213 5648 de
3239 5595 3407 5666 civili,
3426 5597 3524 5653 sed
3543 5596 3611 5652 de
3622 5597 3825 5654 eccle-

2224 5664 2759 5793 siasticavmetrgpoli
2785 5664 3146 5736 accipiendam
3181 5679 3299 5725 esse
3319 5665 3521 5727 ibidem
3542 5666 3823 5740 probabi-

2224 5752 2345 5794 mus
2367 5752 2417 5795 c.
2444 5754 2476 5793 ἱ)
2525 5753 2580 5793 n.
2648 5776 2661 5791 .
