3984 6306
204 426 316 488 με)

888 416 1197 478 DISSERT.
1238 411 1689 488 V.,APOLOGIA
1730 406 1865 467 PRO
1903 407 1959 457 ς.
2006 402 2285 453 IIILANG
2322 392 2772 457 ARELATENSI,

3360 398 3463 457 £50

207 550 266 597 ει
303 539 637 596 Comum“
670 538 739 596 ab
772 537 889 609 ipso
917 538 1266 643 ίπηρετῆιητο,
1294 541 1351 570 ut
1373 515 1587 569 uallulu
1613 514 1777 569 Roma
1804 520 1857 578 Α
1881 513 2114 570 levitatis
2130 524 2183 571 ct
2210 514 2560 581 imprudentis
2574 516 2673 571 zeli
2694 528 3064 586 arguerentur,
3084 515 3225 588 quod
3254 524 3457 572 utrum-

207 611 280 643 ..ιι
335 614 564 643 summa
610 619 904 643 .................
945 613 1044 643 est.
1148 589 1248 642 alis
1294 590 1391 641 fuit
1435 588 1488 641 in
1533 588 1776 642 civilibus
1884 602 1991 643 aue
2017 588 2116 641 etsi
2152 586 2437 643 catholica.
2469 596 2527 640 ut
2564 586 2779 643 nutabat
2810 587 3074 643 Zosimus.
3117 587 3457 643 sentientem.

204 588 280 666 ἐξ)
308 588 1248 671 ⁷⁷Τ81ἰε
1294 590 1391 641 fuit
1435 588 1488 641 in
1517 588 1776 671 lcivilibus

204 661 466 739 ﬁeigg',‘
476 661 1088 739 ;L?..1;_“\L'n:fistianorum
1106 661 1491 739 imp_er_atoru_m
1513 661 1777 739 Constan-

204 729 550 799 ζῖὶῑῖῑιξίιυε
595 730 661 784 ad
709 729 1131 786 Valentinianum
1166 730 1249 795 Ill,
1281 729 1447 784 Leoni
1491 738 1545 783 et
1572 730 1775 785 Hilario

195 798 483 871 aequalem.
516 801 697 869 Qualis
724 810 905 858 autem
930 802 1029 856 sub
1047 803 1334 871 gentilibus
1361 802 1539 865 tuerit,
1564 800 1649 855 vel
1669 816 1775 856 uno

196 866 385 925 Leone
423 866 611 926 nostro
658 880 791 928 teste
835 866 1160 938 edocem'ur,
1206 882 1261 926 ut
1317 886 1773 940 supervacaneum

193 939 539 1014 otiosumque
576 943 733 998 luerit
767 945 1068 1014 antiquiora
1108 939 1453 998 monumenta
1495 945 1723 997 scrutari
1758 961 1770 996 :

191 1008 399 1085 fatetur
424 1008 565 1067 enim
590 1014 731 1068 ultro
758 1008 1085 1069 consideratis
1105 1015 1489 1085 allegationibus
1512 1014 1775 1080 utriusque

191 1084 365 1149 partis
394 1086 719 1152 praesentium
741 1086 1059 1151 clericorum,
1089 1084 1390 1141 civitatibus
1428 1084 1701 1138 Viennensi
1726 1093 1777 1137 et

189 1152 487 1226 Arelatensi
516 1172 780 1210 commune
798 1158 886 1226 jus
922 1158 1177 1225 quondam
1208 1157 1382 1225 fuisse,
1410 1154 1563 1223 idque
1590 1171 1621 1206 a
1654 1170 1777 1224 gen-

190 1222 328 1297 tibus
354 1242 461 1297 esse
498 1226 763 1295 proditum
799 1222 994 1297 (Epist.
1018 1229 1116 1292 50,
1138 1222 1256 1297 cap.
1288 1226 1309 1279 1
1335 1266 1349 1289 ,
1372 1226 1437 1277 ad
1460 1222 1615 1296 episc.
1651 1222 1776 1294 pro-

188 1295 372 1367 vincite
406 1296 591 1351 Vienn.
625 1295 1179 1367 libello'respondens).

263 1366 398 1421 CAP.
431 1367 520 1422 Vl.
570 1367 766 1421 Zosimi
802 1384 947 1438 papae
1005 1367 1206 1420 decreta
1260 1366 1438 1430 quibus
1484 1367 1777 1438 metrOpoli-

184 1436 297 1490 tica
324 1446 548 1506 potestas
578 1436 821 1508 asseritur
843 1436 1122 1491 Arelatensi
1142 1438 1393 1508 episcOpo,
1419 1437 1775 1508 expenduntur

182 1510 240 1559 et
267 1524 303 1560 a
327 1508 447 1579 falsi
472 1506 845 1579 suspicionibus
878 1506 1219 1561 vindicantur.
1243 1506 1316 1547 -έ
1338 1507 1561 1562 Concilii
1586 1507 1773 1561 Tauri-

182 1580 383 1632 nensis
412 1588 625 1633 aetatem
666 1579 1117 1633 turbulentissima
1148 1589 1381 1648 tempora
1412 1588 1767 1647 exceperunt,

182 1648 445 1721 pluribus
469 1666 561 1717 per
582 1664 643 1705 ea
670 1652 915 1721 tyrannis
928 1649 1124 1721 Gallias
1144 1648 1544 1721 occupantibus,
1575 1650 1626 1702 in
1652 1663 1768 1721 eas-

184 1718 325 1773 dem
351 1720 510 1773 etiam
535 1718 855 1775 irruentibus
879 1718 1087 1784 Gothis,
1111 1718 1595 1788 Burgundionibhs,
1621 1719 1768 1772 aliis-

179 1801 306 1856 que
336 1789 603 1854 barbaris;
633 1806 738 1858 quo
768 1790 962 1843 factum
984 1802 1065 1844 est
1097 1801 1151 1844 ut
1170 1790 1344 1844 omnis
1370 1790 1765 1845 ecclesiasticus

176 1860 332 1929 ordo
349 1874 442 1927 per
461 1874 551 1915 eas
580 1862 820 1929 regiones
846 1859 1294 1928 pessumdaretur.
1324 1860 1593 1929 Nusquam
1611 1862 1762 1926 enim,

176 1928 367 1999 inquit
406 1929 473 1984 de
522 1928 731 1985 illorum
778 1938 1074 1999 temporum
1121 1947 1184 1985 ac
1230 1928 1467 1985 locorum
1510 1930 1765 1985 Ecclesiis

178 1998 477 2056 Salvianus
520 2002 670 2055 testis
707 1998 981 2068 oculatus,
1020 2018 1269 2073 nusquam
1303 2002 1581 2072 improbior
1620 2004 1764 2056 volu-

177 2080 335 2139 ptas,
372 2088 628 2143 nusquam
669 2073 981 2143 inquinatior
1022 2076 1150 2137 t'ita,
1194 2090 1440 2142 nusquam
1478 2075 1765 2143 corruptior

177 2142 492 2210 disciplina.
516 2142 870 2208 Quamobrem
893 2159 991 2199 nec
1020 2144 1163 2199 illius
1185 2144 1395 2199 concilii
1418 2142 1763 2211 ordinationi,

177 2228 281 2268 nec
311 2213 708 2284 antiquioribus
739 2217 952 2286 statutis
994 2216 1170 2270 locum
1211 2217 1441 2286 aliquem
1480 2215 1644 2270 fuisse
1671 2230 1766 2285 per

179 2299 241 2357 ea
278 2294 527 2357 tempora
555 2285 846 2357 putandum
869 2296 973 2341 est.
1000 2288 1067 2341 At
1092 2286 1296 2357 pacatis
1328 2296 1615 2356 utcumque
1637 2286 1764 2341 Gal-

179 2356 383 2410 liarum
415 2356 605 2421 rebus,
650 2356 716 2410 de
759 2373 946 2412 rursus
976 2356 1316 2411 instauranda
1361 2367 1467 2411 tam
1515 2358 1766 2413 ecclesia-

178 2427 317 2499 stica
365 2427 647 2499 disciplina
680 2443 839 2499 quam
892 2429 1074 2497 politia
1112 2429 1249 2483 civili
1290 2430 1433 2484 serio
1468 2429 1766 2499 cogitarunt

180 2497 450 2553 Ecclesiae
479 2508 531 2553 et
552 2498 761 2568 imperii
801 2498 1087 2568 principes.
1120 2500 1386 2568 lmprimis
1428 2497 1554 2554 vero
1585 2501 1650 2555 de
1681 2517 1765 2556 re-

179 2568 477 2623 stituendis
505 2570 761 2624 Ecclesia:
788 2580 840 2625 et
880 2570 1079 2625 civitati
1109 2571 1407 2625 Arelatensi
1436 2572 1603 2625 sacris
1630 2572 1764 2627 civi-

182 2638 439 2710 libusque
476 2640 764 2710 privilegiis
793 2651 965 2695 actum
1006 2650 1106 2696 est.
1139 2641 1215 2696 De
1242 2641 1486 2696 civilibus
1511 2644 1659 2696 testis
1682 2652 1763 2698 est

183 2708 413 2783 llonorii
441 2708 751 2767 censtitu'tio
780 2712 1027 2781 superius
1058 2712 1287 2783 laudata,
1326 2728 1442 2783 quae
1473 2728 1614 2767 anno
1658 2713 1762 2769 “8

181 2781 298 2835 data
342 2792 449 2848 est,
470 2798 628 2851 quam
654 2783 837 2838 videre
860 2793 941 2838 est
967 2783 1106 2851 apud
1134 2785 1183 2838 .l.
1210 2781 1553 2839 Sirm‘ondum
1586 2785 1637 2837 in
1669 2800 1764 2839 no-

184 2853 246 2924 tis
287 2853 369 2907 ad
398 2852 677 2909 Sidonium
726 2852 881 2924 (Pag.
913 2854 1062 2924 255).
1104 2854 1177 2909 De
1207 2856 1585 2909 ecclesiasticis
1616 2856 1763 2909 locit-

185 2922 544 2991 pletissimam
592 2922 901 2980 memoriam
952 2922 1209 2980 habemus
1263 2926 1314 2980 in
1364 2942 1510 2994 papae
1560 2924 1761 2980 Zosimi

184 2996 466 3065 epistolis,
500 3011 619 3065 qua:
660 3011 781 3051 cum
828 3011 971 3050 anno
1014 3011 1121 3050 uno
1169 2999 1497 3065 praeveniunt
1541 2995 1766 3051 Honorii

185 3064 451 3131 edictum,
481 3064 566 3122 vel
591 3067 692 3122 hoc
716 3066 832 3121 solo
853 3064 1181 3136 argumento
1198 3067 1534 3137 perSpicuum
1553 3076 1637 3120 est
1656 3082 1765 3121 non

183 3150 247 3189 ex
272 3138 619 3192 saecularium
652 3140 1019 3193 tantummodo
1041 3138 1434 3191 ordinationum
1470 3137 1766 3191 imitatione

184 3218 373 3262 natum
392 3222 513 3264 esse
536 3209 954 3265 ecclesiasticum
980 3210 1304 3263 Arelatensis
1326 3208 1557 3263 civitatis
1586 3208 1768 3276 splen-

1884 602 1991 655 que
2017 588 2116 641 etsi
2152 586 2437 650 catholica,
2469 596 2527 640 ut
2564 586 2779 655 putabat
2810 587 3074 649 Zosimus.
3104 586 3457 654 sentientem,

1880 673 1947 713 ex
1976 659 2169 713 levium
2194 673 2543 712 susurronum
2573 659 2783 722 scriptis
2811 659 3163 713 damnationis
3194 662 3456 715 sententia

1880 731 2295 797 percussissem.
2318 728 2422 783 Alii
2445 728 2659 783 Zosimo
2680 728 2777 796 ipsi
2800 740 3096 797 parcentes,
3116 730 3313 799 scripta
3337 730 3457 799 ejus

1879 802 2096 855 nomine
2125 800 2334 871 vulgata
2363 802 2432 855 ita
2467 799 2586 854 l'alsi
2619 799 2947 871 insimulant,
2972 810 3030 854 ut
3072 802 3250 856 multis
3291 802 3455 857 ratio-

1879 872 2035 926 nibus
2056 886 2119 927 ac
2141 869 2425 927 momentis
2446 871 2546 924 sibi
2566 869 2921 925 certissimum
2941 872 2988 923 id
3011 886 3127 926 esse
3146 880 3446 928 autument.

1878 941 2082 1008 Quibus
2125 944 2375 1013 quoniam
2428 943 2653 997 multum
2699 940 2922 1013 interest
2967 956 3033 995 ne
3088 942 3214 998 ﬁdes
3266 943 3457 999 leviter

1880 1010 2188 1086 abrogetur,
2221 1012 2656 1086 doctissimorum
2683 1010 2917 1086 virorum
2947 1023 3275 1086 argumenta,
3300 1029 3458 1086 θοι)οο

1880 1084 1999 1136 sitis
2025 1081 2275 1139 omnibus
2303 1084 2644 1152 prtejudiciis,
2680 1081 3034 1136 examinanda
3063 1091 3201 1137 sunt.

1952 1154 2130 1208 Primo
2162 1155 2320 1223 igitur
2342 1155 2459 1209 loco
2488 1154 2638 1208 aiunt
2659 1152 2743 1206 vel
2778 1154 2977 1223 ex_hoc
3009 1166 3114 1205 uno
3138 1154 3458 1223 suppositio-

1881 1238 2003 1278 nem
2032 1220 2375 1295 epistolarum
2406 1224 2604 1280 Zosimi
2634 1223 2807 1292 palam
2837 1220 2977 1295 ﬁeri,
3009 1222 3147 1292 quod
3173 1220 3455 1295 Arelaten-

1879 1297 1954 1348 sis
1976 1293 2255 1364 episcomts
2282 1311 2495 1365 semper
2516 1295 2677 1349 fuisse
2700 1293 3142 1365 metropolitanus
3170 1294 3221 1347 in
3252 1294 3354 1348 illis
3371 1310 3458 1350 as-

1879 1367 2101 1431 seritur;
2148 1366 2297 1437 quod
2327 1364 2612 1437 numquam
2657 1365 2963 1437 scripsisset
2998 1364 3265 1437 Zosimus,
3301 1379 3459 1434 repu-

1878 1435 2423 1507 gnantibus‘antiquis
2444 1435 2692 1491 omnibus
2725 1435 2928 1507 notitiis
2959 1436 3376 1505 provinciarum,
3406 1437 3459 1491 in

1876 1508 2068 1575 quibus
2103 1505 2500 1562 Arelatensium
2546 1508 2733 1561 civitas
2782 1505 3021 1572 Viennae,
3056 1516 3112 1561 ut
3153 1509 3458 1577 metropoli,

1873 1578 2111 1643 subjecta
2138 1578 2343 1647 legitur.

1949 1648 2142 1702 Verum
2164 1646 2377 1718 quibus,
2404 1648 2597 1703 amabo
2636 1656 2707 1715 te,
2742 1647 2913 1717 major
2942 1646 3075 1701 ﬁdes
3104 1647 3359 1716 debetur;
3388 1666 3455 1705 an

1871 1718 2077 1773 notitiis
2127 1720 2432 1789 hujusinodi
2486 1735 2711 1789 quarum
2761 1729 2891 1773 aitas
2936 1718 3331 1790 auctoritasque
3378 1723 3457 1776 in-

1869 1798 2061 1861 certae;
2090 1805 2156 1844 an
2194 1792 2436 1860 epistolis
2467 1790 2701 1845 Zosimi?
2729 1791 2892 1844 lmmo
2920 1805 3040 1844 cum
3080 1793 3311 1861 antiquis
3352 1792 3457 1847 illa:

1869 1860 2063 1929 ignota:
2094 1864 2221 1923 sint,
2257 1870 2311 1915 et
2340 1877 2369 1915 a
2407 1863 2589 1931 paucis
2623 1870 2829 1916 tantum
2857 1862 3012 1916 annis
3044 1860 3097 1914 in
3128 1861 3298 1916 lucem
3329 1863 3458 1919 edu-

1869 1941 1991 1996 ctae,
2031 1931 2161 2004 ﬁdes
2200 1933 2362 2004 782
2398 1948 2580 1987 earum
2631 1933 2919 2004 plurimum
2955 1931 3184 1987 vacillat.
3215 1933 3348 2001 Quia
3382 1945 3458 1989 ta-

1868 2018 1991 2057 men
2032 2003 2181 2071 plura
2208 2002 2396 2059 earum
2424 2004 2749 2072 exemplaria
2782 2002 3127 2073 proteruntur
3172 2005 3273 2058 sibi
3323 2005 3458 2059 invi-

1869 2088 1986 2129 cem
2019 2074 2314 2138 simillima,
2342 2090 2441 2130 nec
2471 2078 2521 2128 in
2556 2076 2738 2144 paucis
2772 2074 3046 2129 codicibus
3080 2089 3211 2129 mss.
3253 2074 3459 2129 haben-

1870 2155 1975 2211 tur,
2008 2161 2223 2201 omnem
2264 2146 2343 2200 eis
2367 2147 2741 2201 auctoritatem
2777 2145 3072 2199 detracnam
3112 2145 3296 2200 nolim.
3341 2145 3452 2203 Sed

1870 2231 1991 2271 cum
2024 2216 2283 2272 adversus
2308 2217 2700 2272 Arelatensium
2727 2216 2848 2286 jura
2873 2216 3002 2271 nihil
3043 2216 3217 2272 valere
3236 2227 3456 2288 queant,

1871 2287 1974 2341 nisi
2006 2297 2131 2342 ante
2163 2288 2435 2343 Zosimum
2462 2288 2705 2343 conditas
2725 2302 2844 2343 esse
2871 2295 3067 2357 pateat,
3098 2287 3271 2358 inanis
3301 2304 3458 2358 pror-

1870 2372 1963 2413 sus
1996 2362 2099 2414 erit
2128 2374 2194 2414 ex
2226 2362 2291 2415 iis
2318 2360 2473 2414 ducta
2497 2360 2761 2429 probatio,
2796 2370 3079 2430 postquam
3112 2357 3454 2417 demonstra-

1871 2438 1981 2483 tum
2024 2445 2052 2484 a
2100 2431 2254 2485 nobis
2300 2428 2616 2497 iuerit,7non
2654 2428 2814 2484 modo
2863 2428 2982 2499 post
3020 2428 3313 2497 Zosimum,
3357 2431 3455 2487 sed

1870 2502 2030 2555 etiam
2061 2510 2183 2571 post
2222 2502 2281 2559 S.
2318 2500 2554 2556 Leonem
2592 2500 2823 2568 cmpisse
2854 2500 3066 2555 exarari
3106 2502 3322 2556 notitias
3358 2502 3459 2558 hu.

1864 2571 2129 2640 jnsmodi;
2158 2573 2300 2643 quod
2334 2572 2555 2627 interius
2590 2573 2985 2643 prmstabimus.
3008 2571 3125 2638 Quo
3156 2573 3294 2627 iacto
3321 2574 3453 2629 lice-

1870 2643 1945 2695 bit
1967 2646 2017 2696 in
2040 2644 2377 2699 adversarios
2406 2645 2570 2701 telum
2598 2654 2939 2715 retorquere;
2972 2644 3015 2697 si
3040 2644 3184 2699 enim
3216 2659 3309 2715 sua
3342 2660 3452 2700 ser-

1869 2723 1987 2769 vata
2028 2716 2184 2769 fuerit
2229 2716 2426 2771 Zosimi
2472 2717 2712 2786 epistolis
2750 2714 3062 2781 auctoritas,
3096 2722 3208 2768 tum
3255 2714 3456 2772 invicta

1871 2786 1974 2857 erit
2001 2798 2212 2857 sumpta
2240 2803 2306 2841 ex
2339 2789 2403 2842 iis
2432 2802 2529 2857 pro
2559 2787 2957 2842 Arelatensium
3006 2786 3287 2854 metropoli
3331 2803 3457 2855 pro-

1869 2853 2032 2909 batio.
2067 2853 2412 2911 commodius
2432 2853 2603 2912 etiam
2633 2858 2881 2912 eluentur
2903 2858 2953 2910 in
2981 2853 3457 2914 seatten’tibus‘alia

1869 2940 1988 2992 qua:
2011 2942 2078 2981 ex
2098 2928 2285 2982 eodem
2316 2928 2549 2997 primatu
2575 2938 2893 2996 repetuntur
2921 2927 2989 2981 ab
3018 2927 3343 2981 adversariis
3364 2943 3455 2982 ar-

1909 3006 2147 3051 omenta.

1871 3009 2242 3136 sngrﬁp‘tﬁitur
2265 3068 2501 3123 secundo
2530 3082 2811 3137 perperam
2844 3066 3061 3122 Zosimo
3101 3066 3299 3137 ascribi
3344 3067 3459 3137 epi-

1872 3139 2035 3191 stolas
2066 3139 2383 3200 decretales,
2417 3136 2543 3207 quae
2563 3154 2662 3192 nec
2685 3139 2735 3192 in
2761 3139 2947 3193 codice
2984 3138 3235 3193 Ecclesia:
3258 3136 3455 3192 Roma-

1873 3222 1979 3271 nte,
2014 3210 2101 3278 qui
2148 3224 2177 3262 a
2222 3208 2479 3279 Dionysio
2523 3208 2730 3279 Exiguo
2759 3217 3067 3279 compactus
3115 3216 3217 3272 est,
3261 3221 3360 3263 nec
3403 3208 3459 3268 in

188 3278 411 3346 dorem,
443 3280 538 3335 sed
567 3282 620 3334 in
652 3280 842 3335 nativis
869 3280 1011 3334 illius
1039 3279 1293 3350 Ecclesia:
1319 3278 1530 3347 juribus
1560 3281 1771 3348 primae-
1796 3285 1844 3350 α
1874 3279 2192 3347 collectione
2224 3278 2413 3333 Isidori
2436 3278 2804 3334 continentur.

189 3350 383 3420 viSque
412 3354 775 3421 prterogalivis
801 3353 1046 3406 eumdem
1074 3366 1194 3406 esse
1224 3349 1529 3404 fundatum.

208 3478 213 3483 ,
255 3422 421 3492 781
454 3422 531 3476 Ex
559 3424 621 3476 iis
645 3421 839 3476 Zosimi
868 3421 1130 3491 epistolis,
1158 3437 1275 3491 quae
1305 3422 1403 3473 alia
1438 3424 1769 3477 Arelatensm

189 3495 431 3561 episcopi
471 3493 593 3563 jura
634 3494 884 3560 attinent,
916 3494 982 3547 ad
1021 3496 1183 3547 alium
1235 3494 1408 3547 locum
1464 3492 1765 3561 rejicimus;

192 3564 352 3618 modo
384 3578 506 3633 quas
548 3564 995 3633 metropoliticum
1040 3564 1368 3619 constituunt
1409 3564 1766 3619 attendamus.

192 3634 274 3689 Sic
299 3636 470 3721 igitur
497 3634 551 3689 in
577 3633 812 3721 epist.‘5,
843 3650 959 3705 quae
984 3636 1152 3717 estad
1182 3637 1767 3721 utiiversos‘episoopos

192 3719 281 3772 per
306 3704 517 3761 Gallias
548 3704 625 3761 et
647 3704 874 3775 septem
894 3706 1192 3775 provincias
1221 3708 1568 3762 constitutos:
1600 3704 1771 3760 Jussi-

193 3792 294 3829 nuts
332 3786 531 3848 autem,
560 3778 751 3847 inquit,
784 3780 1110 3848 prwcipuam,
1148 3778 1299 3831 sicuti
1328 3792 1531 3831 SEIPER
1570 3775 1765 3841 habuit,

194 3847 617 3919 metropolitanus
652 3850 914 3919 episwpus
944 3849 1311 3902 Arelatensium
1344 3851 1556 3902 civitatis
1598 3849 1650 3901 in
1685 3866 1768 3901 or-

193 3918 437 3971 dinandis
484 3918 829 3973 sacerdotibus
872 3928 1035 3973 teneat
1080 3923 1464 3985 auctoritatem;
1500 3928 1554 3974 et
1591 3919 1764 3972 inl't'a:

194 3986 605 4059 Metropolitum:
650 3989 1021 4045 Arelatensium
1066 3991 1177 4044 urbi
1218 4006 1387 4045 verus
1430 4006 1768 4046 rntvttestcu

196 4060 398 4131 minime
422 4060 776 4131 derogandum
798 4070 889 4124 est,
920 4063 987 4115 ad
1006 4078 1157 4131 quam
1189 4064 1409 4130 primunt
1442 4077 1504 4114 ea:
1540 4060 1635 4131 hac
1655 4064 1773 4115 sede

198 4126 503 4203 Traphimus
527 4126 754 4186 summus
774 4135 999 4197 antistes,
1016 4126 1089 4187 ea:
1108 4126 1256 4203 cujus
1283 4132 1421 4201 [ante
1442 4140 1557 4185 totte
1588 4130 1771 4184 Gallia:

196 4200 307 4273 ﬁdei
337 4202 535 4256 rivulos
565 4214 885 4273 acceperunt,
911 4204 1137 4257 directus
1164 4200 1289 4256 'est.
1322 4203 1472 4257 Mitto
1497 4203 1613 4273 alia
1652 4217 1771 4270 qua:

195 4271 255 4325 ad
285 4273 433 4327 idem
464 4270 725 4341 recidunt,
760 4276 841 4329 vel
873 4270 1180 4329 referentur
1222 4270 1591 4341 opportuniori
1631 4272 1769 4325 loco.

261 4343 651 4400 Observatione
680 4358 840 4415 porro
860 4346 1102 4415 dignum,
1126 4344 1266 4414 quod
1294 4345 1369 4415 (α)
1392 4342 1637 4415 lusimus
1662 4357 1767 4397 non

198 4427 390 4469 novum
415 4416 503 4482 jus
539 4431 598 4471 se
626 4414 877 4482 condere,
914 4414 1014 4471 nec
1045 4414 1432 4470 nudiustertius
1473 4414 1771 4468 institutum

197 4482 412 4541 limare
443 4500 501 4541 se
530 4486 679 4553 dicit,
703 4488 795 4543 sed
818 4503 983 4542 verus
1007 4487 1339 4557 privilegium
1364 4499 1488 4557 esse
1517 4484 1769 4557 afﬁrmat,

196 4558 332 4623 quod
366 4571 574 4612 SEIIPER
615 4560 941 4613 Arelatensis
970 4555 1251 4627 episcopus
1290 4555 1567 4627 habuerit;
1592 4555 1773 4627 _illud-

196 4641 293 4694 que
318 4631 517 4683 asserit
545 4630 598 4683 in
641 4629 914 4699 Tropbimi
972 4625 1181 4684 summo
1220 4626 1530 4699 pontiﬁcatu
1583 4625 1771 4699 funda-

199 4704 325 4775 tum,
340 4699 449 4775 ⁸(ιιιί
480 4699 727 4775 videlicet
752 4698 956 4775 primus
982 4701 1101 4755 illas
1122 4698 1419 4775 provincias
1438 4698 1544 4775 ﬁde
1564 4698 1767 4775 Christi

196 4769 403 4840 imbuit,
439 4777 492 4824 et
520 4769 807 4840 episcopali
837 4773 975 4825 rexit
1000 4770 1333 4837 auctoritate,
1366 4772 1517 4840 cujus
1548 4770 1770 4838 proinde

195 4837 310 4911 jura
334 4837 575 4910 legitimo
601 4837 954 4897 successionis
982 4843 1170 4897 ordine
1200 4844 1254 4895 in
1285 4843 1399 4911 ejus
1427 4837 1572 4896 sedis
1596 4840 1769 4896 haere-

198 4910 307 4983 des_
315 4910 635 4967 transmissa
658 4913 920 4983 piaculum
957 4912 1114 4968 fuerit
1141 4910 1357 4969 violare.

265 4979 397 5054 Tam
430 4995 617 5054 patens
656 4979 867 5052 tamque
897 4986 1251 5040 decretorium
1288 4992 1371 5040 est
1408 4983 1565 5053 hujus
1593 4984 1773 5054 ponti-

198 5048 727 5125 ﬁcistesiimonium,
763 5048 819 5110 ut
854 5056 983 5109 nihil
1024 5070 1127 5109 non
1170 5066 1327 5125 agant
1363 5048 1612 5110 adversor:
1646 5070 1769 5110 sen-

199 5123 379 5195 tentia
407 5133 678 5192 auctores,
702 5142 809 5193 quo
838 5126 968 5181 illud
996 5123 1264 5183 inlirment
1298 5126 1612 5195 irritumque
1649 5125 1773 5181 red-

195 5190 340 5267 dant.
358 5195 469 5267 Alii
493 5190 929 5252 nimiam'Zosimi
951 5198 1317 5254 credulitatem
1340 5190 1590 5267 arguunt,
1610 5211 1770 5267 quam

196 5261 248 5317 in
283 5265 409 5338 aliis
456 5281 665 5337 quoque
701 5268 927 5338 negotiis
974 5270 1305 5324 manifestam
1354 5261 1773 5334 ieéerit,'veluti

196 5345 318 5410 cum
345 5336 447 5391 Sibi
478 5336 510 5410 a
535 5338 749 5410 Pelagio
779 5336 834 5397 et
857 5340 1110 5395 leestio
1150 5339 1522 5396 haeresiarchis
1558 5342 1628 5394 ita
1672 5341 1772 5393 im-

197 5407 323 5483 poni
348 5409 611 5483 permisit,
642 5407 701 5483 tit
731 5411 979 5483 catholici
1008 5423 1115 5466 tam
1144 5412 1268 5481 ipsi,
1301 5428 1457 5483 quam
1484 5425 1672 5467 eorum
1706 5410 1771 5483 li-

196 5475 425 5551 belli'ab
454 5479 547 5536 illo
570 5475 789 5551 iudicati
809 5483 945 5549 sint;
973 5498 1005 5538 e
1023 5475 1208 5537 contra
1230 5475 1361 5539 ver'o
1389 5481 1628 5538 Africani
1656 5480 1771 5551 epi-

194 5550 366 5619 scopi,
405 5550 589 5608 invicti
625 5552 703 5608 illi
738 5556 924 5624 gratia:
958 5552 1294 5622 defensores,
1326 5554 1392 5609 ab
1428 5568 1493 5610 eo
1519 5550 1775 5624 pontiﬁce

1796 4665 1851 4728 D

1949 3350 2054 3405 Sed
2074 3350 2161 3405 vix
2182 3360 2303 3421 eget
2320 3351 2669 3421 responsione
2692 3350 2996 3420 hujusmodi
3024 3349 3272 3421 objectio.
3287 3350 3459 3419 Quam

1876 3423 2057 3476 multa:
2089 3422 2233 3477 enim
2288 3430 2397 3476 tum
2439 3421 2668 3477 aliorum
2718 3422 3053 3492 pontiﬁcum,
3095 3434 3203 3477 tttm
3264 3422 3461 3481 Zosimi

1873 3494 2060 3567 ipsius,
2095 3492 2399 3567 Leonisque
2418 3493 2596 3567 nostri
2640 3495 2901 3567 epistolas,
2935 3494 3233 3551 decretales
3274 3496 3464 3567 utique

1870 3564 2143 3631 celebres,
2187 3574 2241 3619 et
2285 3564 2598 3620 indubitata:
2637 3566 2761 3619 ﬁdei
2802 3568 3063 3633 epistolae,
3094 3580 3332 3636 quasque
3364 3564 3459 3636 po-

1871 3636 2098 3690 steritati
2144 3636 2523 3692 commendare
2575 3636 2863 3706 plurimum
2902 3635 3159 3693 intererat
3196 3635 3454 3694 Romanas

1870 3706 2042 3771 sedis;
2068 3723 2225 3773 quam
2256 3708 2457 3772 multae,
2488 3708 2723 3777 inquam,
2758 3707 3062 3776 hujusmodi
3090 3708 3264 3763 neutri
3289 3710 3458 3765 colle-

1870 3778 2035 3833 ctioni
2084 3782 2297 3835 insertae
2339 3779 2714 3849 reperiuntur?
2749 3780 2826 3834 Ac
2869 3795 2936 3835 ne
2980 3789 3136 3835 extra
3179 3784 3460 3847 prwsentis

1872 3852 2255 3905 controversite
2294 3849 2428 3904 ﬁnes
2462 3865 2767 3920 evagemur,
2800 3851 3006 3919 prolixa
3049 3854 3163 3904 haec
3192 3850 3257 3903 ad
3301 3850 3460 3905 Vien-

1872 3934 2071 3990 nenses
2116 3920 2361 3990 epistola,
2412 3920 2497 3974 cui
2550 3920 2709 3976 modo
2758 3920 3137 3984 incumbimus,
3188 3922 3462 3990 utriusque

1869 3989 2183 4046 Collectoris
2216 3991 2353 4045 illius
2384 3990 2715 4060 diligentiam
2756 3990 2906 4059 fugit.
2935 3990 3051 4044 Alia
3097 3990 3224 4060 item
3260 3989 3462 4046 Leonis

1871 4062 2117 4131 epistola,
2150 4077 2268 4131 qua:
2298 4071 2462 4117 totam
2486 4058 2627 4115 hanc
2659 4058 2977 4115 litem’inter
2996 4058 3381 4131 Arelatensem
3404 4071 3459 4131 et

1924 4130 2233 4186 tennensem
2264 4132 2545 4200 episcOpos
2573 4133 2895 4197 composuit,
2925 4145 2955 4183 a
2989 4130 3312 4198 Symmacho
3341 4130 3458 4200 qui-

1872 4201 1994 4256 dem
2023 4201 2236 4255 laudata
2256 4212 2356 4264 est,
2376 4199 2469 4256 sed
2492 4217 2521 4254 a
2540 4202 2689 4255 card.
2715 4200 2943 4253 Barooio
2966 4204 3195 4267 primum
3216 4208 3303 4253 est
3320 4199 3462 4255 edita

1874 4271 1925 4325 in
1954 4272 2269 4337 Annalibus,
2302 4280 2357 4325 et
2377 4271 2627 4325 omnibus
2659 4272 2837 4340 ignota
2869 4269 3205 4340 decretorum
3236 4270 3455 4338 pontiﬁ-

1874 4344 2079 4396 ciornm
2103 4340 2511 4397 collectoribus:
2538 4338 2833 4396 innumera:
2855 4338 3071 4394 demum
3094 4339 3232 4404 alite,
3259 4355 3378 4410 qua:
3403 4340 3460 4399 in

1874 4424 2107 4468 mentem
2128 4415 2242 4467 haec
2270 4412 2584 4482 legentium,
2607 4412 2768 4467 etiam
2792 4426 2879 4466 me
2903 4420 3132 4477 tacente,
3155 4410 3457 4482 incurrunt,

1876 4484 1929 4539 in
1961 4485 2121 4539 nullis
2146 4482 2423 4539 codicibus
2461 4482 2818 4538 Decretaliutn
2861 4484 3233 4551 reperiuntur;
3270 4484 3463 4539 adver-

1874 4569 1991 4609 sum
2024 4571 2155 4625 quas
2180 4566 2355 4611 tamen
2383 4569 2451 4611 ex
2481 4553 2667 4609 Isidori
2698 4553 3043 4626 Dimiysiique
3070 4554 3286 4610 silentio
3315 4570 3457 4626 prat-

1874 4627 2035 4698 scribi
2051 4626 2297 4681 omnibus
2318 4626 2649 4698 antiquitatis
2670 4626 3049 4682 ecclesiastica:
3068 4626 3322 4683 studiosis
3344 4642 3462 4684 mo-

1873 4696 2223 4754 lestissimum
2254 4698 2414 4753 foret.

1943 4769 2320 4841 Symmachum
2353 4784 2513 4839 porro
2536 4766 2900 4841 oLeonemqne
2936 4770 3212 4838 pontiﬁces
3252 4769 3453 4826 Roma-

1875 4855 1973 4896 nos
1991 4839 2069 4896 de
2107 4840 2191 4896 his
2230 4842 2473 4909 epistolis
2504 4839 2737 4909 siluisse,
2768 4839 2910 4911 quod
2948 4844 3105 4898 tertio
3150 4842 3269 4896 loco
3316 4841 3459 4911 obji-

1873 4914 2040 4976 ciunt,
2074 4912 2267 4980 partim
2298 4927 2483 4967 verum
2512 4920 2616 4976 est,
2647 4912 2837 4981 partim
2868 4927 2995 4968 vero
3026 4913 3240 4966 falsum.

1949 4984 2107 5039 Siluit
2141 4982 2356 5053 quidem
2389 4980 2766 5053 Symmachus,
2807 4984 2902 5039 sed
2942 4982 3069 5052 quid
3103 4981 3334 5035 mirum?
3367 4980 3461 5037 Mi-

1877 5069 1994 5108 rum
2026 5055 2199 5123 potius
2223 5065 2387 5118 esset,
2410 5058 2453 5108 si
2479 5054 2620 5108 illius
2642 5056 2940 5109 decessoris
2961 5055 3042 5108 sui
3074 5054 3349 5107 decretum
3373 5068 3459 5108 re-

1880 5124 2108 5196 ntlisset,
2140 5125 2280 5195 quod
2312 5127 2645 5196 antiquatum
2678 5126 2907 5181 volebat.
2941 5123 3098 5178 Nullo
3120 5123 3281 5196 modo
3308 5127 3456 5179 enim

1877 5194 2075 5250 Zosimi
2098 5193 2492 5252 ordinationem
2522 5197 2664 5251 circa
2705 5208 2943 5265 praesens
2978 5193 3249 5265 negotium
3280 5202 3460 5265 atteng

1877 5267 1957 5338 dit
1986 5269 2339 5337 Symmachus
2371 5268 2561 5338 (Epist.
2593 5266 2647 5332 9,
2687 5262 2756 5322 ad
2790 5262 3068 5338 episcopos
3090 5262 3321 5338 Galliae),
3363 5262 3462 5320 sed

1879 5335 2075 5393 Leonis
2116 5335 2477 5403 solummodo,
2517 5338 2672 5408 cujus
2719 5335 3041 5408 sententiam
3088 5335 3464 5408 inconcussam

1880 5424 2196 5479 permanere
2225 5409 2522 5465 constituit.
2566 5405 2679 5479 Nec
2714 5407 2804 5462 ille
2846 5421 3043 5479 novum
3081 5405 3322 5479 condidit
3353 5405 3467 5479 edi-

1882 5475 2047 5547 etum,
2073 5480 2167 5536 sed
2190 5481 2331 5550 quod
2353 5482 2526 5537 luerat
2549 5495 2577 5532 a
2598 5478 2780 5550 Leone
2812 5478 3229 5550 promulgatum,
3273 5475 3329 5532 in
3374 5475 3465 5531 lu-

1881 5564 1997 5607 cem
2023 5552 2103 5625 (ut
2128 5548 2241 5623 ipse
2266 5551 2364 5625 ait)
2385 5549 2620 5609 reddidit
2638 5549 2753 5605 suis
2775 5548 3044 5606 aﬁatibus.

1260 5659 1820 5718 BALLERINIORUM
1857 5660 2404 5720 ANNOTATIONES.

269 5744 348 5828 (α)
375 5745 579 5812 Zosimi
606 5756 814 5819 litteras,
842 5756 968 5813 licet
992 5756 1237 5828 genuinae
1257 5756 1384 5823 sint,
1409 5764 1768 5828 utpotesum-

197 5826 305 5896 ptas
327 5826 399 5883 ex
428 5842 558 5884 mss.
589 5829 920 5885 collectionis
949 5826 1300 5893 Arelatensis,
1331 5842 1452 5897 qua:
1483 5826 1613 5882 nihil
1645 5843 1770 5897 sup-

201 5901 491 5972 posititiutn
516 5900 761 5965 praefert;
792 5914 886 5957 per
907 5899 1307 5961 subreptionem
1336 5907 1512 5955 tamen
1540 5897 1766 5955 Patrocli

1895 5758 2323 5826 antiquissimum
2353 5757 2443 5830 jns
2488 5755 2935 5830 metropoliticum
2980 5755 3309 5814 Arelatensis
3361 5759 3474 5829 cpi-

1894 5829 2039 5898 sc0pi
2073 5830 2206 5885 falso
2233 5828 2475 5899 ingerere
2503 5828 2703 5902 patebit
2734 5846 2797 5886 ex
2826 5828 3046 5887 observ.
3079 5836 3213 5900 part.
3247 5844 3305 5899 ιι,
3334 5828 3470 5891 ρέα.
