3984 6306
517 367 614 426 «151

979 363 1219 422 PASCH.
1257 361 1636 430 QUESNELLI
1674 367 2254 426 DIBSERTATIONES
2296 370 2356 425 IN
2397 371 2454 427 S.
2498 371 2741 431 LEONIS
2778 375 2990 433 MAGNI
3029 378 3279 437 OPEliA.

3658 383 3750 444 453

796 480 878 535 Ad
925 480 1158 563 Leonem
1202 478 1341 548 quod
1391 477 1598 569 ajttinet,
1639 491 1833 569 nomen
1876 475 2088 569 quidem

2194 473 2917 569 ίῗῖῗξῗωξὲηἴ.ἔζᾜηιξιξινηι
2940 505 3124 569 mw.
3151 514 3238 568 ρετ
3256 514 3390 569 σασα
3419 512 3624 554 vascam
3644 519 3748 558 con-

517 545 853 607 Zosimi'non
881 553 1164 619 expressit,
1191 545 1375 604 verum
1398 549 1599 603 decreti
1637 549 1755 613 eius
1771 557 1885 619 tam
1919 545 2087 600 diser-

517 632 627 677 tam
656 622 781 678 iecit
809 616 1134 676 mentionem
1159 623 1211 674 in
1245 621 1340 674 hac
1370 619 1594 686 epistola
1628 619 1692 672 i0
1719 618 1783 671 ad
1821 616 2087 670 Viennen-

517 693 594 748 sis
616 694 904 762 provincia:
925 693 1227 761 episcopos,
1257 701 1313 762 ut
1334 690 1530 745 clarior
1558 689 1740 762 haberi
1773 704 1876 762 non
1901 696 2086 762 potae:

516 757 782 831 riu—Quid
799 762 942 819 enim
960 757 1121 816 aliud
1137 761 1438 830 signiﬁcant
1460 762 1576 815 luce
1603 760 1759 831 verba
1787 776 1801 812 :
1833 757 1970 824 Quid
1992 757 2088 831 sibi

519 828 754 890 Hilarius
779 835 956 905 quatit
985 834 1040 887 in
1075 828 1244 905 alieéa
1269 832 1634 905 propincia,_et_
1668 830 1721 882 id
1755 833 1889 905 quod
1914 828 2086 905 uultu!

518 898 836 960 ἀπέωσε-κίοι
853 905 1014 972 ipsius
1027 913 1141 957 ante
1166 898 1460 972 Patroclum
1481 899 1676 972 habuit,
1693 900 1816 972 quid
1836 898 2088 970 usurpat?

520 975 650 1030 Cum
677 986 722 1031 ct
748 971 915 1047 ipsum
935 975 1070 1044 quod
1098 971 1339 1026 Patroclo
1372 989 1403 1025 a
1435 971 1552 1026 sede
1579 971 1855 1047 apostolica
1895 980 2086 1038 tempo-

519 1047 694 1100 raliter
715 1041 974 1099 videbatur
993 1061 1098 1099 esse
1121 1059 1432 1107 concessum,
1455 1041 1778 1111 postmodum
1797 1043 1863 1094 sit
1888 1049 2089 1094 senten-

521 1117 596 1170 tia
639 1117 846 1170 meliore
879 1116 1156 1169 sublatum.
1194 1114 1360 1168 Nemo
1387 1127 1496 1166 non
1536 1112 1677 1165 videt
1720 1112 1914 1164 nullius
1944 1112 2088 1164 sedis

517 1184 774 1242 Romanae
799 1185 1064 1256 pontificis
1084 1185 1356 1239 decretum
1387 1184 1436 1235 in
1463 1181 1684 1256 gratiam
1706 1179 1937 1256 Patrocli
1959 1195 2089 1235 eon-

517 1256 686 1310 ditum
707 1273 735 1310 a
758 1249 937 1311 Léone
965 1256 1200 1320 potuisse
1222 1249 1652 1315 commemora'ri,
1682 1252 1782 1305 nisi
1811 1252 2089 1306 decretum

517 1325 738 1392 Zosimi,
767 1343 798 1380 a
823 1342 930 1395 quo
952 1324 1228 1395 Patroclus
1246 1325 1328 1376 sui
1347 1323 1485 1395 juris
1504 1323 1555 1395 in
1577 1322 1901 1395 provin_cia_m
1929 1321 2088 1376 Vien-

516 1412 740 1453 nensem
760 1405 816 1453 et
839 1392 974 1450 alias
993 1393 1222 1448 obtinuit
1246 1393 1724 1447 conﬁrmationem.
1747 1392 1946 1446 Eodem
1960 1406 2088 1460 ergo

517 1479 836 1538 argumento
867 1481 972 1534 quo
1018 1463 1257 1538 funditus
1301 1464 1472 1538 everti
1506 1462 1849 1538 ep_istolar_um
1891 1460 2090 1518 Zosimi

519 1532 650 1592 ﬁdes
682 1532 988 1607 putabatur,
1018 1534 1118 1607 hoc
1157 1549 1188 1588 e
1229 1542 1414 1588 contra
1440 1532 1648 1607 ﬁrmius
1689 1532 2090 1607 roboratur,_ut

519 1603 725 1662 nullum
749 1606 890 1661 aliud
915 1605 1230 1675 conquirere
1252 1619 1385 1674 opus
1408 1603 1498 1675 sit,
1521 1605 1588 1658 ad
1616 1617 1800 1675 earum
1833 1603 2086 1675 epistola-

521 1693 637 1732 rum
682 1672 1049 1732 sinceritatem
1081 1672 1532 1742 comprobandam
1577 1681 1697 1741 post
1742 1672 1939 1729 Leonis
1980 1683 2085 1728 tam

521 1747 888 1804 authenticum
919 1756 1130 1814 tamque
1157 1745 1496 1807 manifestum
1520 1745 1905 1798 testimonium.

589 1817 661 1873 At
685 1817 871 1872 saltem
898 1817 963 1870 de
989 1813 1214 1884 utraque
1250 1814 1602 1880 Narbonensi,
1635 1815 1830 1883 inquis,
1866 1813 1994 1884 nihil
2025 1813 2088 1870 S.

523 1889 629 1944 Leo
657 1887 816 1943 habet
845 1886 899 1943 in
935 1889 1035 1941 ista
1062 1881 1286 1952 epiStola
1324 1886 1409 1940 vel
1441 1885 1578 1939 aliis.
1621 1881 1760 1952 Quid
1789 1884 1946 1939 inde?
1976 1881 2090 1940 Ma-

519 1959 770 2014 nifestum
788 1968 872 2014 est
892 1956 1221 2026 Ravennium
1246 1955 1353 2026 juri
1373 1970 1474 2026 suo
1505 1955 1558 2026 iu
1580 1966 1862 2026 utramque
1883 1955 2087 2010 Narbo-

519 2043 740 2086 nensem
765 2044 793 2081 a
828 2024 1316 2098 praedecessoribus
1355 2025 1466 2080 suis
1510 2024 1754 2098 defenso,
1775 2025 1940 2098 _u_ltro
1976 2041 2093 2082 ces-

518 2101 676 2163 sisse,
698 2107 754 2153 et
772 2094 938 2154 solam
963 2104 1279 2168 potestatem
1305 2095 1747 2168 metropoliticam
1775 2094 2093 2154 Viennensis

521 2169 940 2242 provinciassibi
965 2166 1272 2242 reservasse
1293 2166 1635 2242 asserendam
1655 2184 1668 2220 :
1692 2181 1850 2242 quam
1878 2167 1967 2236 qui
1989 2168 2092 2221 Pa-

523 2235 690 2297 iroclo
712 2239 1108 2297 confirmaverit
1132 2235 1403 2293 Romanus
1433 2236 1694 2308 pontifex,
1713 2235 1863 2292 alios
1898 2235 2094 2307 praeter

519 2309 794 2369 Zosimum
814 2312 966 2367 citari
992 2327 1023 2365 a
1047 2309 1224 2364 Leone
1257 2317 1438 2378 nostro
1475 2324 1582 2365 non
1623 2308 1814 2378 potuit.
1852 2308 1974 2364 Haec
1998 2326 2094 2363 no-

519 2383 604 2438 bis
624 2380 1281 2451 suificcretreswndisse.
1311 2377 1588 2434 Contende
1623 2377 1798 2451 tamen
1833 2389 2096 2451 praeterea

521 2455 592 2510 de
621 2455 879 2510 alterutra
915 2449 1246 2506 Narbonensi
1281 2462 1585 2506 sermonem
1613 2464 1734 2505 esse
1770 2449 1824 2504 in
1859 2449 1941 2504 bis
1973 2467 2091 2506 ver-

520 2526 603 2580 bis
627 2541 642 2579 :
679 2523 814 2592 Quid
835 2522 934 2577 sibi
959 2518 1196 2592 Hilarius
1207 2521 1390 2592 aluerit
1410 2521 1460 2574 in
1486 2521 1653 2575 aliena
1669 2521 1928 2591 provincia
1946 2522 1970 2574 ?
1988 2532 2092 2577 etc.

522 2596 639 2650 Non
659 2590 801 2650 enim
826 2593 914 2648 hic
942 2591 1172 2663 loquitur
1193 2590 1259 2646 de
1271 2590 1592 2663 Viennensi,
1615 2590 1773 2662 quam
1805 2607 2090 2663 numquam

524 2666 754 2720 alienam
779 2664 846 2718 ab
876 2661 1078 2719 Hilario
1099 2661 1307 2718 censuit
1333 2661 1462 2727 Leo,
1480 2661 1748 2731 quamque
1767 2661 1944 2717 nullus
1969 2678 2095 2730 pon-

523 2735 724 2791 tiﬁcum
765 2733 1124 2790 Romanorum
1163 2731 1338 2789 eidem
1375 2739 1500 2802 ante
1527 2732 1759 2787 Leonem
1789 2732 2094 2802 abrogat-at.

532 2807 636 2861 Sed
665 2807 734 2861 de
757 2805 840 2862 bis
869 2806 1084 2862 uberius
1109 2803 1164 2858 in
1205 2812 1353 2872 parte
1383 2813 1422 2858 tt
1451 2801 1864 2869 dissertationis,
1893 2801 1960 2858 de
1993 2803 2096 2860 Ne-

529 2875 674 2947 gotio
694 2875 946 2946 Projecti,
977 2876 1068 2947 ubi
1097 2875 1292 2947 Leonis
1316 2873 1678 2947 testimonium
1708 2873 2092 2943 expendemus.

598 2943 809 3015 Quarto
826 2947 943 3002 loco
964 2945 1219 3015 objiciunt
1248 2943 1500 3014 loquendi
1523 2945 1734 2998 modum
1764 2959 1920 3012 quem
1943 2959 2095 3015 usur-

523 3013 822 3088 pat—auctor
856 3018 999 3074 illius
1023 3013 1218 3088 decreti
1254 3013 1536 3088 elatiorem.
1559 3030 1691 3088 esse
1722 3029 1879 3088 quam
1900 3023 1967 3070 ut
1993 3013 2096 3088 Zo-

522 3081 660 3145 simo
680 3090 990 3154 conveniat;
1025 3091 1098 3142 ita
1119 3087 1262 3142 enim
1283 3085 1468 3156 incipit
1498 3101 1509 3138 :
1549 3081 1756 3139 Placuii
1801 3087 2096 3155 apostolicis

523 3161 654 3226 sedi,
679 3169 784 3216 etc.
815 3161 912 3226 Qui
937 3161 1052 3214 bare
1072 3160 1303 3225 majores
1329 3157 1537 3212 animos
1565 3156 1880 3226 praeselerre
1909 3157 2093 3212 existi-

2120 1853 2171 1914 B

2192 545 3364 638 [Ϋῖίξῖἶξ,.ξῖ¹,-,¹³ῗὶ⁷ἷίῗῖῗ-.ίῖῗῗξῗίαιίρςῑιξξ--ἐνῗερῖιηι.
3402 581 3451 624 οι
3492 571 3749 629 indebitus

2189 616 2516 696 reverentiam
2551 627 2892 697 promerentur
2923 615 2990 688 (Ζ
2998 615 3145 670 ὀξςίηἱὶ
3162 615 3321 686 ’ζζῆἶ
3328 615 3451 700 ".5"

2190 683 2422 743 Gallus).
2449 686 2599 743 Ouod
2624 684 2704 743 (al
2725 701 2832 743 tam
2855 686 3053 741 dudum
3076 687 3374 743 Arelatensi
3398 679 3648 743 dum“-..
3668 719 3721 743 .-ι

2190 683 2430 772 gallae);
2449 683 2599 769 Qudd
2624 684 2704 772 (ᾳ)
2721 687 2832 772 jam
2855 683 3053 772 dudum
3076 683 3748 772 Arelatensive’pu;.:,fiﬁl

2191 754 2388 829 butum
2407 755 2570 812 fuisse
2597 754 2740 826 patet
2767 772 2833 812 ex
2860 757 3084 829 epistola
3119 759 3176 813 S.
3199 757 3480 828 Cypriani,
3513 754 3753 829 (λώπιἺᾶ

2191 825 2742 902 Stephanumpapam
2778 845 2872 897 pro
2896 825 3160 902 Marciani
3192 825 3752 902 Arelatensis—deposi-

2191 897 2337 968 tione
2359 897 2591 968 scripsit,
2613 899 2681 954 de
2702 915 2800 968 qua
2821 899 3090 968 superius.

2263 967 2320 1023 6.
2361 967 2621 1044 Urgetvir
2643 967 3308 1044 eruditusbaucepistolae
3332 971 3538 1044 quinta
3566 970 3751 1030 clausu-

2191 1037 2293 1091 lam
2315 1056 2330 1092 :
2354 1039 2434 1092 Ad
2463 1041 2608 1110 cujus
2636 1041 2869 1093 notitiam
2896 1041 2939 1094 si
2967 1037 3229 1110 quid‘illic
3258 1037 3580 1110 negotiorum
3617 1061 3754 1100 enta-

2189 1111 2331 1178 serit,
2362 1111 2549 1179 referre
2594 1111 2898 1183 censuimus,
2927 1112 3028 1183 nisi
3065 1111 3358 1183 magnitudo
3406 1130 3576 1170 causa
3616 1115 3756 1170 etiam

2192 1193 2421 1254 nostrum
2465 1182 2685 1254 requirat
2716 1197 2945 1254 examen.
2977 1182 3124 1248 Haec,
3151 1182 3352 1252 inquit,
3384 1199 3600 1254 sumpta
3646 1193 3754 1242 sunt

2191 1264 2256 1324 ex
2295 1251 2534 1324 epistolis
2567 1251 3292 1324 posteriorumpontiﬁcum,
3323 1255 3414 1324 qui
3463 1251 3608 1311 vices
3645 1270 3752 1312 suas

2191 1319 2598 1394 Arelatensibus
2628 1323 2892 1394 episcopis
2918 1319 3398 1394 demandaveront,
3430 1342 3534 1381 nec
3565 1333 3730 1394 tempe

2197 1391 2342 1444 ribus
2374 1389 2574 1446 Zosimi
2607 1389 2950 1447 conveniunt.
2983 1393 3078 1448 His
3098 1411 3204 1448 non
3229 1411 3337 1450 uno
3371 1389 3535 1450 modo
3556 1389 3727 1452 satisfa

2193 1461 2398 1533 cimus:
2427 1478 2490 1516 ac
2531 1464 2756 1531 primum
2789 1461 3002 1533 quidem
3038 1463 3246 1520 adduco
3274 1467 3611 1522 cminentiss.
3649 1481 3730 1520 car

2192 1531 2774 1606 dinalen1_Baronium,
2803 1531 2889 1606 qui
2915 1545 3148 1606 testatur
3194 1535 3248 1591 in
3296 1553 3400 1606 ms.
3443 1537 3748 1606 Arelatensi,

2192 1602 2336 1674 unde
2363 1603 2614 1671 epistolas
2647 1601 2848 1658 Zosimi
2891 1605 3189 1670 descriptas
3223 1605 3431 1674 habuit,
3473 1608 3539 1662 ad
3569 1601 3749 1662 calecni

2192 1672 2477 1746 illiusqua:
2498 1682 2582 1746 est
2606 1675 2672 1728 ad
2696 1677 2976 1743 episeOpos
2997 1675 3202 1741 Gallos,
3228 1675 3385 1732 Afros
3401 1672 3456 1734 et
3478 1677 3746 1746 Histianos,

2192 1743 2436 1818 eamdem
2465 1745 2752 1818 clausulam
2795 1746 2898 1817 legi
2927 1763 3045 1816 qua:
3079 1758 3136 1802 et
3167 1748 3222 1802 in
3260 1749 3551 1816 superiori,
3575 1743 3638 1803 de
3662 1765 3750 1818 qua

2194 1814 2431 1888 agim_us,_
2454 1815 2518 1869 ad
2549 1816 2826 1888 universos
2849 1814 3128 1886 episcopos
3156 1834 3248 1886 per
3268 1814 3467 1874 Gallias
3487 1830 3542 1888 et
3563 1814 3748 1888 septem

2195 1883 2494 1954 provincias
2530 1887 2749 1954 scripta,
2780 1888 2848 1940 ab
2885 1883 2974 1941 his
3011 1883 3215 1944 scilicet
3255 1889 3432 1945 verbis
3462 1909 3476 1944 :
3513 1883 3748 1944 Justinus

2195 1965 2375 2030 autem
2397 1957 2730 2030 praecipuam,
2755 1967 2888 2023 etc.,
2914 1973 3080 2028 usque
3107 1959 3301 2030 adiilla
3333 1961 3406 2030 (lt)
3433 1981 3446 2014 :
3504 1959 3616 2030 Nisi
3652 1978 3753 2014 nta-

2194 2025 2600 2102 guitudqguustz
2626 2029 2778 2102 otium
2801 2025 3027 2102 nostrum
3062 2025 3523 2102 requirateiamen
3549 2029 3746 2102 (Barca.

2195 2095 2262 2150 ad
2283 2114 2369 2150 an.
2389 2095 2668 2168 inurunt.
2689 2097 2804 2168 48).
2832 2098 2982 2155 Unde
3001 2095 3267 2168 conjicere
3287 2100 3411 2158 licet
3436 2095 3748 2165 luee'ultima,

2195 2182 2314 2243 qua:
2346 2183 2374 2221 a
2404 2166 2618 2243 Zosime
2656 2166 2853 2224 omissa
2903 2180 3030 2225 sunt
3069 2166 3381 2243 iuecpistola
3423 2174 3492 2226 ad
3536 2174 3682 2226 Afros
3706 2179 3751 2227 ct

2195 2237 2490 2313 Hispanos,
2505 2241 2699 2294 omissa
2732 2255 2851 2294 esse
2897 2244 3094 2313 pariter
3122 2241 3176 2295 in
3194 2237 3435 2312 epistola
3468 2259 3588 2313 qua:
3611 2244 3746 2298 unice

2196 2307 2608 2382 Gallosattinet,
2630 2319 2686 2382 et
2714 2307 3052 2380 superaddita
3074 2307 3409 2382 postmodum
3432 2307 3555 2370 esse
3581 2313 3749 2382 abali-

2195 2394 2321 2448 quo.
2349 2377 2551 2455 Verum
2566 2377 2890 2455 conjecturae
2918 2383 3040 2455 huic
3060 2377 3278 2450 cedens,
3300 2386 3604 2455 respondeo
3625 2381 3748 2438 Zosi-

2196 2464 2342 2525 mum
2373 2450 2676 2525 pontiﬁcem
2717 2454 2786 2525 ita
2814 2451 3202 2509 Arelatensium
3234 2450 3611 2525 episcoporum
3648 2457 3752 2524 jura

2195 2517 2527 2576 defendenda
2565 2523 3000 2599 suscepisse_,__u_t
3039 2533 3212 2580 tamen
3479 2524 3556 2599 (c)
3591 2517 3748 2599 reiutn

2196 2603 2414 2645 suarum
2446 2607 2552 2646 non
2581 2593 2800 2663 omnino
2834 2595 3255 2651 oblivisceretur.
3274 2593 3648 2663 'Qt'safmob’retn
3689 2596 3749 2649 ita

2197 2663 2529 2734 provinciam
2585 2662 2942 2721 Viennensem
2987 2665 3223 2734 aliasque
3271 2662 3478 2722 studuit
3527 2666 3750 2722 Patroclo

2196 2730 2482 2807 subjicere,
2513 2743 2572 2807 ut
2593 2736 2838 2790 eumdem
2859 2736 2959 2790 sibi
2981 2736 3032 2790 in
3057 2730 3211 2807 hujus
3234 2739 3512 2806 potestatis
3531 2753 3627 2793 usu
3641 2737 3748 2792 sub-

2191 2802 2390 2876 jectum
2441 2804 2691 2876 haberet:
2720 2807 2858 2875 quod
2893 2802 3160 2876 prastitit,
3182 2802 3309 2863 dum
3331 2818 3389 2864 et
3427 2808 3749 2864 formatarum

2193 2874 2279 2943 jus
2308 2873 2357 2927 ei
2385 2875 2534 2944 quasi
2564 2892 2626 2930 ex
2652 2873 2928 2947 privilegio
2959 2873 3218 2944 decrevit,
3253 2887 3308 2932 et
3341 2880 3444 2933 sibi
3488 2878 3748 2934 nonnulla-

2197 2959 2318 3017 rum
2343 2959 2624 3001 causarum
2658 2962 2880 3017 examen
2919 2962 2982 3004 ac
3002 2947 3258 3017 judicium
3299 2953 3616 3005 reservavit.
3653 2948 3748 3003 Hoc

2197 3015 2357 3086 modo
2387 3031 2547 3086 agens
2577 3016 2819 3072 Zosimus
2855 3015 3153 3074 decessoris
3191 3018 3272 3074 sui
3312 3017 3606 3077 Innocentii
3647 3034 3749 3086 pre-

2197 3085 2375 3160 mebat
2418 3085 2658 3160 vestigia,
2697 3090 2786 3160 qui
2807 3090 2870 3142 ad
2923 3089 3228 3145 Vietricium
3280 3091 3746 3160 Rothomagensem

2196 3157 2460 3232 scribens,
2494 3157 2613 3228 cap.
2638 3157 2799 3232 5;’Si
2829 3168 3018 3225 autem,
3048 3161 3243 3229 inquit,
3276 3163 3497 3232 majores
3528 3157 3686 3215 causa
3707 3162 3752 3213 in

530 3241 697 3295 mant,
725 3232 904 3299 legant
934 3231 1169 3285 Leonem
1202 3237 1440 3299 nostrum
1464 3229 1518 3299 in
1540 3227 1809 3299 plerisque
1831 3229 2096 3299 epistolis,
2121 3231 2172 3294 ο
2198 3228 2422 3280 medium
2451 3227 2638 3298 nterim
2667 3231 2934 3297 devotum,
2955 3233 3022 3283 ad
3043 3227 3210 3285 sedem
3250 3227 3604 3299 apostolicam,
3635 3234 3755 3285 sicut

524 3302 670 3357 velut
697 3303 750 3354 in
782 3297 847 3355 iis
874 3315 1007 3370 quas
1033 3301 1098 3354 ad
1129 3297 1430 3370 Africanos,
1457 3298 1522 3352 ad
1547 3297 1900 3370 ’Anastasium
1929 3297 2098 3354 Thes-

525 3367 934 3436 salonicensem,
959 3373 1121 3424 immo
1142 3376 1195 3422 ct
1210 3370 1266 3438 in
1292 3369 1389 3438 hac
1413 3369 1528 3436 ipsa
1549 3368 1615 3421 ad
1639 3367 1969 3438 Viennenses
1987 3370 2100 3438 epi-

525 3453 748 3509 scopos;
787 3441 963 3509 legant
998 3440 1166 3509 ipsius
1206 3436 1405 3509 Zosimi
1453 3439 1660 3509 litteras
1708 3437 1773 3491 ad
1821 3436 2102 3509 episcopos

525 3505 807 3566 Africanos
833 3505 885 3564 in
914 3505 1070 3564 causa
1094 3507 1330 3563 leeStii
1355 3508 1530 3573 datas,
1556 3507 1746 3575 quibus
1774 3505 1903 3562 nihil
1937 3505 2102 3576 impe-

526 3583 727 3637 riosutn
759 3580 946 3650 magis,
983 3591 1034 3634 et
1060 3577 1223 3650 784
1263 3579 1356 3631 has
1395 3578 1644 3650 ejusdem
1671 3578 1936 3650 epistolas
1968 3590 2101 3634 tam-

529 3666 686 3776 qulem
709 3667 738 3706 a
768 3647 966 3705 Zosimi
995 3647 1355 3721 stilo—alienas
1386 3662 1492 3703 non
1519 3648 1570 3703 ei
1598 3647 1978 3718 abjudicaudas
2001 3666 2099 3720 pu-

531 3732 585 3776 ta
626 3732 738 3776 unt.

531 3732 738 3777 tabum.

600 3793 653 3848 5.
695 3790 1062 3848 Praetermissa
1092 3806 1122 3846 a
1153 3790 1330 3862 Leone
1348 3799 1401 3845 et
1426 3788 1749 3862 Symmacho
1770 3790 1835 3846 de
1861 3790 2102 3847 formatis

531 3861 600 3932 ab
627 3863 926 3919 Arelatensi
957 3862 1146 3917 dandis
1165 3861 1362 3916 mentio
1394 3861 1500 3916 non
1528 3863 1695 3916 levem
1718 3863 2099 3932 suppositionis

525 3931 847 4001 litterarum,
869 3933 956 3988 ubi
985 3933 1052 3990 de
1083 3933 1321 3989 formatis
1341 3947 1521 3988 sermo
1543 3942 1644 3998 est,
1676 3931 1896 4003 injicere
1921 3934 2098 3990 credi-

525 4011 612 4060 tur
632 4006 1010 4076 suspicionem.

597 4074 915 4148 flespOndeo
953 4075 1273 4146 superfluam
1297 4074 1460 4148 fuisse
1490 4074 1839 4148 formatarum
1867 4077 2101 4148 mentio-

529 4163 685 4215 nem;
711 4147 834 4204 eum
863 4147 1004 4204 inter
1032 4147 1416 4215 metrOpolitica
1456 4147 1636 4202 munia
1671 4147 1978 4202 necessario
2011 4148 2100 4218 jus

525 4219 684 4275 dandi
715 4220 920 4276 litteras
942 4219 1245 4289 hujusmodi
1267 4227 1655 4273 numeraretur.
1683 4219 1886 4272 Placuit
1908 4218 1974 4274 de
1997 4220 2102 4273 illis

523 4292 829 4346 meminisse
853 4289 1090 4355 Zosimo,
1133 4290 1197 4343 ad
1241 4289 1398 4358 idque
1431 4289 1750 4343 necessitate
1790 4290 2102 4359 compulsus

524 4371 606 4416 cst
629 4379 642 4412 ε
664 4362 930 4431 quoniam
950 4361 1231 4414 occasione
1261 4360 1535 4414 turbarum
1567 4373 1686 4430 quae
1714 4362 1869 4414 annis
1901 4376 2101 4429 praece-

523 4430 770 4487 dentibus
799 4430 998 4486 Gallias
1019 4439 1419 4492 concusserant,
1451 4438 1505 4484 et
1532 4444 1713 4484 earnm
1743 4431 2103 4485 ‘conccrtatio-

530 4515 657 4571 num
681 4516 798 4570 qua:
829 4501 895 4554 de
927 4500 1153 4568 primatu
1193 4507 1348 4571 motae
1386 4499 1598 4553 fuerant
1639 4501 2102 4571 interepiscopos,

525 4569 867 4625 formatarum
897 4585 1024 4624 usus
1049 4569 1386 4624 intermissus
1410 4571 1600 4634 fuerat,
1627 4569 1709 4624 vel
1738 4570 1804 4623 ab
1830 4572 1947 4625 aliis
1969 4569 2098 4625 con;

527 4647 608 4692 tra
639 4641 716 4694 fas
742 4650 1052 4709 usurpatos:
1089 4641 1364 4694 restitutus
1406 4654 1434 4692 a
1467 4637 1679 4693 Zosimo
1723 4638 1821 4693 fuit
1864 4655 1979 4694 eam
2029 4643 2096 4698 ob

525 4724 737 4782 causam
761 4728 774 4763 :
807 4711 960 4777 Quia,
983 4721 1038 4765 ut
1061 4711 1174 4782 ipse
1203 4710 1296 4775 ait,
1326 4710 1496 4782 plures
1509 4725 1562 4763 se
1582 4711 1838 4780 episcopos
1859 4711 1960 4764 sive
1979 4729 2095 4782 pre-

523 4781 770 4853 sbyteros,
819 4783 921 4837 sive
957 4781 1334 4836 ecclesiasticos
1365 4782 1679 4846 simulantes,
1723 4783 1844 4848 quia
1891 4781 2090 4838 nullum

2203 3299 2428 3423 ﬁnodus
2477 3303 2673 3364 statuit,
2721 3311 2834 3371 post
2872 3302 3157 3371 cpisc0palc
3193 3299 3454 3373 judicium
3499 3305 3749 3370 referatur.

2255 3379 2494 3423 trumaue
2537 3372 2816 3423 mmulatus
2845 3371 2902 3423 S.
2947 3371 3075 3423 Leo.
3111 3374 3354 3423 eamdem
3398 3375 3746 3423 executionem

2255 3379 2494 3437 trumque
2537 3372 2816 3426 simulatus
2845 3371 2902 3426 S.
2947 3371 3075 3437 Leo,
3111 3371 3354 3427 eamdem
3398 3375 3746 3438 exceptionem

2201 3438 2267 3510 iis
2289 3439 2525 3508 epistolis
2538 3442 2800 3510 apposuit,
2818 3442 3010 3510 quibus
3029 3441 3485 3498 Thessalonicensi
3507 3444 3751 3509 episeopo

2199 3508 2482 3563 Anastasio
2509 3508 2794 3567 vicariatus
2823 3508 2902 3566 sui
2934 3527 3124 3567 munus
3149 3513 3426 3582 delegavit.
3459 3508 3611 3582 Unde
3645 3526 3750 3565 non

2201 3587 2287 3654 est
2323 3582 2636 3654 cur_aliquis
2674 3584 2896 3638 miretur
2931 3595 2985 3636 ut
3030 3587 3114 3653 qui
3149 3586 3212 3638 ad
3244 3581 3410 3638 instar
3455 3581 3759 3654 lllyriciaua'.

2203 3649 2553 3725 delegationis
2577 3655 2626 3706 in
2651 3654 2930 3725 metropoli
2969 3649 3264 3709 Arelatensi
3300 3649 3606 3709 vieariatum
3633 3667 3755 3725 spo-

2202 3723 2446 3775 stolicum
2477 3722 2758 3780 instituere
2786 3722 3158 3789 meditabatur,
3192 3726 3334 3779 illius
3365 3727 3424 3778 in
3457 3727 3556 3780 isto
3583 3722 3755 3793 imagi-

2202 3807 2324 3847 nem
2355 3797 2698 3861 expresserit.

2271 3865 2325 3918 7.
2365 3863 2468 3917 Sed
2497 3868 2537 3917 si
2562 3865 2717 3920 dicta:
2739 3866 2975 3936 epistola:
2999 3863 3194 3919 Zosimi
3217 3874 3418 3932 essent,
3443 3866 3562 3935 quis
3582 3863 3752 3920 credat

2203 3944 2308 3990 tam
2332 3937 2625 3990 contrarias
2647 3951 2675 3989 a
2702 3936 2972 3990 Bonifacio
2994 3947 3046 3991 et
3068 3937 3353 3991 leestino
3375 3936 3759 3993 successoribus

2201 4008 2318 4074 ejus
2341 4009 2574 4074 potuisse
2597 4007 2775 4072 scribi,
2803 4017 2856 4060 et
2879 4010 3008 4062 istos
3031 4007 3438 4076 praedecessoris
3462 4011 3541 4062 sui
3561 4008 3756 4076 decreta

2201 4078 2438 4131 voluisse
2464 4077 2802 4132 convellere!
2834 4074 3132 4132 Bonifacius
3163 4080 3329 4142 enim,
3375 4079 3602 4144 epistola
3626 4079 3655 4132 5
3689 4074 3751 4129 ad

2203 4148 2458 4202 Hilarium
2502 4147 2932 4214 Narbonensem,
2970 4148 3479 4219 arguitrPatr'oclum
3513 4150 3576 4203 de
3616 4161 3758 4219 usur:

2204 4229 2350 4300 pata_
2372 4219 2705 4298 ordinatione
2735 4215 3056 4274 Lntevensis'
3085 4218 3322 4288 episcopi
3364 4222 3416 4273 in
3447 4215 3758 4274 Narbonensi

2243 4304 2470 4342 rovmcm
2482 4332 2496 4345 .

2205 4303 2563 4428 “ﬁlicibus:
2585 4360 2742 4414 video
2769 4361 2896 4426 quid
2923 4376 2988 4416 ex
3015 4359 3236 4430 epistola
3266 4358 3544 4415 leestini
3569 4360 3634 4414 ad
3657 4358 3756 4430 epi-

2203 4445 2395 4499 scopos
2437 4432 2720 4498 provincia:
2752 4431 3067 4487 Viennensis
3104 4441 3158 4486 et
3192 4431 3552 4486 Narbonensis
3579 4431 3757 4485 adver-

2201 4516 2292 4556 sus
2323 4501 2519 4555 Zosimi
2561 4503 2812 4571 epistolas
2841 4505 3038 4558 assumi
3082 4503 3274 4572 possit.
3298 4503 3403 4556 Sed
3448 4502 3634 4556 demus
3669 4499 3757 4572 ali-

2126 4607 2174 4667 n
2201 4573 2902 4667 qui9_taa-§s‘e§“2"_mz_
3120 4570 3760 4667 “emersisset?

2203 4642 2386 4698 revera
2417 4642 2578 4713 fecit)
2608 4644 3056 4712 praedecessorum
3097 4658 3313 4697 suorum
3363 4642 3592 4698 decretis
3630 4656 3756 4696 cou-

2204 4715 2421 4768 trarium
2453 4716 2750 4782 scripsisse,
2778 4715 2878 4768 hoc
2907 4715 3176 4770 insolitum
3206 4727 3310 4767 non
3342 4727 3460 4768 esse
3491 4723 3566 4768 tot
3587 4723 3760 4768 exem-

2200 4785 2302 4855 plis
2340 4788 2735 4853 comprobatur,
2778 4794 2835 4838 ut
2863 4787 2916 4839 in
2957 4787 3054 4839 hac
3093 4785 3229 4854 ipsa,
3259 4799 3420 4854 quam
3451 4793 3757 4852 tractamus,

1587 4893 2139 4955 BALLERINIORUM
2177 4895 2722 4954 ANNOTATIONES.

588 4989 668 5062 (a)
687 4989 1028 5062 Privilegium
1063 4987 1406 5044 formatarnm
1444 4986 1743 5062 Arelatensi
1773 5002 2083 5044 concessum

521 5079 548 5118 a
575 5059 945 5129 Zo'simo,'non
978 5063 1032 5117 in
1055 5062 1225 5116 solam
1247 5059 1853 5131 ipsmsecclesiasticam
1878 5062 2084 5128 provin-

521 5135 677 5200 ciam,
708 5149 801 5189 seu
830 5135 880 5188 in
912 5129 1308 5188 Narbonensem
1331 5129 1554 5187 solidam
1573 5131 1754 5200 eidem
1779 5132 1844 5185 ab
1867 5145 1930 5187 eo
1955 5145 2085 5200 pono

521 5196 1018 5270 tifice'attributam,
1042 5204 1137 5259 sed
1175 5219 1230 5258 m
1254 5200 1526 5274 quamlibet
1554 5196 1845 5274 Galliarum
1882 5196 2085 5268 partem

520 5277 824 5331 extenditur
851 5280 1004 5346 epist.
1040 5277 1094 5341 i,
1124 5287 1174 5329 c.
1218 5272 1283 5346 ιζ
1313 5273 1424 5346 Ho_c
1447 5281 1638 5346 autem
1679 5272 1765 5346 jus
1806 5273 2082 5346 antiquum

519 5348 732 5418 probari
773 5341 984 5417 nequit;
1013 5359 1132 5401 eum
1174 5342 1588 5418 etein‘Oriente
1625 5341 1690 5418 et
1716 5345 1767 5396 in
1796 5341 2084 5418 prcidente

518 5411 792 5491 receptum
823 5411 1052 5491 esset’rnt
1079 5416 1262 5491 cieuici
1308 5413 1383 5469 ab
1403 5413 1690 5491 episcopis,
1727 5411 1963 5483 episcopi
1997 5429 2086 5491 au-

518 5495 626 5546 tem
647 5485 686 5545 a
712 5487 1134 5556 ntetropolitanis
1170 5485 1428 5541 formatas
1455 5485 1801 5556 accipe_rent;_
1827 5486 2082 5556 quemad-

517 5563 733 5616 modum
763 5553 921 5616 docet
957 5558 1017 5614 Ρ.
1049 5556 1386 5613 Constantius
1415 5557 1466 5609 in
1506 5553 1712 5608 munito-
1740 5553 1810 5606 ad
1837 5554 2080 5608 eamdem

517 5626 712 5702 Zosimi
732 5630 1049 5702 epistolam;
1081 5629 1358 5702 ubi_etiam
1399 5625 1623 5702 miratur
1661 5623 2022 5702 testimonium
2049 5640 2078 5679 a

519 5691 806 5769 Quesnelio
836 5701 1055 5772 produci
1076 5716 1142 5772 ex
1157 5696 1416 5772 Cypriani
1437 5697 1632 5772 litteris
1653 5695 1718 5749 ad
1749 5691 2076 5772 Stephanum

520 5765 739 5848 papam,
754 5772 809 5828 in
838 5765 1032 5848 quibus
1060 5765 1584 5848 nullui‘oecurritde
1610 5765 1848 5848 forma-tis
1877 5779 2073 5848 sermo.

590 5837 668 5913 (ὁ)
706 5837 994 5913 Sequenda
1035 5855 1244 5913 quoque
1287 5839 1449 5897 verba
1495 5839 1551 5896 in
1579 5846 1806 5908 utraque
1849 5837 2074 5908 cpistola

2191 4990 2465 5059 leguntur;
2511 5003 2608 5043 nec
2657 4989 2708 5041 in
2755 4988 2976 5058 epistola
3011 4987 3078 5041 ad
3119 4987 3276 5042 Afros
3313 4987 3514 5042 omissa
3550 4984 3762 5041 Baronii

2194 5071 2368 5116 terius
2398 5060 2714 5114 subindicat.

2262 5134 2352 5204 (ε)
2392 5130 2524 5185 Cum
2579 5130 2824 5204 Zosimns
2877 5129 3359 5204 ecclesiasticarum
3429 5129 3760 5204 nuntiorum

2193 5199 2504 5258 relationem
2554 5203 2825 5269 praecepit,
2866 5209 2920 5256 et
2958 5203 3189 5268 majores
3235 5213 3429 5254 causas
3469 5199 3768 5269 apostolico

2191 5273 2430 5328 examini
2459 5289 2520 5326 ac
2541 5266 2743 5341 judicio
2764 5266 3064 5326 reservatas
3085 5271 3348 5339 prartulit;
3379 5283 3486 5325 non
3507 5266 3635 5325 rem
3660 5266 3763 5341 sibi
3803 5295 3818 5302 -

2191 5335 2658 5411 incorripetettiem,
2694 5344 2788 5397 sed
2824 5343 2912 5412 jus
2947 5335 3104 5394 suum
3132 5348 3448 5412 prosecutus
3476 5351 3580 5406 est,
3619 5335 3765 5412 quod

2193 5430 2299 5468 non
2327 5408 2434 5467 tam
2459 5428 2523 5468 ev
2552 5415 2779 5482 primatu
2804 5408 2997 5466 divina:
3019 5408 3369 5482 institutionis
3393 5408 3450 5466 in
3469 5408 3766 5482 totam—Eoo

2183 5485 2423 5548 clesiam,
2451 5479 2608 5553 quam
2630 5495 2698 5538 ex
2727 5484 2987 5553 peculiari
3005 5481 3388 5552 jurisdietione
3407 5483 3464 5536 in
3487 5479 3764 5538 Ecclesia!

2182 5555 2483 5610 Occidentis
2515 5557 2685 5623 palam
2714 5557 2978 5618 dimanat,
3014 5563 3070 5607 et
3095 5553 3390 5621 apostoiica
3422 5553 3578 5608 sedes
3608 5564 3759 5623 seu:

2182 5641 2280 5696 per
2306 5619 2658 5696 exercut'ttut
2682 5625 2921 5695 pluribus
2949 5619 3336 5696 antiquioribus
3364 5623 3625 5696 exemplis
3650 5667 3666 5689 ,
3715 5619 3759 5674 si

2181 5691 2422 5763 vacaret,
2464 5691 2700 5767 probare
2734 5709 3034 5767 possemus.
3075 5691 3397 5767 Quesnellus
3431 5693 3517 5750 hic
3534 5691 3755 5767 quoque

2179 5770 2414 5824 animum
2445 5763 2756 5838 apostolica}
2781 5766 3088 5823 auctoritati
3123 5763 3391 5822 infensum
3428 5763 3759 5823 manifestat.
