3984 6306
522 397 628 456 435

983 392 1224 455 ΡΑΞΟΠ.
1264 390 1643 463 QUESNELLI
1685 384 2262 449 DISSERTATIONES
2303 384 2367 440 IN
2406 384 2465 442 S.
2508 380 2746 441 LEONIS
2784 380 2998 439 MACNI
3036 376 3278 437 OPERA.

3653 374 3755 433 ‘56

524 513 710 569 tiniani
735 513 1041 569 constitutio
1069 515 1135 570 de
1156 514 1379 569 diversis
1403 509 1777 566 ecclesiasticis
1802 506 2081 576 capitibus,
2113 506 2164 565 Α
2191 502 2487 576 facessunt,
2531 502 2623 558 sed
2654 516 2867 557 sensum
2888 501 3132 576 _omnino
3179 496 3583 576 convenientem
3634 496 3752 550 red-

525 586 578 639 in
610 583 831 640 Galliam
857 586 1016 639 missa
1038 601 1127 638 an.
1160 587 1217 637 D.
1253 584 1379 644 ΗΒ,
1406 584 1456 635 in
1480 581 1629 648 cujus
1657 594 1775 648 cap.
1804 578 1838 630 ‘2.
1866 579 2087 631 diversos

523 656 783 725 episc0pos
829 656 1079 723 nefarium
1124 654 1390 722 Pelagiani
1433 662 1477 705 et
1508 649 1791 704 L'telesriani
1836 648 2087 717 dogmatis

522 742 746 780 errorem
777 737 1035 795 sequentes
1061 742 1161 781 rea
1188 726 1507 779 Pnaoccuu
1532 734 1912 795 saeuosmcrm
1944 731 2089 772 LEGIS

522 793 1092 865 ANTtsrt'rEtt'prtecipit
1119 797 1406 858 conveniri;
1451 804 1495 845 et
1530 793 1627 844 nisi
1665 799 1830 865 errata
1860 803 2090 865 correxe—

521 868 647 932 rint,
680 860 961 921 Gallicanis
987 860 1271 937 regionibus
1292 864 1509 937 expelli,
1527 870 1676 930 atque
1698 862 1753 937 in
1774 876 1948 913 eorum
1979 860 2091 911 loco

526 938 862 992 sacerdotium
890 934 1121 1003 ﬁdelibus
1148 934 1429 1006 subrogari.
1469 934 1593 988 Hmc
1613 934 1789 987 omnia
1821 937 2090 998 metropo‘

528 1006 749 1061 litanum
779 1007 1084 1075 episcopum
1110 1006 1417 1074 loquuntur.

597 1079 675 1130 Ad
724 1070 975 1131 Bonifacii
1040 1070 1390 1143 proculdubio
1438 1076 1713 1144 epistolam
1768 1070 2091 1144 respiciebat

523 1145 844 1203 leestinus
871 1162 1002 1215 papa
1031 1141 1286 1201 Bonifacii
1318 1141 1613 1208 successor.
1637 1158 1756 1197 cum
1785 1142 1837 1196 in
1867 1141 2089 1210 epistola

526 1219 592 1271 ad
618 1217 893 1286 episcOpos
923 1233 1015 1284 per
1056 1217 1407 1271 Viennensem
1437 1228 1488 1269 et
1526 1216 1921 1269 Narbonensem
1970 1226 2091 1280 pro-

527 1289 728 1343 vincias
769 1289 1087 1342 constitutos
1116 1288 1375 1349 decernit,
1418 1301 1536 1353 cap.
1569 1290 1621 1353 ι,
1668 1293 1723 1337 ut
1760 1288 1915 1355 juxta
1941 1298 2091 1334 cano-

529 1374 649 1411 num
709 1360 910 1412 decreta
971 1373 1288 1426 uitaquceque
1357 1358 1617 1427 provincia
1692 1371 1785 1427 suo
1840 1362 2092 1427 metropo-

522 1429 684 1482 litano
755 1436 989 1481 contenta
1033 1422 1133 1491 sit,
1202 1422 1255 1479 ut
1297 1422 1577 1478 decessoris
1627 1424 1814 1487 nostri,
1878 1422 2087 1490 inquit,

526 1499 648 1553 data
701 1500 767 1552 ad
822 1497 1205 1551 Narbonensem
1260 1497 1547 1565 episcopum
1603 1495 1857 1546 continent
1900 1503 2092 1565 statuta

526 1607 541 1622 .
571 1609 583 1621 .
608 1608 652 1622 ..
678 1608 693 1622 .
743 1568 809 1622 sit
849 1567 1097 1620 concessis
1135 1566 1231 1618 sibi
1270 1562 1529 1619 contentus
1570 1565 1916 1632 unusquisque
1957 1562 2092 1614 limi-

528 1640 706 1703 tibus;
756 1637 887 1690 alter
944 1640 996 1689 in
1046 1637 1256 1689 alterius
1317 1636 1574 1705 provincia
1628 1635 1757 1705 nihil
1796 1643 2087 1701 prtesumat.

529 1709 886 1773 Quamobrem
924 1706 1008 1761 bis
1054 1709 1250 1775 pariter
1288 1703 1467 1759 verbis
1510 1703 1853 1758 confirmatur
1893 1712 2093 1755 metro-

528 1778 742 1849 politica
791 1778 1117 1849 Arelatensis
1176 1777 1410 1849 episcOpi
1469 1782 1741 1849 potestas,
1787 1786 1908 1826 cum
1965 1787 2091 1837 sup-

571 1856 697 1903 onat
724 1848 966 1903 similiter
994 1862 1142 1900 suam
1173 1848 1221 1901 ei
1268 1846 1593 1914 provinciam
1627 1844 1917 1912 subjectam
1949 1858 2089 1897 esse.

571 1863 697 1903 onat
724 1863 966 1903 simulter
994 1863 1142 1900 suam
1173 1863 1221 1901 et
1268 1863 1593 1914 provmctam
1627 1863 1917 1912 subjecmm
1949 1863 2089 1897 esse.

528 1863 635 1975 get!
682 1929 737 1973 et
779 1918 953 1989 capite
1002 1919 1159 1972 tertio
1206 1916 1271 1971 de
1314 1916 1532 1989 Daniele
1566 1928 1760 1989 agens,
1807 1914 1895 1989 qui
1951 1914 2090 1966 mul-

531 2003 703 2045 torum
748 1985 1032 2044 criminum
1079 2001 1200 2041 reus
1243 1986 1519 2041 ordinatus
1568 1985 1737 2038 fuerat
1778 1985 2087 2051 episcOpus,

533 2063 664 2115 satis
694 2060 869 2114 innuit
889 2059 1256 2113 Arelatensem
1288 2058 1592 2124 episcopum
1626 2055 2090 2119 metmpolitanum

527 2131 709 2185 fuisse.
756 2128 938 2192 Missa,
978 2129 1166 2197 inquit,
1208 2128 1276 2180 ad
1313 2127 1653 2179 Arelatensem
1684 2126 1974 2197 episcopum
2004 2139 2093 2197 per

528 2199 869 2254 Fortunatam
895 2195 1281 2260 subdiaconum,
1310 2198 1473 2267 789
1514 2204 1567 2248 ut
1607 2196 1673 2248 ad
1689 2196 1945 2267 judicium
1977 2195 2089 2263 epi—

529 2270 735 2339 scopale
770 2268 1177 2339 pertraheretur,
1218 2266 1453 2339 epistola;
1493 2269 1599 2321 Cur
1632 2270 1773 2339 eni_tn
1812 2266 1890 2339 ad
1919 2266 2091 2339 ipsum

526 2336 704 2421 potius
729 2336 981 2421 quam_ad
1023 2339 1262 2421 alterum
1292 2337 1582 2421 scriberet,
1617 2346 1675 2421 ut
1709 2336 1980 2421 Dziiiieletn
2028 2336 2092 2415 ad

523 2405 781 2479 judicium
825 2409 1125 2480 episcopale
1154 2407 1395 2480 pertrahi,
1422 2418 1635 2480 curaret
1657 2407 1777 2480 nisi
1811 2405 2007 2480 saltem
2039 2405 2092 2458 in

532 2476 820 2537 Viennensi
850 2476 1117 2549 provincia
1144 2476 1545 2549 metrOpoliticis
1562 2478 1777 2549 juribus
1805 2476 2087 2530 frueretur.

610 2551 734 2607 Haec
765 2550 831 2606 ad
856 2548 1024 2619 ipsius
1056 2549 1258 2615 Hilarii,
1281 2548 1432 2619 cujus
1460 2562 1674 2603 causam
1701 2548 1925 2616 agimus,
1955 2556 2091 2599 tem-

534 2637 660 2691 pora
708 2618 1175 2691 episco’patumque
1224 2618 1465 2691 proxime
1513 2620 1798 2691 accedunt;
1840 2631 1995 2691 quem
2041 2625 2095 2670 et

532 2687 1063 2762 duabus'insig'nibus
1093 2687 1310 2760 synodis
1350 2688 1581 2762 Regensi
1623 2699 1673 2742 et
1713 2687 2092 2762 Arausicanaat

534 2757 911 2832 subscripsisse
933 2762 1104 2831 primo
1123 2757 1241 2832 loco
1271 2759 1586 2832 reperimus,
1612 2759 1751 2832 quod
1784 2758 1965 2825 procul
1996 2757 2092 2832 du-

530 2833 622 2889 bio
669 2828 850 2887 itidem
878 2828 1075 2887 factum
1101 2828 1401 2884 videremus
1434 2830 1485 2883 in
1513 2828 1734 2883 Vasensi
1765 2843 1780 2881 ι
1814 2837 1867 2881 et
1909 2829 2094 2881 Arela-

531 2904 667 2959 tensi
696 2919 761 2969 tt,
794 2904 894 2958 nisi
924 2903 1342 2970 subscriptiones
1381 2898 1680 2969 periissent.
1713 2899 2088 2970 Verumtamen

528 2973 612 3029 his
640 2989 746 3030 non
776 2974 1120 3029 immoramur
1140 2969 1162 3038 ⁷(
1184 2972 1283 3025 etsi
1313 2970 1460 3025 nullo
1503 2969 1904 3025 contradicente
1942 2976 2091 3037 gesta

526 3044 780 3115 fuerint),
827 3044 1076 3113 quoniam
1112 3051 1380 3115 tamquam
1420 3040 1557 3115 juris
1585 3040 1742 3115 alieni
1782 3040 1994 3093 invasor
2022 3038 2093 3093 ob

525 3115 661 3171 hanc
678 3110 1081 3185 ipsam'causam
1098 3110 1403 3185 maleaudit
1422 3110 1559 3181 apud
1582 3112 1889 3185 plerosque;
1913 3125 2092 3185 quam-

525 3201 681 3255 quam
701 3180 845 3241 pibil
874 3186 940 3239 ab
979 3184 1241 3255 episcopis
1268 3183 1319 3236 vi
1349 3180 1615 3255 extortum
1636 3224 1650 3247 ,
1683 3180 1944 3255 nihilnisi
1976 3195 2089 3255 om-

2192 575 2359 639 dunt;
2380 568 2627 643 torquent
2655 588 2780 626 vero
2807 570 2992 626 eadem
3015 572 3206 643 mirum
3230 568 3524 643 inmodum
3553 576 3754 622 senten-

2191 644 2279 699 tiae
2306 638 2543 699 adversa:
2568 651 2835 708 auctores,
2868 645 2954 711 qui
2989 658 3056 698 ne
3082 638 3522 711 Vesontionensis
3562 648 3754 694 metro-

2229 716 2373 769 oleos
2400 714 2707 783 dignitatem
2735 710 2899 785 790
2920 713 3001 785 his
3041 712 3372 782 pessumdari
3402 710 3600 785 sinatis,
3631 724 3755 785 con<

2215 787 2373 854 'ugere
2420 779 2678 855 coguntur
2718 779 3087 855 ait—vicariam
3147 791 3461 855 potestatem
3494 795 3524 855 ξ
3550 779 3755 835 Zositno

2192 850 2455 926 episcOpis
2487 850 2894 926 'Arelatensibus
2935 854 3251 926 delegatam,
3276 868 3393 922 quae
3413 850 3616 926 iisdem
3634 868 3753 926 cons

2191 922 2573 996 gregandarum
2626 942 2720 995 per
2773 924 2968 981 Gallias
3023 922 3347 996 synodorum
3405 922 3497 992 jus
3547 923 3754 996 aliquod

2194 994 2548 1059 concesserit,
2580 998 2643 1050 ad
2667 1012 2796 1065 quas
2818 996 3004 1049 delata:
3031 994 3399 1065 episcoporum
3424 1008 3602 1049 causa
3624 994 3755 1049 vica-

2192 1067 2259 1121 rii
2290 1068 2433 1122 sedis
2462 1068 2771 1135 apostolica:
2799 1068 3061 1121 sententia
3083 1066 3520 1121 terminarentur.

2265 1137 2459 1191 Verum
2492 1141 2590 1191 ista
2622 1140 2991 1203 restionsione,
3039 1152 3138 1205 qua
3170 1137 3289 1190 aliis
3312 1137 3643 1191 satisfactum
3672 1150 3754 1190 vo-

2192 1208 2307 1263 lunt
2335 1218 2579 1263 auctores
2605 1209 3029 1272 commemorati,
3053 1208 3238 1274 fallor,
3267 1207 3311 1262 si
3344 1207 3445 1262 sibi
3482 1206 3583 1273 ipsi
3606 1209 3754 1261 satis-

2194 1278 2413 1332 faciunt.
2439 1278 2605 1344 Quam
2634 1278 2922 1332 abhorrent
2941 1280 3080 1333 enim
3104 1278 3243 1331 illius
3267 1278 3440 1331 aetatis
3457 1286 3513 1331 et
3531 1278 3754 1347 regionis

2195 1363 2373 1403 mores
2399 1366 2427 1402 a
2454 1351 2646 1402 vicaria
2678 1348 2981 1415 hujusmodi
3014 1356 3291 1413 potestate,
3321 1363 3440 1416 qua:
3484 1348 3537 1402 in
3566 1358 3754 1403 metro-

2196 1420 2410 1487 politica
2432 1420 2548 1488 jura
2582 1419 2849 1473 involandi
2882 1419 3077 1475 faceret
3110 1419 3433 1482 facultatem,
3466 1429 3521 1472 et
3542 1433 3601 1472 ea
3634 1434 3753 1472 con-

2194 1490 2408 1543 cederet
2458 1504 2576 1556 quze
2630 1491 2681 1541 in
2721 1490 3106 1555 posterioribus
3156 1489 3366 1544 saaculis
3416 1504 3444 1541 a
3495 1503 3751 1546 canonum

2193 1561 2530 1629 observantia
2577 1560 2781 1628 longius
2824 1560 3192 1615 recedentibus
3234 1574 3522 1629 numquam
3561 1567 3749 1613 tentata

2194 1630 2356 1700 sunt?
2389 1628 2453 1686 Ut
2482 1630 2623 1683 enim
2654 1629 2901 1684 ordinare
2939 1632 3104 1684 solius
3127 1640 3239 1686 erat
3259 1628 3462 1700 proprii
3486 1642 3751 1699 metropo-

2192 1699 2363 1764 litani,
2397 1703 2464 1754 ita
2487 1710 2541 1753 et
2564 1701 2831 1766 deponere
2850 1700 3181 1764 ordinatum;
3215 1699 3313 1754 nec
3341 1715 3405 1753 eo
3438 1715 3608 1769 usque
3637 1717 3749 1769 pro-

2195 1771 2364 1825 tendit
2393 1786 2639 1839 umquam
2670 1786 2727 1825 se
2757 1772 2949 1825 vicaria
2980 1782 3233 1838 potestas,
3268 1780 3321 1825 ut
3353 1772 3402 1823 in
3426 1771 3603 1825 aliena
3633 1788 3749 1840 pro-

2195 1843 2365 1895 vincia
2398 1841 2656 1912 synodum
2683 1850 2896 1910 cogeret
2936 1856 3051 1895 eam
3102 1844 3274 1897 solum
3319 1842 3388 1895 ob
3436 1856 3653 1895 causam
3698 1855 3750 1900 ut

2196 1911 2504 1980 episcopum
2547 1911 2689 1965 illius
2718 1912 3009 1981 provincia:
3056 1928 3157 1967 non
3194 1927 3303 1967 sate
3330 1928 3357 1964 a
3389 1912 3605 1979 propria
3634 1915 3748 1970 sede

2196 1982 2479 2049 dejiceret;
2511 1982 2650 2049 quod
2675 1992 2847 2036 tamen
2878 1984 2929 2037 in
2953 1985 3196 2051 prtesenti
3228 1985 3439 2051 negotio
3464 1983 3532 2037 ab
3564 1983 3748 2039 Hilario

2197 2062 2455 2106 tentatum
2483 2053 2808 2107 existimant.
2839 2054 3036 2107 Deinde
3056 2054 3320 2108 contraria
3348 2053 3511 2107 iidem
3538 2053 3747 2123 loquun-

2197 2132 2300 2176 tur.
2335 2126 2388 2178 Si
2421 2124 2557 2177 enim
2593 2130 2906 2191 potestatem
2937 2125 3136 2189 habuit,
3168 2123 3446 2178 vicariatus
3476 2124 3559 2176 sui
3593 2124 3746 2178 nomi-

2198 2194 2667 2266 ne,_cogendorum
2701 2194 2752 2247 in
2785 2193 2973 2266 Galliis
3013 2195 3350 2266 synodalium
3382 2194 3742 2260 conciliorum,

2195 2274 2249 2315 et
2276 2264 2343 2317 de
2371 2266 2738 2332 episcoporum
2784 2265 2957 2319 causis
2991 2264 3097 2319 illic
3141 2265 3393 2334 judicium
3425 2266 3743 2329 instituendi,

2194 2335 2476 2407 curiidem
2504 2343 2747 2407 auctores
2775 2335 3105 2391 contendunt
3141 2335 3271 2391 nulli
3295 2336 3533 2407 episcopo
3562 2336 3741 2403 aliquid

2196 2404 2394 2477 licuisse
2424 2406 2476 2457 in
2508 2404 2791 2474 Sequanica
2814 2408 3073 2474 prouincia
3092 2448 3106 2474 ,
3130 2404 3561 2477 quemadmodum
3590 2423 3676 2459 nec
3704 2407 3745 2459 in

2194 2476 2387 2548 cwt_er_is
2417 2476 2705 2548 provinciis,
2735 2487 2916 2546 praeter
2941 2479 3097 2547 ipsius
3137 2476 3410 2548 provincia:
3449 2477 3744 2548 sacerdotes.

2200 2562 2220 2594 ο
2265 2546 2403 2616 Suis,
2437 2547 2604 2613 inquit
2649 2544 2756 2599 Leo
2788 2544 2989 2613 noster,
3025 2544 3197 2602 Μαι-ᾖε
3225 2548 3494 2602 referente
3518 2544 3742 2616 (Dissert.

2194 2616 2257 2667 de
2288 2614 2615 2688 Friniatibus,
2640 2634 2691 2669 n.
2725 2617 2834 2686 78),
2867 2633 3193 2688 unaqureque
3219 2617 3496 2688 provincia
3528 2614 3598 2671 sit
3629 2633 3741 2672 con-

2196 2695 2337 2739 tenta
2367 2686 2638 2746 conciliis.
2675 2703 2771 2741 nec
2800 2688 2931 2741 ultra
2965 2686 3194 2742 Hilarius
3222 2686 3423 2741 audeat
3460 2696 3741 2742 conventus

2192 2756 2431 2826 indicere
2470 2757 2751 2826 synodales
2792 2759 3119 2825 (conventum
3155 2760 3395 2812 adversus
3438 2757 3745 2812 Celidonium

2192 2825 2435 2898 habitum,
2463 2825 2722 2893 inquiunt.
2750 2830 3082 2898 perstringit),
3106 2840 3161 2885 et
3186 2829 3526 2884 sacerdotum
3552 2828 3743 2883 Domini

2196 2896 2393 2966 judicia
2425 2912 2481 2969 se
2512 2899 2879 2953 interserendo
2909 2896 3149 2966 turbare;
3180 2901 3267 2969 qui
3300 2914 3403 2952 non
3436 2908 3640 2954 tantum
3662 2912 3745 2953 no-

2194 2969 2327 3021 verit
2357 2984 2413 3021 se
2438 2968 2505 3021 ab
2534 2969 2841 3039 alienojurc
2869 2970 3167 3038 depulsum,
3192 2968 3282 3024 Sed
3300 2969 3463 3024 etiam
3491 2970 3745 3025 Viennen-

2192 3042 2265 3091 sis
2292 3039 2595 3113 provinciae,
2614 3054 2768 3113 quam
2802 3042 2938 3113 ma|_e
2962 3051 3331 3113 usurpaverat,
3364 3048 3630 3113 potestate
3650 3040 3744 3109 pri-

2190 3121 2389 3163 vatum.
2412 3126 2431 3161 ι
2454 3109 2716 3163 Hactenus
2744 3109 2869 3164 Leo.
2894 3109 3155 3176 Porro,'si
3181 3125 3246 3165 eo
3268 3110 3485 3164 nomine
3513 3123 3745 3165 mansura

2193 3190 2335 3235 esset
2385 3180 2567 3233 Hilarii
2617 3182 2878 3235 sententia
2913 3182 3169 3237 adversus
3217 3181 3578 3245 Celidonium,
3622 3179 3747 3251 quod

526 3242 669 3311 nium
701 3257 838 3312 vctis
877 3242 1293 3324 obsequenlibus
1331 3242 1647 3321 praestitum
1667 3266 1786 3306 esse
1817 3251 1937 3305 luce
1981 3250 2091 3305 cla-
2116 3242 2162 3305 C
2194 3252 2390 3324 vicaria
2430 3251 2891 3324 utens__pontilicis
2916 3252 3233 3324 auctoritate
3248 3252 3345 3324 jus
3372 3242 3745 3324 cogendzn'ha-

524 3340 639 3382 l'llls
654 3337 755 3382 est.

597 3396 704 3451 Sed
733 3396 935 3450 omisso
960 3394 1351 3451 Gallicanorum
1371 3394 1738 3460 episcoporum
1763 3391 2089 3455 testimonio,

528 3465 595 3519 ab
624 3467 737 3535 ipso
764 3465 944 3520 Leone
974 3472 1158 3519 nostro
1178 3464 1359 3535 Hilarii
1380 3471 1711 3535 accusatore,
1734 3460 1801 3535 de
1828 3470 2095 3530 metropo-

530 3531 673 3591 litica
690 3535 827 3590 illius
848 3535 1164 3589 auctoritate
1183 3534 1307 3603 quid
1329 3532 1576 3596 senserit,
1600 3535 1760 3586 etiam
1782 3531 1833 3585 in
1852 3548 1912 3603 ea
1935 3546 2091 3601 quam

529 3606 785 3661 adversus
814 3606 983 3673 ipsum
1014 3601 1225 3673 scripsit
1240 3604 1461 3673 epistola
1483 3603 1835 3673 sciscitemur.
1862 3601 1979 3657 Jam
2006 3616 2096 3656 co-

532 3676 683 3747 piose
728 3672 1005 3747 probatum
1036 3672 1287 3747 superius
1304 3672 1751 3747 metropoliticam
1782 3673 2094 3747 dignitatem

533 3744 832 3801 Arelatensi
861 3746 1112 3801 Ecclesia:
1136 3760 1239 3798 non
1269 3744 1621 3813 abjudicatam
1646 3756 1765 3813 esse
1786 3758 1814 3795 a
1845 3744 2095 3810 pontilice

534 3825 738 3881 nostro,
759 3831 878 3871 cuin
910 3816 1239 3871 Celidonium
1271 3830 1301 3869 e
1327 3812 1591 3882 provincia
1619 3812 1907 3867 Viennensi
1935 3813 2095 3866 luisse

531 3888 878 3952 asseruimns,
911 3902 1007 3941 nec
1038 3887 1320 3957 quidquam
1358 3886 1613 3957 adversus
1636 3883 1891 3957 Hilarium
1920 3883 2097 3957 dear-

533 3968 716 4028 rogata
742 3957 840 4012 sibi
872 3954 1163 4026 contra’jus
1184 3954 1450 4024 potestate
1478 3954 1953 4028 fuisseobjectum.
1987 3955 2097 4008 Hoc

530 4024 676 4083 certe
697 4028 1029 4083 manifestum
1057 4024 1213 4082 estin
1237 4040 1457 4095 utraque
1480 4026 1700 4094 epistola
1727 4024 1792 4077 ad
1825 4024 2092 4079 Viennen-

531 4113 637 4154 ses.
665 4102 893 4154 Accusat
921 4100 1061 4154 enim
1092 4113 1211 4152 eum
1248 4112 1352 4151 non
1379 4097 1519 4165 quod
1547 4095 1879 4149 Celidonium
1907 4095 2096 4149 alienae

531 4171 776 4241 potestati
818 4167 1397 4241 subjectumiiudebite
1432 4166 1775 4241 judicandum
1822 4166 1923 4219 sibi
1951 4182 2096 4241 sum-

530 4236 714 4309 pserit,
747 4242 837 4295 sed
861 4236 1024 4311 quod,
1050 4238 1323 4311 Celidonio
1345 4240 1535 4311 merito
1560 4236 1879 4311 appellante,
1902 4238 2095 4311 appel-

530 4306 713 4366 lationi
752 4306 1121 4380 ejus-deferre
1158 4308 1571 4380 noluerit;_non
1604 4310 1751 4380 item
1777 4307 1915 4380 quod
1947 4306 2095 4380 ordi-_

533 4381 693 4436 nandi
721 4376 913 4435 munus
934 4382 1032 4435 sibi
1054 4381 1333 4447 arrogarit,
1356 4378 1449 4433 sed
1478 4378 1617 4448 quod
1639 4378 1985 4448 ordinationes
2004 4376 2099 4429 sibi

530 4452 752 4504 omnium
791 4466 880 4521 per
916 4449 1112 4504 Gallias
1145 4447 1508 4521 Ecclesiarum’
1534 4449 1797 4521 uindicans
1820 4489 1835 4513 ,
1877 4447 2097 4521 debitam

532 4522 650 4573 aliis
698 4519 1099 4588 met'rOpolitanis
1136 4519 1477 4573 sacerdotibus
1525 4520 1577 4571 in
1617 4534 1763 4571 suam
1782 4519 2097 4588 "transferret

532 4590 831 4658 dignitatem
848 4587 869 4655 ;
900 4606 1004 4643 non
1043 4590 1270 4658 denique
1296 4589 1434 4655 quod
1465 4588 1749 4656 provincia:
1780 4587 2096 4643 Viennensis

534 4662 814 4743 episcopos
840 4659 939 4743 sibi
965 4660 1084 4743 jure
1105 4658 1787 4743 metropoliticosiibjcctos
1812 4672 1931 4739 esse
1954 4659 2098 4713 vole-

532 4726 652 4794 bat;
683 4726 776 4785 sed
800 4728 937 4799 quod
959 4726 1031 4783 ita
1054 4745 1161 4783 sate
1184 4726 1414 4799 cupiebat
1435 4726 1650 4782 subdere
1678 4729 1929 4799 potestati,
1965 4739 2018 4781 ut
2046 4746 2099 4783 se

533 4800 676 4854 beato
693 4798 923 4866 apostolo
953 4799 1107 4854 Petro
1129 4816 1229 4853 non
1250 4798 1509 4869 pateretur
1532 4814 1640 4852 esse
1660 4798 1961 4869 subjectum.

599 4816 676 4854 ato
693 4816 923 4866 apostato
953 4816 1107 4854 retro
1129 4816 1229 4853 non
1288 4816 1509 4853 uteretur
1532 4816 1640 4852 esse
1660 4816 1961 4869 subjecmm.

599 4869 651 4922 2.
685 4870 822 4937 Quid
866 4872 967 4926 sibi
997 4871 1109 4925 vult
1139 4872 1195 4926 S.
1240 4816 1383 4935 ﬁco,
1412 4884 1530 4923 cum
1577 4872 1647 4923 ita
1695 4870 1879 4940 scribit
1910 4885 2029 4940 cap.
2060 4870 2095 4925 5

530 4941 768 5011 ejusdem
793 4942 1031 5011 epistolae
1056 4959 1067 4994 :
1099 4940 1176 5065 ia)
1208 4941 1475 4995 Mansisset
1502 4956 1718 5010 namque
1734 4941 1785 4993 in
1810 4939 1957 4994 illum
1978 4939 2098 5010 pro-

530 5013 635 5065 lata
672 5014 954 5065 sententia.
994 5013 1038 5065 si
1067 5030 1093 5065 ο
1133 5015 1376 5065 iectorum
1423 5014 1605 5065 veritas
1650 5013 1952 5065 exstitisset.
1994 5013 2097 5065 nisi

530 5013 635 5067 lata
672 5014 954 5079 sententia,
994 5013 1038 5066 si
1067 5013 1376 5084 objectorum
1423 5014 1605 5066 veritas
1650 5013 1952 5076 exstitisset,
1994 5013 2097 5066 nisi

526 5084 859 5139 Celidonium
890 5084 1121 5153 legitima
1154 5092 1446 5151 potestate.
1479 5092 1796 5152 servatoque
1826 5097 2092 5136 canonum

528 5156 715 5210 ordine
744 5166 1047 5210 accusatum
1074 5167 1125 5207 et
1153 5154 1439 5223 judicatum
1472 5154 1635 5208 fuisse
1658 5192 1673 5216 ,
1707 5153 1942 5223 nihilque
1967 5169 2094 5208 sen-

533 5227 710 5281 tentia:
753 5226 871 5280 latze
898 5222 1161 5280 adversus
1182 5227 1350 5293 ipsum
1392 5224 1599 5287 deesse,
1631 5223 1731 5277 nisi
1764 5222 2093 5292 objectorqu

528 5298 834 5361 veritatem;
858 5296 1085 5366 ideoque
1110 5305 1422 5366 potestatem
1452 5294 1649 5349 Hilario
1676 5304 1945 5366 tamquam
1976 5309 2098 5363 pro-

526 5366 715 5437 vinciae
734 5365 1139 5437 metropolitano
1161 5382 1263 5422 non
1286 5365 1553 5421 defuisse?
1573 5366 1695 5419 Haec
1718 5365 1911 5419 Leonis
1932 5367 2097 5418 verba

524 5436 674 5507 juxta
699 5436 935 5493 nostram
960 5436 1265 5506 opinionem
1304 5438 1564 5506 explicata
1592 5444 1863 5505 negotium
1892 5437 2095 5490 nullum

2122 4624 2175 4685 D

2195 3322 2401 3376 buiSset
2438 3320 2647 3391 synodi,
2679 3322 2849 3393 eidem
2881 3323 3040 3392 igitur
3063 3320 3269 3393 aliquid
3291 3322 3439 3376 licuit
3464 3324 3515 3376 in
3556 3323 3746 3393 Sequa-

2199 3393 2314 3446 nica
2346 3390 2615 3457 provincia
2644 3401 2696 3446 ut
2722 3400 2776 3446 et
2796 3392 2847 3445 in
2878 3390 3135 3460 aliis,nec
3155 3390 3450 3448 conventus
3476 3390 3748 3447 indicendo

2197 3462 2477 3533 synodales
2501 3462 2695 3530 judicia
2723 3464 3060 3518 sacerdotum
3090 3479 3147 3518 se
3178 3463 3541 3518 interserendo
3571 3462 3747 3533 turba;

2196 3528 2317 3595 b'at,
2349 3532 2442 3586 sed
2468 3528 2721 3587 concessa
2750 3542 3010 3601 potestate
3047 3535 3313 3589 utebatur.
3342 3534 3463 3601 Quae
3486 3547 3605 3585 cum
3646 3528 3747 3583 sibi

2202 3605 2430 3659 invicem
2461 3618 2563 3657 non
2588 3608 2908 3669 cohaereant,
2934 3604 3001 3658 de
3021 3601 3751 3673 metropoliticaArelatensis

2196 3674 2475 3747 Ecclesiae,
2508 3683 2565 3747 ut
2587 3674 2828 3742 facimus,
2858 3675 3115 3747 dignitate
3141 3672 3462 3732 arcessenda
3490 3682 3575 3729 est
3602 3673 3751 3730 huius

2198 3746 2297 3800 loci
2327 3745 2625 3812 explicatio.

2265 3818 2318 3870 5.
2352 3816 2533 3883 Iraque
2554 3818 2896 3871 confirmatur
2922 3832 2986 3872 ex
3014 3817 3191 3872 verbis
3219 3816 3415 3871 Leonis
3437 3829 3600 3884 supra
3625 3813 3752 3868 rela-

2198 3888 2297 3943 tis:
2324 3886 2422 3950 Qui
2447 3903 2547 3958 non
2569 3896 2764 3941 tantum
2787 3891 2977 3942 noverit
3000 3904 3053 3942 se
3072 3889 3133 3941 ab
3160 3888 3326 3940 alieno
3335 3892 3459 3958 jure
3476 3886 3751 3957 depulsum,

2196 3960 2283 4011 sed
2311 3962 2461 4011 etiam
2502 3956 2794 4013 Viennensis
2822 3960 3120 4029 provinciae,
3145 3973 3298 4028 quam
3327 3956 3753 4029 ntaleiusurpace-

2197 4039 2299 4092 rat,
2334 4037 2576 4096 potestate
2605 4027 2875 4095 privatum.
2905 4030 3172 4095 Duplicem
3194 4029 3337 4082 enim
3365 4030 3417 4081 in
3444 4027 3645 4081 Hilario
3668 4039 3755 4093 po-

2202 4107 2445 4155 testatem
2487 4100 2765 4153 manifeste
2794 4098 3097 4169 distinguit:
3129 4099 3356 4153 alienam
3386 4113 3579 4162 unam,
3610 4108 3755 4169 quam

2198 4170 2350 4224 alieni
2373 4170 2509 4240 juris
2536 4172 2749 4225 nomine
2774 4164 3035 4240 designat,
3060 4185 3176 4224 cam
3204 4169 3404 4240 scilicet
3429 4182 3586 4237 quam
3612 4164 3756 4240 lasi-

2201 4256 2317 4294 mus
2357 4237 2408 4293 in
2451 4248 2725 4309 utramque
2754 4237 3151 4295 Narbonensem
3184 4238 3453 4309 dederat;
3500 4237 3757 4309 propriam

2200 4312 2419 4384 alteram
2469 4308 2887 4384 inprtivinciam
2941 4312 3112 4384 791
3152 4308 3548 4384 Viennensem;
3594 4308 3759 4384 alieno

2199 4382 2339 4435 enim
2373 4382 2640 4451 proprium
2671 4377 2976 4451 Opponitur',
3003 4377 3309 4451 Yet—futiliter
3338 4379 3626 4451 admodum
3654 4377 3757 4446 pri-

2200 4467 2341 4506 mam
2374 4450 2609 4506 vocaret
2652 4450 2881 4508 alienam
2927 4462 2980 4508 et
3018 4450 3305 4506 indebitatn
3334 4495 3349 4519 ,
3398 4450 3503 4505 nisi
3550 4450 3761 4503 alteram

2207 4537 2365 4594 quam
2398 4522 2472 4594 illi
2496 4522 2711 4591 opponit
2732 4538 2829 4594 pro
2855 4522 3170 4594 legitimaac
3196 4521 3412 4594 propria
3428 4525 3760 4594 agnosceret.

2209 4590 2547 4646 Dilﬁcultatis
2572 4590 2785 4661 quidem
2826 4590 3064 4648 nonnihil
3093 4590 3215 4646 facit
3241 4590 3382 4662 quod
3410 4590 3479 4646 de
3511 4596 3765 4662 potestate

2203 4664 2255 4716 in
2290 4660 2644 4734 Viennensem
2691 4666 2785 4731 ait,
2830 4680 2980 4734 quam
3022 4664 3155 4717 male
3192 4660 3561 4732 usurpaverat;
3590 4660 3686 4734 sed
3714 4660 3767 4712 iu

2200 4733 2342 4788 notis
2371 4735 2437 4788 ad
2463 4735 2598 4788 hanc
2620 4730 2902 4805 epistulam
2924 4734 3264 4789 ostendemus
3286 4730 3366 4787 vel
3397 4746 3649 4805 usurpare
3672 4730 3768 4783 hoc

2199 4805 2318 4857 loco
2349 4820 2444 4873 pro
2472 4805 2547 4857 uti
2578 4803 2807 4873 positum
2834 4820 2972 4867 esse.
3005 4820 3111 4871 quo
3139 4818 3299 4859 sensu
3330 4805 3381 4855 in
3424 4803 3621 4873 malam
3652 4815 3769 4871 par-

2203 4884 2307 4928 tem
2332 4891 2433 4931 non
2464 4872 2711 4943 sumitur,
2741 4875 2844 4931 nisi
2865 4874 3132 4929 additione
3158 4873 3395 4929 adverbii
3417 4872 3642 4940 alicujus
3663 4884 3773 4925 ma-

2200 4946 2451 5014 lignantis
2481 4954 2707 5012 naturai,
2736 4955 2797 5001 ut
2821 4945 2908 5000 hic
2931 4944 3087 5011 male,
3113 4946 3196 5000 vel
3222 4943 3509 4999 dicendum
3533 4954 3772 4997 errorem

2203 5016 2305 5091 huc
2328 5018 2629 5091 irrepsisse,
2654 5027 2709 5072 et
2730 5031 2829 5091 pro
2850 5025 3183 5091 usurpaverat
3198 5014 3488 5091 legendum
3501 5027 3628 5091 esse
3654 5024 3775 5091 usus

2202 5088 2399 5155 fuerat:
2429 5084 2497 5142 ab
2526 5084 2633 5142 uno
2663 5084 2807 5144 enim
2849 5090 2901 5142 in
2938 5088 3163 5141 alterum
3194 5084 3363 5140 facilis
3390 5093 3475 5140 est
3501 5085 3685 5153 lapsus
3724 5084 3777 5135 in

2201 5160 2431 5230 antiquis
2464 5160 2837 5230 manuscriptis
2866 5158 3160 5230 codicibus.

2270 5231 2325 5283 4.
2356 5229 2410 5283 In
2444 5231 2673 5285 breviori
2700 5225 2923 5297 epistola
2943 5228 3009 5283 ad
3038 5228 3387 5291 Viennenses,
3402 5225 3661 5297 sitamen
3690 5236 3779 5297 ge-

2201 5302 2360 5354 nuina
2387 5310 2489 5367 est,
2518 5296 2936 5355 disertis’verbis
2963 5299 3204 5369 agnoscit
3231 5296 3781 5369 privilegittmpArela-

2200 5372 2367 5425 tensis
2390 5366 2643 5425 EcClesiaa
2673 5386 2736 5427 ac
2756 5371 2984 5426 civitatis
3002 5366 3025 5422 Ξ
3056 5368 3101 5423 Α
3132 5366 3417 5439 priuilegio,
3450 5366 3647 5439 inquit,
3681 5376 3782 5417 sua:

2203 5443 2416 5495 civitatis
2444 5442 2733 5508 submotus,
2776 5440 2958 5495 humili
3000 5439 3113 5495 loco
3133 5437 3471 5508 'discat'quod
3511 5438 3567 5491 in
3596 5448 3785 5506 magno

1580 5546 2135 5606 BALLERINIORUM
2170 5553 2719 5612 ANNOTATIONES.

599 5640 679 5715 (a)
702 5639 992 5768 Postguam
1022 5642 1076 5698 in
1102 5632 1313 5699 observ.
1346 5651 1483 5713 part.
1514 5657 1555 5707 ι,
1593 5655 1642 5695 c.
1671 5640 1706 5693 Ξ
1728 5681 1743 5706 ,
1769 5639 1936 5694 fusius
1966 5655 2095 5709 pro-

532 5712 775 5768 bavimus
864 5712 1155 5768 elidonium
1207 5714 1515 5768 enisconum
1565 5710 1731 5766 fuisse
1775 5710 1827 5764 in
1879 5713 2095 5768 orovin~

532 5714 775 5769 bavimus
820 5714 1155 5770 Celidonium
1207 5714 1515 5784 episcopum
1565 5714 1731 5766 fuisse
1775 5714 1827 5764 in
1878 5714 2095 5778 provin~

531 5782 612 5838 cia
640 5783 707 5853 ab
737 5783 916 5839 Hilarii
938 5784 1058 5853 jure
1084 5786 1286 5851 aliena,
1322 5785 1421 5839 hoc
1470 5782 1664 5839 Leonis
1696 5782 2092 5853 testimonium,

534 5852 673 5927 quod
700 5868 728 5907 a
754 5852 1039 5922 Quosnello
1077 5864 1131 5911 et
1169 5854 1254 5910 hic
1282 5862 1335 5911 et
1364 5854 1492 5911 alibi
1522 5852 1855 5918 obtruditur,
1894 5852 1963 5908 ita
1993 5866 2088 5909 ex-

2206 5646 2526 5716 plicavimus
2555 5658 2613 5704 ut
2644 5663 2744 5705 nec
2770 5646 2957 5703 Hilarii
2996 5644 3105 5718 juri
3128 5644 3419 5718 astruendo
3444 5643 3660 5718 faveat,
3691 5657 3790 5718 nec

2203 5715 2268 5772 ad
2292 5720 2583 5775 vicariatus
2608 5719 2889 5788 apostolici
2919 5715 3238 5789 potestatem
3279 5716 3586 5775 Arelatensi
3626 5715 3790 5773 tradis

2206 5798 2310 5845 tam
2339 5791 2758 5861 confugiendum
2791 5790 2877 5846 sit.
