3984 6306
234 281 339 342 ιετ

878 279 1181 342 DISSER'I‘.
1228 282 1291 339 ν.
1331 279 1670 341 APOLOGIA
1711 276 1848 339 ιηιο
1886 278 1944 339 S.
1988 278 2263 337 IIILARIO
2299 272 2735 340 ARELATENSI

3398 282 3503 341 ιω

232 398 392 470 gratis
412 413 615 454 munere
634 399 1051 470 prtedecessorum
1072 407 1365 453 nostrorum
1388 414 1622 451 concesso
1642 405 1807 470 tenere
1835 396 1884 455 Α
1913 403 1968 470 et
1989 396 2387 470 Loustantium,
2406 410 2627 470 quorum
2652 409 2815 470 opera
2846 408 2974 449 usus
3000 402 3187 470 est,rut
3211 398 3375 455 Leoni
3394 417 3507 460 sua:

232 467 439 536 noluit;
466 467 1037 541 sitqne'redintegratum
1077 470 1346 524 Viennensi
1384 474 1629 541 episcopo
1652 467 1809 541 privis

232 541 426 613 legium
452 550 499 595 et
531 537 611 610 ius
644 537 929 612 antiquum,
958 542 1094 612 quod
1120 537 1713 613 apostolica’benignitas
1742 537 1809 589 ad

233 610 579 667 Arelatensem
610 629 671 667 ea:
706 610 846 682 parte
888 610 1146 667 transtulit
1196 614 1470 666 civitatem.
1522 610 1619 667 Ubi
1654 610 1811 663 Vien-

233 685 387 738 nensi
416 684 629 754 quidem
652 684 939 754 antiquitus
963 685 1189 739 delatam
1212 698 1333 739 esse
1363 682 1811 754 allirmatmetro-

234 754 509 822 politicam
539 753 875 825 potestatem,
922 755 1015 810 sed
1049 766 1223 809 tamen
1257 754 1417 824 (quod
1453 753 1655 825 Hilario
1683 753 1812 806 satis

231 832 340 896 est)
372 824 611 897 eamdem
639 836 765 897 tunc
806 827 1059 897 temporis
1100 826 1297 879 fatetur
1340 840 1504 893 penes
1534 824 1811 897 Arelaten-

230 895 348 967 sem
380 896 689 967 episcopum
735 895 929 961 fuisse,
960 906 1014 951 et
1053 897 1267 967 quidem
1314 897 1458 952 sedis
1504 895 1813 967 apostolica:

232 966 490 1037 suifragio
519 966 575 1022 et
603 982 824 1024 munere
848 966 1181 1023 concessam.

308 1034 437 1094 Ου’.
475 1037 603 1095 VIII.
634 1037 719 1092 Ea:
762 1038 839 1093 his
867 1055 983 1109 qua:
1002 1050 1112 1110 post
1139 1037 1326 1092 Hilarii
1355 1039 1579 1091 reditum
1602 1038 1662 1110 in
1688 1034 1817 1110 Gal-

232 1107 337 1162 lias
364 1125 521 1178 usque
558 1110 625 1163 ad
646 1112 760 1181 ejus
789 1107 1013 1173 obitum,
1044 1118 1089 1163 et
1124 1112 1177 1163 in
1203 1110 1451 1181 Ravennii
1488 1109 1820 1181 Aordinaiione

234 1190 356 1234 sunt
384 1177 546 1251 gesta,
572 1177 999 1248 metrOpoliticam
1030 1180 1341 1233 Arelatensis
1376 1178 1620 1232 Ecclesiae
1648 1177 1818 1251 digni-

234 1250 395 1323 gatem
416 1253 731 1323 conﬁrmari.
761 1281 831 1291 -—
857 1251 985 1323 Etsi_
998 1252 1127 1323 satis
1143 1264 1420 1323 superque
1444 1251 1726 1323 probatum
1743 1250 1823 1323 _sit

237 1319 905 1378 hactentts'Arelateusem
944 1320 1246 1375 Ecclesiam
1276 1332 1401 1374 tunc
1431 1319 1821 1387 metropolitica

233 1391 496 1462 dignitate
543 1402 789 1447 ornatam
829 1392 995 1445 luisse
1020 1433 1035 1457 ,
1062 1406 1182 1445 cum
1228 1390 1460 1444 Hilarius
1491 1391 1819 1462 Celidonium

235 1461 553 1532 episcopum
585 1464 638 1518 in
671 1463 859 1517 eadem
889 1464 1165 1532 provincia
1191 1463 1531 1517 constitutum
1556 1461 1818 1532 deposuit,

238 1531 442 1590 clarius
471 1543 648 1589 tamen
674 1534 849 1588 adhuc
880 1531 1150 1588 elucescet
1178 1534 1221 1587 si
1253 1548 1314 1586 ea
1341 1531 1821 1587 examinaverimus

237 1619 365 1675 qua:
412 1615 530 1674 post
562 1606 619 1660 S.
663 1605 861 1659 Leonis
899 1604 1333 1675 constitutionem
1381 1618 1473 1675 seu
1520 1602 1587 1675 ab
1632 1603 1819 1661 eodem

242 1671 470 1742 scripta,
504 1691 597 1731 seu
628 1686 777 1745 gesta
810 1685 932 1728 sunt
959 1689 984 1725 a
1016 1674 1302 1745 Gallicanis
1331 1671 1613 1741 episcopis.

322 1743 797 1837 ᾼξξςὲιίξὲιεὲεξιιὶξ
814 1743 1823 1837 eiecisse"239999399359(me:
1850 1776 1900 1837 Β

243 1831 335 1873 ma
369 1817 457 1871 illa
486 1825 541 1872 et
570 1816 798 1873 breviori
824 1815 943 1883 ejus
971 1815 1213 1879 epistola,
1246 1830 1365 1883 qua:
1405 1816 1600 1883 scripta
1632 1815 1825 1883 legitur

240 1901 341 1943 vni
366 1887 482 1941 idus
510 1887 773 1953 Januarii,
802 1886 930 1956 quid
955 1887 1093 1939 inter
1115 1901 1171 1941 se
1190 1886 1257 1940 de
1279 1884 1461 1939 Hilarii
1484 1885 1826 1941 damnatione

236 1958 556 2028 censuerint
597 1958 835 2028 episcopi
866 1956 1162 2023 Gallicani,
1196 1972 1299 2028 non
1344 1956 1543 2025 liquido
1582 1968 1824 2028 apparet.

234 2027 385 2084 Vero
412 2035 589 2083 tamen
621 2027 955 2084 simillimum
979 2038 1063 2083 est
1082 2027 1326 2083 eumdem
1358 2043 1572 2097 semper
1591 2028 1827 2083 animum

234 2112 369 2169 erga
396 2098 652 2154 Hilarium
675 2103 933 2167 gessisse,
962 2114 1062 2154 nec
1089 2100 1264 2153 minus
1292 2099 1340 2153 ei
1367 2099 1623 2154 detulisse
1648 2110 1833 2155 aucto-

231 2170 417 2243 ritatis
444 2170 496 2243 in
513 2186 639 2243 suas
662 2169 822 2243 792
845 2170 1114 2243 Ecclesias
1139 2186 1295 2243 quam
1319 2178 1475 2226 antea
1498 2170 1732 2226 fecerant
1748 2190 1761 2237 ;
1778 2185 1832 2225 et

230 2241 400 2312 facile
430 2241 678 2297 adducor
703 2241 1016 2297 uticredam
1046 2242 1178 2298 nihil
1222 2241 1422 2312 jurium
1466 2256 1683 2297 suorum
1730 2242 1832 2297 sibi

224 2310 450 2383 detrahi
481 2327 699 2383 passum
733 2327 854 2369 esse
883 2310 1276 2368 Arelatensem.
1303 2313 1431 2380 Qute
1460 2329 1619 2368 causa
1652 2313 1749 2367 luit
1777 2324 1834 2368 ut

226 2381 297 2455 S.
352 2382 460 2439 Leo
486 2381 678 2453 quinto
706 2394 823 2454 post
860 2386 1090 2455 primam
1138 2384 1419 2453 epistolam
1462 2399 1645 2440 mense
1672 2385 1830 2440 aliam

223 2454 403 2524 longe
434 2456 785 2524 prolixiorem
818 2454 1177 2524 diuturnaque
1225 2455 1575 2511 meditatione
1605 2471 1667 2511 ac
1701 2472 1831 2511 cura

223 2525 574 2581 elaboratam
606 2527 675 2581 ad
706 2527 923 2582 eosdem
955 2525 1237 2596 episCOpos
1266 2528 1568 2594 scripserit;
1596 2527 1685 2581 ubi
1706 2542 1833 2582 exa-

223 2606 490 2668 Speratos
520 2596 922 2653 Gallicanorum
942 2598 1237 2653 antistitum
1269 2612 1334 2651 ex
1366 2597 1608 2653 Romano
1630 2598 1832 2667 judicio

222 2668 478 2736 animos,
508 2669 705 2739 quibus
754 2678 932 2738 potest
969 2672 1256 2723 verborum
1291 2668 1561 2723 blanditiis
1604 2670 1833 2725 delinire

222 2740 462 2809 satagit,
488 2740 572 2795 vel
598 2742 759 2796 etiam
781 2741 1146 2809 aSperioribus
1174 2750 1407 2805 terrere;
1434 2756 1575 2795 nunc
1597 2755 1716 2795 eam
1743 2756 1833 2796 su-

222 2811 541 2881 spicionem
573 2811 641 2867 ab
667 2826 852 2867 eorum
882 2812 1077 2866 animis
1103 2812 1345 2882 eximens
1383 2827 1540 2881 quam
1570 2826 1831 2882 concepe-

222 2892 390 2949 rant,
424 2882 661 2953 cogitare
690 2883 921 2937 Leonem
953 2882 1020 2936 de
1052 2881 1325 2953 trahendis
1351 2884 1415 2935 ad
1442 2897 1501 2937 se
1532 2881 1833 2939 Gallicana-

222 2968 363 3008 rum
397 2952 756 3010 Ecc’lesiarum
786 2952 1242 3017 ordinationibus;
1275 2969 1416 3007 nunc
1459 2955 1509 3006 in
1539 2968 1631 3007 eos
1662 2954 1833 3008 minas

226 3023 544 3095 intentans,
576 3026 664 3094 qui
697 3034 887 3095 sponte
921 3039 1134 3095 omnem
1164 3032 1480 3095 potestatem
1510 3024 1715 3095 Hilario
1742 3026 1834 3079 de-

222 3093 492 3151 ferebant
521 3096 572 3150 in
597 3093 894 3166 provinciis
924 3111 952 3148 a
1003 3094 1290 3166 Viennensi
1340 3094 1635 3166 distinctis;
1682 3096 1830 3149 obte-

1913 467 2189 536 dignitatis
2214 466 2369 535 jura,
2407 466 2691 534 iudiciique
2737 466 3002 519 adversus
3036 469 3366 527 Celidnnium
3408 474 3504 529 de.

1914 539 2049 594 creti
2079 541 2385 608 aequitatem
2420 542 2686 605 probaret.
2722 538 2884 591 Multa
2935 540 3091 593 etiam
3128 543 3178 595 in
3218 543 3313 596 hac
3344 560 3505 600 causa

1916 610 2130 675 scripsit
2162 625 2282 677 quae
2329 608 2392 660 ad
2433 621 2529 660 nos
2581 622 2744 675 usque
2792 608 2839 661 si
2870 612 3177 666 transmissa
3229 629 3409 669 essent
3438 618 3507 671 ab

1916 680 2192 755 Honorato
2250 677 2568 755 massiliensi
2600 681 2898 755 episeopo,
2944 683 3103 754 793
3143 701 3307 751 penes
3342 704 3502 755 quem

1916 751 2084 817 fuere,
2126 761 2181 806 ut
2203 767 2265 806 ex
2298 749 2417 804 Vita
2448 747 2662 820 Hilarii,
2695 765 2850 816 quam
2883 747 3499 820 scﬁp'si't,'nianite§imn

1916 831 2027 888 est,
2082 823 2316 877 maximo
2356 834 2452 873 nos
2500 818 2763 888 beneﬁcio
2808 818 3148 879 devitisisst-t.
3197 826 3331 883 Cum
3378 845 3506 885 vero

1918 887 2211 949 Auxiliaris
2244 890 2531 959 praefectus
2567 887 2723 945 Urbis
2758 888 2841 942 bis
2871 894 3113 949 omnibus
3146 902 3509 956 ctmtcntioni-

1921 965 2020 1020 bus
2068 963 2577 1030 velitationibusque
2625 961 2793 1028 magis
2822 970 3127 1029 exnsperari
3163 969 3355 1025 Leonis
3381 975 3502 1027 ani-

1920 1051 2068 1089 mum
2122 1042 2371 1090 cerneret
2419 1047 2581 1101 quam
2616 1030 2812 1098 placari
2859 1032 3030 1101 (quod
3062 1034 3258 1093 Hilario
3286 1042 3337 1095 in
3372 1046 3508 1099 votis

1924 1105 2100 1177 erat),
2130 1106 2253 1180 huic
2285 1120 2380 1173 pro
2406 1102 2676 1156 communi
2704 1104 3124 1180 _ne_c_es_situd_i_nc
3170 1118 3353 1164 auctor
3382 1114 3508 1180 fuit,

1925 1186 1985 1231 ut
2011 1171 2131 1231 sese
2156 1171 2517 1230 Romanorum
2548 1171 2892 1225 teneritudini
2920 1176 3187 1243 paulisper
3208 1171 3514 1239 aCi'Omlllo;

1926 1247 2108 1313 daret,
2140 1257 2191 1301 et
2220 1247 2439 1317 exiguas
2467 1244 2634 1317 nubes
2664 1258 2842 1317 parva:
2885 1246 3193 1317 mutationis
3225 1263 3513 1311 serenttnte

1928 1313 2331 1391 Compesceret;
2348 1326 2403 1370 ut
2430 1315 2739 1391 plurimum
2761 1313 2990 1391 hacivia,
3026 1317 3167 1391 nihil
3190 1320 3514 1391 perditurus,

1927 1385 2250 1462 acquireret.
2276 1388 2402 1462 (ium
2428 1385 2695 1455 ρνοροδίιί,
2728 1385 3097 1462 ἱ-ηᾳᾳίιηιίξξιαπ
3125 1385 3216 1453 sis,
3251 1400 3297 1443 et
3320 1385 3519 1462 semper

1926 1456 2171 1531 ωᾳέωιίδ,
2214 1457 2455 1531 namque
2516 1456 2864 1531 cpmmotionis
2915 1456 3038 1521 felle
3082 1462 3333 1531 rapiaris,
3389 1456 3520 1521 sicut

1926 1526 2087 1583 nullis
2109 1526 2376 1584 extollens
2392 1526 2639 1581 illecebris
2662 1528 2987 1595 gaudiorum,
3014 1546 3109 1599 ego
3134 1526 3225 1585 nec
3248 1535 3515 1589 minimum

1924 1601 2129 1671 quidem
2186 1601 2377 1669 factum
2424 1599 2752 1673 beatitudinis
2800 1606 2903 1673 tum
2948 1605 3263 1673 armgantite
3312 1608 3518 1662 memini

1925 1668 2229 1743 contagione
2256 1671 2469 1739 fuscari.
2505 1668 2611 1743 sed
2638 1670 2957 1743 impatienter
2988 1668 3162 1740 ferunt
3191 1673 3443 1743 homines,
3476 1680 3522 1733 si

1926 1745 2000 1797 sic
2018 1738 2305 1819 loquamur,
2324 1738 2744 1819 quomodo_t_t_obis
2765 1738 3180 1819 conscii‘suntus:
3207 1762 3358 1801 aures
3387 1738 3521 1819 prur-

1933 1824 2067 1868 terea
2082 1809 2441 1869 Romanorum
2463 1809 2685 1881 qnaddnt
2710 1813 3051 1886 teneritudine
3077 1817 3193 1885 plus
3220 1809 3515 1886 trahuntur,

1932 1888 1984 1939 in
2016 1902 2169 1955 quam
2190 1887 2232 1938 si
2261 1902 2313 1958 se
2342 1886 2702 1958 sanctitustua
2723 1882 2937 1958 subinde
2951 1882 3209 1958 demittat,
3238 1882 3520 1958 plurimum

1934 1968 1987 2031 tu
2008 1951 2137 2011 nihil
2156 1956 2448 2031 perditurus
2467 1953 2707 2031 acquiris.
2730 1951 2811 2031 pa
2834 1954 2957 2006 mihi
2983 1956 3097 2021 hoc,
3122 1968 3167 2011 et
3188 1951 3403 2031 estigitas
3428 1980 3524 2016 nu-

1934 2030 2018 2083 bes
2048 2024 2218 2097 parate
2245 2027 2542 2079 mutationis
2580 2024 2852 2078 serenitate
2876 2040 3155 2093 compesce.

2008 2100 2155 2155 Ilanc
2177 2114 2386 2169 parvam
2409 2097 2761 2169 mutationem,
2787 2109 2947 2165 quam
2973 2098 3072 2151 sibi
3099 2100 3213 2155 dari
3233 2103 3299 2154 ab
3322 2103 3523 2161 Hilario

1938 2182 2043 2226 tam
2082 2167 2253 2225 amice
2280 2171 2535 2237 p0scebat
2564 2167 2876 2228 Auxiliaris,
2908 2183 3216 2226 concessam
3246 2173 3367 2228 huic
3392 2170 3518 2231 luis-

1935 2259 1994 2298 se
2023 2252 2231 2297 certum
2264 2256 2397 2310 pene
2427 2240 2623 2295 faciunt
2661 2238 2941 2307 sequentia
2976 2239 3091 2295 haec
3121 2242 3375 2301 Honorati
3403 2262 3524 2303 ver-

1936 2314 2024 2369 ba.
2079 2312 2229 2367 Talia
2280 2311 2593 2380 percipiens,
2642 2310 2812 2378 inquit
2869 2320 2991 2379 post
3030 2314 3195 2369 relata
3235 2316 3522 2375 Ausiliaris

1937 2386 2137 2440 monita
2156 2426 2172 2452 ,
2205 2393 2363 2437 totum
2392 2400 2445 2437 se
2471 2382 2739 2456 orationi,
2767 2383 3151 2456 praedicationi,
3199 2391 3485 2455 operationi
3505 2430 3523 2456 ,

1936 2458 2072 2511 velut
2117 2457 2404 2522 incipiens,
2454 2455 2783 2523 mancipauit.
2828 2454 2893 2507 Et
2934 2466 3114 2522 postea
3159 2475 3172 2511 :
3213 2454 3523 2515 Abstinendo

1935 2529 2100 2592 victu,
2134 2528 2276 2595 operi
2306 2527 2617 2589 insistendo,
2652 2526 2835 2597 itinera
2862 2526 3073 2595 pedibus
3102 2529 3418 2597 conﬁciendo
3449 2534 3525 2587 ita

1936 2617 1989 2654 se
2024 2598 2275 2681 tenuavit,
2319 2598 2584 2681 fatigavit,
2618 2596 2883 2681 calta-usit,
2931 2606 2985 2650 ut
3031 2600 3117 2653 vix
3144 2602 3524 2673 quadragesimi

1936 2672 2101 2725 octavi
2130 2671 2253 2725 anni
2281 2669 2530 2724 circulum
2561 2669 2881 2739 adimpleret.

2010 2742 2088 2797 Ex
2120 2742 2311 2810 quibus
2342 2751 2488 2812 patet
2512 2755 2618 2795 nec
2644 2750 2884 2812 sanctum
2935 2741 3167 2799 Leonem
3200 2747 3525 2802 sententiam

1936 2828 2091 2869 suam
2134 2810 2401 2885 mutasse,
2442 2828 2545 2885 nec
2584 2810 2813 2885 cessisse
2858 2812 3114 2867 Hilarium
3146 2819 3259 2871 suis
3282 2818 3524 2885 juribus;

1937 2885 2031 2955 sed
2064 2885 2222 2939 istum
2252 2882 2321 2955 ab
2364 2882 2668 2951 hujusmodi
2695 2884 3132 2955 contentionibus
3159 2882 3525 2955 quiescentem

1940 2954 2107 3009 Leoni
2140 2954 2367 3021 amplius
2401 2954 2682 3007 molestum
2721 2966 2826 3004 non
2874 2952 3070 3008 fuisse:
3118 2952 3283 3010 totum
3314 2973 3441 3013 vero
3468 2973 3529 3014 se

1940 3024 2220 3078 animabus
2252 3023 2560 3078 commissis
2588 3022 2850 3084 oratione,
2889 3024 3289 3091 prazdicatione,
3316 3041 3377 3080 ac
3400 3043 3529 3083 cura

1942 3108 2037 3148 sua
2066 3094 2312 3164 iuvandis
2335 3093 2685 3163 colendisque
2703 3091 2955 3164 dedisse.
3002 3094 3205 3161 Quibus
3233 3098 3420 3151 sedulo
3446 3099 3530 3152 in-

223 3174 395 3223 stans
440 3161 701 3238 denique,
734 3168 1058 3230 obsecrans,
1110 3175 1176 3238 et
1206 3164 1305 3238 sub
1353 3164 1451 3217 Dei
1494 3165 1832 3238 invocatione
1860 3161 1908 3227 C
1938 3161 2200 3238 cumbeus
2230 3164 2441 3238 vivendi
2467 3161 2649 3238 _tlnein
2693 3162 2820 3238 feci;
2859 3166 2939 3217 vir
2974 3165 3355 3222 ecclesiastica:
3383 3168 3530 3237 pacis

225 3235 601 3305 conveniens,
626 3248 681 3292 ut
709 3253 924 3293 omnem
952 3235 1302 3291 dissensionis
1325 3235 1605 3289 materiam
1636 3236 1701 3291 de
1724 3241 1833 3290 suis

230 3308 577 3379 provinciis,
619 3309 877 3364 Hilarium
926 3306 1260 3373 abdicando,
1320 3314 1677 3379 removerent.
1728 3307 1835 3363 Sed

230 3377 375 3434 cum
405 3381 717 3451 praesagiret
746 3380 1053 3451 Gallicanos
1093 3379 1378 3451 episcopos
1407 3377 1616 3432 consilii
1643 3380 1723 3432 sui
1750 3380 1836 3449 ju-

232 3448 435 3520 risque
464 3448 681 3523 tenaces
709 3450 1099 3523 posterioribus
1139 3448 1332 3523 litteris
1373 3464 1486 3523 non
1522 3451 1688 3519 magis
1716 3448 1837 3506 esse

228 3521 673 3577 commovendos
688 3520 847 3592 quam
866 3521 1156 3591 prioribus,
1182 3520 1592 3592 imperatoriam
1604 3530 1837 3587 potesta~

226 3600 354 3649 tem
384 3593 440 3648 in
468 3590 755 3663 pontificiis:
782 3590 1037 3648 ausilium
1064 3605 1257 3646 vocare
1283 3591 1540 3663 decrevit.
1568 3590 1835 3663 Impetra-

226 3665 314 3720 vit
356 3662 519 3734 igitur
549 3680 578 3718 a
612 3664 988 3719 Valentiniano
1016 3662 1743 3734 Augusiouconstitutionem
1770 3665 1836 3719 ad

226 3732 465 3791 Aetium
499 3737 814 3806 magistrum
859 3735 1061 3789 militia:
1095 3735 1146 3788 in
1190 3732 1396 3799 Galliis,
1448 3750 1549 3806 qua
1588 3736 1739 3803 jubet
1782 3745 1841 3791 ut

226 3808 420 3861 sancti
448 3805 643 3862 Leonis
673 3821 831 3877 papae
854 3806 1123 3862 sententia
1152 3806 1411 3859 adversus
1443 3805 1702 3861 Hilarium
1733 3807 1837 3862 lata

225 3879 464 3948 plenum
485 3876 1010 3948 sortiaturfeffectum
1026 3894 1040 3943 ;
1057 3877 1365 3946 perennique
1388 3878 1646 3948 sanctione
1668 3878 1841 3932 decer-

226 3946 312 4022 nit
345 3966 413 4004 ne
437 3951 563 4020 quid
590 3959 692 4002 tam
717 3946 1002 4003 Gallicanis
1028 3948 1279 4022 episwpis
1299 3963 1454 4022 quam
1464 3947 1697 4022 aliarum
1720 3967 1839 4022 pro-

228 4019 537 4076 vinciarum
560 4030 739 4075 contra
761 4020 1183 4073 consuetudinem
1200 4026 1415 4073 veterem
1437 4019 1584 4072 liceat
1616 4019 1730 4076 sine
1746 4023 1843 4075 viri

222 4092 555 4147 venerabilis
585 4107 733 4160 papa:
763 4090 902 4144 urbis
927 4101 1131 4145 aeterna:
1160 4090 1466 4160 auctoritate
1493 4098 1724 4158 tentare;
1754 4094 1841 4146 sed

224 4163 345 4217 illis
380 4164 713 4234 omnibusque
736 4177 828 4232 pro
858 4162 966 4234 lege
993 4163 1058 4215 sit
1082 4159 1330 4231 quidquid
1358 4162 1530 4214 sanxit
1557 4163 1635 4216 uel
1659 4178 1844 4217 sanxe-

225 4235 305 4289 rit
328 4232 643 4307 gpostolicw
672 4235 807 4307 sedis
838 4232 1135 4307 auctoritas,
1160 4241 1264 4307 etc.

322 4300 556 4361 Talibus
583 4306 785 4359 munita
811 4303 1074 4373 prasidiis
1096 4301 1295 4356 Leonis
1321 4300 1547 4373 epistola
1572 4302 1622 4355 in
1646 4300 1847 4358 Gallias

228 4377 571 4432 transmissa
598 4386 701 4445 est,
733 4372 839 4447 quo
882 4389 1136 4430 successu
1168 4388 1235 4428 ex
1261 4372 1534 4428 historicis
1564 4380 1668 4428 scri
1711 4375 1844 4428 tori-

228 4446 351 4504 bus
379 4463 493 4503 non
522 4447 803 4502 discimus.
834 4448 1035 4501 Auctor
1064 4443 1203 4499 Vita:
1234 4443 1408 4499 sancti
1428 4389 1706 4515 Hilarii“?
1729 4461 1844 4499 nar-

228 4446 351 4504 bus
379 4463 493 4503 non
522 4443 803 4502 discimus.
834 4448 1035 4501 Auctor
1064 4443 1203 4499 Vita:
1234 4443 1408 4499 sancti
1428 4443 1701 4512 Hilarii(b)
1729 4461 1849 4499 nar-

1944 3237 2114 3306 magis
2146 3251 2301 3304 quam
2333 3234 2607 3305 dignitatis
2638 3233 2869 3304 propriae
2910 3238 3211 3306 studiosus,
3236 3233 3531 3305 cujus'obi~

1943 3304 2054 3361 tum
2087 3306 2375 3379 contigisse
2400 3304 2608 3379 certum
2638 3313 2722 3360 est
2748 3320 2890 3361 anno
2921 3304 3119 3379 Christi
3168 3304 3529 3379 quadringen-

1943 3380 2134 3433 tesimo
2162 3378 2572 3447 quadragesimo
2603 3393 2745 3433 nono
2767 3418 2782 3443 ,
2816 3378 2974 3432 tertio
3017 3378 3199 3435 nonas
3224 3380 3365 3437 Maii.
3396 3378 3528 3438 Cum

1941 3451 2083 3504 enim
2117 3450 2524 3523 responsionem
2556 3449 2725 3504 sancti
2764 3448 2968 3523 Leonis
2997 3452 3065 3523 ad
3106 3452 3392 3523 episcOpos
3422 3455 3531 3509 Ra-

1942 3523 2121 3593 vennii
2145 3521 2505 3587 ordinatores,
2541 3536 2659 3593 quze
2685 3535 2742 3575 st
2764 3518 3024 3579 kalendas
3047 3518 3381 3593 Septembris
3402 3527 3527 3582 anni
3557 3522 3560 3527 ’

1939 3592 2047 3676 με)
2077 3592 2199 3648 data
2228 3601 2311 3647 est
2329 3592 2699 3676 ,“praacedere
2715 3593 3029 3676 Jdebuerint
3048 3592 3319 3676 solemnia
3347 3596 3530 3653 Hilarii

1941 3664 2130 3740 funera
2150 3705 2164 3729 ,
2210 3664 2425 3740 concilii
2472 3664 2785 3740 convocatio
2825 3680 2890 3720 ex
2921 3664 3164 3740 pluribus
3194 3666 3373 3723 forsan
3399 3685 3530 3740 pro—

1942 3736 2155 3803 vinciis,
2188 3736 2474 3791 concilium
2506 3737 2701 3809 ipsum,
2734 3738 3067 3791 consecratio
3098 3736 3533 3809 Ravenniifepi-

1942 3809 2093 3864 stola:
2120 3816 2556 3879 consecratorum
2587 3808 2653 3861 ad
2678 3807 2916 3879 Leonem
2951 3810 3295 3879 conscriptio,
3330 3807 3532 3878 legato-

1942 3894 2061 3935 rum
2092 3882 2193 3933 iter
2220 3877 2445 3931 Romam
2478 3878 2545 3932 ab
2573 3877 2972 3933 ordinatoribus
3005 3877 3321 3945 missorum;
3357 3877 3454 3935 iSta
3476 3892 3532 3937 et

1943 3950 2045 4004 alia
2078 3966 2195 4019 qua:
2236 3948 2400 4019 795
2446 3949 2583 4002 forte
2610 3952 2761 4018 prius
2787 3959 2906 4003 acta
2934 3959 3097 4016 sunt,
3133 3952 3230 4004 nisi
3263 3954 3419 4005 trium
3448 3955 3534 4007 vel

1983 4033 2174 4075 uatuor
2206 4035 2472 4074 mensium
2501 4024 2674 4088 spatio
2697 4020 3010 4089 perliciinon
3043 4029 3351 4089 potuerunt.
3382 4022 3533 4079 Unde

1946 4088 2077 4147 illud
2126 4092 2287 4144 etiam
2342 4090 2719 4156 consequitur,
2766 4088 2827 4142 Β.
2883 4088 3140 4144 Hilarium
3172 4092 3258 4145 vix
3307 4092 3536 4160 amplius

1945 4177 2106 4231 quam
2137 4169 2251 4231 tres
2281 4171 2370 4231 aut
2393 4169 2817 4231 quatuorrannqs
2841 4160 3207 4231 supervixisse
3234 4169 3352 4228 post
3380 4177 3533 4217 rece-

1946 4228 2068 4302 ptas
2119 4232 2172 4286 in
2214 4229 2401 4302 Galliis
2433 4228 2792 4283 Valentiniani
2837 4230 3184 4302 imperatoris
3237 4231 3536 4299 Leonisque

1948 4300 2101 4375 papa:
2115 4301 2551 4375 constitutiones,
2587 4308 2643 4355 et
2662 4302 2749 4375 vix
2779 4300 2938 4355 etiam
2967 4302 3103 4355 duos
3135 4312 3310 4375 tresve
3335 4317 3397 4356 ex
3430 4319 3539 4374 quo

1950 4370 2240 4447 auxiliaris
2264 4370 2501 4441 praefecti
2531 4371 2779 4447 precibus
2800 4411 2830 4447 ,_
2848 4385 3034 4447 amore
3054 4374 3207 4447 pacis
3224 4415 3238 4440 ,
3267 4370 3534 4447 annuens,

1951 4448 2020 4499 ab
2042 4443 2186 4499 omni
2216 4458 2275 4498 se
2302 4445 2650 4517 contentione
2696 4441 2982 4517 abstinuit,
3014 4446 3242 4517 vitaeque
3268 4441 3538 4517 reliquum

223 4527 325 4601 rat
340 4521 523 4608 ipsum
543 4529 703 4608 totum
723 4518 870 4608 senad
894 4515 1205 4598 placandum
1230 4516 1598 4608 tuncLanimum
1627 4514 1844 4608 8.13m.-
1873 4547 1925 4608 Β
1954 4527 2168 4608 tempus
2195 4522 2378 4596 totum
2400 4514 2665 4597 pontilicis
2690 4515 2886 4597 muniis
2914 4514 3271 4608 consecravit.

222 4591 322 4645 nis
348 4586 605 4644 inclinata
625 4586 912 4645 humilitate
940 4588 1275 4654 convertisse;
1303 4586 1393 4641 ubi
1425 4586 1663 4643 insinuat
1691 4589 1757 4642 ad
1787 4589 1836 4643 id

222 4676 296 4717 se
332 4661 607 4716 Hilarium
637 4676 747 4717 non
791 4670 1061 4730 tamquam
1088 4658 1441 4730 contumacia:
1476 4674 1627 4715 reum
1662 4659 1840 4715 debita

221 4733 603 4798 demissione,
634 4732 731 4787 sed
760 4728 1054 4801 spontanea
1081 4738 1135 4786 et
1169 4728 1309 4785 ultro
1339 4730 1587 4785 inclinata
1630 4731 1861 4787 humili»

222 4813 395 4871 tate,
431 4814 707 4874 tamquam
749 4802 1070 4874 Christianae
1112 4801 1390 4874 charitatis
1428 4810 1482 4857 et
1521 4804 1843 4859 reverentia:

219 4872 578 4943 debitorem,
596 4875 882 4945 dejecisse.
903 4873 981 4930 Eo
1001 4873 1226 4928 consilio
1250 4872 1582 4928 Ravennium
1606 4888 1717 4945 suae
1745 4876 1845 4930 Ec-

216 4948 427 5003 clesiae
474 4944 849 5017 presbyterum
890 4953 1169 5017 etpostea
1208 4958 1580 5017 successorem
1615 4944 1841 5017 Romam

2022 4588 2125 4643 Hes
2159 4589 2336 4655 itaque
2367 4586 2417 4639 in
2449 4586 2669 4654 ancipiti
2697 4595 2813 4641 erat
2853 4586 2993 4641 inter
3032 4585 3332 4645 Romanum
3378 4590 3541 4647 Galli-

1947 4675 2216 4730 canosque
2266 4656 2579 4730 pontiﬁces,
2626 4672 2746 4730 cum
2792 4657 3023 4713 decessit
3054 4660 3286 4717 Hilarius
3312 4678 3342 4717 e
3384 4664 3489 4717 vita
3524 4682 3538 4717 :

1949 4729 2201 4804 quoniam
2232 4730 2374 4804 intra
2401 4729 2604 4783 biennii
2634 4729 2774 4804 illius
2795 4731 3025 4804 spaiium
3068 4734 3209 4787 nulla
3234 4748 3353 4789 sese
3379 4735 3539 4787 obtuo

1953 4799 2090 4859 lerat
2119 4802 2363 4865 occasio,
2410 4816 2572 4873 quam
2616 4816 2715 4873 nec
2732 4799 2978 4873 Hilarius
3007 4804 3323 4872 quaesierat,
3358 4804 3408 4856 in
3436 4820 3542 4873 qua

1954 4888 2179 4931 necesse
2206 4882 2352 4928 esset
2377 4873 2462 4927 vel
2489 4871 2685 4927 Leonis
2714 4872 2934 4927 decreto
2964 4871 3232 4929 contraire
3250 4915 3263 4938 ,
3292 4874 3374 4929 vel
3408 4871 3539 4927 cou-

1955 4947 2123 5003 suetis
2152 4943 2349 4999 muniis
2376 4957 2440 4998 ac
2480 4943 2776 5013 privilegiis
2814 4944 3026 5000 cedere.
3062 4944 3237 4999 Prima
3268 4946 3409 4997 enim
3432 4986 3446 5009 ,
3484 4954 3539 4998 ut

216 5013 546 5090 delegavit,
588 5013 783 5075 deinde
807 5013 1173 5073 sanctiSsimos
1199 5014 1485 5085 episc0pos
1534 5015 1843 5072 Nectarium
1954 5014 2297 5074 manifestum
2325 5023 2441 5083 est,
2482 5014 2551 5070 ab
2596 5015 2686 5071 illo
2730 5024 2973 5086 tempore
3015 5016 3247 5071 occurrit
3292 5013 3546 5069 Vasensis

1324 5150 1882 5212 BALLERINIORUM
1920 5149 2447 5216 ANNOTATIONES

306 5273 407 5345 (α)
444 5268 581 5326 Cum
632 5262 1347 5345 Quesnellusanterioribus
1380 5264 1839 5345 _capitil_i_us_hane
1950 5267 2223 5345 infensum
2242 5304 2281 5345 ,_
2302 5262 2539 5345 ipsisque
2558 5262 2855 5345 Gallicanis
2883 5261 3151 5345 episcopis
3178 5260 3421 5345 ejusdem
3448 5278 3545 5345 an-

210 5332 561 5404 bréviorem
588 5332 877 5411 epistolam
905 5336 1189 5407 allegavit,
1219 5336 1335 5411 haec
1378 5332 1486 5392 fere
1518 5338 1748 5411 adjecit,
1793 5340 1840 5393 si
1948 5332 3085 5411 ctoritatis‘obServaInlissimisinjuriosu_m,
3105 5333 3248 5404 quod
3270 5343 3374 5388 tam
3397 5332 3546 5399 falsae

208 5429 426 5475 tamen
458 5404 681 5485 genuina
708 5422 801 5485 esi.
833 5409 985 5465 Nunc
1010 5404 1126 5464 eam
1157 5408 1375 5485 omnino
1398 5404 1681 5485 genuinam
1711 5425 1841 5479 praa-
1949 5407 2236 5485 hypothesi
2265 5407 2548 5471 incumbit,
2581 5419 2801 5485 prorsus
2827 5404 3059 5485 corruit.

208 5474 544 5550 suniit,'ut
575 5482 925 5552 apostolicam
962 5481 1335 5552 auctoritatem
1377 5474 1460 5552 ab,
1491 5479 1693 5535 Hilario
1711 5474 1777 5537 'et
1806 5496 1837 5537 a
1990 5474 2101 5552 '(b)
2126 5479 2250 5552 Haec
2280 5495 2382 5533 non
2419 5474 2693 5547 post,sed
2720 5485 2845 5531 ante
2874 5474 3078 5552 Leonis
3105 5475 3364 5546 judicium
3397 5486 3548 5552 gesta

209 5546 553 5620 Gallicanis
575 5546 839 5627 episcopis
860 5552 1155 5627 neglectam
1172 5551 1413 5627 suadeat.
1435 5551 1683 5627 Spuriam
1708 5567 1837 5627 vero
1951 5546 2288 5608 ostendimus
2320 5552 2371 5627 in
2401 5546 2786 5627 observ._part._
2836 5561 2893 5601 ut
2915 5585 2930 5611 ,
2964 5548 3109 5627 (με)
3140 5564 3194 5602 n.
3240 5555 3263 5602 t
3292 5557 3346 5627 et
3364 5546 3505 5627 11.2
3530 5565 3546 5615 ;

205 5617 405 5693 illam
435 5642 556 5684 esse
584 5617 639 5681 in
664 5617 1026 5680 admonitione
1072 5623 1244 5677 cidem
1263 5617 1516 5695 epistolae
1555 5626 1834 5692 praemissa
1952 5631 2213 5695 praeterea
2240 5620 2593 5695 probabimus
2622 5617 2883 5695 Hilarium
2916 5625 3036 5688 post
3080 5620 3257 5690 ipsum
3286 5617 3552 5689 judicium

204 5690 279 5763 ει
326 5698 632 5771 appendici
684 5698 882 5771 inserta
908 5690 1422 5771 demonstravimus.
1450 5690 1624 5760 Quare
1665 5702 1834 5771 totum
1941 5690 2071 5755 nihil
2101 5700 2360 5761 tentasse,
2384 5690 2480 5748 sed
2507 5690 2775 5762 paruisse.

202 5763 497 5850 .equ'e'us
523 5767 796 5840 Quesnelli
823 5764 1161 5823 ratiocinium
1188 5763 1497 5838 apostolica
1534 5765 1837 5825 auctoritati

636 5864 913 5928 Panos.
956 5858 1089 5927 LV.
1510 5944 1529 5959 ν

2780 5868 2787 5873 ”
2826 5884 2855 5911 ιι

3044 5854 3127 5941 ﬁ
