3984 6306
569 270 677 330 659

1051 261 1296 325 PASCH.
1337 261 1718 333 QUESNELLI
1754 258 2336 319 DlSSERTATIONES
2375 256 2440 314 ΙΝ
2481 256 2537 314 S.
2580 252 2820 311 LEUNIS
2859 247 3072 310 MAGNI
3108 249 3358 308 OPERA.

3723 255 3800 315 ιϐο

568 379 808 454 episcOpi
857 377 1123 454 ordinatio
1148 424 1163 448 ,
1209 394 1326 454 qua:
1376 378 1634 454 SOpiial‘li,
1688 391 1792 433 non
1832 376 2149 454 exstinctam
2179 380 2233 440 Α
2257 390 2335 440 re,
2364 374 2456 430 sed
2482 358 3110 454 solummpdollilariutn
3134 371 3394 454 mulctare
3427 383 3578 454 aquo
3599 384 3797 454 mortue,

569 447 970 510 contentionem
1001 447 1255 506 excitavit
1305 447 1454 506 inter
1490 450 1860 504 Arelatensem
1901 458 1953 504 et
1990 447 2153 502 Vien-

572 538 793 583 nensem
825 520 1129 593 episcopos.

642 597 750 651 Sed
781 607 943 666 quam
974 590 1133 665 longe
1160 593 1408 666 abessent
1447 590 1705 666 Gallicani
1756 590 2151 666 provinciarum

568 662 1093 726 iilarutn'antistites'
1118 682 1144 720 a
1177 663 1372 720 Leonis
1400 665 1778 719 constitutione
1805 662 2017 718 effectui
2052 672 2156 723 tra-

567 738 766 809 denda,
792 738 846 794 in
875 739 988 808 ipsa
1016 733 1721 809 (ajiordinationeRavennii
1746 733 2153 809 clarumevasit.

566 804 1054 867 Posthabito—enim
1070 804 1360 862 Viennensi
1401 805 1701 871 sacerdote,
1733 804 2011 861 duodecim
2042 805 2156 872 epi-

568 883 718 951 scopi
739 881 830 951 vel
845 880 916 950 (b)
937 895 998 951 ex
1017 881 1126 934 sola
1148 878 1440 934 Viennensi
1465 876 1736 951 provincia
1755 876 2159 951 caquatuorde-

569 946 683 1008 cini
705 946 928 1005 conflata
949 949 1129 1075 iquem
1157 964 1436 1004 numerum
1464 948 1754 1016 implebant
1776 946 2090 1002 Viennensis
2106 956 2159 1002 et

571 1023 901 1075 Arelatensis
934 1024 943 1074 i
973 1023 1035 1074 iis
1069 1019 1346 1075 duodecim
1377 1017 1598 1075 additi).
1640 1019 1727 1074 vel
1757 1018 1914 1072 etiam
1948 1035 2012 1071 ex
2040 1019 2158 1073 aliis

571 1023 901 1078 Arelatensis
934 1017 1035 1075 illis
1069 1019 1346 1076 duodecim
1377 1017 1598 1089 additi),
1640 1018 1914 1089 vel_etiam
1948 1035 2012 1071 ex
2040 1019 2158 1073 aliis

566 1093 856 1166 provinciis
885 1092 1230 1166 inrsynodum
1255 1087 1643 1166 convenerunt,
1669 1087 2053 1166 et‘Iiavennium
2073 1106 2161 1166 _se-

567 1159 790 1219 cundum
813 1159 1063 1218 desideria
1079 1163 1220 1226 cleri,
1246 1164 1604 1216 honoratorum
1619 1170 1666 1215 et
1681 1159 1836 1227 plebis
1855 1162 2160 1213 unanimiter

565 1243 943 1291 consecrarunt.
968 1235 1135 1297 Quam
1167 1233 1555 1288 ordinationem
1588 1247 1692 1285 non
1722 1231 1880 1285 modo
1908 1247 2012 1284 non
2045 1233 2156 1284 cnl-

564 1309 712 1376 pavit
733 1307 788 1361 S.
823 1305 929 1360 Leo
950 1305 1143 1376 (Epist.
1169 1303 1260 1370 ⁵56,
1279 1319 1412 1376 nunc
1429 1303 1544 1376 40),
1569 1303 1662 1357 sed
1678 1303 1866 1376 potius
1886 1310 2156 1370 tamquam

567 1372 755 1431 bonum
785 1372 1120 1447 fraternitatis
1151 1375 1482 1447 sacerdotalis
1503 1372 1638 1447 Opus
1669 1372 1764 1426 Dei
1789 1388 1997 1447 munere
2027 1387 2158 1447 con-

565 1443 809 1510 cessum,
841 1456 894 1500 et
924 1462 987 1501 ex
1021 1447 1350 1513 inspiratione
1377 1444 1553 1497 divina
1591 1443 1786 1498 factum
1827 1460 1919 1497 suo
1957 1444 2157 1514 judicio

567 1519 846 1573 roboravit.
907 1518 1074 1581 Quia,
1126 1517 1329 1583 inquit,
1366 1516 1659 1569 electionem
1705 1516 1973 1586 pacificum
2010 1523 2160 1586 atque

565 1589 897 1652 concordem,
930 1589 1011 1640 cui
1043 1603 1132 1640 nec
1159 1588 1337 1640 merita
1371 1601 1572 1639 morum
1592 1626 1607 1651 ,
1642 1584 1734 1639 nec
1761 1584 1934 1640 studia
1965 1585 2152 1638 civium

567 1660 839 1730 defuerunt
857 1674 882 1730 ;7
908 1657 1264 1730 postulationis
1293 1656 1496 1730 quidem
1527 1654 1783 1730 humanm,
1813 1656 1902 1710 sed
1935 1655 2159 1730 inspira-

2259 461 2468 516 :equum
2496 445 2753 516 judicavit
2784 453 2842 498 ut
2871 444 3049 499 omnia
3083 446 3135 498 in
3162 453 3356 506 statum
3382 441 3664 512 pristinum
3687 441 3800 504 redi;

2259 526 2398 574 rent.

2330 589 2440 644 Nec
2478 587 2590 642 sola
2626 595 2890 657 potestate
2935 586 3329 657 metropolitica
3373 585 3557 641 ornari
3587 601 3700 642 eum
3728 604 3800 646 vo-

2261 659 2381 729 luit,
2413 659 2505 715 sed
2537 658 2625 714 illa
2657 658 2814 715 etiam
2847 658 2950 728 (d)
2987 660 3365 728 praerogativa,
3387 673 3490 725 qua
3520 659 3684 729 sancti
3703 659 3800 716 'l‘ro-

2261 731 2424 801 pliimi
2471 729 2664 785 intuitu
2707 729 2845 784 inter
2888 740 3112 786 caeteros
3142 729 3510 798 metropolitas
3549 728 3797 788 Galliarum

2259 802 2525 858 eminebat
2556 803 2713 857 sedes
2741 801 3099 868 Arelatensis,
3133 801 3234 857 hoc
3254 811 3358 868 est,
3382 801 3542 871 primi
3570 809 3799 871 metropo-

2257 872 2408 928 litani
2439 873 2733 942 privilegio.
2782 873 2899 941 Quo
2944 873 3067 943 jure
3113 872 3253 930 illius
3296 884 3410 928 erat
3449 881 3508 926 et
3550 873 3796 944 synodalcs

2260 954 2554 1000 conventus
2585 944 2807 998 aliarum
2842 944 3230 1013 provinciarum
3263 959 3488 1014 cogere,
3538 955 3593 1000 et
3636 944 3796 1000 litteras

2262 1016 2516 1071 formatas
2537 1017 2667 1070 dare
2690 1015 3153 1086 peregrinantibus
3176 1015 3404 1078 clericis,
3436 1025 3492 1070 et
3520 1015 3695 1070 omnia
3711 1032 3798 1085 qua:

2261 1087 2327 1141 ad
2367 1101 2706 1142 communem
2738 1087 2987 1142 Ecclesiae
3030 1102 3123 1142 seu
3168 1087 3323 1142 fidem
3367 1102 3460 1142 seu
3506 1087 3796 1154 disciplinam

2260 1156 2400 1216 intra
2443 1157 2644 1213 Gallias
2689 1159 3056 1226 pertinebant,
3087 1174 3179 1214 sua
3209 1175 3336 1214 cura
3381 1173 3442 1212 ac
3483 1155 3799 1212 sollicitudine

2262 1243 2601 1298 promovere,
2631 1237 2687 1284 et
2716 1231 2850 1284 intra
2883 1230 3126 1285 ordinem
3155 1232 3453 1285 continere.
3485 1228 3612 1283 Hcce
3643 1230 3801 1282 Raven-

2263 1301 2353 1354 nio
2393 1315 2422 1353 a
2467 1311 2654 1355 sancto
2683 1300 2859 1356 Leone
2889 1301 3029 1355 ultro
3059 1300 3232 1356 delata
3264 1316 3417 1363 esse,
3463 1315 3571 1354 non
3605 1317 3669 1353 es
3696 1315 3796 1354 noro

2262 1371 2511 1436 decreto,
2551 1370 2646 1426 sed
2691 1388 2757 1426 ex
2810 1375 2988 1441 priore
3016 1381 3069 1428 et
3098 1373 3311 1441 antiqua
3362 1372 3721 1435 institutione,
3747 1381 3801 1424 le-

2263 1453 2431 1496 statur
2462 1453 2572 1496 tutn
2609 1444 2850 1514 synodus
2895 1444 3160 1513 generalis
3200 1443 3408 1497 illarum
3454 1443 3800 1507 provirniarum

2264 1514 2548 1567 occasione
2606 1513 2900 1568 litterarum
2954 1515 3145 1569 Leonis
3193 1513 3258 1568 ad
3305 1514 3657 1580 Flavianum,
3693 1515 3800 1581 cujus

2264 1584 2647 1655 congreganda:
2679 1601 2858 1640 curam
2908 1584 3214 1640 Ravennius
3255 1586 3531 1655 suscepit,
3575 1595 3638 1638 ut
3666 1595 3797 1655 platea

2264 1653 2536 1720 dicemus,
2568 1671 2688 1710 eum
2713 1657 2853 1710 illius
2883 1656 3110 1726 epistola
3140 1656 3203 1709 ad
3231 1653 3564 1712 Ravennium
3597 1656 3734 1724 data,
3754 1653 3800 1708 de

559 1725 720 1783 tionis
750 1725 998 1819 credimus
1020 1729 1177 1809 fuisse
1209 1727 1412 1781 divina}.
1442 1725 1611 1819 Porro
1639 1728 1999 1819 Viennensem
2020 1725 2153 1795 ’epi-
2189 1759 2237 1819 Β
2264 1727 2493 1819 quodam
2536 1726 2858 1819 Petroniano
2889 1725 3174 1819 vite-:Aq‘ui
3207 1744 3264 1781 se
3297 1727 3799 1819 liOIIlliflllillnEGCieSiz

564 1814 786 1870 scopum
812 1797 952 1853 illius
977 1798 1287 1868 participem
1313 1813 1417 1854 non
1446 1797 1608 1854 fuisse
1630 1798 1830 1870 clarum
1860 1807 1944 1852 est
1970 1811 2156 1870 recen-

564 1869 705 1939 senti
735 1885 920 1926 eorum
945 1872 1316 1940 episcoporum
1357 1870 1569 1940 nomina
1595 1913 1609 1936 ,
1642 1871 1733 1938 qui
1762 1869 1968 1923 litteras
1995 1869 2148 1940 ordi-

569 1943 802 1996 nationis
833 1941 1034 1996 indices
1075 1939 1141 1994 ad
1181 1939 1416 1996 Leonem
1466 1939 1757 2006 dederunt,
1808 1955 1943 2010 quos
1992 1939 2150 2010 inter,

566 2022 839 2082 tamquam
864 2013 1212 2066 ordinationis
1237 2012 1503 2081 princeps,
1531 2008 1986 2082 primatum'tenet
2015 2008 2154 2064 Gon-

568 2081 856 2139 stantinus.
881 2082 1036 2139 Hunc
1064 2091 1242 2137 autem
1265 2097 1371 2136 non
1399 2082 1560 2152 fuisse
1579 2081 1801 2152 Viennae
1819 2083 2152 2152 episcOpum,

566 2165 774 2208 certum
808 2154 932 2210 facit
972 2155 1138 2209 altera
1175 2154 1403 2224 cpistola
1443 2150 1652 2224 (Epist.
1709 2150 2031 2223 65),‘quam
2064 2153 2151 2223 (c)

567 2225 731 2280 iidem
758 2226 1092 2281 ordinatores
1119 2222 1388 2294 adjunctis
1420 2222 1538 2278 aliis
1578 2234 1782 2293 septem
1824 2222 2156 2294 scripserunt

569 2295 903 2368 adLeonem
937 2297 990 2353 in
1032 2292 1256 2368 gratiam
1290 2296 1440 2368 sedis
1466 2292 1814 2368 Arelatensis.
1860 2292 1916 2348 In
1939 2292 2156 2350 Leonis

567 2367 710 2441 cnim
740 2366 1087 2441 reSponsione
1119 2366 1321 2441 (Epist.
1349 2366 1473 2441 66),
1503 2366 1593 2434 qui
1625 2380 1717 2441 eos
1744 2380 1933 2441 omnes
1968 2379 2048 2441 es
2068 2381 2156 2420 or-

557 2438 696 2493 dine
719 2450 992 2503 recenset,
1022 2437 1161 2493 idem
1194 2437 1576 2492 Constantinus
1607 2437 1780 2506 primo
1810 2438 2007 2506 pariter
2035 2437 2155 2492 loco

563 2508 856 2578 inscriptus
890 2511 1082 2579 legitur
1116 2527 1128 2562 :
1161 2508 1323 2580 795
1350 2523 1507 2578 quem
1537 2524 1642 2580 pro
1680 2509 2015 2580 Arelatensis~
2055 2509 2156 2562 Ec-

567 2580 746 2635 clesia:
767 2578 972 2649 juribus
993 2578 1311 2650 scripturum
1338 2593 1497 2633 nemo
1519 2579 1737 2645 dixerit,
1767 2579 1810 2634 si
1835 2578 2152 2634 Viennensis

563 2652 856 2721 episcopus
886 2653 1094 2706 fuisset.

636 2719 849 2776 Non’ad
877 2723 1020 2775 solos
1062 2720 1398 2775 ordinatores
1427 2721 1806 2790 gratulatorias
1834 2719 1984 2775 dedit
2010 2721 2155 2776 litte-

560 2805 654 2848 ras
677 2801 896 2847 sanctus
919 2793 1049 2854 Leo,
1077 2792 1170 2846 sed
1209 2801 1261 2845 et
1291 2791 1355 2845 ad
1399 2792 1571 2860 ipsum
1615 2791 1921 2845 ordinatum
1945 2833 1958 2856 ,
1994 2808 2151 2860 quem

553 2862 809 2918 hortatur
829 2871 890 2917 ut
910 2906 924 2927 ,
969 2863 1225 2934 declinata
1272 2862 1509 2934 superbia
1529 2904 1542 2927 ,
1575 2864 1656 2916 cui
1684 2862 1971 2934 proximum
1997 2874 2068 2916 est
2099 2873 2153 2916 ut

557 2935 796 2998 decidat,
825 2944 1018 2988 ametur
1043 2933 1302 2987 humilitas
1323 2976 1334 2997 ,
1379 2933 1459 2986 cui
1502 2933 1699 3000 semper
1727 2933 1936 2986 debetur
1966 2945 2017 2986 ut
2044 2950 2155 2986 cre-

557 3016 706 3070 seat,-
737 3015 781 3059 et
812 3016 864 3058 ut
889 3021 1046 3060 INTRA
1075 3005 1531 3058 ecclesiasticarum
1557 3003 1729 3075 legum
1758 3008 1961 3075 regulas
2002 3015 2153 3072 atque

548 3087 828 3134 IINSURAS
855 3078 1024 3130 omnia
1055 3077 1316 3146 potestatis
1347 3091 1450 3129 suae
1479 3077 1607 3145 jura
1635 3077 1911 3130 contineat.
1944 3075 2148 3144 Quibus

2261 1796 2545 1870 diaconum
2574 1800 2928 1870 mentiebatur
2970 1799 3133 1870 793
3177 1813 3266 1870 per
3308 1799 3532 1854 Gallias.
3565 1800 3801 1870 Cujusau-

2259 1867 2428 1922 dacia:
2462 1881 2516 1922 ut
2546 1869 2758 1922 obviam
2783 1867 3184 1936 ironia—scribit
3212 1869 3322 1924 Leo
3356 1881 3410 1922 ut
3441 1887 3589 1935 eum,
3615 1869 3801 1923 admoni-

2259 1941 2321 1992 tis
2357 1941 2513 1994 etiam
2562 1940 2714 1993 totius
2747 1942 3018 2006 provincia:
3053 1942 3336 2009 episcopis,
3389 1942 3443 1994 in
3484 1959 3581 1996 sua
3626 1941 3802 2010 falsitate

2259 2011 2538 2075 detectam,
2575 2011 2635 2062 ab
2678 2013 2902 2065 omnium
2953 2010 3302 2065 Ecclesiarum
3350 2014 3724 2079 communione,
3755 2028 3800 2064 ne

2258 2082 2472 2154 ulterius
2502 2083 2596 2134 hoc
2621 2093 2859 2152 usurpet,
2885 2083 3122 2151 expellat.
3159 2083 3258 2138 Ubi
3291 2085 3512 2139 nomine
3551 2083 3799 2154 provincia

2257 2151 2434 2224 iatiori
2461 2155 2770 2222 acceptiOne
2795 2155 3067 2224 universas
3111 2164 3314 2224 septem
3354 2151 3661 2224 provincias
3686 2153 3802 2209 intel-

2257 2223 2345 2293 ligi
2375 2233 2614 2292 Oportet.
2647 2223 2765 2277 eum
2796 2233 2849 2279 et
2878 2223 3076 2280 Gallias
3110 2223 3399 2281 universiui
3428 2237 3483 2280 et
3525 2244 3690 2281 omnes
3729 2224 3800 2278 Ec—

2259 2296 2436 2367 clesias
2457 2305 2874 2359 commemoret,
2908 2314 3004 2352 nec
3029 2297 3160 2350 satis
3191 2297 3257 2351 de
3291 2297 3598 2352 cohibenda
3636 2299 3733 2367 vagi
3760 2295 3802 2367 ilf

2257 2363 2360 2420 lius
2399 2367 2704 2434 impo'storis
2749 2369 2970 2422 audacia
3013 2368 3281 2434 provisum
3324 2380 3522 2423 osseta
3555 2363 3802 2429 Leone.si

2257 2436 2398 2510 intra
2431 2439 2595 2510 solius
2639 2439 2926 2510 provinciae
2973 2439 3292 2494 Viennensis
3326 2442 3589 2497 terminos
3619 2437 3797 2510 inquisi-

2259 2509 2458 2562 tionem
2486 2509 2786 2579 littjusmodi
2822 2510 2935 2564 fieri
2970 2512 3332 2579 praecepisset.

2328 2580 2593 2652 CAP._1X.
2643 2577 2792 2633 Idem
2844 2577 3086 2634 evinet'tur
3139 2577 3200 2635 ea:
3249 2581 3799 2652 ordittationecpiscopi

2263 2647 2528 2721 Yascnsis,
2561 2660 2606 2704 et
2627 2667 2742 2720 qua:
2769 2667 2877 2704 eam
2907 2664 3078 2705 srcuta
3109 2663 3212 2721 est,
3247 2653 3525 2721 provinciae
3570 2647 3798 2717 divisione,

2256 2718 2539 2790 Leonisque
2579 2718 2794 2789 epistola
2830 2726 2882 2775 in
2923 2741 3032 2776 eam
3065 2740 3168 2777 rem
3201 2718 3386 2778 missa.
3419 2754 3493 2764 —
3523 2722 3581 2778 In
3611 2741 3673 2781 eo
3693 2731 3803 2778 statu

2258 2793 2441 2859 positae
2483 2805 2636 2865 erant
2679 2809 2763 2846 res
2797 2795 3047 2848 Ecclesia:
3078 2795 3440 2861 Arelatensis,
3482 2808 3539 2849 et
3573 2811 3689 2865 spes
3714 2800 3803 2865 erat

2255 2872 2346 2926 ut,
2379 2864 2604 2931 sepultis
2635 2872 2832 2917 acterna
2865 2865 3136 2920 oblivione
3176 2882 3297 2936 quae
3337 2863 3620 2922 occasione
3655 2863 3803 2922 Hilarii

2255 2945 2384 2986 orla!
2408 2947 2559 3007 erant
2590 2936 3045 2999 contentionibus,
3080 2937 3302 3006 priStino
3334 2939 3624 3007 splendore
3648 2952 3701 2992 ac
3727 2950 3804 3007 po-

2257 3014 2448 3080 testate
2480 3005 2745 3080 frueretur
2770 3009 2821 3080 in
2842 3005 3148 3080 posterum.
3185 3007 3295 3080 Etsi
3351 3005 3499 3064 enim
3529 3005 3804 3080 aliquid’ill-

2256 3074 2359 3147 lius
2386 3091 2651 3144 supremae
2683 3078 2732 3128 in
2759 3074 3061 3132 Gaiiicanas
3090 3078 3360 3134 Ecclesias
3389 3074 3713 3136 anetoritatis
3733 3074 3804 3147 (ι)

551 3150 736 3221 gerbis
767 3149 985 3221 dubium
1033 3136 1137 3221 non
1179 3157 1258 3221 est
1298 3148 1427 3221 quin
1476 3136 1538 3221 et
1577 3148 1832 3221 Hilarium
1877 3136 2058 3221 notwei,
2093 3157 2149 3221 et
2175 3136 2219 3198 C
2254 3136 2498 3221 imminui
2531 3157 2866 3221 per_0pt_asset
2897 3163 3113 3205 sanetus
3139 3152 3266 3212 Leo.
3297 3159 3355 3204 ut
3376 3159 3558 3206 tamen
3586 3151 3637 3205 id
3653 3136 3808 3221 spera-'-

553 3215 896 3275 stennium
928 3219 995 3273 ab
1024 3218 1198 3273 alieno
1221 3215 1344 3287 jure
1385 3217 1684 3273 invadenda
1729 3229 1952 3273 avertat.
1999 3218 2138 3272 Nihil

552 3297 737 3344 tamen
783 3290 849 3343 de
889 3289 1132 3359 neglecto
1159 3288 1450 3344 Viennensi
1483 3289 1897 3356 metropolitano
1941 3292 1991 3343 in
2038 3290 2143 3342 Ra-

555 3361 742 3414 vennii
779 3360 1116 3435 ordinatione
1159 3361 1394 3435 suggerit
1439 3369 1528 3413 aut
1571 3359 1916 3435 reprehendit
1949 3379 1962 3435 ξ
1996 3359 2140 3435 unde

553 3439 865 3558 promptum
916 3431 1224 3486 existimare
1269 3430 1513 3484 Leonem
1556 3431 1790 3483 noluisse
1843 3431 2136 3485 Ecclesium

609 3501 928 3558 relatensetn
952 3501 1072 3558 iure
1099 3501 1491 3558 metrooolitico
1513 3516 1607 3556 sua
1631 3503 1896 3554 sententia
1942 3503 2136 3558 suolia-

609 3501 928 3558 relatensem
951 3501 1072 3572 jure
1099 3501 1491 3572 metropolitico
1513 3516 1607 3556 sua
1631 3503 1896 3554 sententia
1942 3503 2138 3570 spolia-

2247 3227 2332 3272 ret
2367 3218 2659 3288 aliquando
2700 3219 2932 3274 futurum
2965 3222 3214 3276 obStabat
3256 3221 3534 3277 Gallorum
3567 3224 3619 3277 in
3645 3218 3806 3276 Arela—

2246 3289 2412 3343 tensis
2453 3289 2598 3344 sedis
2629 3290 3035 3363 amplitudinem
3068 3307 3174 3348 uno
3200 3294 3381 3348 animo
3408 3292 3809 3363 compirantium

2245 3373 2452 3435 summa
2482 3362 2767 3435 concordia
2790 3406 2804 3430 ,
2828 3375 3111 3435 quietum
3140 3365 3189 3416 in
3217 3364 3404 3418 Hilarii
3432 3362 3644 3435 negetio
3663 3405 3678 3428 ,
3715 3371 3809 3435 tum

2245 3432 2477 3485 maxime
2509 3432 2563 3486 in
2596 3432 2862 3487 Ravennii
2900 3433 3237 3490 ordinatione
3266 3432 3528 3492 eluserat:
3569 3432 3811 3500 Quamob-

2243 3515 2359 3556 rem
2390 3503 2557 3558 satius
2586 3504 2813 3560 duxerat
2843 3503 2958 3561 [nec
2983 3507 3163 3562 omnia
3201 3508 3253 3561 in
3293 3521 3401 3563 sua:
3433 3504 3816 3562 constitutionis

1594 3613 2153 3670 BALLERINIORUM
2189 3613 2737 3673 ANNOTATIONES.

625 3714 719 3782 (a)
759 3710 1096 3767 Ordinationi
1141 3708 1402 3782 Ravenuii
1448 3707 1887 3782 iia_tul__obstabat
1934 3705 2130 3782 Leonis

551 3779 892 3852 constitutio,
934 3797 1050 3851 qua:
1075 3794 1194 3836 cum
1236 3781 1403 3852 solam
1447 3779 1634 3832 Hilarii
1675 3779 2131 3852 personammul-

551 3856 798 3916 ctavcrit,
832 3848 932 3908 hoc
953 3848 989 3909 e
1016 3853 1153 3907 vivis
1181 3851 1392 3906 sublato
1415 3849 1957 3919 comprovincialibus
1982 3848 2131 3904 licuit

552 3940 922 3981 successorem
964 3923 1246 3985 ordinare,
1284 3922 1348 3975 ad
1379 3935 1537 3990 quem
1582 3921 1758 3975 omnia
1803 3920 2132 3975 Arelatensis

551 3997 698 4051 sedis
740 3997 858 4066 jura
911 3997 1029 4066 ipso
1071 3993 1251 4047 Leone
1281 4007 1385 4066 non
1429 3991 1793 4066 dissentiente
1820 3993 2129 4046 transirent.

551 4068 685 4126 Vide
723 4063 842 4138 qua:
888 4067 941 4138 in
983 4065 1123 4119 hanc
1159 4078 1273 4119 rem
1308 4064 1636 4119 disseremus
1666 4064 1718 4118 in
1745 4063 1958 4119 observ.
1992 4071 2130 4132 part.

552 4152 642 4205 ut,
677 4137 797 4195 ηίὸ
819 4148 873 4194 et
894 4137 946 4192 6.

625 4211 716 4282 (b)
746 4210 860 4282 Non
890 4223 953 4262 es
981 4208 1094 4282 sola
1127 4205 1414 4282 Viennensi
1448 4206 1756 4282 provincia,
1787 4205 1882 4282 sed
1914 4220 1976 4260 ex
2013 4219 2135 4282 pro-

548 4277 745 4336 vinciis
786 4281 944 4336 etiam
973 4278 1306 4334 Narbonensi
1339 4277 1571 4332 secunda
1602 4287 1656 4332 et
1687 4277 1895 4346 Alpium
1932 4277 2138 4331 mariti-

542 4367 755 4408 marum
783 4350 1017 4421 episcopi
1059 4357 1427 4404 convenerunt
1474 4349 1541 4402 ad
1586 4349 1976 4421 ordinationem
2009 4347 2138 4421 iia-

546 4424 749 4477 vennii.
781 4417 1057 4489 Asclepios
1089 4421 1229 4475 enim
1265 4421 1514 4488 Aptensis
1545 4422 1830 4489 episcopus
1871 4419 1969 4472 fuit
2009 4417 2137 4472 Nar-

547 4491 808 4546 bonensis
835 4491 1102 4554 secundae,
1131 4489 1339 4559 Alpium
1368 4504 1502 4546 vero
1529 4490 1914 4544 maritimarum
1946 4489 2139 4543 Necta-

549 4561 664 4615 rius
693 4559 977 4615 Diniensis.

621 4631 713 4703 (c)
763 4630 1005 4703 Quinque
1035 4643 1101 4703 es
1129 4629 1396 4703 episcopis
1434 4629 1837 4703 ordinatoribus
1868 4630 2127 4703 Ravennii

549 4699 702 4756 hanc
736 4701 960 4754 alteram
1009 4699 1288 4769 epistolam
1336 4715 1440 4753 non
1483 4701 1814 4766 scripserunt
1860 4701 2046 4755 :unde
2080 4703 2129 4754 in

547 4771 903 4844 responsione
931 4770 1124 4826 Leonis
1165 4769 1401 4840 ipsorum
1458 4770 1677 4824 nomina
1707 4784 1813 4825 non
1845 4785 2132 4828 recensen-

545 4853 606 4900 ιιι
615 4862 658 4899 r.

621 4913 702 4988 (ά)
722 4915 848 4970 Hinc
876 4911 1229 4988 praerogativa
1259 4925 1461 4988 nonex
1483 4911 1605 4988 jure
1628 4911 1799 4988 ipsius
1831 4912 1975 4988 sedis
1999 4916 2132 4988 Are-

539 4985 792 5054 lateri—sis,
823 5000 922 5040 nec
941 5001 1005 5040 ea:
1025 4985 1184 5056 priori
1209 4992 1258 5056 et
1281 4987 1489 5053 antiqua
1517 4985 1833 5038 institutione
1862 4985 2123 5052 ejusdem,

541 5059 641 5127 sed
670 5074 738 5113 ex
766 5055 1074 5127 apostolica:
1109 5055 1262 5111 sedis
1299 5056 1648 5127 concessione
1674 5070 1910 5127 manare
1961 5056 2122 5112 iidem

544 5123 816 5186 Gallicani
850 5127 1087 5198 episcopi
1133 5136 1431 5198 agnoscunt
1472 5125 1630 5198 epist.
1661 5125 1763 5195 65,
1805 5142 1855 5180 e.
1888 5130 1952 5195 5,
2002 5143 2121 5182 cum

543 5201 843 5256 Arelatensi
885 5197 1149 5269 episcopo
1203 5197 1256 5250 id
1313 5201 1463 5252 etiam
1509 5197 1720 5250 honoris
1764 5198 2124 5268 dignitatisque

548 5273 789 5328 collatum
818 5279 919 5337 est,
948 5270 1310 5339 inquiunt,iut
1337 5285 1434 5322 non
1466 5278 1660 5321 tantum
1700 5269 1793 5322 has
1835 5271 2122 5339 provincias

550 5343 642 5408 (ad
675 5337 1125 5411 melropoliticutn
1153 5337 1358 5395 scilicet
1378 5340 1465 5408 jus
1492 5337 1853 5462 pertinentes;
1877 5351 2122 5408 potestate

550 5415 754 5462 nronria
797 5413 1130 5462 aubernaret.
1159 5425 1328 5462 verum
1362 5412 1513 5462 etiam
1545 5427 1716 5462 omnes
1746 5409 1823 5462 Ga
1851 5412 1976 5462 lias.
2025 5412 2121 5462 sibi

543 5415 754 5485 prapria
797 5409 1130 5485 gubernaret,
1159 5425 1334 5485 verum
1362 5409 1513 5485 etiam
1545 5427 1716 5485 omnes
1740 5409 1976 5485 Gallias,
2025 5412 2121 5485 sibi

539 5481 837 5552 apostolica:
863 5483 996 5538 sedis
1036 5484 1140 5552 vice
1182 5483 1464 5545 mandatis,
1494 5481 1584 5534 sub
1615 5482 1749 5552 omni
1780 5482 2119 5536 ecclesiastica

539 5551 719 5622 regula
758 5557 1048 5609 contineret.
1084 5551 1258 5606 Verba
1299 5553 1592 5623 apostolica:
1631 5551 1764 5604 sedis
1810 5554 1964 5604 vicem
1992 5568 2123 5608 con-

540 5628 838 5680 cessionem
859 5623 1202 5696 apostolicam
1224 5624 1407 5692 procul
1431 5622 1592 5696 dubio
1615 5623 1980 5696 inanilesmnt:
2003 5637 2122 5696 qch

541 5703 671 5748 Iane
698 5711 724 5748 a
752 5693 967 5751 Zosimo
994 5709 1098 5749 non
1121 5693 1347 5750 obscure
1374 5693 1858 5762 exprimitur,cum
1883 5694 2041 5761 epist.
2067 5693 2122 5758 7,

540 5765 684 5841 apud
712 5766 775 5820 Ρ.
804 5766 1176 5826 (Mummium
1239 5761 1609 5822 Arelatensem
1650 5761 1961 5834 episcopum
1997 5780 2128 5834 apo-

2239 3709 2423 3784 stolica
2464 3711 2769 3784 auctoritaie
2795 3711 3044 3764 nmnitum
3078 3710 3264 3778 tradit;
3313 3721 3362 3769 et
3404 3713 3563 3784 epist.
3602 3713 3660 3770 l0
3685 3713 3810 3770 delc-

2235 3781 2489 3851 gationem
2519 3778 2853 3850 apostolicam
2882 3791 3165 3838 memorat.
3203 3784 3336 3839 Hinc
3360 3778 3526 3840 etiam
3555 3799 3670 3840 cum
3701 3787 3810 3839 lano

2237 3852 2926 3927 dati_epi_sco_pi_petu_nt_ut
2971 3870 3030 3927 ea
3078 3854 3468 3927 confirmentur
3495 3872 3613 3927 qua:
3640 3856 3811 3912 Arela-

2238 3922 2676 3999 tensis_Ecclesia
2709 3922 2785 3977 vel
2811 3923 2872 3976 ab
2897 3925 3202 3999 antiquitate
3243 3922 3621 3999 suscepitfuel
3657 3936 3812 3999 postea

2238 3995 2539 4066 auctoritate
2557 3993 2692 4066 sedis
2723 3993 3334 4062 apostolicw’vindicarit,
3361 3993 3631 4066 prioribus
3653 3993 3813 4053 verbis

2236 4065 2350 4138 jus__
2375 4065 2828 4138 metropoliticum
2858 4068 3008 4134 quasi
3037 4084 3064 4118 a
3097 4068 3156 4123 S.
3189 4065 3489 4138 Tropliimo
3532 4069 3809 4125 derivatum

2241 4135 2500 4210 indicant,
2550 4137 2936 4210 posterioribus
2967 4153 3096 4210 vero
3120 4139 3208 4208 jus
3243 4135 3472 4195 innnunt
3506 4143 3557 4196 in
3582 4141 3677 4196 alia
3708 4155 3812 4210 pro-

2244 4207 2450 4279 vincia,
2517 4206 2658 4279 quod
2717 4216 2891 4274 postea
2933 4224 2960 4262 a
3006 4206 3134 4265 sede
3178 4210 3474 4279 apostolica
3522 4206 3808 4268 concessum

2245 4277 2366 4351 fuit.
2389 4277 2501 4351 Hoc
2531 4278 2742 4346 quidem
2775 4288 3103 4348 postremum
3139 4277 3226 4350 jus
3251 4280 3356 4336 duo
3379 4283 3714 4351 potissimum
3738 4297 3788 4336 re

2240 4347 2430 4426 spicit,
2480 4348 2734 4426 formatas
2773 4347 2844 4426 et
2867 4352 3100 4426 synodos
3140 4347 3211 4408 ex
3258 4347 3512 4426 omnibus
3543 4353 3811 4426 provinciis

2240 4419 2549 4474 Gallicanis.
2595 4419 2689 4474 .Ius
2730 4419 2975 4476 tradendi
3026 4421 3282 4477 formatas
3323 4419 3578 4480 omnibus
3619 4425 3812 4480 clericis

2239 4491 2329 4560 qui
2375 4491 2852 4565 peregrinarentur
2900 4490 3145 4548 Zosimus
3188 4497 3490 4565 concessit;
3544 4497 3810 4565 eidemque

2161 4565 2216 4626 D
2241 4563 2495 4636 pontificii
2517 4565 2613 4636 jus_
2651 4564 3042 4636 cogendarunt
3062 4564 3392 4636 synodorum
3419 4581 3489 4622 ex
3518 4567 3638 4623 aliis
3665 4563 3810 4620 etiam

2241 4633 2529 4707 provinciis
2575 4631 2895 4700 Gallicanis,
2941 4631 3133 4704 quibus
3162 4636 3496 4692 Arelatensis
3541 4638 3814 4707 episcopus

2237 4703 2453 4778 proprio
2479 4703 2599 4772 jure
2618 4720 2723 4778 non
2749 4703 2994 4778 praeerat,
3018 4707 3355 4762 referendum
3379 4722 3525 4778 esse,
3553 4703 3684 4763 satis
3706 4703 3812 4772 pro-

2235 4771 2490 4849 babilitg"
2510 4771 2836 4849 conjeciruus
2859 4775 2912 4828 in
2944 4776 3161 4849 observ.
3188 4789 3328 4845 part.
3361 4793 3419 4843 ιι,
3446 4771 3584 4849 ο.’6,
3614 4796 3672 4835 n.
3700 4771 3750 4834 8.

2307 4846 2324 4917 (
2341 4844 2405 4915 ε)
2435 4844 2600 4918 ξιξοῳε
2632 4845 2718 4918 hic
2741 4847 3104 4918 paragrapbus
3137 4844 3322 4916 purum
3358 4858 3548 4918 putum
3571 4844 3664 4906 est
3687 4864 3819 4905 som-

2235 4913 2400 4992 pium.
2433 4915 2589 4992 Nullo
2633 4913 2778 4992 enim
2828 4913 3150 4974 ducuinento
3195 4913 3411 4992 probari
3460 4923 3696 4992 poterit,
3741 4920 3817 4974 vel

2232 4985 2466 5040 Leonem
2500 4987 2830 5042 imminutam
2855 4998 3169 5058 peroptasse
3195 4985 3344 5046 Sedis
3371 4985 3708 5047 Arelatensis
3727 5007 3813 5047 au-

2231 5059 2531 5134 ctoritatem
2554 5098 2568 5121 ,
2598 5073 2701 5126 qua
2726 5059 2844 5127 jure
2879 5059 3172 5134 fruebatur,
3205 5062 3291 5116 vel
3328 5059 3513 5134 Gziilos
3543 5064 3819 5134 episcopos

2230 5128 2501 5197 quidpiam
2544 5138 2786 5202 tentasse
2811 5132 3207 5202 contrajipsius
3248 5132 3521 5202 pontificis
3562 5128 3818 5189 constitu-

2231 5205 2458 5263 tionem,
2489 5214 2590 5268 qua
2615 5201 2819 5268 punivit
2858 5200 3144 5267 Hilarium,
3185 5200 3260 5257 ita
3288 5213 3348 5258 ut
3375 5219 3442 5260 ex
3473 5205 3670 5260 horum
3702 5218 3820 5259 con-

2231 5270 2525 5345 Spiratione
2580 5281 2826 5345 metuens
2853 5311 2868 5337 ,
2899 5275 2974 5345 Ain
3007 5273 3353 5345 difficillimis
3399 5275 3521 5343 ejus
3566 5273 3818 5345 temporis

2229 5340 3138 5417 circumstantiisdissimulandum,
3165 5355 3218 5399 et
3245 5340 3580 5402 Arelatensis
3601 5340 3819 5417 privile~

2226 5413 2308 5479 gia
2343 5413 2394 5466 in
2420 5412 2698 5467 Raveonio
2727 5416 3089 5469 confirmanda
3140 5417 3430 5483 putaverit.
3473 5412 3651 5472 ἰωωό
3690 5415 3822 5472 adeo

2227 5497 2441 5552 seraper
2471 5483 2802 5557 S._pontifex
2845 5485 2959 5557 llaec
3002 5487 3276 5557 privilegia
3321 5487 3567 5543 imminui
3615 5489 3818 5553 noluit,

2229 5563 2422 5628 utcum
2457 5557 2507 5609 in
2542 5554 2797 5609 Hilarium
2827 5556 3092 5624 decrevit,
3123 5554 3292 5612 solam
3329 5559 3500 5628 ipsius
3527 5571 3822 5628 personam

2225 5622 2414 5700 iisdem
2453 5641 2655 5700 exuens
2673 5667 2690 5694 ,
2727 5643 2786 5682 ea
2799 5622 3227 5700 successoribus
3256 5622 3376 5700 ejus
3399 5622 3606 5700 servari
3631 5632 3824 5687 volue-

2223 5695 2532 5824 Enosnfer
2553 5709 2667 5753 not.
2694 5701 2727 5754 5
2754 5697 2984 5770 (Supra,
3011 5700 3116 5755 col.
3144 5695 3354 5767 459,}s.
3379 5697 3662 5773 ﬂint”.
3687 5715 3830 5774 pta-
