3984 6306
213 312 314 373 861
861 309 1164 369 DISSERT.
1214 310 1269 365 γ.
1314 308 1654 368 APOLOGIA
1699 309 1834 367 Plio
1872 311 1929 367 S.
1972 308 2250 366 illLARlO
2290 308 2744 368 ARELATENSI.

252 426 579 485 rai'udicinm
621 432 819 482 tentata
849 424 1185 481 dissimulare
1206 466 1219 491 ,
1261 440 1417 492 quam
1460 423 1789 480 Gallicanam
1820 426 1872 486 Α
1897 439 2043 487 rum,
2078 422 2279 491 inquit,
2307 426 2374 477 ad
2407 427 2662 495 judicium
2693 422 2912 483 Romani
2945 423 3191 481 antistitis
3220 436 3482 495 evocatus,

211 442 506 557 Emit-siam
532 498 725 553 habere
747 508 1126 557 repugnantem
1151 507 1202 551 et
1226 496 1510 551 infensam.
1538 496 1641 551 Sed
1666 511 1787 550 eum
1897 497 2065 547 venire
2096 492 2390 557 neglexerit,
2424 513 2514 557 per
2551 498 2917 549 moderatorem
2947 492 3173 557 ejusdem
3206 495 3482 557 provincia

260 516 288 555 C

293 496 506 553 cit-siam
532 498 725 553 habere
747 508 1126 568 repugnantem
1151 507 1202 551 et
1226 496 1510 551 infensam.
1538 496 1641 551 Sed
1666 511 1787 550 eum

212 572 511 644 praesertim
546 572 809 644 mitiorem
842 581 999 644 atque
1040 568 1102 622 ad
1144 568 1592 644 dissimulandum
1639 569 1785 644 incli-

211 638 471 698 natioretn
502 641 795 697 reddebant
824 641 991 694 exorti
1021 655 1124 693 non
1152 641 1220 694 ita
1254 640 1459 708 pridem
1490 638 1788 694 Orientales

211 716 467 767 ttnnnltus
496 715 776 767 occasione
799 727 947 766 nova:
972 711 1190 767 haeresis
1220 711 1598 781 Eutycbian:e,
1628 711 1783 783 797

208 796 263 839 et
304 785 561 840 infaustus
607 783 998 855 pseudosynodi
1047 783 1329 851 Ephesius:
1378 798 1692 855 successus,
1722 788 1787 855 in

208 871 310 925 qna
356 870 440 911 res
482 856 733 910 Ecclesiae
766 854 1147 922 peSsumdatae,
1196 855 1583 922 imminutaque
1609 854 1788 909 debita

207 928 324 981 sedi
355 926 659 996 apostolicae
688 927 1013 991 reverentia,
1042 925 1219 996 occiso
1244 926 1500 980 Flaviano
1529 926 1790 979 Constan-

210 995 561 1070 t_inop0litano
589 998 869 1070 episcopo,
903 997 1162 1070 depositis
1187 995 1393 1070 Domno
1422 996 1787 1070 Antioclieno,

209 1066 438 1141 Enscbio
464 1066 695 1141 Dorylici
714 1113 726 1133 ,
760 1068 1097 1141 Theodoreti)
1124 1066 1281 1138 Cyri,
1310 1076 1365 1121 et
1388 1067 1507 1141 aliis
1535 1067 1791 1141 Romamn

208 1140 319 1194 sedi
352 1138 591 1194 addictis
609 1140 900 1209 episcopis;
951 1139 1205 1191 Dioscoro
1249 1152 1381 1192 vero
1426 1138 1791 1209 Alexandrino

207 1213 386 1263 omnia
416 1226 511 1280 per
539 1208 653 1264 vim
675 1218 895 1279 agente,
938 1220 990 1262 et
1030 1209 1094 1280 ad
1136 1210 1296 1280 totius
1339 1208 1592 1280 Ecclesiae
1621 1208 1793 1261 domi-

208 1294 389 1350 natum
422 1278 631 1350 magnis
662 1281 907 1350 passibus
931 1278 1201 1350 tendente,
1229 1278 1792 1350 'l‘beodosioiAugusto

206 1345 419 1404 favente
453 1345 715 1421 Eutychi,
762 1350 982 1421 rejectis
1028 1348 1220 1421 Letniis
1266 1348 1504 1421 litteris,
1538 1345 1793 1405 Romanis

207 1427 441 1491 denique
474 1419 663 1489 legatis
687 1419 901 1487 indigna
936 1419 1127 1491 passis,
1156 1420 1464 1491 coactisque
1486 1420 1606 1490 fuga
1635 1421 1793 1476 saluti

206 1488 514 1546 consulere.
537 1488 747 1545 Merito
770 1491 929 1557 igitur
952 1489 1125 1543 titnuit
1154 1488 1263 1545 Leo
1288 1488 1389 1556 ne,
1416 1492 1458 1544 si
1490 1488 1792 1547 Gallicanos

206 1560 498 1631 episcopos
524 1561 775 1613 iratiores
797 1561 1211 1631 redderetsedis
1236 1560 1563 1615 Arelatensis
1582 1562 1790 1631 depres-

205 1628 395 1691 sione,
430 1631 651 1685 eosdem
682 1631 935 1685 adverSos
981 1628 1247 1700 pateretur
1274 1631 1327 1684 in
1365 1646 1426 1685 ea
1460 1647 1577 1698 qua:
1602 1628 1787 1687 contra

206 1700 519 1771 prientales
550 1703 831 1769 parabatur
858 1717 1048 1771 pugna.
1084 1702 1268 1755 Certus
1292 1701 1451 1755 etiam
1472 1711 1635 1757 erata
1659 1705 1783 1758 Gal-

207 1767 403 1842 licanis
455 1767 719 1841 episcopis
770 1767 1285 1842 aagre'divellendos
1328 1786 1451 1827 esse
1488 1772 1784 1830 vicinarum

206 1840 499 1915 regionum
528 1840 833 1915 antistites;
868 1840 1152 1915 Britannos
1179 1841 1408 1909 scilicet,
1440 1844 1704 1915 Hispanos
1734 1856 1788 1901 et

244 1910 297 1984 ui
333 1918 408 1964 ex‘
447 1912 644 1984 Italica
676 1913 892 1966 dimcesi
933 1912 1118 1966 Galliis
1162 1924 1310 1967 erant
1356 1910 1781 1984 propiriquiores.

249 1995 359 2045 acc,
389 1997 511 2055 meo
534 1982 954 2055 judicio,_causa
989 1991 1107 2055 erat
1127 1997 1224 2038 cur
1246 1984 1438 2051 placari
1460 1982 1521 2040 se
1547 1982 1789 2055 permisit

192 2062 421 2126 sanctus
451 2052 580 2121 Leo,
607 2064 658 2109 et
691 2054 743 2107 in
774 2052 1107 2109 Ravenniutn
1138 2064 1465 2126 crateresque
1494 2052 1787 2117 Galliarum

191 2122 483 2194 episc0pos
516 2126 919 2194 prepensiorem
946 2125 1117 2180 reddi.
1382 2122 1394 2126 “
1656 2180 1657 2187 η

264 2193 491 2249 Interim
521 2193 655 2249 nata
687 2206 768 2251 est
805 2197 1020 2251 occasio
1046 2210 1110 2250 es
1142 2212 1246 2266 qua
1274 2212 1454 2252 rerum
1486 2210 1655 2254 status
1683 2202 1785 2256 ali-

187 2279 359 2389 φησι
390 2265 816 2322 immutationem
848 2282 1035 2337 passus
1060 2265 1170 2322 est;
1187 2266 1318 2322 Cum
1343 2271 1486 2324 enim
1510 2274 1787 2341 Auspicius

241 2340 519 2389 asensium
556 2341 606 2389 itt
647 2338 924 2389 provincia
956 2338 1243 2389 Viennensi
1284 2342 1567 2389 enisconns
1592 2358 1655 2389 ex
1690 2343 1787 2389 han

241 2340 519 2411 asensium
556 2341 606 2411 in
647 2338 924 2411 provincia
956 2338 1243 2411 Viennensi
1284 2342 1567 2411 episcopus
1592 2338 1657 2398 ex
1688 2343 1788 2401 bac

188 2409 304 2462 vita
355 2408 421 2463 ad
454 2408 748 2483 meliorem
798 2409 1170 2483 discessisset,
1218 2408 1524 2467 Ravennius
1562 2430 1659 2483 pro
1690 2431 1787 2471 suo

190 2480 605 2550 metropolitani
664 2482 787 2549 jure
848 2483 900 2534 in
961 2482 1273 2537 decedentis
1318 2483 1490 2538 locum
1538 2480 1785 2541 ordinare

189 2551 454 2623 alterum,
487 2552 771 2623 Fonteium
802 2552 1044 2617 nomine,
1074 2568 1356 2623 aggressus
1381 2566 1481 2622 est,
1510 2566 1563 2611 et
1592 2572 1783 2613 revera

189 2622 495 2700 ordinavit.
524 2622 824 2700 Egerrime
851 2623 953 2700 hoc
985 2622 1447 2700 tulitViennensis
1472 2628 1780 2700 episcopus,

188 2695 286 2776 qui
322 2697 629 2776 provinciae
652 2694 1341 2776 orditiationem_tatn_quam
1386 2698 1487 2752 sibi
1509 2694 1569 2776 et
1595 2694 1784 2776 ex:anl

189 2764 351 2835 tique
384 2764 506 2834 jure
548 2767 798 2832 debitam,
832 2776 886 2821 et
918 2767 1124 2822 novella
1166 2764 1360 2822 Leonis
1400 2772 1782 2827 constitutione

190 2851 513 2910 concessam
563 2838 910 2903 vindicabat;
951 2838 1297 2908 quamobrem
1346 2841 1661 2910 legationem
1714 2843 1781 2897 ad

190 2906 505 2982 Romanum
554 2911 855 2982 pontilicetn
904 2906 1174 2977 destinat,
1240 2906 1549 2982 litterasque
1597 2914 1783 2969 scribit

192 2980 394 3051 quibus
425 2980 491 3034 de
521 2990 765 3048 usurpata
805 2981 871 3034 ab
904 2982 1202 3035 Arelatensi
1241 2980 1494 3051 episcopo
1532 2984 1782 3039 Vasensis

191 3050 442 3121 episcopi
470 3052 805 3106 ordinatione
826 3063 1152 3121 conquestus
1173 3065 1272 3105 eSt.
1301 3053 1411 3107 Hoc
1428 3050 1491 3107 fut
1520 3054 1784 3111 rescivere

191 3124 441 3192 episcOpi
474 3121 754 3187 Gallicani,
785 3138 815 3176 e
841 3138 910 3195 re
932 3137 1025 3176 sua
1058 3132 1377 3195 putaverunt
1422 3139 1541 3179 esse
1582 3125 1783 3195 legatos

3375 308 3487 369 ιω

1897 497 2065 547 venire
2096 492 2514 564 neglereritfper
2551 498 2917 549 moderatorem
2947 492 3173 565 ejusdem
3206 492 3482 563 procincti

1895 566 2072 620 adesse
2121 576 2363 636 cogatur;
2402 568 2516 622 sive
2564 570 2683 635 quia
2731 570 2799 622 ita
2855 582 3030 621 causae
3078 581 3190 621 sua:
3238 570 3481 636 :rquitati

1895 636 2255 701 conﬁdebant,
2286 647 2343 691 ut
2367 637 2499 692 nihil
2532 653 2709 692 eorum
2739 653 2857 707 qua:
2885 639 3221 708 postmodum
3243 654 3273 696 a
3298 636 3478 701 Leone

1896 709 2111 764 decreta
2149 719 2271 762 sunt
2311 708 2601 763 timerent:
2642 710 2915 764 videbatur
2950 709 3089 769 enim
3133 718 3187 767 et
3217 712 3329 769 inse
3363 728 3477 769 rem

1894 795 1993 834 suo
2036 794 2304 834 consensu
2354 782 2404 834 in
2438 780 2699 834 Ravennii
2730 781 3063 836 ordinatione
3109 780 3349 838 exhibito
3383 783 3479 839 ab-

1893 852 2142 914 solvisse,
2176 850 2325 919 cujus
2355 866 2474 905 eam
2515 851 2585 905 ob
2632 865 2846 905 causam
2890 850 3163 918 splendide
3208 855 3473 911 memine-

1894 931 2021 977 runt
2050 924 2102 976 in
2134 922 2311 976 fronte
2356 923 2437 975 sui
2469 921 2663 986 libelli,
2697 931 2753 977 ut
2780 921 2829 979 ei
2862 924 3248 980 retractationis
3297 925 3473 983 locum

1895 1006 2003 1048 non
2032 1009 2153 1049 esse
2179 1002 2546 1062 suggererent.

1968 1064 2236 1132 Quidquid
2266 1066 2353 1127 sit,
2384 1066 2586 1119 directa
2636 1072 2719 1119 est
2757 1062 2951 1132 legatio
2980 1078 3133 1134 quam
3174 1066 3476 1126 obeundum

1897 1144 2251 1216 susceperunt
2290 1135 2574 1216 Petronius
2612 1136 2894 1216 presbyter
2931 1133 3252 1216 etliegttlus
3284 1138 3478 1216 diaco-

1899 1220 2022 1263 nus.
2070 1206 2218 1260 Hanc
2261 1207 2685 1275 acceptissimam
2718 1204 2881 1261 fuisse
2912 1214 3095 1260 sancto
3134 1204 3297 1261 Leoni
3329 1209 3479 1267 dubi-

1900 1284 2017 1331 tare
2045 1293 2149 1330 non
2175 1288 2351 1347 potest
2372 1281 2459 1346 qui
2491 1278 2640 1331 novit
2669 1291 2827 1345 quam
2857 1292 2995 1344 aegre
3022 1277 3201 1347 tulerit
3227 1276 3478 1337 llilarinm

1898 1348 2044 1417 sedis
2067 1350 2371 1416 apostolicre
2388 1348 2645 1417 judicium
2673 1354 2814 1402 tanta
2840 1346 3139 1403 constantia
3162 1347 3478 1405 declinasse.

1899 1416 2229 1487 lnsperatam
2275 1416 2403 1487 ergo
2454 1420 2774 1487 legationem
2828 1420 3046 1472 etultro
3094 1418 3332 1473 delatum
3380 1421 3479 1479 sibi

1897 1488 1967 1543 de
2008 1492 2234 1557 primatu
2275 1489 2552 1545 Gallicano
2592 1489 2658 1543 ab
2700 1499 2925 1557 utroque
2954 1488 3194 1559 litigante
3217 1488 3481 1558 judicium

1894 1570 2168 1630 gratanter
2209 1562 2463 1630 suscepit.
2493 1560 2739 1615 Nondum
2780 1562 2922 1615 enim
2952 1573 2981 1614 a
3014 1559 3230 1615 fundata
3277 1562 3329 1617 in
3360 1560 3485 1621 Gal-

1896 1629 1982 1683 liis
2025 1633 2129 1685 title
2172 1642 2225 1685 et
2266 1629 2477 1686 condita
2506 1631 2787 1699 disciplina
2833 1641 2938 1684 tam
2968 1642 3265 1699 opportuna
3294 1648 3483 1690 occur-

1895 1710 2044 1775 rerat
2090 1703 2301 1757 occasio
2346 1719 2445 1773 qua
2498 1701 2955 1775 Romanmmsedis
3000 1704 3294 1757 auctoritas
3338 1706 3480 1775 apud

1819 1805 1867 1867 Β
1892 1770 2115 1867 9.319%:
2126 1770 2501 1867 enituisse.
2513 1773 2657 1867 ie“.
2674 1770 3479 1867 Recitaeenreeﬁeefe-

1892 1844 2291 1914 vitantibusque
2323 1847 2609 1913 episcopis.
2640 1844 2810 1900 Litem
2841 1854 3019 1898 autem
3051 1861 3115 1900 eo
3147 1846 3305 1902 modo
3327 1861 3474 1902 com-

1891 1917 2090 1984 posuit,
2121 1932 2279 1986 quem
2307 1917 2528 1985 epistola
2555 1918 2670 1984 ejus
2692 1915 2758 1971 ad
2792 1916 3158 1986 novenidecitn
3182 1916 3477 1975 Galliarum

1890 1984 2173 2057 episcopos
2216 1984 2413 2057 scripta
2456 1988 2737 2049 edisserit.
2778 1984 3053 2057 attributis
3084 1988 3290 2045 scilicet
3315 1987 3477 2047 Vien-

1892 2055 2043 2113 nensi
2081 2055 2344 2128 episcopo
2382 2068 2612 2129 quatuor
2653 2055 2963 2129 civitatibus
3002 2058 3195 2126 quibus
3226 2060 3481 2129 praeside-

1890 2138 2002 2195 ret,
2050 2131 2101 2185 id
2128 2127 2209 2185 est
2240 2127 2514 2194 Valentia,
2548 2130 2890 2192 Tarantasia,
2923 2127 3138 2185 Geneva
3181 2127 3235 2185 et
3265 2130 3477 2189 Gratia-

1891 2202 2070 2275 nopoli
2117 2203 2222 2274 (s.
2277 2200 2459 2275 Leonis
2505 2202 2653 2275 epist.
2706 2202 2810 2266 66.
2862 2202 2931 2256 ad
2978 2202 3135 2275 enim
3182 2199 3476 2275 Galliam);

1891 2271 1961 2325 ita
2005 2281 2061 2326 ut
2098 2271 2217 2327 cum
2264 2273 2345 2327 his
2390 2275 2501 2343 ipsa
2548 2273 2754 2330 Vienna
2792 2282 2938 2329 esset
2976 2274 3160 2343 quinta
3202 2274 3267 2329 ad
3318 2271 3471 2343 cujus

1890 2344 2196 2413 episcopum
2240 2344 2480 2399 omnium
2519 2345 2894 2413 prredictarum
2929 2343 3290 2401 Ecclesiarum
3326 2343 3476 2403 solli-

1888 2416 2073 2469 citudo
2122 2417 2445 2484 pertineret,
2499 2416 2717 2485 reliqua:
2767 2432 2895 2472 vero
2940 2418 3187 2473 civitates
3231 2416 3472 2486 ejusdem

1891 2488 2179 2555 provincia:
2223 2489 2324 2542 sub
2367 2488 2693 2543 Arelatensis
2745 2488 3003 2544 antistitis
3048 2488 3369 2545 auctoritate
3423 2500 3478 2546 et

1886 2557 2224 2631 ordinatione
2262 2561 2570 2613 constituta:
2600 2568 2745 2620 sunt.
2792 2569 2843 2614 et
2875 2560 2945 2613 ita
2976 2575 3165 2631 magna
3200 2559 3286 2615 illa
3313 2559 3473 2619 Vien-

1886 2630 2070 2685 nensis
2110 2632 2404 2699 provincia,
2444 2646 2561 2700 qua:
2592 2640 2699 2685 tam
2728 2631 2997 2687 diuturnae
3024 2630 3162 2687 inter
3190 2640 3476 2700 utrumque

1884 2702 2194 2771 episcopum
2232 2703 2338 2757 litis
2371 2701 2543 2757 fuerat
2573 2705 2847 2767 materies,
2879 2701 3076 2758 Leonis
3116 2702 3286 2758 nostri
3314 2701 3476 2760 veluti

1885 2774 2344 2845 n_ovi_Salomonis
2386 2783 2653 2843 praecepto
2695 2773 2870 2829 divisa
2913 2782 2994 2828 est
3040 2775 3091 2829 itt
3127 2775 3264 2829 duas
3292 2785 3476 2845 partes

1884 2842 1975 2967 (lli!
2009 2843 2135 2926 iieg.
2167 2847 2270 2915 ιιι),
2304 2842 2424 2898 data
2454 2845 2670 2898 dimidia
2694 2855 2845 2913 parte
2873 2845 2961 2899 uni
2984 2854 3039 2899 et
3066 2842 3468 2918 dimidia—parte

1884 2927 1913 2966 a
1959 2930 2056 2967 ert.

1883 2925 2056 2967 atteri.

1960 2987 2067 3061 ljjtsi
2120 3000 2285 3053 porro
2333 2985 2558 3061 multum
2602 2984 2814 3061 videtur
2860 2985 3189 3061 Arelagnsis
3238 2991 3479 3061 episcopi

1882 3054 1988 3122 juri
2015 3056 2313 3108 detractum
2348 3056 2447 3107 hac
2477 3054 2673 3109 Leonis
2700 3054 2987 3119 sententia,
3017 3056 3179 3124 799
3206 3054 3474 3119 re'tame'n

1888 3124 2197 3198 diligentius
2227 3126 2531 3198 examinata
2560 3134 2787 3198 apparet
2809 3124 3044 3179 Leonem
3088 3124 3231 3198 illius
3257 3132 3473 3198 privile-

192 3184 416 3262 qitoqué
456 3208 552 3248 suo
593 3184 805 3249 nomine
851 3193 916 3247 ad
960 3184 1265 3261 pon'titicem
1312 3195 1543 3259 mittere,
1590 3184 1778 3265 et'epi‘
1812 3184 1859 3247 C
1888 3184 2030 3258 aiunt
2059 3196 2253 3265 jusque
2282 3197 2560 3265 antiquum
2596 3184 2883 3265 agnovisse
2910 3210 2975 3251 ac
3004 3184 3357 3258 conﬁrmasse
3380 3184 3478 3263 ei-

192 3266 397 3318 stolam
440 3266 493 3319 in
540 3265 793 3334 supplicis
835 3264 998 3319 libelli
1038 3265 1256 3318 modum
1294 3280 1537 3331 exarare,
1574 3282 1677 3335 qua
1705 3264 1782 3320 di-

231 3338 419 3391 nitatis
442 3337 772 3391 Arelatensis
802 3335 1051 3408 Ecclesia:
1074 3335 1421 3390 fundamenta
1443 3340 1786 3408 rationesque

231 3349 419 3391 nutans
442 3349 772 3391 aretatenSts
802 3349 1051 3391 Lcctesue
1074 3349 1421 3390 tunaamenta
1443 3349 1784 3408 rationesque

190 3349 373 3479 {coni
416 3416 865 3479 proponerentur,
907 3422 974 3461 ne
1006 3407 1321 3462 Viennensis
1363 3410 1599 3478 episcopi
1629 3411 1784 3479 legati

194 3477 385 3532 fucum
432 3480 481 3532 ci
519 3477 779 3544 iacerent,
811 3489 864 3533 et
891 3489 1269 3547 extorquerent
1302 3477 1619 3534 sententiain
1649 3477 1780 3535 Are-

194 3549 423 3603 latensis
460 3549 671 3620 juribus
702 3551 1044 3604 contrariam.
1071 3550 1149 3603 Ad
1183 3551 1321 3603 ltunc
1350 3551 1586 3605 libellum
1618 3554 1785 3606 conli-

194 3620 452 3675 ciendnm
481 3631 846 3676 convenerunt
873 3622 1107 3690 episcopi
1132 3621 1462 3676 diversarum
1490 3624 1785 3691 provincia-

193 3706 319 3746 rum
352 3708 580 3746 nutnero
606 3695 788 3747 decem
820 3702 875 3747 et
902 3708 1090 3747 novem
1120 3692 1363 3763 (totidem
1390 3695 1531 3749 enim
1564 3706 1686 3749 sunt
1716 3695 1783 3750 ad

194 3777 440 3835 quosrea
483 3763 551 3818 de
590 3780 648 3817 re
688 3764 1153 3835 Leogrescripsit),
1202 3765 1455 3835 illumque
1499 3769 1784 3823 occasione

193 3832 485 3904 legationis
525 3834 845 3890 Viennensis
895 3832 1123 3889 misSutn'
1160 3849 1280 3889 esse
1330 3832 1475 3905 patet
1513 3852 1580 3892 ex
1615 3838 1783 3893 libelli

194 3905 380 3979 verbis
427 3907 519 3979 ubi
570 3908 742 3977 arguit
776 3906 1130 3961 Viennensem
1181 3906 1474 3979 civitatem,
1526 3925 1662 3979 quw,
1704 3911 1786 3964 in-

195 3977 336 4045 quit,
370 3978 463 4030 sibi
494 3994 631 4031 nunc
659 3980 984 4047 impudenter
1013 3994 1072 4030 ac
1102 3978 1391 4035 notabiliter
1420 3977 1670 4049 primatus
1698 3997 1785 4036 ea:-

192 4050 361 4117 poscit
383 4049 652 4104 indebitus.

264 4122 355 4175 An
384 4121 547 4175 rebus
572 4122 680 4175 suis
706 4136 767 4176 ea
800 4121 1061 4192 legatione
1092 4120 1230 4177 bene
1254 4123 1625 4178 consuluerint
1654 4124 1784 4178 Gal-

194 4188 358 4245 licani
400 4192 689 4253 antistites.
730 4188 957 4246 aliorum
996 4201 1112 4247 esto
1146 4194 1426 4259 judicium.
1456 4194 1615 4249 Certe
1653 4209 1788 4249 non-

192 4261 336 4317 nihil
362 4263 440 4335 (a)
469 4279 568 4317 suo
592 4264 699 4335 juri
726 4264 1023 4328 detraxisse
1053 4264 1154 4316 visi
1184 4274 1308 4318 sunt
1338 4280 1459 4319 cum
1489 4280 1601 4319 rem
1635 4274 1785 4319 extra

192 4334 623 4405 controversiam
666 4334 890 4404 positam
937 4335 1019 4390 vel
1064 4349 1129 4389 ex
1162 4335 1279 4389 solo
1307 4350 1595 4400 consensu,
1627 4352 1786 4405 quem

190 4402 309 4460 Leo
360 4406 584 4461 dederat
631 4402 951 4461 ordinationi
1002 4406 1262 4460 Ravennii
1311 4406 1427 4461 sine
1472 4402 1786 4462 auctoritate

191 4475 367 4550 798
400 4476 718 4550 Viennensis
761 4478 995 4547 episc0pi
1027 4476 1203 4546 factte,
1252 4493 1438 4532 rursus
1468 4476 1534 4532 ad
1559 4493 1785 4550 ertanien

1888 3266 2010 3321 dem
2042 3267 2287 3335 epistola.

1964 3339 2197 3416 Primum
2230 3337 2371 3416 enim
2406 3337 2536 3392 nihil
2567 3347 2650 3416 est
2676 3340 2728 3393 in
2770 3354 2875 3416 quo
2915 3339 3109 3416 saltem
3153 3357 3260 3416 non
3299 3359 3478 3416 manet

1889 3410 2255 3463 Arelatensem
2298 3410 2618 3475 Viennensi,
2664 3420 2755 3465 aut
2795 3411 2846 3466 in
2886 3427 2993 3480 quo
3042 3414 3339 3473 Arelatensi
3365 3410 3477 3477 ’διι-

1889 3481 2552 3559 teptinat_\_liennen_sem;
2587 3482 2803 3559 eisdem
2861 3486 3002 3559 enim
3038 3499 3343 3559 __00tlllntllte
3388 3492 3477 3559 jus

1887 3554 2081 3632 asserit
2112 3551 2279 3632 inisse
2322 3553 2423 3607 sub
2455 3554 2702 3632 gentibus
2727 3555 2906 3632 quoad
2948 3554 3158 3632 civilem
3210 3551 3478 3632 praeroga-

1886 3623 2069 3677 tivam.
2112 3624 2314 3679 Deinde
2339 3626 2513 3695 quoad
2539 3623 2989 3698 ecclesiasticam,
3020 3627 3097 3684 ait
3122 3623 3476 3698 quarumdam

1886 3710 2165 3749 causarum
2197 3701 2398 3751 alterna
2450 3697 2658 3752 ratione
2700 3714 2843 3753 nunc
2884 3698 3029 3753 illam
3061 3697 3205 3756 nunc
3234 3704 3388 3761 ictam
3418 3705 3475 3762 in

1887 3767 2617 3842 ecclesiasticisprivilegiis
2667 3768 3051 3837 praecelluisse,
3095 3771 3254 3842 idque
3287 3787 3475 3832 notum

1888 3839 2222 3893 consideratis
2248 3839 2926 3910 allegationibusutriusque
2950 3843 3113 3909 partis
3145 3839 3473 3909 praemium

1886 3910 2189 3964 clericorum
2222 3910 2417 3979 (Epist.
2446 3911 2515 3965 66
2540 3910 2601 3965 S.
2629 3909 2859 3980 Leonis).
2888 3911 2994 3966 Sed
3027 3926 3281 3982 quantum
3314 3917 3476 3973 fuerit

1889 3983 2066 4047 potius
2101 3981 2170 4035 de
2202 3983 2531 4037 Arelatensis
2568 3982 2688 4052 jure
2728 3981 3054 4051 persuasus,
3084 3994 3227 4051 patet
3267 4002 3336 4041 ex
3375 4003 3472 4045 se-

1887 4052 2197 4121 quentibus.
2227 4052 2359 4106 Nam

1956 4124 2012 4175 2.
2054 4123 2303 4177 Testatur
2358 4124 2413 4177 S.
2467 4123 2578 4178 Leo
2622 4122 2763 4177 istud
2813 4122 3162 4178 decesserant
3211 4125 3455 4184 Ravenui

1886 4194 2066 4246 merita
2106 4194 2277 4265 nimim
2315 4194 2726 4265 praesumptionis
2770 4194 3034 4265 aiuisisse;
3070 4209 3176 4265 non
3218 4196 3380 4263 igitur
3407 4214 3474 4255 ea

1890 4272 2154 4334 potestate
2196 4262 2325 4318 ideo
2356 4266 2599 4333 privatus
2627 4262 2895 4329 Hilarius,
2940 4265 3066 4333 quia
3090 4262 3267 4320 aliena
3294 4278 3351 4324 et
3378 4284 3478 4340 per

1890 4335 2039 4388 nefas
2067 4344 2296 4388 arrepta.

1889 4344 2039 4390 nefas
2067 4344 2296 4390 arrepta.

1960 4348 2039 4461 iis
2060 4348 2296 4459 iiisri‘iiiigt'
2340 4405 2481 4461 idem
2522 4404 2762 4475 pontifex
2798 4405 2867 4462 ad
2907 4406 3044 4463 lianc
3082 4410 3472 4469 meetiomicam

1890 4478 2178 4546 provinciae
2214 4478 2553 4545 partitionem
2585 4492 2643 4533 se
2672 4478 2961 4533 adductum
2991 4493 3113 4536 esse
3145 4490 3204 4535 ut
3230 4484 3471 4542 omnium

192 4548 391 4639 Iocari
412 4548 551 4603 ultro
574 4552 861 4639 petiejr'unt,
881 4560 934 4603 et
957 4550 1145 4639 ipsi'ad
1169 4564 1384 4603 causam
1408 4564 1591 4639 coram
1606 4548 1782 4605 Leone
1810 4577 1864 4639 Β
1890 4548 2285 4631 Gallicanorum
2327 4548 2626 4632 antistitum
2665 4551 2889 4633 gratiam
2920 4550 3036 4639 ‘sibi
3079 4564 3345 4622 servaret,
3374 4572 3477 4617 nu-

192 4616 485 4673 dicendam
530 4616 656 4675 suos
700 4616 1014 4675 direxerant
1060 4621 1259 4689 legatos
1289 4637 1407 4675 cum
1447 4621 1631 4677 libello
1657 4637 1783 4691 sup-

191 4691 322 4759 plici
375 4693 691 4763 ueterisque
745 4693 980 4762 litigandi
1030 4692 1422 4747 instrumentis.
1472 4692 1779 4749 Cautioretu

191 4763 426 4834 omnino
454 4778 510 4815 se
544 4762 841 4832 praebuerat
874 4764 1121 4829 Hilarius,
1148 4765 1237 4833 qui
1261 4764 1485 4819 Romam
1511 4767 1781 4834 ingressus

191 4830 367 4888 Leoni
423 4830 593 4907 palam
640 4834 973 4889 denuntiavit
1018 4852 1074 4889 se
1122 4830 1496 4907 suggestionem
1544 4830 1777 4904 deferre,

189 4920 303 4959 non
354 4906 650 4974 supplicem
692 4907 953 4971 libellum;
995 4921 1053 4961 se
1093 4907 1159 4959 ad
1192 4906 1380 4976 Ofﬁcia,
1414 4924 1514 4960 non
1558 4909 1625 4960 ad
1661 4925 1783 4961 cau-

191 4993 307 5030 sam
341 4976 561 5043 uenisse;
619 4980 931 5049 protestandi
962 4976 1168 5049 Ordine,
1202 4994 1307 5049 non,
1342 4979 1638 5044 accusandi,
1668 4995 1780 5049 quae

186 5060 309 5103 acta
333 5059 481 5103 erant
504 5048 803 5119 suggerere;
841 5063 902 5104 se
925 5048 1150 5118 denique
1171 5048 1314 5103 aliud
1336 5048 1468 5104 nibil
1490 5048 1782 5119 deposcere

187 5136 363 5190 quam
415 5129 469 5173 ut
495 5119 844 5174 Ecclesiarum
888 5130 1071 5174 statum
1120 5136 1259 5175 more
1298 5121 1449 5175 solito
1495 5121 1778 5175 ordinaret.

186 5191 324 5246 lbec
372 5194 518 5247 enim
564 5190 752 5263 eadem
798 5193 913 5261 pari
958 5192 1204 5261 tequitatc
1241 5193 1467 5261 proferri
1514 5204 1781 5263 peierarit.

186 5263 303 5316 Sed
350 5263 509 5335 aliter
548 5262 817 5335 agendum
843 5263 941 5317 sibi
968 5277 1090 5318 esse
1131 5262 1782 5335 egistimarunt’episcopi

186 5335 291 5397 illi,
326 5334 443 5389 sive
474 5335 595 5405 quia
625 5334 989 5404 praevidebant
1015 5350 1072 5389 se
1112 5348 1142 5388 a
1182 5334 1360 5391 Leone
1407 5337 1693 5401 vocandus,
1729 5344 1786 5391 ut

182 5420 387 5459 Coram
438 5420 496 5459 se
546 5407 613 5459 de
650 5406 876 5475 primatu
908 5405 1227 5461 Viennensis
1268 5407 1553 5475 provincia:
1592 5408 1783 5463 decer-

185 5486 380 5531 tantes
417 5476 695 5546 utriusque
735 5478 899 5545 partis
932 5476 1131 5545 legatos
1172 5478 1397 5545 audiret,
1441 5480 1523 5533 cui
1559 5478 1781 5548 parendi

186 5548 585 5602 necessitatem
614 5550 816 5605 l'ecerat
851 5550 1162 5603 constitutio
1202 5550 1494 5617 imperialis
1530 5565 1559 5604 a
1590 5550 1782 5605 Valen-

182 5619 409 5678 tiniano
438 5619 582 5676 edita
617 5620 876 5676 adversus
903 5620 1161 5677 Hilarium
1196 5637 1209 5672 ς
1251 5621 1490 5690 Quisquis
1521 5622 1785 5692 episcOpo-

1888 4622 2146 4689 triretque
2179 4636 2359 4688 pacem
2392 4623 2527 4677 intra
2561 4620 2887 4691 provinciam
2920 4620 3298 4681 Viennensem.

1957 4693 2011 4749 4.
2056 4693 2285 4768 Propter
2317 4692 2575 4768 bonoretn
2606 4698 2752 4750 sedis
2781 4695 3095 4768 apostolicae
3121 4738 3135 4759 ,
3186 4711 3309 4768 qua:
3348 4714 3472 4757 cum

1890 4765 2181 4820 Viennensi
2206 4766 2653 4833 metropoliticam
2678 4775 2994 4835 potestatem
3016 4765 3218 4823 Hilario
3237 4769 3473 4828 ablatam

1885 4836 2303 4896 eontulisset.ad
2329 4838 2556 4905 propria:
2578 4840 2858 4892 sententiae
2887 4840 3261 4893 rescissinnem
3287 4852 3473 4898 coacta

1885 4924 2006 4964 esse
2034 4908 2327 4979 videretur,
2360 4909 2404 4962 si
2429 4907 2747 4964 Viennensis
2775 4911 2994 4965 omnino
3016 4910 3328 4979 metropolis
3349 4927 3474 4969 esse

1886 4980 2179 5035 desineret.
2218 4977 2583 5045 Viennensem,
2627 4982 2834 5050 inquit,
2883 4977 3243 5035 inhonomtdm
3268 4982 3474 5051 penitus

1888 5068 1993 5106 esse
2015 5067 2115 5104 non
2141 5050 2385 5120 patimur,
2416 5053 2699 5120 prasertim
2739 5068 2856 5105 cum
2892 5053 2959 5105 de
2995 5050 3280 5119 receptione
3317 5054 3477 5122 privi-

1886 5124 2003 5193 legii
2030 5124 2466 5193 auctoritate.jam
2488 5130 2674 5177 nostra:
2694 5122 3047 5193 dispositionis
3076 5129 3254 5175 utatur
3276 5137 3295 5175 :
3316 5139 3473 5193 quam

1886 5191 2181 5265 potestatem
2217 5191 2426 5247 Hilario
2468 5194 2693 5248 ablatam
2734 5192 3004 5248 Viennensi
3032 5193 3271 5264 episcopo
3297 5191 3470 5250 credi-

1887 5264 2425 5336 dimttsideputandam
2457 5264 2651 5332 (Epist.
2683 5266 2769 5336 cit.
2784 5267 2822 5334 ).

1960 5338 2014 5390 5.
2057 5332 2407 5404 Ut'episcOpi
2473 5332 2791 5391 Viennensis
2835 5333 3023 5389 honori
3069 5332 3473 5405 quodammodo

1889 5407 2282 5475 consuleretur,
2309 5408 2397 5476 qui
2425 5421 2491 5461 ex
2523 5405 2942 5476 metropolitano
2965 5405 3133 5459 totius
3161 5408 3471 5475 provinciae,

1887 5492 2047 5549 quam
2089 5494 2155 5532 ex
2187 5475 2380 5532 Leonis
2424 5478 2643 5532 decreto
2682 5477 2783 5549 sibi
2823 5475 3140 5549 vindicat-at,
3192 5477 3382 5549 statim,
3417 5478 3475 5534 iu

1890 5544 2195 5605 inferiorem
2228 5550 2604 5619 episcoporum
2634 5547 2877 5619 ordinem
2903 5544 3144 5619 dejectus
3164 5548 3471 5619 esset.Qui,

1890 5622 2092 5692 inquit,
2121 5638 2187 5676 ne
2224 5617 2430 5690 repente
2468 5618 2735 5688 semetipso
2778 5618 2944 5687 factus
2968 5617 3206 5673 uideatur
3231 5618 3473 5689 infertur,

1280 5739 1835 5797 BALLERINIORUM
1860 5738 2409 5797 ANNOTATIONES.

260 5830 360 5898 (a)
398 5830 835 5891 Confutationem
874 5833 1035 5903 huius
1068 5832 1368 5906 praeiudicii
1394 5847 1458 5889 ac
1485 5832 1649 5890 totius
1677 5837 1988 5905 paragraphi
2018 5832 2259 5901 reperies
2288 5836 2343 5887 in
2369 5832 2584 5887 observ.
2608 5835 2750 5899 part.
2774 5843 2816 5895 ι,
2844 5840 2966 5897 cap.
3001 5828 3058 5896 ⁸1.
3091 5844 3245 5888 nun.
3270 5830 3337 5888 7.
