3984 6306
583 265 693 331 188

1056 263 1299 323 PASCH.
1336 261 1724 333 QUESNELLI
1764 259 2348 323 DISSERTATIONES
2385 259 2453 317 IN
2493 260 2552 317 S.
2592 258 2840 318 LEONIS
2879 256 3093 316 MAGNI
3132 255 3391 314 OPERA.
3729 262 3807 325 tu

581 382 767 441 uicinis
802 396 898 437 suis
939 387 1160 451 quatuor
1208 379 1410 451 oppidis
1450 378 1760 450 praesidebit,
1801 386 1908 436 etc.
1950 379 1969 449 (
1997 377 2165 443 Epist.
2197 379 2251 439 Α
2275 376 2398 451 dem
2427 378 2663 451 epistola,
2698 376 2911 447 legitur,
2954 377 3219 451 credenda
3266 377 3473 451 chartae
3504 391 3605 433 non
3641 389 3805 451 putavit

582 457 893 583 e(uti..).Satis
923 524 1167 597 agnoscit
1204 523 1320 579 haec
1360 523 1473 594 ipsa
1505 522 1699 597 oppida
1742 523 1811 597 ab
1840 522 2171 597 Arelatensis

582 598 787 656 ditione
814 594 1178 654 subtfahenda
1222 612 1328 650 non
1358 610 1512 662 esse,
1554 595 1598 649 si
1630 610 1716 649 res
1744 594 1808 649 ad
1839 596 2053 649 strictos
2078 594 2169 663 ju-

579 672 658 727 ris
686 672 864 739 apices
894 677 1233 732 tractaretur,
1267 681 1388 721 cum
1428 665 1567 739 apud
1609 665 1948 739 Ravennium
1974 666 2169 739 aliquo

583 737 747 796 modo
778 756 837 808 se
861 748 1101 803 excuset,
1132 753 1362 807 eumque
1387 752 1451 792 ex
1483 737 1761 791 charitatis
1791 746 1846 792 et
1872 737 2017 808 pacis
2049 748 2165 792 stu-

583 812 676 883 dio
716 804 1097 883 modestiaeque
1122 804 1470 883 temperantia
1498 808 1785 883 sollicitet,
1805 804 1887 883 cut'
1906 810 2170 883 patienter

582 882 724 939 ferat
764 884 905 954 quod
953 878 1288 954 necessitate
1318 878 2163 954 ecclesiasticae‘unitatiscontra

581 955 670 1024 jus
698 949 890 1009 facium
919 955 1216 1009 videbatur.
1250 952 1432 1024 Quem,
1456 949 1839 1024 (Ravennium)
1866 952 2032 1022 800
2071 968 2163 1017 pro

582 1021 845 1080 modestiae
878 1041 984 1080 suae
1023 1021 1379 1092 temm’rantia,
1420 1021 1493 1074 ita
1512 1022 1740 1091 futurum
1770 1021 2024 1075 credimus
2055 1030 2163 1075 stu—

582 1097 786 1150 diosum
824 1096 1088 1150 charitatis
1119 1103 1162 1147 et
1191 1093 1359 1162 pacis,
1400 1100 1453 1145 ut
1498 1108 1814 1162 nequaquam
1854 1092 1951 1162 sibi
1990 1094 2166 1146 credat

580 1167 807 1221 ablatum
845 1168 983 1237 quod
1008 1165 1157 1237 fratri
1189 1161 1353 1217 uideat
1384 1178 1487 1217 esse
1516 1161 1809 1218 concessum
1846 1161 2039 1236 (Epist.
2073 1164 2159 1230 66,

580 1239 651 1291 ad
676 1238 740 1294 19
760 1236 915 1307 episc.
939 1256 985 1292 ε.
1008 1236 1122 1306 22).

655 1310 708 1365 7.
750 1305 891 1364 Nihil
920 1309 1090 1377 magis
1116 1305 1351 1361 ostendit
1378 1312 1541 1361 totam
1574 1307 1900 1377 provinciam
1932 1306 1997 1360 ad
2030 1307 2163 1362 Are-

577 1380 843 1436 latensem
886 1376 1195 1447 episcopum
1227 1376 1583 1447 pertinuisse,
1616 1387 1668 1432 et
1697 1379 1768 1432 ita
1800 1376 1967 1432 Leoni
1998 1376 2163 1432 luisse

577 1446 931 1522 persuasum,
962 1446 1121 1522 quam
1150 1446 1291 1522 quod
1321 1462 1383 1522 ex
1425 1446 1500 1522 (_t_z)
1540 1448 1820 1522 duodecim
1854 1449 2164 1522 civitatibus

579 1517 779 1591 quibus
817 1517 1096 1577 constabat
1124 1519 1396 1591 provincia
1427 1517 1752 1591 Viennensis
1782 1520 1863 1589 (si
1890 1520 2100 1591 notitiae
2132 1535 2160 1574 a

577 1589 869 1648 Sirmondo
898 1590 1121 1660 aliisque
1160 1589 1420 1661 evulgatus
1461 1590 1594 1645 ﬁdes
1623 1590 1905 1661 habeatur)
1937 1602 2163 1661 quatuor

578 1664 922 1718 solummodo
974 1661 1267 1716 Viennensi
1316 1660 1567 1731 episc0po
1612 1662 1891 1726 attribuit,
1935 1660 2160 1717 residuis

578 1744 703 1790 octo
729 1733 983 1805 potestati
1006 1730 1333 1787 Arelatensis
1359 1730 1595 1802 episc'opi
1624 1732 1843 1805 relictis.

650 1804 703 1859 8.
731 1803 983 1874 Denique
1024 1812 1079 1859 et
1120 1804 1223 1874 hoc
1262 1810 1636 1874 argumentum
1676 1813 1729 1856 et
1765 1803 1867 1857 alia
1909 1804 2156 1873 superius

575 1876 803 1932 adducta
835 1873 1119 1930 conﬁrmat
1138 1873 1495 1945 Symmachus
1524 1889 1680 1945 papa,
1708 1888 1829 1929 cum
1859 1875 1925 1930 ad
1951 1877 2157 1941 episco-

574 1961 676 2017 pos
705 1946 891 2003 Gallia:
921 1942 1469 2017 scribens'deeadem
1502 1942 1867 2017 controversia
1897 1962 2014 2013 quiin
2041 1947 2156 2015 ejus

572 2014 817 2088 iempore
844 2015 1216 2088 recruduerat,
1246 2014 1545 2088 deﬁnitioni
1577 2017 1771 2088 Leonis
1798 2014 2156 2086 praedecesso-

572 2088 651 2144 ris
688 2085 767 2144 sui
808 2087 1058 2143 standum
1103 2100 1225 2141 esse
1267 2085 1541 2151 decrevit,
1590 2087 1657 2142 de
1700 2085 1810 2156 qua
1832 2089 1944 2142 haec
1972 2088 2151 2144 habet.

573 2158 745 2243 εἰσίῃ
769 2160 843 2243 (ὁ)
878 2172 1271 2243 ικρρξςῑκιςιλιι
1303 2157 1482 2243 (quod
1499 2158 2032 2243 lalde‘notandu‘m)
2063 2176 2154 2213 su-

571 2227 1089 2302 pradictic'ponti/icis
1104 2270 1118 2295 ,
1136 2301 1139 2302 ν
1159 2227 1874 2302 Valentiam,_arantasiam,
1906 2227 2156 2284 Genavam

572 2298 724 2370 atque
781 2298 1430 2370 GratianOpolimcoppida
1469 2298 1765 2355 Viennensis
1802 2303 2158 2367 antistesiuri

570 2368 667 2426 suo
694 2374 933 2426 vindicet.
967 2368 1076 2426 Nec
1097 2368 1377 2443 quidquam
1405 2371 1625 2442 amplius
1654 2372 1717 2425 ab
1747 2372 1824 2425 his
1854 2389 1968 2443 qua:
2003 2374 2156 2429 semel

572 2444 637 2497 ab
666 2445 946 2515 apostolica
979 2442 1075 2496 sibi
1102 2440 1514 2515 sede'ctmcssss
1544 2452 1684 2508 sunt,
1710 2440 1920 2496 restituet
1955 2459 2153 2512 prazsu-

569 2513 834 2568 mendum.
880 2514 1023 2569 Alias
1073 2528 1188 2566 vero
1228 2513 1501 2582 parochias
1546 2516 1623 2568 uel
1671 2515 1905 2567 diwceses
1949 2524 2155 2569 cunctas

569 2600 870 2641 PRIVILEGlO
910 2601 975 2639 nr
1009 2598 1218 2638 nonons
1256 2597 1350 2637 suo
1397 2583 1704 2638 Arelatensis
1749 2586 2016 2654 episcOpus
2062 2587 2155 2638 sub

572 2665 859 2726 temporum
890 2655 1269 2726 continugtione
1292 2654 1535 2725 defendat
1567 2655 1887 2725 (Symmach.
1915 2657 2063 2723 epist.
2098 2656 2151 2719 9,

572 2728 641 2779 ad
677 2723 835 2795 episc.
879 2723 1064 2795 Gall.).
1097 2723 1431 2794 Indulgentia
1460 2723 1781 2794 igitur'usus
1819 2736 1900 2781 est
1939 2735 2154 2781 sanctus

568 2798 682 2854 Leo
726 2812 845 2853 cum
881 2795 1173 2852 Viennensi
1215 2796 1469 2864 episcopo
1496 2837 1511 2859 ,
1554 2797 1597 2868 si
1627 2796 1950 2868 Symmacho
1979 2798 2153 2851 credi-

568 2883 712 2932 mus,
742 2882 862 2924 cum
902 2876 1122 2938 partem
1154 2868 1445 2937 provinciae
1476 2866 1797 2922 ordinationi
1830 2866 1944 2937 ejus
1973 2868 2153 2937 subje-

566 2949 710 2996 ctam
735 2954 855 2995 esse
881 2937 1080 3005 voluit;
1110 2937 1216 3007 juri
1244 2952 1372 2992 vero
1394 2952 1493 2993 suo
1514 2938 1847 2995 Arelatensis
1869 2940 2151 3008 episcopus

566 3025 752 3068 amore
794 3011 943 3082 pacis
973 3008 1480 3082 det_rahi_quidpiam
1524 3025 1710 3081 passus
1737 3017 1840 3074 est,
1875 3024 1995 3064 cum
2024 3026 2152 3082 qua-

564 3091 695 3138 tuor
720 3078 814 3137 illa
841 3080 1116 3152 oppidaiin
1160 3078 1482 3136 Viennensis
1520 3078 1837 3151 potestatem
1872 3078 2150 3136 transferri

562 3154 708 3209 ultro
747 3151 1242 3225 permisit,Leonis
1270 3167 1377 3207 non
1410 3153 1765 3225 tamdecreto
1794 3152 1965 3225 victus
1994 3167 2151 3225 quam
2181 3161 2229 3225 ο

562 3225 839 3294 precibus.
882 3223 1073 3279 Omnia
1104 3223 1479 3294 observatione
1510 3224 1667 3293 digna
1710 3224 1763 3278 in
1789 3223 1970 3278 verbis
1995 3222 2151 3293 Sym-

564 3292 743 3350 inachi
772 3312 784 3347 :
808 3303 867 3349 ut
890 3296 1033 3350 enim
1066 3292 1413 3364 indulgentiae
1438 3292 1681 3350 meminit
1710 3303 1763 3348 et
1787 3292 2152 3350 concessibnis

564 3365 712 3419 sedis
746 3366 1080 3432 apostolicae,
1111 3379 1233 3419 cum
1265 3364 1331 3419 dc
1362 3365 1629 3434 parochiis
1672 3364 1963 3419 Viennensi
1995 3366 2151 3419 attri-

562 3434 711 3490 butis
737 3434 943 3499 scribit,
970 3434 1047 3488 ita
1072 3435 1408 3504 privilegium
1435 3445 1488 3491 et
1520 3436 1780 3490 honorem
1823 3434 2152 3490 Arelatensis

564 3513 975 3569 commemorat,
1005 3519 1127 3559 cum
1157 3505 1225 3560 de
1253 3506 1557 3561 civitatibus
1585 3506 1693 3573 juri
1724 3506 1891 3575 ipsius
1922 3505 2151 3561 subditis

562 3589 872 3631 sermonem
903 3575 1067 3646 habet
1113 3592 1125 3628 :
1171 3576 1378 3631 nullum
1422 3576 1714 3631 Viennensi
1754 3577 1843 3646 jus
1887 3585 2150 3631 assertum

563 3646 852 3715 significat,
885 3645 993 3700 nisi
1021 3660 1088 3701 ex
1117 3648 1289 3702 sancti
1320 3646 1517 3702 Leonis
1544 3649 1924 3714 concessione;
1965 3646 2151 3703 Arela-

563 3716 709 3790 tensi
738 3731 893 3790 suum
924 3725 1175 3773 constare
1204 3733 1267 3772 ex
1297 3717 1579 3789 privilegio
1608 3727 1661 3773 et
1686 3717 1892 3774 honore
1922 3719 2151 3790 antiqui-

562 3799 653 3842 tus
680 3787 921 3843 fundato.

480 3878 484 3881 ·
636 3857 981 3933 Leonisdixi
1022 3858 1269 3933 precibus
1310 3860 1509 3915 victum
1539 3860 1911 3917 Arelatensem
1942 3861 2150 3933 episco-

561 3944 691 3999 pum
720 3931 891 4003 magic
919 3945 1079 4000 quam
1111 3931 1361 3997 decreto;
1402 3946 1522 3987 cum
1549 3934 1692 3987 enim
1725 3933 1775 3987 in
1800 3933 1891 3987 illa
1920 3931 2148 4003 epistola

561 4015 721 4074 quam
752 4000 819 4074 ad
850 4001 1184 4056 Ravennium
1229 4003 1447 4072 scripsit
1473 4004 1662 4057 eodem
1693 4003 1779 4057 die
1804 4020 1910 4074 quo
1940 4000 2006 4059 ad
2049 4021 2149 4060 uo-

559 4072 861 4145 venidecim
902 4074 1214 4145 episcopos,
1267 4090 1335 4129 ne
1386 4074 1604 4129 verbum
1654 4072 1869 4145 quidem
1916 4090 2036 4131 cum
2082 4092 2147 4133 eo

558 4142 949 4215 habeat801’
969 4143 1036 4201 de
1066 4142 1156 4200 illa
1186 4154 1415 4212 quatuor
1444 4142 1764 4215 oppidorum
1794 4147 2145 4205 attributione

557 4211 865 4287 Viennensi
891 4211 1143 4286 Episcopo
1179 4211 1344 4280 facta,
1387 4211 1621 4271 dubiiari
1661 4233 1766 4272 non
1799 4226 1974 4287 potest
2014 4220 2143 4287 quin

556 4298 657 4355 per
678 4285 995 4357 Petronium
1022 4285 1086 4342 et
1106 4287 1370 4356 Regulum
1402 4288 1605 4357 legatos
1641 4289 1771 4343 viva:
1801 4285 1948 4343 vocis
1978 4285 2141 4345 mini-

556 4356 726 4430 sterio
773 4356 1035 4430 allocutus
1083 4373 1207 4412 eum
1240 4358 1402 4412 fuerit
1428 4356 1543 4425 ,iet
1580 4360 1737 4415 enixe
1784 4362 2057 4430 rogaverit
2087 4370 2144 4416 ut

557 4425 845 4506 propono.
877 4426 1023 4494 pacis
1067 4431 1396 4506 et_a.ntiqu:e
1439 4432 1821 4506 controversia:
1850 4425 2142 4506 :sopiendte

556 4496 752 4564 gratia,
779 4496 1074 4564 aliquarum
1104 4496 1376 4553 civitatum
1415 4500 1808 4556 ordinationem
1850 4496 2141 4559 Viennensi

2277 450 2335 505 S.
2364 448 2493 504 Leo.
2531 450 2601 520 (ε)
2635 450 2759 516 Qum
2797 458 2997 513 autem,
3044 448 3243 518 inquit,
3274 448 3804 512 committendalitteris

2275 537 2375 575 non
2406 524 2633 587 fuerunt,
2665 537 2781 573 cum
2808 521 3169 588 prwdictorum
3196 520 3420 587 ﬁliorum
3457 533 3722 579 nostrorum
3745 529 3802 582 in-

2273 592 2565 665 sinuatione
2595 592 2832 645 didiceris
2851 632 2865 656 ,
2900 590 3131 665 Domini
3161 594 3343 665 fretus
3362 593 3557 665 auxilio
3590 596 3801 665 ejﬁraciter

2273 680 2335 718 ac
2371 664 2699 717 laudabiliter
2726 664 3009 729 exsequeris
3046 661 3253 733 (Epist.
3285 662 3411 733 67).
3457 661 3798 723 Connihttenda

2271 744 2449 792 autem
2482 750 2584 790 non
2614 736 2826 789 luerunt
2859 733 3077 799 litteris,
3108 734 3360 801 quoniam
3400 733 3501 790 hoc
3542 753 3707 805 parum
3738 756 3799 795 se-

2271 807 2353 862 dis
2389 807 2697 877 apostolicte
2737 805 2979 876 dignitati
3010 807 3359 877 congruebat,
3392 814 3457 877 ut
3477 821 3537 861 se
3564 808 3627 862 ad
3656 826 3799 875 preces

2272 876 2443 949 usque
2483 877 3007 949 supplicationesque
3038 876 3267 949 publicis
3299 876 3493 949 litteris
3520 878 3797 946 demitteret,

2270 948 2377 1020 quo
2406 963 2560 1004 suum
2588 951 2654 1003 de
2682 948 3022 1003 ordinatione
3045 948 3717 1020 Ecclesiarumudecretum
3740 970 3801 1007 re-

2270 1018 2442 1092 cipiia
2482 1020 2773 1092 Gallicanis
2820 1019 3113 1092 episcopis)
3165 1029 3218 1073 et
3264 1019 3331 1073 ad
3371 1018 3624 1075 effectum
3664 1035 3800 1092 posset

2270 1089 2510 1161 perduci.
2562 1091 2693 1145 Illud
2753 1100 2928 1146 autem
2975 1100 3033 1144 ut
3078 1089 3356 1145 Ravennio
3404 1089 3795 1158 persuaderetur,

2269 1164 2406 1218 ratio
2434 1164 2692 1231 temporis
2722 1171 2776 1217 et
2805 1161 3037 1233 dignitas
3070 1162 3224 1233 primi
3254 1161 3550 1233 Galliarum
3585 1173 3799 1233 metropo-

2268 1233 2451 1300 litani,
2494 1235 2647 1302 cujus
2685 1235 2736 1288 in
2780 1248 2845 1289 eo
2885 1231 3267 1302 conﬁrmanda:
3298 1246 3448 1301 spem
3480 1232 3610 1288 fecit
3634 1231 3798 1291 sanctus

2268 1304 2398 1371 Leo,
2428 1301 2716 1375 plurimum
2748 1305 3107 1375 contulerunt.
3139 1301 3301 1372 Cujus
3330 1306 3646 1360 exercenda:
3677 1321 3796 1361 occa-

2267 1378 2348 1432 sio
2375 1374 2495 1431 sese
2521 1377 2710 1431 eodem
2741 1384 2981 1445 tempore
3010 1374 3291 1446 oli'crebat,
3325 1384 3381 1429 ut
3408 1377 3619 1433 scilicet
3648 1378 3797 1446 episto-

2267 1447 2372 1502 lam
2419 1447 2616 1503 Leonis
2655 1447 2907 1517 scriptam
2954 1446 3021 1500 ad
3062 1445 3377 1500 Flavianum
3420 1462 3547 1501 cum
3590 1450 3795 1503 universis

2266 1518 2558 1574 Galliarum
2590 1518 2856 1589 episcopis
2886 1518 3338 1589 communicaret;
3381 1517 3465 1573 vel
3494 1521 3670 1585 etiam,
3695 1522 3796 1589 quod

2269 1588 2322 1644 in
2374 1593 2596 1645 secretis
2628 1588 2861 1644 monitis
2901 1604 3021 1644 eum
3062 1588 3311 1647 habuisse
3349 1589 3616 1645 credibile
3643 1588 3731 1654 est,
3762 1602 3798 1644 ut

2266 1661 2580 1732 synodalem
2610 1668 2931 1716 conventum
2958 1660 3295 1732 excomni‘bus
3319 1660 3613 1732 provinciis
3629 1676 3791 1731 congre

2264 1730 2435 1801 geret,
2468 1734 2519 1787 in
2548 1746 2653 1803 quo
2681 1732 2908 1801 epistola
2938 1730 3128 1803 eadem
3154 1730 3223 1803 ab
3250 1731 3503 1803 omnibus
3531 1734 3797 1803 approbare-

2264 1812 2371 1869 tur,
2398 1813 2453 1860 et
2475 1801 2711 1858 omnium
2742 1803 3025 1857 consensio
3054 1801 3246 1856 litteris
3267 1801 3585 1873 consignata
3608 1805 3791 1859 mittere-

2264 1884 2353 1929 tur
2384 1875 2449 1929 ad
2480 1884 2723 1930 sanctum
2754 1873 3011 1929 Leonem.

2331 1944 2459 2001 Cn.
2494 1946 2562 2000 Χ.
2597 1946 2827 2001 Solvitur
2857 1944 3075 2016 cbjectio
3116 1944 3272 2014 petita
3310 1961 3372 1999 ea:
3424 1946 3616 2000 notitia
3645 1946 3799 2016 proris-

2262 2017 2457 2071 ciarum
2480 2028 2526 2071 et
2560 2018 2816 2071 civitatum
2841 2015 3048 2087 Gallice,
3080 2018 3322 2087 adversus
3362 2015 3706 2087 antiquitatem
3727 2034 3800 2070 me-

2263 2089 2567 2160 tropolitica:
2598 2089 2857 2157 dignitatis
2893 2088 2945 2141 in
2976 2085 3210 2160 Ecclesia
3242 2085 3531 2141 Arelatensi
3566 2107 3577 2141 :
3615 2090 3798 2156 illiusque

2261 2158 2456 2215 notitia:
2476 2170 2599 2214 tetas
2631 2176 2766 2213 nunc
2791 2160 3011 2231 primum
3046 2158 3241 2229 ﬁgitur.
3266 2187 3335 2231 -τ
3360 2160 3597 2231 Deducta
3620 2176 3699 2230 per
3715 2174 3800 2231 oni-

2262 2232 2407 2285 nium
2437 2240 2649 2285 aetatum
2683 2233 2877 2285 seriem
2909 2246 2936 2281 a
2965 2232 3176 2285 condita
3214 2232 3265 2285 in
3294 2230 3478 2284 Galliis
3512 2231 3641 2295 fide,
3664 2230 3801 2284 Arela-

2262 2302 2428 2357 tensis
2461 2301 2715 2357 Ecclesiae
2743 2302 3002 2371 dignitate
3023 2344 3037 2369 ,
3076 2301 3149 2356 ita
3179 2301 3308 2355 mihi
3338 2302 3559 2356 videtur
3592 2304 3704 2357 inter
3726 2315 3798 2354 (ικ-
3854 2307 3858 2311 ‘

2263 2379 2405 2427 teras
2440 2374 2679 2427 eminere
2702 2415 2715 2431 .
2748 2370 2930 2427 ut’vix
2974 2373 3262 2441 quidquam
3300 2383 3475 2429 restet
3526 2373 3665 2429 dubii
3696 2370 3801 2441 quod

2261 2444 2471 2499 animos
2503 2444 2585 2498 vel
2627 2444 2908 2498 minimum
2943 2444 2993 2497 in
3031 2443 3350 2499 Viennensis
3379 2451 3569 2514 partes
3596 2445 3801 2499 inclinare

2262 2514 2483 2585 debeat;
2528 2514 2723 2585 ubique
2769 2515 2912 2568 enim
2952 2514 3239 2583 primatum
3288 2524 3435 2570 tenet
3483 2514 3801 2575 Arelatensis,

2262 2584 2581 2641 Viennensis
2606 2584 2890 2656 nusquam.
2918 2586 3112 2640 Gravis
3137 2595 3314 2641 tamen
3346 2588 3621 2641 nonnullis
3638 2587 3803 2656 videtur

2260 2656 2493 2725 objectio
2523 2672 2641 2727 quae
2674 2653 2740 2710 in'
2768 2657 2993 2726 gratiam
3030 2657 3353 2711 Viennensis
3378 2658 3638 2713 adversus
3660 2653 3803 2727 Arela-

2261 2735 2464 2781 tensem
2501 2725 2730 2783 sumitur
2772 2725 2843 2783 ex
2886 2728 2951 2781 iis
2986 2727 3193 2783 notitiis
3222 2729 3620 2796 provinciarum
3643 2739 3689 2783 et
3706 2725 3805 2779 ciri-

2259 2806 2425 2852 talum
2468 2798 2685 2862 Gallias,
2721 2814 2843 2869 quae
2887 2800 3083 2867 passim
3125 2801 3603 2855 circumferuntur.
3642 2800 3799 2854 Harum

2259 2884 2417 2923 unam
2444 2869 2673 2939 pra'fixit
2693 2871 2741 2926 J.
2769 2870 3085 2925 Sirmondus
3113 2871 3286 2939 primo
3315 2881 3463 2926 tomo
3486 2871 3803 2939 Concilioruui

2258 2936 2468 3004 Gallia),
2498 2956 2655 3009 quam
2688 2941 2905 3010 conjicit
2926 2936 3194 2996 conditam
3214 2957 3337 2997 esse
3366 2944 3593 2997 Honorii
3622 2936 3807 3010 Augusti

2258 3012 2608 3082 temporibus,
2642 3028 2761 3067 cum
2790 3011 2992 3066 Gallias
3018 3024 3071 3066 et
3100 3022 3304 3082 septem
3333 3015 3633 3082 provincias
3651 3010 3807 3082 distin-

2256 3085 2345 3153 gui
2372 3079 2496 3137 inos
2530 3092 2664 3138 erat.
2701 3083 2891 3138 Plures
2919 3082 3059 3137 haud
3085 3079 3307 3138 multum
3335 3079 3615 3140 absimiles
3636 3079 3811 3150 collegit

2258 3169 2321 3225 ex
2362 3169 2493 3211 mss.
2537 3155 2812 3209 codicibus
2853 3154 3097 3208 Andreas
3126 3153 3211 3208 Du
3252 3155 3451 3211 Chcsne
3490 3156 3657 3225 primo
3692 3163 3809 3225 torno

2263 3223 2609 3280 Collectionis
2630 3226 2792 3297 802
2824 3227 3143 3294 scriptorum
3169 3227 3417 3281 Historia:
3450 3221 3739 3297 Gallicanae.
3766 3221 3810 3276 lu

2264 3297 2514 3351 omnibus
2544 3295 2720 3367 porro
2740 3295 3057 3351 Viennensis
3084 3297 3271 3352 civitas
3302 3299 3611 3366 metropolis
3649 3295 3814 3351 dicitur

2261 3367 2681 3439 Viennensium;
2716 3368 2906 3422 Arelas
2931 3377 3106 3422 autem
3132 3371 3305 3423 cidem
3357 3372 3655 3439 subjicitur,
3678 3370 3817 3439 immo

2259 3438 2570 3495 inferiorem
2611 3444 2771 3494 etiam
2813 3440 2988 3493 locum
3033 3450 3175 3494 tenet
3217 3441 3268 3494 in
3316 3438 3498 3495 eadem
3536 3438 3816 3507 provincia.

2260 3508 2441 3580 Unde,
2474 3510 2749 3580 inquiunt,
2780 3510 3119 3565 manifestum
3158 3521 3241 3566 est
3275 3513 3535 3580 antiquum
3568 3520 3821 3580 nonuesse

2252 3578 2341 3649 jus
2372 3578 2701 3637 Arelatensis
2739 3582 3009 3651 episcopi,
3043 3597 3215 3651 eoque
3254 3578 3472 3652 potitum
3510 3595 3631 3635 esse
3671 3578 3822 3632 Vien-

2256 3666 2479 3724 nensem
2511 3668 2617 3708 non
2659 3653 2848 3721 priscis
2878 3653 3039 3708 modo
3081 3651 3441 3724 temporibus,
3472 3651 3564 3707 sed
3605 3661 3676 3724 et,
3699 3659 3821 3704 teni-

2256 3738 2389 3793 pore
2419 3723 2638 3779 Honorii
2666 3724 3006 3793 imperatoris
3024 3767 3038 3791 ,
3064 3740 3169 3794 quo
3194 3723 3529 3795 potissimum
3560 3723 3819 3778 Arelaten-

2254 3795 2329 3849 sis
2365 3795 2663 3863 majoribus
2698 3796 2989 3867 privilegiis
3030 3798 3215 3867 augeri
3252 3796 3451 3865 C(Bpit,
3483 3804 3535 3851 et
3577 3800 3818 3850 cem-enm

2256 3868 2649 3936 provinciarum
2676 3866 2938 3922 decorari.

2331 3937 2524 3993 Verum
2556 3948 2723 3992 totam
2752 3937 2906 3992 istius
2935 3939 3419 4007 argumentationis
3452 3939 3650 3994 molem
3682 3945 3821 4007 ruere

2254 4024 2475 4064 necesse
2500 4018 2600 4075 est,
2630 4010 2673 4063 si
2705 4011 2983 4079 probatum
3005 4005 3172 4064 fuerit
3206 4009 3517 4079 hujusmodi
3545 4005 3820 4080 provincia-

2254 4096 2370 4135 rum
2400 4080 2479 4151 (d)
2510 4081 2726 4135 notitias
2757 4096 2862 4135 non
2894 4081 3113 4135 Honorii
3150 4082 3487 4151 temporibus
3514 4127 3528 4150 ,
3561 4082 3654 4136 sed
3684 4080 3820 4151 longe

2255 4150 2641 4220 posterioribus
2689 4167 2810 4207 esse
2857 4153 3141 4217 conditas,
3189 4150 3487 4208 et’Hilarii
3546 4150 3821 4218 Leonisque

2254 4230 2413 4278 aetate
2442 4237 2560 4278 esse
2593 4223 2894 4278 inferiores.

2324 4294 2625 4369 Hocigitur
2662 4296 2889 4369 primum
2922 4296 3120 4369 evince
3142 4302 3220 4369 'ex
3256 4296 3652 4369 constitutione
3677 4291 3824 4369 ipsius

2252 4362 2723 4435 llonoriiAuguSti
2750 4367 2872 4422 data
2897 4383 3023 4422 ann.
3057 4366 3186 4431 H8,
3220 4367 3309 4420 ubi
3338 4370 3618 4423 Arelatem
3648 4362 3825 4435 simpli-

2250 4440 2382 4490 citer
2413 4431 2752 4505 metropolim
2797 4438 3119 4508 appellativo
3149 4439 3417 4493 nominat.
3458 4440 3521 4493 ιη
3553 4431 3829 4506 metropoli~

2251 4515 2373 4560 tuna
2399 4553 2412 4577 ,
2447 4508 2655 4577 inquit,
2694 4509 2750 4562 id
2789 4519 2863 4563 est
2904 4512 2956 4563 in
3000 4508 3286 4563 Arelatensi
3323 4512 3551 4566 civitate.
3591 4509 3681 4563 Vel
3722 4518 3828 4569 ergo

559 4553 798 4621 cederet.
833 4553 961 4621 Haec
984 4584 1049 4623 ex
1078 4578 1229 4638 parte
1271 4579 1425 4634 sunt,
1454 4553 1674 4639 opinor,
1691 4553 1844 4642 quin,
1869 4553 2019 4628 iiii};
2033 4553 2141 4630 351'
2169 4553 2221 4614 Ῐ)
2399 4553 2748 4634 ’es'i‘ii'éiiiii"
2906 4553 3551 4638 Are-lateri;

1617 4685 2177 4746 BALLERINIORUM
2218 4691 2759 4752 ANNOTATIONES.

632 4773 711 4847 (a)
744 4774 1065 4830 Viennensis
1095 4775 1381 4845 provincia:
1414 4776 1667 4833 tredecim
1716 4780 1961 4835 civitates
2007 4797 2139 4837 cen-

508 4876 513 4881 ~
558 4856 746 4902 sentur
777 4846 829 4918 in
873 4848 1082 4918 notitiis
1104 4846 1433 4917 Galliarum,
1467 4849 1579 4918 ipsa
1615 4850 1812 4905 Vienna
1842 4862 1897 4907 et
1923 4854 2139 4910 Arelate

555 4916 986 4987 comprehensis.
1043 4917 1176 4972 Tres
1225 4925 1429 4973 tantum
1478 4916 1543 4974 ex
1595 4920 1676 4975 his
1724 4922 1978 4977 tredecim
2030 4924 2139 4980 Leo

555 4989 851 5061 Viennensi
881 4987 1133 5061 episcopo
1155 4989 1399 5044 attribuit
1422 5009 1432 5043 :
1454 5001 1641 5061 quarta
1664 4995 1806 5048 enim
1830 4994 2138 5051 Tarantasia

554 5059 855 5136 ex_iis_dem
902 5060 1105 5136 notitiis
1136 5075 1241 5115 non
1287 5061 1353 5136 ad
1394 5059 1751 5119 Viennensem
1783 5066 2135 5136 provinciam,

552 5130 649 5185 sed
676 5131 743 5184 ad
772 5131 937 5201 Alpes
959 5131 1146 5186 Graias
1176 5134 1425 5201 pertinet.

858 5202 966 5289 hoc
1007 5203 1126 5257 loco
1173 5202 1543 5289 .Symmachus.
1570 5206 1900 5289 indulgentite
1946 5223 2132 5289 vocem

552 5272 819 5348 adhibuit,
843 5285 962 5348 post
979 5289 1143 5343 pauca
1175 5272 1234 5348 in
1257 5275 1441 5329 eadem
1456 5276 1683 5348 epistola
1708 5272 1798 5348 jus
1816 5279 2132 5337 Viennensis

550 5344 787 5415 episcopi
834 5345 1069 5400 declarat
1116 5346 1356 5401 scribens
1400 5346 1559 5401 :Juri
1606 5344 1977 5404 suo'vindicet.
2020 5352 2132 5407 Hoc

551 5415 768 5485 quidem
800 5416 1119 5471 Viennensis
1142 5420 1227 5484 jus
1256 5417 1585 5473 Arelatensis
1631 5420 1738 5485 juri
1784 5436 1889 5476 non
1931 5422 2127 5478 cedere

550 5485 1319 5559 cognoverunt_Taurinensis
1379 5488 1573 5559 synodi
1616 5485 1841 5557 Patres,
1888 5506 2008 5547 cum
2058 5495 2128 5548 ob

548 5567 822 5612 momenta
855 5556 1103 5626 utrinque
1130 5558 1307 5627 gravia
1338 5556 1758 5615 controversiam
1805 5556 1857 5616 in
1903 5564 2125 5619 alteram

548 5635 759 5700 partem
789 5627 1068 5700 dijudicari
1092 5645 1196 5683 non
1223 5644 1381 5699 posse
1409 5630 2125 5700 perspicientes,dividcnd:e

592 5699 842 5752 rovincia:
885 5698 1167 5753 consilium
1208 5698 1424 5757 dedere;
1470 5698 1583 5756 Hoc
1624 5702 1765 5757 idem
1806 5703 2122 5762 Viennensis

574 5780 639 5823 us
664 5769 789 5825 satis
815 5767 1085 5841 professus
1127 5778 1211 5832 εει
1253 5772 1414 5848 etiam
1462 5773 1577 5843 ipse
1605 5772 1663 5831 S.
1686 5773 1817 5841 Leo,
1846 5789 1967 5833 cum
1998 5786 2121 5850 post

2247 4799 2511 4859 expensas
2562 4787 2846 4858 utriusque
2897 4789 3065 4859 partis
3110 4787 3465 4859 allegationes
3497 4835 3511 4859 ,
3565 4788 3693 4844 licet
3744 4782 3832 4838 Ra-

2247 4858 2441 4911 vennio
2495 4859 2814 4934 propensior
2873 4871 3079 4934 esset,_
3123 4871 3177 4916 et
3218 4858 3523 4934 Arelatem"
3569 4874 3675 4934 suo
3738 4870 3837 4934 aito

2247 4933 2715 5002 praestantiorem,
2762 4945 2825 4985 ac
2871 4932 2937 4985 ab
2981 4932 3111 5002 ipsis
3151 4931 3713 5002 coniprovincialibus
3739 4931 3835 4994 epi-

2245 5000 2422 5075 scopis
2468 5004 2741 5075 praelatam
2794 5000 3038 5075 videret,
3089 5019 3195 5075 non
3242 5000 3418 5075 potuit
3448 5008 3840 5075 tamentntam

2244 5072 2573 5144 provinciam
2621 5073 2923 5128 Arelatensi
2967 5072 3280 5144 adjudicare
3303 5116 3317 5139 ,
3363 5074 3460 5129 sed
3494 5074 3546 5129 vi
3580 5073 3838 5144 rationum

2246 5142 2527 5217 etcjurium
2560 5146 2836 5217 utriusque
2862 5145 3008 5202 sedis
3036 5142 3109 5201 ea
3138 5146 3493 5201 moderatione
3514 5142 3837 5217 justitiieuti

2241 5213 2463 5278 debuit,
2512 5231 2612 5286 qua
2658 5216 2710 5270 in
2759 5216 2976 5271 Patrum
3036 5217 3453 5274 Taurinensinm
3509 5213 3840 5271 sententiam

2240 5286 2572 5353 provinciam
2604 5287 2893 5342 divideret.

2312 5355 2385 5430 (ε)
2418 5356 2733 5430 Perversain
2769 5358 2928 5428 hujus
2965 5360 3262 5415 testimonii
3306 5358 3844 5430 interpretationem.

2235 5426 2492 5500 cui_t0tus
2514 5429 2602 5483 hic
2627 5426 2994 5500 paragra‘phus
3020 5431 3290 5495 innititur,
3316 5426 3643 5486 deteitimus
3666 5435 3843 5500 anne}.

2236 5496 2464 5574 7_(‘Tom.
2497 5496 2712 5574 prece—ed.
2747 5496 2987 5574 έοζζ887
3010 5544 3025 5569 ,
3057 5520 3109 5556 n.
3150 5502 3226 5574 δ),
3261 5504 3314 5556 in
3348 5504 3521 5570 ipsam
3559 5503 3732 5571 epist.
3763 5498 3844 5562 67,

2231 5568 2321 5642 ubi
2355 5568 2537 5625 veram
2568 5573 2682 5642 ejus
2707 5572 3122 5641 explicationem
3156 5568 3430 5629 dedimus.

2300 5640 2383 5710 (τί)
2406 5642 2541 5714 Vide
2559 5640 2678 5714 quae
2699 5640 2973 5698 de’notitia
2996 5644 3291 5700 Galliarum
3314 5660 3345 5699 a
3367 5644 3686 5701 Sirmondo
3713 5642 3849 5701 edita

2226 5708 2541 5786 disserimus
2576 5708 2632 5769 in
2675 5715 2888 5771 observ.
2919 5726 3058 5786 part.
3101 5732 3171 5784 ιι,
3206 5731 3255 5773 c.
3289 5718 3353 5781 4,
3386 5716 3475 5771 ubi
3513 5724 3710 5776 totum
3756 5716 3852 5773 hoc

2226 5780 2503 5847 Quesnelli
2533 5795 2693 5858 caput
2723 5780 2992 5846 excutitur
3019 5780 3182 5861 atque
3210 5780 3503 5847 refellitur.
