3984 6306
210 354 310 412 465

872 352 1178 411 DISSERT.
1221 353 1281 407 V.
1324 349 1667 407 APOLOGIA
1707 348 1842 407 PRO
1879 350 1938 407 S.
1977 349 2258 405 lllLARlO
2298 350 2746 411 ARELATENSL

3370 356 3475 417 466

208 468 290 525 vel
321 468 429 521 alio
453 478 693 539 tempore
719 468 917 539 scripta
948 484 1105 539 quam
1141 468 1379 533 Honorii,
1402 469 1555 537 cujus
1580 468 1783 521 consti-
1809 468 1861 528 Α
1887 468 2139 539 civitatem
2160 482 2270 539 esse
2298 473 2634 537 metrOpolim,
2664 474 2705 524 is
2736 477 2887 525 totius
2918 469 3195 538 provinciae
3228 472 3475 534 honorem

211 538 429 594 lllllOlliS
461 538 593 595 ﬁdes
624 540 798 609 potior
828 538 987 611 quam
1015 540 1199 597 nescio
1228 555 1451 610 quarum
1492 541 1667 595 astatis
1703 538 1784 594 in-

209 618 369 665 certa:
399 611 726 667 notitiarum.

278 682 332 734 ἓ.
367 680 495 748 Quis
525 683 708 737 credat
732 684 1001 739 Arelatem
1034 684 1085 738 in
1114 682 1342 753 publicis
1377 684 1513 737 actis
1553 690 1643 736 aut
1676 697 1790 736 mo-

210 753 480 805 numentis
512 766 619 807 non
652 756 809 809 modo
848 755 989 810 inter
1015 756 1259 810 civitates
1290 754 1580 809 Viennensi
1612 754 1790 821 subje-

207 832 355 886 ctas,
396 823 489 877 sed
532 826 875 891 penultimam
918 826 1128 881 illarum
1171 826 1408 879 omnium
1453 840 1572 880 esse
1613 839 1792 879 nume-

212 892 456 967 randum,
489 908 554 948 eo
584 896 700 964 ipso
734 910 972 966 tempore
998 914 1103 967 quo
1131 898 1197 952 ab
1223 898 1476 966 Augustis
1498 910 1788 965 eorumque

212 963 481 1033 praefectis
518 968 739 1021 summis
775 963 1129 1024 decorabatur
1158 963 1453 1023 honoribus
1476 1007 1490 1030 ,
1533 977 1587 1021 et
1630 963 1791 1033 supra

213 1045 437 1089 exteras
457 1035 748 1093 Galliarum
772 1040 1099 1095 evehebatur
1115 1038 1392 1093 civitates?
1420 1039 1487 1091 At
1508 1053 1575 1093 ex
1602 1038 1790 1091 eodem

212 1106 388 1176 edicto
426 1107 769 1164 manifestum
820 1121 937 1175 est,
975 1121 1029 1166 et
1062 1114 1170 1176 jam
1212 1111 1279 1163 ab
1316 1110 1521 1175 aliquot
1572 1109 1725 1161 annis
1764 1122 1792 1159 a

215 1175 470 1231 Petronio
512 1179 765 1247 prcefecto
807 1175 1155 1236 constitutum
1185 1196 1305 1235 esse
1346 1190 1669 1234 conventum
1713 1192 1797 1231 se-

213 1256 357 1315 ptem
388 1252 779 1317 provinciarum
810 1254 949 1320 apud
979 1253 1272 1313 Arelatem,
1304 1259 1359 1305 et
1387 1250 1569 1303 sedem
1608 1248 1796 1316 prtefe-

212 1328 377 1373 cturze
406 1320 459 1373 in
483 1322 672 1375 eadem
696 1324 924 1390 positam
949 1338 1089 1390 esse,
1116 1332 1168 1376 et
1191 1334 1308 1375 eam
1335 1320 1637 1388 omnigenis
1664 1334 1795 1390 praef

211 1390 471 1460 rogativis
509 1406 631 1444 esse
676 1388 1007 1445 nobilitatam
1052 1388 1160 1446 z'ut
1199 1405 1419 1445 necesse
1449 1392 1517 1445 sit
1546 1388 1797 1460 quidquid

211 1459 328 1530 ejus
380 1461 655 1526 Splendori
684 1464 1001 1517 adversatur
1028 1463 1093 1517 ad
1137 1463 1238 1516 alia
1275 1472 1517 1529 tempora
1546 1459 1793 1529 relegari.

286 1532 341 1585 5.
384 1533 441 1584 Si
482 1542 606 1585 ante
635 1532 693 1587 S.
727 1532 924 1587 Leonis
956 1543 1190 1599 tempora
1219 1532 1483 1599 descripta
1514 1542 1654 1586 esset
1686 1532 1798 1585 base

213 1602 431 1666 notitia,
467 1602 769 1670 legeremus
808 1604 948 1657 inter
986 1605 1225 1658 civitates
1266 1602 1553 1672 provincia:
1585 1600 1796 1671 Alpium

215 1672 609 1725 maritimarum
636 1672 911 1729 Nicmense
940 1686 1170 1729 castrum
1206 1688 1303 1728 seu
1344 1672 1634 1727 civitatem.
1666 1673 1795 1725 Cum

215 1742 364 1796 enim
391 1757 458 1796 ex
477 1744 696 1812 epistola
726 1746 888 1798 llilari
919 1760 1064 1813 papae
1094 1744 1158 1797 ad
1185 1744 1443 1811 quosdam
1477 1742 1661 1797 Gallice
1683 1741 1796 1812 epi-

214 1826 413 1879 sc0pos
451 1824 659 1867 constet
694 1815 970 1869 Nic-"cense
1009 1824 1238 1868 castrum
1281 1829 1447 1882 usque
1491 1813 1555 1867 ad
1598 1813 1795 1869 Lennis

210 1892 456 1955 extrema
487 1894 718 1955 tempora
750 1886 1023 1955 proprium
1047 1884 1294 1939 habuisse
1321 1885 1615 1938 antistitem
1639 1900 1667 1937 a
1695 1883 1795 1939 Ce-

209 1952 521 2025 tnelenensi
541 1952 875 2019 distinctum,
901 1970 1236 2025 consequens
1264 1964 1348 2011 est
1378 1955 1508 2009 illud
1532 1956 1584 2009 in
1609 1956 1793 2010 notitia

208 2022 390 2075 locum
437 2021 634 2077 habere
671 2025 922 2081 debuisse
956 2044 967 2078 :
1001 2021 1140 2081 unde
1179 2041 1301 2081 cum
1340 2028 1392 2081 in
1437 2042 1500 2080 ea
1538 2027 1793 2082 omissum

207 2093 393 2157 fuerit,
419 2094 743 2168 credendum
768 2098 1014 2167 estquod
1046 2112 1138 2168 per
1160 2097 1212 2151 id
1243 2097 1501 2165 temporis
1527 2097 1794 2153 delineata

203 2172 481 2239 est,_eum
524 2167 803 2239 castellum
847 2169 987 2224 istud
1029 2167 1093 2223 ad
1137 2184 1227 2223 eas
1267 2170 1540 2239 angustias
1571 2184 1796 2236 eamque

205 2236 528 2289 tenuitatem
558 2238 833 2293 redactum
866 2250 1001 2303 erat,
1028 2249 1085 2295 ut
1112 2254 1210 2295 nec
1245 2236 1382 2294 inter
1408 2249 1579 2293 castra
1613 2256 1799 2295 nume-

202 2306 317 2380 rari
340 2305 591 2371 deberet;
623 2311 744 2380 talia
770 2312 914 2365 enim
947 2311 1173 2380 plurima
1201 2312 1253 2366 iu
1282 2311 1468 2365 notitia
1497 2312 1797 2367 civitatibus

201 2376 732 2453 adjungunturJloc
760 2392 910 2437 certe
930 2376 1198 2453 prioribus
1227 2381 1427 2437 Leonis
1454 2384 1623 2438 nostri
1642 2382 1799 2443 annis

204 2448 452 2523 nondum
478 2452 805 2523 contigerat;
839 2448 964 2508 tunc
988 2454 1130 2509 enim
1156 2452 1441 2523 episcopali
1458 2454 1599 2523 sede
1630 2453 1799 2508 hono-

204 2518 658 2593 rabatur;inimo
686 2533 740 2576 et
770 2532 1012 2593 tempore
1045 2518 1205 2579 llilari
1238 2518 1384 2593 papa:
1419 2522 1503 2576 vix
1535 2538 1595 2577 ea
1626 2524 1799 2593 digni-

203 2598 330 2666 tate
350 2592 650 2666 spoliat-ise
677 2595 840 2666 803
872 2592 1012 2665 passi
1038 2606 1163 2650 sunt
1184 2592 1508 2659 Nic:eeuses,
1534 2592 1796 2664 siquidem

204 2661 455 2735 ordinari
485 2662 588 2735 sibi
618 2661 885 2720 curaie're'
904 2668 1178 2735 proprium
1210 2667 1517 2735 episcopum
1542 2705 1558 2730 ,
1585 2661 1673 2735 qui
1706 2666 1797 2720 Hi-

205 2731 307 2784 lari
340 2747 492 2800 papze
521 2734 740 2790 decreto
769 2731 985 2806 propter
1005 2731 1209 2792 Leonis
1245 2731 1681 2792 constitutionem
1711 2752 1798 2792 re-

204 2812 391 2857 motus
436 2814 545 2879 est;
587 2808 933 2879 ct_deinceps
970 2807 1037 2862 ad
1090 2810 1244 2864 unius
1273 2808 1511 2878 episcopi
1556 2810 1793 2879 regimen

205 2884 439 2940 uterque
471 2876 620 2930 locus
648 2876 742 2931 fuit
771 2876 1067 2935 revecatus.

273 2946 337 2998 4.
373 2942 469 2997 Vix
500 2946 716 3020 llonorii
746 2950 1084 3020 imperatoris
1115 2950 1447 3019 temporibus
1477 2949 1529 3002 in
1556 2964 1622 3005 eo
1653 2959 1797 3005 statu

205 3029 372 3091 quem
417 3016 604 3071 notitia
631 3016 852 3074 exhibet
885 3022 1048 3076 fuisse
1078 3016 1292 3075 credam
1327 3021 1628 3089 provincias
1658 3020 1795 3091 Lug-

204 3085 512 3142 dunensem
554 3091 842 3145 secundum
875 3100 931 3146 et
954 3093 1215 3159 Belgicam
1254 3085 1566 3146 secundam.
1598 3085 1801 3145 Rothi)-

207 3172 429 3225 tnagutn
470 3160 612 3214 cnim
653 3160 760 3216 illic
803 3163 1027 3231 legimus
1070 3162 1123 3216 iu
1162 3162 1492 3228 amplissima
1525 3162 1797 3228 provincia

1890 1246 2007 1314 jam
2037 1263 2136 1299 non
2178 1247 2326 1315 primi
2356 1246 2855 1315 comprovincialium

1826 1854 1873 1914 B

1893 538 2144 611 primatus
2166 536 2426 611 obtineret.
2455 539 2604 611 Quod
2628 556 2801 595 rerum
2830 536 2969 596 illius
2993 542 3251 611 temporis
3275 555 3475 604 statum

1893 608 2228 682 demonstrat
2256 609 2445 682 minus
2478 610 2787 682 distinctum
2834 612 3000 669 fuisse
3038 608 3251 682 et'jura
3296 619 3475 675 minus

1894 678 2037 734 clara
2068 695 2226 749 quam
2253 680 2305 733 in
2339 679 2520 734 notitia
2556 694 2986 749 reprzesentatur.

1964 750 2018 805 6.
2052 750 2381 828 Apollinaris
2412 751 2708 828 Sidonius,
2730 753 2948 820 Epistol.
2984 754 3077 809 lib.
3114 770 3183 828 vn
3222 760 3379 826 epist.
3412 764 3469 828 7,

1896 830 2121 894 testatur
2152 821 2564 894 Massiliensium
2610 824 2875 878 civitatem
2915 839 3011 879 sua
3054 821 3278 894 primum
3311 821 3473 889 :rtaté

1894 892 2036 947 inter
2062 894 2275 947 ultimas
2306 893 2594 959 provincia:
2625 894 2864 949 civitates
2894 892 3119 963 coepisse
3154 904 3423 957 numerari
3456 920 3473 958 :

1895 964 2055 1040 idque
2083 964 2187 1019 illis
2218 966 2270 1040 in
2307 979 2518 1040 ptenam
2551 965 2871 1040 obvenisse,
2904 966 3047 1034 quod
3072 969 3272 1040 scilicet
3299 974 3477 1040 priva-

1896 1036 1964 1105 tis
1989 1035 2283 1090 commodis
2312 1035 2477 1103 magis
2506 1036 2849 1089 consulentes
2875 1051 3034 1105 quam
3067 1035 3317 1105 publicis,
3350 1058 3473 1101 cum

1898 1104 2194 1160 Gothorum
2256 1106 2469 1173 regibus
2523 1106 2696 1160 foedus
2752 1121 2847 1161 nec
2895 1104 3027 1159 utile
3073 1122 3169 1161 nec
3220 1104 3477 1170 deCorum

1903 1176 2167 1251 iniissent.
2206 1176 2353 1251 Quod
2380 1178 2569 1243 utique,
2597 1177 2794 1251 inquit,
2828 1192 2981 1251 siege
2998 1177 3181 1251 diuque
3216 1183 3477 1251 facientes,

3077 1262 3328 1305 εαριδτιε
3354 1270 3477 1319 esse,

1901 1317 1989 1369 sed
2014 1318 2198 1371 ultimi.
2216 1317 2425 1392 _Quibus
2464 1318 2644 1392 verbis
2682 1320 2812 1392 satis
2852 1317 3039 1372 innuit
3064 1320 3151 1392 ad_
3176 1320 3267 1374 illa
3313 1317 3481 1392 usque

1905 1398 2145 1455 tempora
2168 1428 2181 1450 ,
2215 1388 2264 1441 id
2293 1396 2407 1452 est,
2446 1388 2633 1460 saltem
2675 1388 2739 1441 ad
2782 1404 2980 1444 annum
3014 1388 3484 1460 quadringentesi-

1902 1474 2046 1511 mum
2097 1469 2148 1511 ct
2186 1458 2666 1525 septuagesimum,
2702 1460 2929 1527 primum
2980 1458 3120 1515 inter
3168 1458 3485 1521 Viennensis

1901 1529 2194 1596 provinciae
2217 1529 2459 1582 civitates
2482 1539 2603 1596 post
2623 1530 2960 1598 metropolim
2987 1531 3162 1586 locum
3185 1534 3485 1592 obtinuisse

1901 1599 2187 1675 Massiliam
2220 1617 2229 1650 :
2262 1599 2557 1675 quodjure
2597 1600 2671 1654 illi
2717 1601 2917 1675 civitati
2950 1601 3321 1675 deferebatur,
3362 1620 3485 1675 qua

1901 1677 2007 1723 tam
2046 1671 2263 1736 antiqua
2295 1670 2574 1725 nobilitate
2612 1673 2821 1726 exteris
2855 1672 3160 1735 eminebat,
3194 1683 3252 1728 ut
3281 1670 3486 1731 metro-

1901 1740 2116 1809 politica
2148 1741 2307 1795 etiam
2337 1741 2598 1809 dignitate
2638 1742 2703 1795 ad
2743 1755 2951 1812 tempus
2980 1754 3168 1798 ornata
3198 1746 3353 1801 fuerit
3382 1747 3484 1803 de-

1901 1820 2050 1865 creto
2090 1812 2303 1865 concilii
2341 1812 2705 1867 Taurinensis.
2750 1815 2818 1867 At
2857 1830 2986 1868 vero
3026 1815 3077 1867 in
3123 1817 3309 1871 notitia
3364 1816 3479 1874 Sir-

1903 1883 2084 1936 mondi
2127 1891 2180 1936 et
2223 1882 2362 1951 aliis,
2402 1885 2641 1938 omnium
2689 1885 2871 1939 ultima
2919 1885 3174 1941 scribitur
3221 1888 3480 1954 Massilia,

1898 1968 2055 2021 quam
2099 1963 2151 2006 et
2196 1955 2383 2008 Arelas
2430 1955 2738 2010 immediate
2782 1958 3038 2024 prtecedit
3078 1975 3088 2009 :
3131 1960 3484 2025 quamobrem

1899 2026 2017 2079 luce
2055 2025 2352 2079 meridiana
2392 2025 2589 2079 clarius
2626 2034 2736 2089 est.
2773 2027 2928 2095 longe
2967 2029 3317 2095 posteriorem
3359 2044 3487 2085 esse

1897 2105 2053 2149 tetate
2088 2096 2305 2149 llonorii
2340 2097 2580 2149 notitiam
2622 2112 2782 2166 quam
2833 2098 3149 2153 discutimus
3171 2139 3185 2163 ,
3218 2109 3272 2153 et
3299 2100 3367 2153 ad
3396 2101 3484 2154 Si-

1899 2166 2041 2241 donii
2080 2176 2328 2241 _tempora
2364 2166 2709 2241 referendam
2752 2184 2891 2241 esse.
2936 2169 3001 2223 Et
3032 2185 3160 2224 vero
3202 2170 3480 2241 probabile

1900 2238 2186 2291 admodum
2234 2248 2315 2292 est
2364 2238 2498 2292 hanc
2546 2254 2611 2294 eo
2664 2238 2880 2294 circiter
2927 2248 3167 2307 tempore
3202 2238 3482 2298 conditam

1938 2308 2257 2382 uo_Euricns
2281 2308 2679 2382 Visigothorutn
2709 2326 2800 2365 rex
2843 2314 2893 2365 in
2942 2310 3143 2366 Gallias
3178 2312 3483 2382 irrumpens

1949 2380 2168 2453 relatem
2198 2391 2253 2435 et
2277 2380 2562 2453 Massiliam
2594 2384 2893 2447 occupavit,
2926 2384 3008 2438 vel
3039 2385 3200 2438 etiam
3232 2380 3483 2453 superio-

1900 2451 2046 2504 ribus
2071 2451 2274 2520 aliquot
2298 2454 2470 2505 annis.
2503 2451 2634 2506 Cum
2670 2455 2812 2507 enim
2844 2454 3130 2508 maximam
3163 2451 3485 2513 Viennensis

1902 2523 2191 2595 provinciae
2230 2534 2433 2595 partem
2460 2533 2723 2595 tenerent
2763 2525 3191 2595 Burgundiones,
3222 2528 3335 2580 sola
3367 2526 3485 2583 fere

1900 2592 2090 2648 Arelas
2129 2593 2525 2666 cuni_Massilia
2576 2595 2627 2649 in
2674 2592 3039 2651 Romanorum
3088 2606 3355 2666 potestate
3397 2612 3485 2652 re-

1902 2666 2118 2738 mansit,
2151 2674 2205 2738 et
2233 2664 2389 2738 circa
2409 2680 2606 2738 annum
2640 2664 3226 2738 quadringentesimum
3269 2678 3487 2738 septua-

1902 2682 2118 2731 mansn,
2151 2682 2205 2720 et
2233 2682 2377 2719 eirea
2409 2682 2606 2719 annum
2638 2682 3226 2789 quadringentesimum
3269 2682 3485 2738 septua-

1898 2736 2161 2803 gesimum
2189 2736 2238 2789 in
2272 2736 2447 2791 Eurici
2476 2738 2614 2807 regis
2687 2739 3035 2805 isigothorum
3077 2740 3260 2793 Ariani
3291 2752 3485 2793 manus

1899 2808 2113 2860 devenit
2142 2826 2154 2858 :
2181 2806 2292 2876 qui,
2327 2817 2383 2860 ut
2416 2806 2578 2861 refert
2610 2809 2931 2875 Apollinaris
2968 2810 3242 2875 Sidonius,
3275 2810 3366 2863 lib.
3410 2824 3488 2868 vtt

1901 2879 2058 2946 epist.
2091 2877 2160 2943 6,
2202 2878 2266 2929 ad
2304 2878 2557 2949 Basiliutn
2609 2880 2892 2949 plerosque
2935 2880 3143 2933 illarum
3188 2881 3489 2948 provincia-

1903 2963 2020 3001 rum
2041 2950 2319 3016 episcopos
2346 2948 2431 3000 vcl
2460 2957 2631 3001 morte
2655 2950 2949 3012 mulctavit,
2976 2950 3055 3003 vel
3079 2949 3251 3003 solum
3276 2958 3487 3005 vertere

1902 3020 2107 3086 coegit,
2134 3018 2299 3087 nullis
2328 3018 2581 3084 deinceps
2611 3019 2879 3087 episcopis
2917 3020 2967 3071 in
3000 3019 3374 3073 defunctorum
3406 3017 3491 3073 of-

1906 3087 2022 3141 ﬁcia
2054 3086 2321 3157 sull‘ectis;
2357 3088 2427 3141 ita
2458 3095 2514 3140 ut
2546 3086 2770 3156 populos
2797 3086 3018 3143 excessu
3052 3089 3363 3157 pontificum
3392 3104 3489 3144 or-

1904 3156 2057 3211 batos
2106 3156 2271 3212 tristis
2330 3156 2593 3211 intercisa:
2650 3158 2771 3211 ﬁdei
2822 3156 3125 3225 deSperatio
3172 3167 3485 3227 premeret,

206 3230 504 3302 primatum
539 3241 809 3287 tenentem
830 3227 1036 3302 [quam
1068 3227 1307 3301 ejusdem
1336 3227 1557 3285 llonorii
1588 3241 1797 3300 tempo-
1822 3227 1869 3289 C
1904 3229 2047 3282 nulla
2076 3237 2221 3282 esset
2248 3228 2299 3281 in
2316 3227 2570 3302 desolatis
2592 3244 2718 3282 cura
2748 3228 3067 3302 diuaeesibus
3095 3230 3488 3299 paroebiisque,

206 3297 363 3373 ribus
408 3300 661 3373 Paulinus
702 3297 951 3359 Nolensis
990 3297 1273 3373 episc0pns
1319 3304 1551 3373 miratur
1585 3297 1727 3357 velut
1767 3320 1797 3360 e

208 3370 452 3428 tenebris
478 3376 785 3446 emersisse.
818 3370 1086 3446 Denique,
1128 3370 1321 3443 inquit,
1354 3390 1489 3427 nunc
1516 3372 1800 3428 Rat/toma-

204 3456 333 3507 gum
364 3451 415 3518 et
445 3443 623 3518 uicinis
661 3455 779 3499 ante
810 3443 1100 3518 regionibus
1130 3446 1267 3500 tenui
1300 3446 1504 3518 nomine
1530 3446 1798 3518 pervulga-

207 3520 340 3585 tum,
374 3513 427 3564 in
456 3511 745 3585 longinquis
772 3511 925 3570 etiam
953 3518 1225 3585 provinciis
1250 3516 1505 3570 nominari
1531 3511 1793 3570 uenerabi-

207 3582 325 3636 liter
354 3582 627 3649 audimus,
646 3582 705 3640 ἐι
743 3589 873 3640 inter
902 3582 1047 3642 urbes
1076 3588 1291 3642 sacratis
1331 3588 1455 3641 locis
1483 3585 1674 3639 nobiles
1700 3603 1796 3641 nu-

207 3654 421 3733 merari,
443 3663 549 3709 etc.
569 3656 905 3733 _Morinorum
934 3668 1108 3714 autem
1134 3659 1429 3733 civitatem,
1454 3673 1579 3733 _qure
1612 3657 1667 3711 in
1698 3673 1795 3713 no-

210 3726 325 3777 titia
358 3726 535 3780 locum
567 3728 744 3793 habet,
772 3738 1039 3797 tamquam
1064 3730 1353 3798 episcopali
1375 3726 1501 3783 sede
1524 3736 1787 3795 ornatam,

210 3802 492 3865 letumque
543 3798 690 3853 illum
746 3800 952 3855 Nervici
1002 3801 1195 3856 littoris
1246 3808 1470 3855 tractum
1525 3800 1609 3852 vix
1658 3801 1794 3854 tenui

206 3867 415 3933 spiritu,
450 3868 618 3935 inquit
647 3870 784 3925 idern
818 3871 1086 3937 Paulinus,
1121 3872 1249 3939 ﬁdes
1274 3871 1497 3926 veritatis
1515 3870 1788 3940 amaverat,

208 3948 499 4011 antequam
536 3940 815 3996 Victricius
857 3944 965 3997 illic
1000 3942 1343 4011 pra'dicaret,
1390 3944 1441 3996 in
1484 3956 1588 4009 quo
1626 3943 1793 4009 prima

207 4010 444 4082 refulsit,
485 4012 675 4065 clarius
721 4014 968 4078 invaluit,
999 4014 1259 4067 ardentius
1298 4023 1343 4067 et
1383 4013 1592 4082 pronius
1633 4030 1795 4082 appa-

206 4080 334 4143 ruit,
366 4090 475 4135 etc.
511 4082 655 4136 Sicut
678 4094 811 4136 terra
845 4084 1077 4137 Zabulon
1109 4080 1436 4150 quondaiu‘et
1458 4080 1795 4148 Nephtlialim

207 4150 284 4201 via
319 4152 475 4204 maris
512 4163 652 4207 trans
683 4152 965 4208 Iordanem
996 4154 1258 4220 Galilww;
1290 4164 1334 4207 et
1366 4155 1450 4222 qui
1482 4154 1719 4207 sedebant
1741 4154 1795 4206 in

207 4222 419 4291 regione
446 4225 639 4278 umbra:
668 4228 864 4289 mortis,
895 4228 1056 4279 lucem
1081 4227 1315 4279 viderunt
1350 4239 1616 4294 magnam;
1650 4225 1721 4275 ita
1750 4230 1797 4276 et

207 4307 349 4363 nunc
389 4294 443 4346 in
486 4304 619 4348 terra
658 4295 979 4351 Morinorum
1017 4298 1118 4349 situ
1162 4296 1295 4349 orbis
1334 4304 1559 4348 extrema
1583 4334 1596 4359 ,
1642 4309 1797 4363 quam

208 4361 443 4437 barbaris
472 4367 707 4433 [luctibus
738 4367 955 4437 fremens
987 4367 1151 4420 tundit
1183 4365 1479 4437 Oceanum.
1510 4403 1522 4415 .
1560 4404 1571 4416 .
1604 4400 1618 4415 .
1654 4361 1707 4437 in
1739 4380 1799 4419 ea

207 4444 358 4487 orata
382 4435 478 4489 sibi
506 4454 594 4505 per
614 4434 753 4491 tuam
783 4440 1100 4493 sanctitatem
1127 4454 1158 4489 a
1188 4436 1408 4489 Domino
1440 4436 1551 4488 luce
1572 4434 1799 4504 gauden-

206 4513 279 4559 tes
316 4506 479 4578 corda
514 4525 695 4577 aspera
725 4508 925 4564 Christo
954 4511 1174 4562 intrante
1200 4515 1497 4578 posuerunt,
1530 4515 1633 4561 etc.
1666 4506 1799 4573 ρυω

207 4577 392 4650 omnia
427 4578 565 4632 haud
608 4581 719 4635 scio
762 4597 829 4635 an
868 4579 1075 4650 possint
1110 4577 1397 4633 convenire
1427 4593 1549 4650 cum
1580 4579 1797 4650 provin-

206 4646 415 4721 ciarum
450 4650 687 4721 notitiis,
724 4667 843 4721 qu:e
869 4646 1041 4721 ‘(quod
1071 4650 1361 4704 notandum
1391 4651 1441 4703 in
1474 4646 1683 4717 primis)
1711 4648 1793 4721 _vi-

206 4716 408 4773 dentur
434 4720 500 4774 ad
532 4716 682 4776 usum
706 4716 1122 4777 ecclesiasticum
1152 4735 1271 4775 esse
1300 4720 1578 4788 descripta:
1604 4736 1615 4772 :
1638 4716 1790 4788 cujus

206 4789 285 4842 rei
322 4803 644 4859 argumento
677 4804 789 4860 est,
816 4794 955 4863 quod
993 4795 1096 4847 illa:
1135 4806 1357 4863 omnes,
1392 4800 1501 4863 tam
1532 4806 1561 4845 a
1592 4789 1640 4844 J.
1680 4792 1791 4863 Sir-

206 4862 415 4915 mondo
443 4878 602 4932 quam
643 4865 711 4918 ab
742 4860 952 4919 Andrea
998 4862 1298 4918 Duchesnio
1339 4862 1528 4926 cditaz,
1580 4876 1699 4930 qua:
1735 4860 1791 4917 in

207 4946 343 4985 mss.
387 4934 668 4990 codicibus
696 4935 965 4990 Thuaneae
994 4934 1329 4989 bibliotheca:
1371 4932 1568 5001 passim
1603 4946 1793 4986 occur-

205 5012 367 5067 runt,
403 5004 457 5059 in
506 5006 587 5060 his
626 5008 755 5062 solis
785 5007 1126 5075 reperiuntur
1172 5004 1263 5075 qui
1302 5011 1646 5058 monumenta
1678 5010 1793 5058 tan-

205 5076 493 5131 tummodo
521 5079 881 5135 ecclesiastica
911 5078 1205 5133 continent.

278 5145 336 5200 5.
371 5147 431 5201 Si
465 5148 682 5204 Honorii
722 5158 879 5205 tetate
918 5148 1055 5203 facta
1092 5157 1233 5203 esset
1271 5161 1334 5202 ea
1368 5145 1551 5200 notitia
1580 5144 1789 5215 publica

202 5216 533 5289 auctoritate
556 5221 642 5276 vel
663 5236 726 5276 ex
752 5220 1043 5275 indubitata
1072 5219 1307 5274 omnium
1336 5216 1661 5289 cognitione,
1685 5232 1791 5289 non

202 5288 476 5357 ancipites
519 5300 575 5346 et
615 5293 763 5347 dubii
798 5292 1117 5346 mansissent
1146 5289 1330 5344 Patres
1358 5287 1574 5343 concilii
1608 5287 1794 5341 Tauri-

202 5362 401 5433 nensis
444 5360 607 5432 (quod
646 5364 886 5433 ejusdem
922 5361 1256 5430 imperatoris
1288 5358 1618 5433 temporibus
1648 5360 1793 5433 celet

202 5429 428 5504 bratum
454 5429 572 5504 cst)
617 5429 719 5489 utri
755 5429 1033 5489 amborum
1076 5433 1448 5504 episcoporum
1492 5429 1793 5504 Arelatensi

201 5516 275 5574 an
307 5501 605 5560 Viennensi
646 5505 1090 5574 metropoliticam
1113 5501 1184 5557 in
1224 5503 1384 5574 rebus
1411 5501 1791 5574 ecclesiasticis

198 5571 528 5644 dignitatem
563 5571 857 5632 attribuere
881 5576 1164 5636 deberent;
1198 5589 1296 5629 nec
1319 5572 1385 5628 ad
1416 5572 1553 5628 hanc
1582 5581 1795 5627 senten-

199 5644 343 5702 tiam
373 5649 630 5704 coarctati
665 5657 875 5715 essent,
913 5655 967 5700 ut
999 5646 1087 5717 qui
1115 5661 1178 5699 ea:
1216 5645 1285 5699 eis
1319 5644 1623 5715 approbaret
1653 5658 1798 5698 suam

1907 3310 1959 3354 et
1990 3313 2098 3353 non
2130 3306 2235 3352 tam
2266 3297 2791 3371 sacerdotesgmortui
2822 3314 2942 3355 esse
2971 3300 3297 3368 viderentur,
3328 3297 3489 3371 quam

1907 3372 2079 3438 ipsum
2119 3369 2497 3425 sacerdotium.
2541 3368 2667 3425 llaec
2698 3370 2808 3425 fere
2848 3371 3100 3427 Sidonius
3132 3388 3146 3427 :
3188 3387 3254 3427 ex
3292 3368 3490 3437 quibus

1905 3441 2205 3511 intelligere
2233 3449 2315 3497 est
2339 3481 2354 3504 ,
2385 3456 2542 3510 quam
2581 3452 2876 3511 opportuna
2908 3458 3027 3499 sese
3069 3453 3194 3497 tunc
3232 3444 3491 3500 obtulerit

1906 3511 2200 3585 Viennensi
2228 3512 2480 3581 episeopo
2515 3514 2725 3585 occasio
2751 3512 2869 3581 jura
2909 3530 3027 3585 quae
3057 3515 3159 3570 sibi
3193 3514 3388 3585 injuste
3416 3516 3486 3572 ab

1901 3582 2203 3656 Arelatensi
2253 3594 2513 3656 prmrept‘a
2562 3583 2799 3653 jactabat
2850 3582 3257 3655 recuperandi,
3287 3587 3488 3656 quippe

1903 3669 2022 3708 cum
2076 3654 2357 3723 plerasque
2402 3654 2624 3709 haberet
2672 3656 2913 3712 civitates
2965 3654 3251 3724 provincize
3299 3654 3485 3714 Secum

1902 3724 2367 3795 Burgundionibus
2408 3725 2678 3793 subditas;
2723 3728 2839 3782 ista:
2882 3728 3023 3782 enim
3055 3728 3296 3784 videntes
3322 3742 3485 3785 omne

1902 3797 2000 3868 sibi
2037 3812 2155 3850 cum
2188 3796 2482 3868 Arelatensi
2508 3799 2890 3854 commercium
2926 3798 3194 3865 interdici,
3229 3800 3349 3868 quia
3381 3798 3485 3855 sub

1900 3866 2139 3921 Romana
2163 3867 2245 3921 vel
2267 3867 2490 3923 Gothica
2513 3869 2715 3924 ditione
2739 3869 2853 3923 hzec
2874 3868 3122 3938 degebat,
3148 3866 3303 3925 facile
3324 3870 3484 3926 Vien-

1899 3939 2051 3993 nensi
2078 3954 2136 3992 se
2164 3938 2301 3992 ultro
2326 3939 2693 4007 subiecerunt,
2723 3938 3021 4005 annitente,
3058 3949 3113 3992 ut
3142 3954 3238 4007 par
3262 3948 3345 3995 est
3364 3956 3484 3996 cre-

1900 4010 2049 4073 dere,
2083 4010 2370 4077 Burgundo
2416 4009 2687 4078 principe,
2721 4011 2867 4064 nullo
2914 4010 3179 4064 renitente
3219 4025 3283 4063 ex
3330 4019 3484 4078 parte

1900 4078 2261 4140 Arelatensis,
2293 4078 2378 4133 cui
2420 4091 2543 4133 tunc
2588 4080 2841 4145 temporis
2895 4094 2961 4132 ne
3012 4081 3219 4132 hiscere
3262 4081 3485 4147 quidem

1901 4152 1983 4204 vel
2021 4151 2213 4203 mutire
2244 4150 2325 4201 fas
2360 4158 2498 4203 erat.
2531 4149 2667 4202 Vero
2699 4150 2882 4217 itaque
2920 4149 3250 4203 simillimum
3280 4158 3363 4203 est
3386 4164 3485 4218 per

1902 4235 2021 4274 earn
2048 4228 2259 4272 aetatem
2298 4220 2567 4273 conditam
2611 4233 2731 4273 esse
2765 4218 3004 4272 notitiam
3036 4218 3085 4271 .l.
3129 4218 3397 4272 Sirmondi
3427 4226 3486 4274 et

1902 4290 2054 4355 alias,
2081 4290 2131 4343 in
2156 4290 2348 4357 quibus
2378 4288 2689 4342 Viennensis
2716 4287 2942 4343 sollicite
2965 4289 3097 4357 egit,
3123 4296 3180 4340 ut
3201 4287 3485 4344 Arelatem

1905 4362 1977 4415 sis
2022 4367 2077 4414 et
2124 4358 2470 4413 Massiliensis
2516 4358 2972 4424 describerentur,
3006 4372 3138 4428 quas
3167 4358 3232 4412 ad
3264 4359 3480 4428 pontiﬁ-

1902 4432 2043 4486 cium
2074 4445 2227 4485 suum
2267 4430 2533 4500 pertinere
2561 4430 2687 4484 olim
2719 4429 3090 4485 contendebat.
3492 4454 3495 4457 -

1975 4502 2089 4557 Etsi
2121 4517 2247 4556 vero
2278 4510 2550 4556 auctorem
2583 4503 2673 4570 qui
2710 4504 2823 4556 hrec
2852 4510 3034 4556 narret
3062 4501 3276 4557 disertis
3298 4504 3481 4560 verbis

1905 4589 2010 4627 non
2040 4572 2350 4639 habeamus,
2382 4572 2511 4628 satis
2543 4580 2718 4628 tamen
2746 4573 3102 4637 insinuantur,
3141 4582 3250 4628 tum
3287 4589 3353 4630 ex
3386 4592 3484 4631 no-

1824 4616 1874 4677 Ῑ)
1902 4616 2791 4713 ἰῖἶῖἐεῗρΞῖιῙὲὲῖἶιίψπᾶιίῖἧιΐὲἱιω
2803 4616 2958 4699 statu
2986 4616 3483 4703 Arelatensis-civi-

1905 4717 2025 4771 tatis
2054 4726 2107 4771 et
2135 4714 2394 4771 Ecclesia:
2420 4730 2577 4785 quem
2606 4716 3020 4786 descripsimus,
3051 4724 3161 4770 tum
3184 4732 3247 4771 ex
3277 4718 3342 4771 iis
3362 4734 3484 4787 quce

1905 4788 2211 4858 Symmachi
2254 4802 2406 4857 papa:
2446 4787 2776 4857 temporibus
2812 4797 2926 4841 acta
2968 4796 3111 4841 sunt.
3149 4787 3301 4841 Patet
3338 4790 3482 4858 enim

1902 4856 1969 4913 ab
2008 4858 2103 4912 illo
2139 4856 2579 4912 constitutionem
2610 4858 2861 4912 emissam
2890 4872 3008 4913 esse
3034 4858 3085 4910 in
3114 4858 3340 4913 gratiam
3364 4856 3485 4911 Ca:-

1902 4929 2027 4984 sarii
2057 4929 2385 4985 Arelatensis
2409 4929 2667 4999 episcopi,
2692 4938 2975 4998 prepterea
2999 4928 3137 4996 quod
3164 4928 3485 4999 constitutos

1903 5016 1932 5054 a
1970 5000 2149 5053 Leone
2181 5014 2311 5069 papa
2346 4997 2543 5053 limites
2578 4997 2989 5069 prmtergressus
3023 5005 3137 5051 erat
3166 4997 3485 5069 Viennensis

1902 5067 2218 5141 episcopus,
2253 5067 2306 5125 et
2336 5078 2496 5123 totam
2531 5067 2859 5140 provinciam
2893 5083 3003 5125 sum
3028 5068 3277 5141 potestati
3305 5067 3485 5141 vindi-

1901 5136 2023 5197 care
2054 5136 2277 5195 conatus
2303 5150 2419 5196 erat
2445 5136 2824 5209 per'saaculnria
2846 5136 3269 5209 patrocinia,_aut
3290 5153 3379 5205 per
3400 5138 3483 5192 al-

1901 5216 2054 5287 terius
2084 5214 2422 5287 excusationis
2445 5205 2727 5265 'obtentum.
2951 5205 3311 5287 Quamobrem
3344 5224 3484 5287 prte-

1902 5285 2202 5358 decessoris
2228 5286 2306 5358 sui
2332 5284 2602 5358 decretum
2634 5280 2817 5358 rursus
2846 5280 3187 5358 conﬁrmavit
3215 5280 3480 5347 pontifex,

1903 5366 1957 5411 et
1982 5370 2077 5409 sua
2108 5356 2341 5408 Caesarie
2373 5356 2572 5423 integra
2605 5368 2725 5423 esse
2751 5354 2870 5423 jura
2898 5351 3155 5403 decrevit.

1972 5424 2101 5480 CAP.
2134 5426 2219 5479 XI.
2272 5419 2590 5496 ()bjectiones
2618 5422 2736 5496 alia:
2766 5420 3055 5496 diluuntur,
3089 5419 3269 5496 quibus
3298 5428 3484 5473 metro-

1908 5499 2113 5568 politica
2136 5490 2357 5567 dignitas
2392 5494 2662 5568 Viennensi
2701 5491 3130 5568 episcopoasseri
3172 5490 3390 5568 uidetur.
3414 5519 3483 5568 -_

1909 5561 2077 5637 Objici
2127 5561 2283 5622 etiam
2319 5574 2493 5636 potest
2546 5566 2601 5637 in
2644 5561 3215 5637 gratiamﬂiennensis
3246 5562 3483 5631 episcopi

1908 5629 2163 5695 adversus
2195 5629 2560 5693 Arelatensem
2585 5629 2667 5705 (αἱ
2693 5631 2977 5691 concilium
3009 5629 3347 5687 Valentinum
3375 5629 3481 5703 pri~

1266 5754 1825 5811 BALLERINIORUM
1869 5750 2412 5810 ANNOTATIONES.

283 5859 365 5931 (α)
394 5858 533 5928 Quid
564 5873 630 5917 ex
658 5857 885 5917 concilio
907 5853 1189 5915 Valentino
1208 5850 1526 5911 eliciendum
1558 5851 1626 5918 sit
1654 5864 1980 5923 exponemus
2010 5852 2061 5905 in
2082 5850 2294 5904 observ.
2319 5852 2458 5914 part.
2492 5858 2549 5911 ιι,
2577 5857 2623 5897 c.
2658 5841 2712 5907 5,
2739 5854 2793 5895 n.
2823 5837 2857 5893 2
