  <div class='ocr_page' id='page_1' title='image "/cluster/home/n/w/nwhite01/storage/ocr_20150623/55/hvd.32044015471592/239.png"; bbox 0 0 3984 6306; ppageno 0'>
   <div class='ocr_carea' id='block_1_1' title="bbox 442 320 548 380">
    <p class='ocr_par' dir='ltr' id='par_1_1' title="bbox 442 320 548 380">
     <span class='ocr_line' id='line_1_1' title="bbox 442 320 548 380; baseline -0.038 0"><span class='ocrx_word' id='word_1_1' title='bbox 442 320 548 380; x_wconf 68' lang='lat' dir='ltr'><strong>M7</strong></span> 
     </span>
    </p>
   </div>
   <div class='ocr_carea' id='block_1_2' title="bbox 910 312 3229 393">
    <p class='ocr_par' dir='ltr' id='par_1_2' title="bbox 910 312 3229 393">
     <span class='ocr_line' id='line_1_2' title="bbox 910 312 3229 393; baseline -0.001 -18"><span class='ocrx_word' id='word_1_2' title='bbox 910 317 1153 379; x_wconf 80' lang='lat' dir='ltr'><strong>PASCH.</strong></span> <span class='ocrx_word' id='word_1_3' title='bbox 1192 315 1579 393; x_wconf 74' lang='lat' dir='ltr'><strong>QUESNELLI</strong></span> <span class='ocrx_word' id='word_1_4' title='bbox 1617 312 2201 373; x_wconf 77' lang='lat' dir='ltr'><strong>DlSSERTATIONES</strong></span> <span class='ocrx_word' id='word_1_5' title='bbox 2241 312 2305 369; x_wconf 84' lang='lat' dir='ltr'><strong>IN</strong></span> <span class='ocrx_word' id='word_1_6' title='bbox 2342 312 2399 370; x_wconf 88' lang='lat' dir='ltr'><strong>S.</strong></span> <span class='ocrx_word' id='word_1_7' title='bbox 2443 313 2689 373; x_wconf 84' lang='lat' dir='ltr'><strong>LEOle</strong></span> <span class='ocrx_word' id='word_1_8' title='bbox 2729 315 2940 373; x_wconf 83' lang='lat' dir='ltr'><strong>MAGNI</strong></span> <span class='ocrx_word' id='word_1_9' title='bbox 2978 314 3229 374; x_wconf 78' lang='lat' dir='ltr'><strong>OPEBA.</strong></span> 
     </span>
    </p>
   </div>
   <div class='ocr_carea' id='block_1_3' title="bbox 3605 316 3713 381">
    <p class='ocr_par' dir='ltr' id='par_1_3' title="bbox 3605 316 3713 381">
     <span class='ocr_line' id='line_1_3' title="bbox 3605 316 3713 381; baseline 0.056 -6"><span class='ocrx_word' id='word_1_10' title='bbox 3605 316 3713 381; x_wconf 63' lang='lat'><strong>468</strong></span> 
     </span>
    </p>
   </div>
   <div class='ocr_carea' id='block_1_4' title="bbox 441 426 3708 505">
    <p class='ocr_par' dir='ltr' id='par_1_4' title="bbox 441 426 3708 505">
     <span class='ocr_line' id='line_1_4' title="bbox 441 426 3708 505; baseline -0 -14"><span class='ocrx_word' id='word_1_11' title='bbox 441 448 587 505; x_wconf 87' lang='lat' dir='ltr'><strong>mum</strong></span> <span class='ocrx_word' id='word_1_12' title='bbox 614 430 667 488; x_wconf 89' lang='lat' dir='ltr'><strong>in</strong></span> <span class='ocrx_word' id='word_1_13' title='bbox 690 432 963 505; x_wconf 92' lang='lat' dir='ltr'><strong>provincia</strong></span> <span class='ocrx_word' id='word_1_14' title='bbox 992 432 1282 505; x_wconf 82' lang='lat' dir='ltr'><strong>Viennensi</strong></span> <span class='ocrx_word' id='word_1_15' title='bbox 1318 429 1503 505; x_wconf 12' lang='lat' dir='ltr'><strong>a.g374</strong></span> <span class='ocrx_word' id='word_1_16' title='bbox 1529 429 1893 505; x_wconf 83' lang='lat' dir='ltr'><strong>celebratum;</strong></span> <span class='ocrx_word' id='word_1_17' title='bbox 1927 429 2015 483; x_wconf 89' lang='lat' dir='ltr'><strong>cui</strong></span> <span class='ocrx_word' id='word_1_18' title='bbox 2044 429 2091 489; x_wconf 80' lang='grc' dir='ltr'><strong>Α</strong></span> <span class='ocrx_word' id='word_1_19' title='bbox 2124 426 2462 505; x_wconf 79' lang='lat' dir='ltr'><strong>Viennensis,</strong></span> <span class='ocrx_word' id='word_1_20' title='bbox 2491 430 2591 484; x_wconf 89' lang='lat' dir='ltr'><strong>nisi</strong></span> <span class='ocrx_word' id='word_1_21' title='bbox 2613 430 2739 505; x_wconf 87' lang='lat' dir='ltr'><strong>quia</strong></span> <span class='ocrx_word' id='word_1_22' title='bbox 2772 430 3155 505; x_wconf 66' lang='lat' dir='ltr'><strong>Viennensium</strong></span> <span class='ocrx_word' id='word_1_23' title='bbox 3178 429 3369 505; x_wconf 83' lang='lat' dir='ltr'><strong>civitas</strong></span> <span class='ocrx_word' id='word_1_24' title='bbox 3400 429 3568 488; x_wconf 82' lang='lat' dir='ltr'><strong>totius</strong></span> <span class='ocrx_word' id='word_1_25' title='bbox 3590 448 3708 504; x_wconf 91' lang='lat' dir='ltr'><strong>pro-</strong></span> 
     </span>
    </p>
   </div>
   <div class='ocr_carea' id='block_1_5' title="bbox 441 501 2013 574">
    <p class='ocr_par' dir='ltr' id='par_1_5' title="bbox 441 501 2013 574">
     <span class='ocr_line' id='line_1_5' title="bbox 441 501 2013 574; baseline -0.004 -13"><span class='ocrx_word' id='word_1_26' title='bbox 441 501 721 574; x_wconf 72' lang='lat' dir='ltr'><strong>prznl&#39;uisse</strong></span> <span class='ocrx_word' id='word_1_27' title='bbox 750 504 961 561; x_wconf 90' lang='lat' dir='ltr'><strong>videtur</strong></span> <span class='ocrx_word' id='word_1_28' title='bbox 999 503 1306 560; x_wconf 85' lang='lat' dir='ltr'><strong>Florentius</strong></span> <span class='ocrx_word' id='word_1_29' title='bbox 1348 501 2013 574; x_wconf 12' lang='lat' dir='ltr'><strong>Viennensisgepiscopus,</strong></span> 
     </span>
    </p>
   </div>
   <div class='ocr_carea' id='block_1_6' title="bbox 437 571 2020 648">
    <p class='ocr_par' dir='ltr' id='par_1_6' title="bbox 437 571 2020 648">
     <span class='ocr_line' id='line_1_6' title="bbox 437 571 2020 648; baseline -0.005 -14"><span class='ocrx_word' id='word_1_30' title='bbox 437 571 763 644; x_wconf 83' lang='lat' dir='ltr'><strong>Concordia,</strong></span> <span class='ocrx_word' id='word_1_31' title='bbox 776 592 934 648; x_wconf 86' lang='lat' dir='ltr'><strong>quem</strong></span> <span class='ocrx_word' id='word_1_32' title='bbox 957 577 1106 630; x_wconf 89' lang='lat' dir='ltr'><strong>aiunt</strong></span> <span class='ocrx_word' id='word_1_33' title='bbox 1127 576 1495 631; x_wconf 85' lang='lat' dir='ltr'><strong>Arelatensem</strong></span> <span class='ocrx_word' id='word_1_34' title='bbox 1527 582 1653 628; x_wconf 90' lang='lat' dir='ltr'><strong>tunc</strong></span> <span class='ocrx_word' id='word_1_35' title='bbox 1675 571 1859 639; x_wconf 83' lang='lat' dir='ltr'><strong>fuisse,</strong></span> <span class='ocrx_word' id='word_1_36' title='bbox 1878 571 2020 628; x_wconf 88' lang='lat' dir='ltr'><strong>inter</strong></span> 
     </span>
    </p>
   </div>
   <div class='ocr_carea' id='block_1_7' title="bbox 439 648 1339 720">
    <p class='ocr_par' dir='ltr' id='par_1_7' title="bbox 439 648 1339 720">
     <span class='ocr_line' id='line_1_7' title="bbox 439 648 1339 720; baseline -0.003 -15"><span class='ocrx_word' id='word_1_37' title='bbox 439 648 920 720; x_wconf 85' lang='lat' dir='ltr'><strong>comprovinciales</strong></span> <span class='ocrx_word' id='word_1_38' title='bbox 950 648 1339 720; x_wconf 72' lang='lat' dir='ltr'><strong>subscribente.</strong></span> 
     </span>
    </p>
   </div>
   <div class='ocr_carea' id='block_1_8' title="bbox 512 717 2013 789">
    <p class='ocr_par' dir='ltr' id='par_1_8' title="bbox 512 717 2013 789">
     <span class='ocr_line' id='line_1_8' title="bbox 512 717 2013 789; baseline -0.003 -14"><span class='ocrx_word' id='word_1_39' title='bbox 512 717 710 775; x_wconf 84' lang='lat' dir='ltr'><strong>Verum</strong></span> <span class='ocrx_word' id='word_1_40' title='bbox 748 719 1018 775; x_wconf 91' lang='lat' dir='ltr'><strong>inﬁrmum</strong></span> <span class='ocrx_word' id='word_1_41' title='bbox 1062 733 1280 789; x_wconf 85' lang='lat' dir='ltr'><strong>prorsus</strong></span> <span class='ocrx_word' id='word_1_42' title='bbox 1321 717 1463 774; x_wconf 86' lang='lat' dir='ltr'><strong>istud</strong></span> <span class='ocrx_word' id='word_1_43' title='bbox 1500 724 1872 789; x_wconf 75' lang='lat' dir='ltr'><strong>argumentum</strong></span> <span class='ocrx_word' id='word_1_44' title='bbox 1913 725 2013 789; x_wconf 69' lang='lat' dir='ltr'><strong>est.</strong></span> 
     </span>
    </p>
   </div>
   <div class='ocr_carea' id='block_1_9' title="bbox 439 787 2016 860">
    <p class='ocr_par' dir='ltr' id='par_1_9' title="bbox 439 787 2016 860">
     <span class='ocr_line' id='line_1_9' title="bbox 439 787 2016 860; baseline -0.002 -16"><span class='ocrx_word' id='word_1_45' title='bbox 439 790 680 844; x_wconf 83' lang='lat' dir='ltr'><strong>Primum</strong></span> <span class='ocrx_word' id='word_1_46' title='bbox 721 791 862 845; x_wconf 91' lang='lat' dir='ltr'><strong>enim</strong></span> <span class='ocrx_word' id='word_1_47' title='bbox 904 787 1323 859; x_wconf 77' lang='lat' dir='ltr'><strong>subscriptiones</strong></span> <span class='ocrx_word' id='word_1_48' title='bbox 1367 787 1739 860; x_wconf 84' lang='lat' dir='ltr'><strong>episcoporum</strong></span> <span class='ocrx_word' id='word_1_49' title='bbox 1788 803 1906 860; x_wconf 84' lang='lat' dir='ltr'><strong>quae</strong></span> <span class='ocrx_word' id='word_1_50' title='bbox 1948 787 2016 842; x_wconf 91' lang='lat' dir='ltr'><strong>ad</strong></span> 
     </span>
    </p>
   </div>
   <div class='ocr_carea' id='block_1_10' title="bbox 442 858 2017 933">
    <p class='ocr_par' dir='ltr' id='par_1_10' title="bbox 442 858 2017 933">
     <span class='ocr_line' id='line_1_10' title="bbox 442 858 2017 933; baseline -0.002 -18"><span class='ocrx_word' id='word_1_51' title='bbox 442 863 645 917; x_wconf 86' lang='lat' dir='ltr'><strong>calcem</strong></span> <span class='ocrx_word' id='word_1_52' title='bbox 673 876 939 917; x_wconf 90' lang='lat' dir='ltr'><strong>canonum</strong></span> <span class='ocrx_word' id='word_1_53' title='bbox 961 877 1099 916; x_wconf 91' lang='lat' dir='ltr'><strong>nunc</strong></span> <span class='ocrx_word' id='word_1_54' title='bbox 1118 858 1801 933; x_wconf 35' lang='lat' dir='ltr'><strong>&#39;lcguntur,&#39;desiderantur</strong></span> <span class='ocrx_word' id='word_1_55' title='bbox 1838 858 2017 933; x_wconf 69' lang='lat' dir='ltr'><strong>inan-</strong></span> 
     </span>
    </p>
   </div>
   <div class='ocr_carea' id='block_1_11' title="bbox 442 930 2014 1003">
    <p class='ocr_par' dir='ltr' id='par_1_11' title="bbox 442 930 2014 1003">
     <span class='ocr_line' id='line_1_11' title="bbox 442 930 2014 1003; baseline 0 -18"><span class='ocrx_word' id='word_1_56' title='bbox 442 933 761 1003; x_wconf 88' lang='lat' dir='ltr'><strong>tiquioribus</strong></span> <span class='ocrx_word' id='word_1_57' title='bbox 784 934 1129 1001; x_wconf 82' lang='lat' dir='ltr'><strong>editionibus,</strong></span> <span class='ocrx_word' id='word_1_58' title='bbox 1162 930 1214 988; x_wconf 76' lang='lat' dir='ltr'><strong>et</strong></span> <span class='ocrx_word' id='word_1_59' title='bbox 1234 949 1264 987; x_wconf 92' lang='lat' dir='ltr'><strong>a</strong></span> <span class='ocrx_word' id='word_1_60' title='bbox 1289 932 1574 987; x_wconf 90' lang='lat' dir='ltr'><strong>Sirmondo</strong></span> <span class='ocrx_word' id='word_1_61' title='bbox 1602 934 1833 1003; x_wconf 81' lang='lat' dir='ltr'><strong>primum</strong></span> <span class='ocrx_word' id='word_1_62' title='bbox 1855 930 2014 1003; x_wconf 72' lang='lat' dir='ltr'><strong>editae</strong></span> 
     </span>
    </p>
   </div>
   <div class='ocr_carea' id='block_1_12' title="bbox 441 1000 2013 1060">
    <p class='ocr_par' dir='ltr' id='par_1_12' title="bbox 441 1000 2013 1060">
     <span class='ocr_line' id='line_1_12' title="bbox 441 1000 2013 1060; baseline -0.001 -2"><span class='ocrx_word' id='word_1_63' title='bbox 441 1000 567 1058; x_wconf 82' lang='lat' dir='ltr'><strong>sunt</strong></span> <span class='ocrx_word' id='word_1_64' title='bbox 596 1004 649 1058; x_wconf 90' lang='lat' dir='ltr'><strong>in</strong></span> <span class='ocrx_word' id='word_1_65' title='bbox 698 1005 869 1058; x_wconf 88' lang='lat' dir='ltr'><strong>lucem</strong></span> <span class='ocrx_word' id='word_1_66' title='bbox 921 1012 1065 1060; x_wconf 92' lang='lat' dir='ltr'><strong>tomo</strong></span> <span class='ocrx_word' id='word_1_67' title='bbox 1113 1004 1130 1057; x_wconf 94' lang='lat' dir='ltr'><strong>l</strong></span> <span class='ocrx_word' id='word_1_68' title='bbox 1160 1003 1518 1059; x_wconf 90' lang='lat' dir='ltr'><strong>Conciliorum</strong></span> <span class='ocrx_word' id='word_1_69' title='bbox 1553 1000 1757 1058; x_wconf 83' lang='lat' dir='ltr'><strong>Galliae.</strong></span> <span class='ocrx_word' id='word_1_70' title='bbox 1790 1000 1852 1053; x_wconf 68' lang='grc' dir='ltr'><strong>2ο</strong></span> <span class='ocrx_word' id='word_1_71' title='bbox 1880 1001 2013 1056; x_wconf 91' lang='lat' dir='ltr'><strong>Cum</strong></span> 
     </span>
    </p>
   </div>
   <div class='ocr_carea' id='block_1_13' title="bbox 441 1073 2014 1145">
    <p class='ocr_par' dir='ltr' id='par_1_13' title="bbox 441 1073 2014 1145">
     <span class='ocr_line' id='line_1_13' title="bbox 441 1073 2014 1145; baseline 0 -18"><span class='ocrx_word' id='word_1_72' title='bbox 441 1084 670 1145; x_wconf 82' lang='lat' dir='ltr'><strong>quatuor</strong></span> <span class='ocrx_word' id='word_1_73' title='bbox 694 1076 907 1130; x_wconf 86' lang='lat' dir='ltr'><strong>codices</strong></span> <span class='ocrx_word' id='word_1_74' title='bbox 936 1077 1325 1144; x_wconf 90' lang='lat' dir='ltr'><strong>manuscriptos</strong></span> <span class='ocrx_word' id='word_1_75' title='bbox 1348 1075 1530 1130; x_wconf 78' lang='lat' dir='ltr'><strong>laudet</strong></span> <span class='ocrx_word' id='word_1_76' title='bbox 1550 1073 1866 1129; x_wconf 88' lang='lat' dir='ltr'><strong>Sirmondus</strong></span> <span class='ocrx_word' id='word_1_77' title='bbox 1892 1073 2014 1145; x_wconf 89' lang='lat' dir='ltr'><strong>qui-</strong></span> 
     </span>
    </p>
   </div>
   <div class='ocr_carea' id='block_1_14' title="bbox 444 1144 2015 1216">
    <p class='ocr_par' dir='ltr' id='par_1_14' title="bbox 444 1144 2015 1216">
     <span class='ocr_line' id='line_1_14' title="bbox 444 1144 2015 1216; baseline 0.002 -20"><span class='ocrx_word' id='word_1_78' title='bbox 444 1144 542 1199; x_wconf 85' lang='lat' dir='ltr'><strong>bus</strong></span> <span class='ocrx_word' id='word_1_79' title='bbox 574 1162 698 1201; x_wconf 92' lang='lat' dir='ltr'><strong>usus</strong></span> <span class='ocrx_word' id='word_1_80' title='bbox 736 1156 816 1201; x_wconf 90' lang='lat' dir='ltr'><strong>est</strong></span> <span class='ocrx_word' id='word_1_81' title='bbox 848 1146 901 1200; x_wconf 86' lang='lat' dir='ltr'><strong>in</strong></span> <span class='ocrx_word' id='word_1_82' title='bbox 931 1148 1247 1202; x_wconf 82' lang='lat' dir='ltr'><strong>recensione</strong></span> <span class='ocrx_word' id='word_1_83' title='bbox 1288 1148 1446 1216; x_wconf 84' lang='lat' dir='ltr'><strong>hujus</strong></span> <span class='ocrx_word' id='word_1_84' title='bbox 1478 1146 1711 1211; x_wconf 85' lang='lat' dir='ltr'><strong>concilii,</strong></span> <span class='ocrx_word' id='word_1_85' title='bbox 1760 1147 1811 1200; x_wconf 92' lang='lat' dir='ltr'><strong>in</strong></span> <span class='ocrx_word' id='word_1_86' title='bbox 1860 1144 2015 1199; x_wconf 88' lang='lat' dir='ltr'><strong>unico</strong></span> 
     </span>
    </p>
   </div>
   <div class='ocr_carea' id='block_1_15' title="bbox 445 1216 2015 1285">
    <p class='ocr_par' dir='ltr' id='par_1_15' title="bbox 445 1216 2015 1285">
     <span class='ocr_line' id='line_1_15' title="bbox 445 1216 2015 1285; baseline 0 -16"><span class='ocrx_word' id='word_1_87' title='bbox 445 1216 691 1272; x_wconf 76' lang='lat' dir='ltr'><strong>Remensi</strong></span> <span class='ocrx_word' id='word_1_88' title='bbox 710 1219 936 1273; x_wconf 80' lang='lat' dir='ltr'><strong>inventae</strong></span> <span class='ocrx_word' id='word_1_89' title='bbox 950 1217 1501 1284; x_wconf 87' lang='lat' dir='ltr'><strong>suntsubscriptiones</strong></span> <span class='ocrx_word' id='word_1_90' title='bbox 1514 1217 1811 1285; x_wconf 69' lang='lat' dir='ltr'><strong>praedictae;</strong></span> <span class='ocrx_word' id='word_1_91' title='bbox 1831 1232 2015 1283; x_wconf 80' lang='lat' dir='ltr'><strong>quain-</strong></span> 
     </span>
    </p>
   </div>
   <div class='ocr_carea' id='block_1_16' title="bbox 442 1286 2015 1359">
    <p class='ocr_par' dir='ltr' id='par_1_16' title="bbox 442 1286 2015 1359">
     <span class='ocr_line' id='line_1_16' title="bbox 442 1286 2015 1359; baseline 0.002 -19"><span class='ocrx_word' id='word_1_92' title='bbox 442 1288 623 1343; x_wconf 87' lang='lat' dir='ltr'><strong>obrem</strong></span> <span class='ocrx_word' id='word_1_93' title='bbox 666 1288 926 1357; x_wconf 64' lang='lat' dir='ltr'><strong>sustiicari</strong></span> <span class='ocrx_word' id='word_1_94' title='bbox 963 1289 1087 1343; x_wconf 81' lang='lat' dir='ltr'><strong>licet</strong></span> <span class='ocrx_word' id='word_1_95' title='bbox 1138 1290 1204 1343; x_wconf 89' lang='lat' dir='ltr'><strong>ab</strong></span> <span class='ocrx_word' id='word_1_96' title='bbox 1245 1289 1425 1359; x_wconf 89' lang='lat' dir='ltr'><strong>aliquo</strong></span> <span class='ocrx_word' id='word_1_97' title='bbox 1475 1290 1647 1344; x_wconf 88' lang='lat' dir='ltr'><strong>otioso</strong></span> <span class='ocrx_word' id='word_1_98' title='bbox 1691 1289 1890 1359; x_wconf 86' lang='lat' dir='ltr'><strong>lectore</strong></span> <span class='ocrx_word' id='word_1_99' title='bbox 1942 1286 2015 1343; x_wconf 84' lang='lat' dir='ltr'><strong>ita</strong></span> 
     </span>
    </p>
   </div>
   <div class='ocr_carea' id='block_1_17' title="bbox 441 1358 2016 1429">
    <p class='ocr_par' dir='ltr' id='par_1_17' title="bbox 441 1358 2016 1429">
     <span class='ocr_line' id='line_1_17' title="bbox 441 1358 2016 1429; baseline -0.001 -16"><span class='ocrx_word' id='word_1_100' title='bbox 441 1359 716 1413; x_wconf 88' lang='lat' dir='ltr'><strong>ordinatas</strong></span> <span class='ocrx_word' id='word_1_101' title='bbox 744 1376 892 1424; x_wconf 87' lang='lat' dir='ltr'><strong>esse,</strong></span> <span class='ocrx_word' id='word_1_102' title='bbox 923 1360 1227 1429; x_wconf 85' lang='lat' dir='ltr'><strong>nominibus</strong></span> <span class='ocrx_word' id='word_1_103' title='bbox 1259 1358 1506 1415; x_wconf 78' lang='lat' dir='ltr'><strong>exinitio</strong></span> <span class='ocrx_word' id='word_1_104' title='bbox 1533 1360 1771 1429; x_wconf 82' lang='lat' dir='ltr'><strong>epistolae</strong></span> <span class='ocrx_word' id='word_1_105' title='bbox 1799 1358 2016 1412; x_wconf 88' lang='lat' dir='ltr'><strong>desum-</strong></span> 
     </span>
    </p>
   </div>
   <div class='ocr_carea' id='block_1_18' title="bbox 478 1430 2016 1497">
    <p class='ocr_par' dir='ltr' id='par_1_18' title="bbox 478 1430 2016 1497">
     <span class='ocr_line' id='line_1_18' title="bbox 478 1430 2016 1497; baseline 0 -14"><span class='ocrx_word' id='word_1_106' title='bbox 478 1431 564 1483; x_wconf 87' lang='lat' dir='ltr'><strong>tis.</strong></span> <span class='ocrx_word' id='word_1_107' title='bbox 597 1432 658 1485; x_wconf 75' lang='lat'><strong>3°</strong></span> <span class='ocrx_word' id='word_1_108' title='bbox 691 1432 799 1485; x_wconf 86' lang='lat' dir='ltr'><strong>Hoc</strong></span> <span class='ocrx_word' id='word_1_109' title='bbox 828 1440 1014 1486; x_wconf 90' lang='lat' dir='ltr'><strong>contra</strong></span> <span class='ocrx_word' id='word_1_110' title='bbox 1038 1446 1240 1486; x_wconf 91' lang='lat' dir='ltr'><strong>morem</strong></span> <span class='ocrx_word' id='word_1_111' title='bbox 1267 1430 1596 1486; x_wconf 89' lang='lat' dir='ltr'><strong>nsitatiorem</strong></span> <span class='ocrx_word' id='word_1_112' title='bbox 1627 1440 1801 1497; x_wconf 89' lang='lat' dir='ltr'><strong>est,ut</strong></span> <span class='ocrx_word' id='word_1_113' title='bbox 1823 1445 1943 1483; x_wconf 92' lang='lat' dir='ltr'><strong>cum</strong></span> <span class='ocrx_word' id='word_1_114' title='bbox 1964 1430 2016 1484; x_wconf 93' lang='lat' dir='ltr'><strong>in</strong></span> 
     </span>
    </p>
   </div>
   <div class='ocr_carea' id='block_1_19' title="bbox 462 1502 2021 1571">
    <p class='ocr_par' dir='ltr' id='par_1_19' title="bbox 462 1502 2021 1571">
     <span class='ocr_line' id='line_1_19' title="bbox 462 1502 2021 1571; baseline -0.001 -14"><span class='ocrx_word' id='word_1_115' title='bbox 462 1502 615 1557; x_wconf 78' lang='lat' dir='ltr'><strong>route</strong></span> <span class='ocrx_word' id='word_1_116' title='bbox 639 1503 881 1571; x_wconf 82' lang='lat' dir='ltr'><strong>epistolae</strong></span> <span class='ocrx_word' id='word_1_117' title='bbox 909 1518 1092 1557; x_wconf 84' lang='lat' dir='ltr'><strong>eorum</strong></span> <span class='ocrx_word' id='word_1_118' title='bbox 1120 1505 1217 1571; x_wconf 85' lang='lat' dir='ltr'><strong>qui‘</strong></span> <span class='ocrx_word' id='word_1_119' title='bbox 1234 1503 1473 1558; x_wconf 89' lang='lat' dir='ltr'><strong>scribunt</strong></span> <span class='ocrx_word' id='word_1_120' title='bbox 1495 1502 1708 1556; x_wconf 88' lang='lat' dir='ltr'><strong>nomina</strong></span> <span class='ocrx_word' id='word_1_121' title='bbox 1732 1516 2021 1556; x_wconf 89' lang='lat' dir='ltr'><strong>recensen-</strong></span> 
     </span>
    </p>
   </div>
   <div class='ocr_carea' id='block_1_20' title="bbox 440 1572 2021 1643">
    <p class='ocr_par' dir='ltr' id='par_1_20' title="bbox 440 1572 2021 1643">
     <span class='ocr_line' id='line_1_20' title="bbox 440 1572 2021 1643; baseline 0 -16"><span class='ocrx_word' id='word_1_122' title='bbox 440 1581 549 1639; x_wconf 89' lang='lat' dir='ltr'><strong>tur,</strong></span> <span class='ocrx_word' id='word_1_123' title='bbox 565 1574 758 1627; x_wconf 91' lang='lat' dir='ltr'><strong>iterum</strong></span> <span class='ocrx_word' id='word_1_124' title='bbox 773 1574 1146 1628; x_wconf 82' lang='lat' dir='ltr'><strong>describantur</strong></span> <span class='ocrx_word' id='word_1_125' title='bbox 1160 1573 1213 1627; x_wconf 90' lang='lat' dir='ltr'><strong>in</strong></span> <span class='ocrx_word' id='word_1_126' title='bbox 1230 1574 1331 1627; x_wconf 89' lang='lat' dir='ltr'><strong>line</strong></span> <span class='ocrx_word' id='word_1_127' title='bbox 1351 1593 1361 1627; x_wconf 92' lang='lat'>:</span> <span class='ocrx_word' id='word_1_128' title='bbox 1383 1572 1522 1643; x_wconf 90' lang='lat' dir='ltr'><strong>quod</strong></span> <span class='ocrx_word' id='word_1_129' title='bbox 1539 1573 1719 1627; x_wconf 87' lang='lat' dir='ltr'><strong>videre</strong></span> <span class='ocrx_word' id='word_1_130' title='bbox 1740 1582 1821 1627; x_wconf 90' lang='lat' dir='ltr'><strong>est</strong></span> <span class='ocrx_word' id='word_1_131' title='bbox 1834 1572 1886 1626; x_wconf 92' lang='lat' dir='ltr'><strong>in</strong></span> <span class='ocrx_word' id='word_1_132' title='bbox 1905 1572 2021 1643; x_wconf 89' lang='lat' dir='ltr'><strong>epi-</strong></span> 
     </span>
    </p>
   </div>
   <div class='ocr_carea' id='block_1_21' title="bbox 440 1644 2016 1713">
    <p class='ocr_par' dir='ltr' id='par_1_21' title="bbox 440 1644 2016 1713">
     <span class='ocr_line' id='line_1_21' title="bbox 440 1644 2016 1713; baseline 0.001 -16"><span class='ocrx_word' id='word_1_133' title='bbox 440 1646 580 1698; x_wconf 86' lang='lat' dir='ltr'><strong>stola</strong></span> <span class='ocrx_word' id='word_1_134' title='bbox 600 1645 814 1699; x_wconf 84' lang='lat' dir='ltr'><strong>concilii</strong></span> <span class='ocrx_word' id='word_1_135' title='bbox 836 1644 1164 1699; x_wconf 84' lang='lat' dir='ltr'><strong>Arelatensis</strong></span> <span class='ocrx_word' id='word_1_136' title='bbox 1190 1645 1344 1713; x_wconf 86' lang='lat' dir='ltr'><strong>primi</strong></span> <span class='ocrx_word' id='word_1_137' title='bbox 1377 1646 1443 1699; x_wconf 90' lang='lat' dir='ltr'><strong>ad</strong></span> <span class='ocrx_word' id='word_1_138' title='bbox 1464 1644 1778 1700; x_wconf 87' lang='lat' dir='ltr'><strong>Silvestrum</strong></span> <span class='ocrx_word' id='word_1_139' title='bbox 1803 1659 2016 1713; x_wconf 88' lang='lat' dir='ltr'><strong>papam,</strong></span> 
     </span>
    </p>
   </div>
   <div class='ocr_carea' id='block_1_22' title="bbox 442 1714 2021 1785">
    <p class='ocr_par' dir='ltr' id='par_1_22' title="bbox 442 1714 2021 1785">
     <span class='ocr_line' id='line_1_22' title="bbox 442 1714 2021 1785; baseline 0.001 -17"><span class='ocrx_word' id='word_1_140' title='bbox 442 1714 610 1770; x_wconf 89' lang='lat' dir='ltr'><strong>immo</strong></span> <span class='ocrx_word' id='word_1_141' title='bbox 637 1726 690 1769; x_wconf 87' lang='lat' dir='ltr'><strong>et</strong></span> <span class='ocrx_word' id='word_1_142' title='bbox 712 1714 763 1769; x_wconf 95' lang='lat' dir='ltr'><strong>in</strong></span> <span class='ocrx_word' id='word_1_143' title='bbox 786 1716 1009 1785; x_wconf 80' lang='lat' dir='ltr'><strong>epistula</strong></span> <span class='ocrx_word' id='word_1_144' title='bbox 1037 1716 1278 1785; x_wconf 88' lang='lat' dir='ltr'><strong>ejusdem</strong></span> <span class='ocrx_word' id='word_1_145' title='bbox 1298 1715 1565 1771; x_wconf 79' lang='lat' dir='ltr'><strong>Valentini</strong></span> <span class='ocrx_word' id='word_1_146' title='bbox 1591 1716 1807 1770; x_wconf 82' lang='lat' dir='ltr'><strong>concilii</strong></span> <span class='ocrx_word' id='word_1_147' title='bbox 1828 1716 1893 1769; x_wconf 91' lang='lat' dir='ltr'><strong>ad</strong></span> <span class='ocrx_word' id='word_1_148' title='bbox 1911 1715 2021 1771; x_wconf 83' lang='lat' dir='ltr'><strong>cle-</strong></span> 
     </span>
    </p>
   </div>
   <div class='ocr_carea' id='block_1_23' title="bbox 2125 500 3707 573">
    <p class='ocr_par' dir='ltr' id='par_1_23' title="bbox 2125 500 3707 573">
     <span class='ocr_line' id='line_1_23' title="bbox 2125 500 3707 573; baseline 0.007 -20"><span class='ocrx_word' id='word_1_149' title='bbox 2125 500 2316 573; x_wconf 75' lang='lat' dir='ltr'><strong>vincia:</strong></span> <span class='ocrx_word' id='word_1_150' title='bbox 2364 503 2675 570; x_wconf 86' lang='lat' dir='ltr'><strong>metropolis</strong></span> <span class='ocrx_word' id='word_1_151' title='bbox 2715 504 2862 558; x_wconf 84' lang='lat' dir='ltr'><strong>erat?</strong></span> <span class='ocrx_word' id='word_1_152' title='bbox 2900 503 3013 558; x_wconf 84' lang='lat' dir='ltr'><strong>Non</strong></span> <span class='ocrx_word' id='word_1_153' title='bbox 3054 502 3274 573; x_wconf 86' lang='lat' dir='ltr'><strong>majoris</strong></span> <span class='ocrx_word' id='word_1_154' title='bbox 3319 500 3602 560; x_wconf 71' lang='lat' dir='ltr'><strong>momenti</strong></span> <span class='ocrx_word' id='word_1_155' title='bbox 3625 515 3707 564; x_wconf 84' lang='lat' dir='ltr'><strong>est</strong></span> 
     </span>
    </p>
   </div>
   <div class='ocr_carea' id='block_1_24' title="bbox 2122 569 3708 644">
    <p class='ocr_par' dir='ltr' id='par_1_24' title="bbox 2122 569 3708 644">
     <span class='ocr_line' id='line_1_24' title="bbox 2122 569 3708 644; baseline 0.008 -20"><span class='ocrx_word' id='word_1_156' title='bbox 2122 569 2236 627; x_wconf 86' lang='lat' dir='ltr'><strong>haec</strong></span> <span class='ocrx_word' id='word_1_157' title='bbox 2262 569 2681 644; x_wconf 81' lang='lat' dir='ltr'><strong>argumentatio:</strong></span> <span class='ocrx_word' id='word_1_158' title='bbox 2717 574 2856 644; x_wconf 89' lang='lat' dir='ltr'><strong>quod</strong></span> <span class='ocrx_word' id='word_1_159' title='bbox 2894 575 3036 631; x_wconf 89' lang='lat' dir='ltr'><strong>enim</strong></span> <span class='ocrx_word' id='word_1_160' title='bbox 3068 575 3121 630; x_wconf 92' lang='lat' dir='ltr'><strong>in</strong></span> <span class='ocrx_word' id='word_1_161' title='bbox 3139 569 3319 631; x_wconf 55' lang='lat' dir='ltr'><strong>&#39;variis</strong></span> <span class='ocrx_word' id='word_1_162' title='bbox 3350 576 3708 636; x_wconf 77' lang='lat' dir='ltr'><strong>divisionibus</strong></span> 
     </span>
    </p>
   </div>
   <div class='ocr_carea' id='block_1_25' title="bbox 2125 642 3707 719">
    <p class='ocr_par' dir='ltr' id='par_1_25' title="bbox 2125 642 3707 719">
     <span class='ocr_line' id='line_1_25' title="bbox 2125 642 3707 719; baseline 0.007 -23"><span class='ocrx_word' id='word_1_163' title='bbox 2125 642 2523 719; x_wconf 76' lang='lat' dir='ltr'><strong>provinciarum</strong></span> <span class='ocrx_word' id='word_1_164' title='bbox 2566 645 2632 700; x_wconf 93' lang='lat' dir='ltr'><strong>ab</strong></span> <span class='ocrx_word' id='word_1_165' title='bbox 2661 642 3108 719; x_wconf 82' lang='lat' dir='ltr'><strong>ethnicisactum</strong></span> <span class='ocrx_word' id='word_1_166' title='bbox 3154 657 3256 713; x_wconf 84' lang='lat' dir='ltr'><strong>est,</strong></span> <span class='ocrx_word' id='word_1_167' title='bbox 3284 646 3337 702; x_wconf 92' lang='lat' dir='ltr'><strong>in</strong></span> <span class='ocrx_word' id='word_1_168' title='bbox 3369 662 3707 719; x_wconf 86' lang='lat' dir='ltr'><strong>consequen-</strong></span> 
     </span>
    </p>
   </div>
   <div class='ocr_carea' id='block_1_26' title="bbox 2120 714 3705 785">
    <p class='ocr_par' dir='ltr' id='par_1_26' title="bbox 2120 714 3705 785">
     <span class='ocr_line' id='line_1_26' title="bbox 2120 714 3705 785; baseline 0.008 -18"><span class='ocrx_word' id='word_1_169' title='bbox 2120 714 2246 768; x_wconf 89' lang='lat' dir='ltr'><strong>tiam</strong></span> <span class='ocrx_word' id='word_1_170' title='bbox 2274 715 2409 769; x_wconf 88' lang='lat' dir='ltr'><strong>trahi</strong></span> <span class='ocrx_word' id='word_1_171' title='bbox 2440 732 2540 785; x_wconf 88' lang='lat' dir='ltr'><strong>pro</strong></span> <span class='ocrx_word' id='word_1_172' title='bbox 2570 718 2948 773; x_wconf 87' lang='lat' dir='ltr'><strong>ecclesiasticis</strong></span> <span class='ocrx_word' id='word_1_173' title='bbox 2977 719 3139 774; x_wconf 88' lang='lat' dir='ltr'><strong>rebus</strong></span> <span class='ocrx_word' id='word_1_174' title='bbox 3167 720 3389 775; x_wconf 91' lang='lat' dir='ltr'><strong>minime</strong></span> <span class='ocrx_word' id='word_1_175' title='bbox 3420 714 3705 779; x_wconf 72' lang='lat' dir='ltr'><strong>consents-</strong></span> 
     </span>
    </p>
   </div>
   <div class='ocr_carea' id='block_1_27' title="bbox 2118 789 3701 860">
    <p class='ocr_par' dir='ltr' id='par_1_27' title="bbox 2118 789 3701 860">
     <span class='ocr_line' id='line_1_27' title="bbox 2118 789 3701 860; baseline 0.005 -21"><span class='ocrx_word' id='word_1_176' title='bbox 2118 796 2391 860; x_wconf 85' lang='lat' dir='ltr'><strong>neumest</strong></span> <span class='ocrx_word' id='word_1_177' title='bbox 2410 798 2507 860; x_wconf 10' lang='lat' dir='ltr'><strong>7;,et</strong></span> <span class='ocrx_word' id='word_1_178' title='bbox 2527 789 2777 860; x_wconf 76' lang='lat' dir='ltr'><strong>quamvis</strong></span> <span class='ocrx_word' id='word_1_179' title='bbox 2807 789 3123 860; x_wconf 87' lang='lat' dir='ltr'><strong>plerumque</strong></span> <span class='ocrx_word' id='word_1_180' title='bbox 3149 791 3364 845; x_wconf 82' lang='lat' dir='ltr'><strong>civilem</strong></span> <span class='ocrx_word' id='word_1_181' title='bbox 3400 793 3701 859; x_wconf 86' lang='lat' dir='ltr'><strong>provincia-</strong></span> 
     </span>
    </p>
   </div>
   <div class='ocr_carea' id='block_1_28' title="bbox 2118 858 3703 919">
    <p class='ocr_par' dir='ltr' id='par_1_28' title="bbox 2118 858 3703 919">
     <span class='ocr_line' id='line_1_28' title="bbox 2118 858 3703 919; baseline 0.005 -8"><span class='ocrx_word' id='word_1_182' title='bbox 2118 872 2235 912; x_wconf 91' lang='lat' dir='ltr'><strong>rum</strong></span> <span class='ocrx_word' id='word_1_183' title='bbox 2272 858 2700 915; x_wconf 86' lang='lat' dir='ltr'><strong>distributionem</strong></span> <span class='ocrx_word' id='word_1_184' title='bbox 2747 861 2992 915; x_wconf 81' lang='lat' dir='ltr'><strong>:emulata</strong></span> <span class='ocrx_word' id='word_1_185' title='bbox 3035 858 3104 916; x_wconf 79' lang='lat' dir='ltr'><strong>sit</strong></span> <span class='ocrx_word' id='word_1_186' title='bbox 3140 862 3511 917; x_wconf 89' lang='lat' dir='ltr'><strong>ecclesiastica</strong></span> <span class='ocrx_word' id='word_1_187' title='bbox 3548 862 3703 919; x_wconf 81' lang='lat' dir='ltr'><strong>disci-</strong></span> 
     </span>
    </p>
   </div>
   <div class='ocr_carea' id='block_1_29' title="bbox 2117 929 3701 1002">
    <p class='ocr_par' dir='ltr' id='par_1_29' title="bbox 2117 929 3701 1002">
     <span class='ocr_line' id='line_1_29' title="bbox 2117 929 3701 1002; baseline 0.003 -20"><span class='ocrx_word' id='word_1_188' title='bbox 2117 929 2593 1002; x_wconf 79' lang='lat' dir='ltr'><strong>plina,_necessitas</strong></span> <span class='ocrx_word' id='word_1_189' title='bbox 2620 941 2797 987; x_wconf 90' lang='lat' dir='ltr'><strong>tamen</strong></span> <span class='ocrx_word' id='word_1_190' title='bbox 2819 931 2919 987; x_wconf 85' lang='lat' dir='ltr'><strong>fuit</strong></span> <span class='ocrx_word' id='word_1_191' title='bbox 2938 933 3222 1001; x_wconf 85' lang='lat' dir='ltr'><strong>aliquando</strong></span> <span class='ocrx_word' id='word_1_192' title='bbox 3244 933 3313 988; x_wconf 87' lang='lat' dir='ltr'><strong>ab</strong></span> <span class='ocrx_word' id='word_1_193' title='bbox 3334 948 3399 987; x_wconf 90' lang='lat' dir='ltr'><strong>eo</strong></span> <span class='ocrx_word' id='word_1_194' title='bbox 3428 938 3701 1002; x_wconf 86' lang='lat' dir='ltr'><strong>proposito</strong></span> 
     </span>
    </p>
   </div>
   <div class='ocr_carea' id='block_1_30' title="bbox 2116 998 3699 1073">
    <p class='ocr_par' dir='ltr' id='par_1_30' title="bbox 2116 998 3699 1073">
     <span class='ocr_line' id='line_1_30' title="bbox 2116 998 3699 1073; baseline 0.005 -20"><span class='ocrx_word' id='word_1_195' title='bbox 2116 998 2448 1073; x_wconf 83' lang='lat' dir='ltr'><strong>discedendi,</strong></span> <span class='ocrx_word' id='word_1_196' title='bbox 2483 1011 2539 1058; x_wconf 93' lang='lat' dir='ltr'><strong>ut</strong></span> <span class='ocrx_word' id='word_1_197' title='bbox 2565 1018 2635 1057; x_wconf 79' lang='lat' dir='ltr'><strong>ex</strong></span> <span class='ocrx_word' id='word_1_198' title='bbox 2667 1004 2965 1059; x_wconf 87' lang='lat' dir='ltr'><strong>Innocentii</strong></span> <span class='ocrx_word' id='word_1_199' title='bbox 2995 998 3221 1073; x_wconf 84' lang='lat' dir='ltr'><strong>epistola</strong></span> <span class='ocrx_word' id='word_1_200' title='bbox 3245 1004 3309 1059; x_wconf 90' lang='lat' dir='ltr'><strong>ad</strong></span> <span class='ocrx_word' id='word_1_201' title='bbox 3334 998 3699 1061; x_wconf 77' lang='lat' dir='ltr'><strong>Alexandrum</strong></span> 
     </span>
    </p>
   </div>
   <div class='ocr_carea' id='block_1_31' title="bbox 2116 1069 3702 1144">
    <p class='ocr_par' dir='ltr' id='par_1_31' title="bbox 2116 1069 3702 1144">
     <span class='ocr_line' id='line_1_31' title="bbox 2116 1069 3702 1144; baseline 0.005 -19"><span class='ocrx_word' id='word_1_202' title='bbox 2116 1069 2509 1144; x_wconf 83' lang='lat' dir='ltr'><strong>Antiochenum</strong></span> <span class='ocrx_word' id='word_1_203' title='bbox 2558 1074 2895 1129; x_wconf 76' lang='lat' dir='ltr'><strong>manifesmm</strong></span> <span class='ocrx_word' id='word_1_204' title='bbox 2936 1069 3044 1142; x_wconf 71' lang='lat' dir='ltr'><strong>est,</strong></span> <span class='ocrx_word' id='word_1_205' title='bbox 3083 1085 3135 1130; x_wconf 92' lang='lat' dir='ltr'><strong>et</strong></span> <span class='ocrx_word' id='word_1_206' title='bbox 3183 1091 3248 1130; x_wconf 83' lang='lat' dir='ltr'><strong>ex</strong></span> <span class='ocrx_word' id='word_1_207' title='bbox 3296 1075 3466 1144; x_wconf 90' lang='lat' dir='ltr'><strong>ipsius</strong></span> <span class='ocrx_word' id='word_1_208' title='bbox 3511 1076 3702 1133; x_wconf 81' lang='lat' dir='ltr'><strong>Leonis</strong></span> 
     </span>
    </p>
   </div>
   <div class='ocr_carea' id='block_1_32' title="bbox 2118 1142 3391 1216">
    <p class='ocr_par' dir='ltr' id='par_1_32' title="bbox 2118 1142 3391 1216">
     <span class='ocr_line' id='line_1_32' title="bbox 2118 1142 3391 1216; baseline 0.005 -21"><span class='ocrx_word' id='word_1_209' title='bbox 2118 1142 2457 1216; x_wconf 70' lang='lat' dir='ltr'><strong>ordinatione</strong></span> <span class='ocrx_word' id='word_1_210' title='bbox 2486 1144 2625 1198; x_wconf 84' lang='lat' dir='ltr'><strong>circa</strong></span> <span class='ocrx_word' id='word_1_211' title='bbox 2657 1145 3013 1201; x_wconf 83' lang='lat' dir='ltr'><strong>Viennensem</strong></span> <span class='ocrx_word' id='word_1_212' title='bbox 3039 1142 3391 1216; x_wconf 84' lang='lat' dir='ltr'><strong>provinciam.</strong></span> 
     </span>
    </p>
   </div>
   <div class='ocr_carea' id='block_1_33' title="bbox 2190 1214 3702 1283">
    <p class='ocr_par' dir='ltr' id='par_1_33' title="bbox 2190 1214 3702 1283">
     <span class='ocr_line' id='line_1_33' title="bbox 2190 1214 3702 1283; baseline 0.004 -15"><span class='ocrx_word' id='word_1_213' title='bbox 2190 1214 2271 1268; x_wconf 76' lang='lat' dir='ltr'><strong>Ex</strong></span> <span class='ocrx_word' id='word_1_214' title='bbox 2295 1215 2451 1268; x_wconf 88' lang='lat' dir='ltr'><strong>simili</strong></span> <span class='ocrx_word' id='word_1_215' title='bbox 2484 1216 2892 1283; x_wconf 80' lang='lat' dir='ltr'><strong>argumentandi</strong></span> <span class='ocrx_word' id='word_1_216' title='bbox 2922 1214 3134 1274; x_wconf 83' lang='lat' dir='ltr'><strong>ratione</strong></span> <span class='ocrx_word' id='word_1_217' title='bbox 3166 1217 3582 1273; x_wconf 82' lang='lat' dir='ltr'><strong>concluderetur</strong></span> <span class='ocrx_word' id='word_1_218' title='bbox 3604 1220 3702 1274; x_wconf 85' lang='lat' dir='ltr'><strong>Ec-</strong></span> 
     </span>
    </p>
   </div>
   <div class='ocr_carea' id='block_1_34' title="bbox 2119 1286 3715 1361">
    <p class='ocr_par' dir='ltr' id='par_1_34' title="bbox 2119 1286 3715 1361">
     <span class='ocr_line' id='line_1_34' title="bbox 2119 1286 3715 1361; baseline 0.004 -22"><span class='ocrx_word' id='word_1_219' title='bbox 2119 1286 2309 1361; x_wconf 78' lang='lat' dir='ltr'><strong>clesias</strong></span> <span class='ocrx_word' id='word_1_220' title='bbox 2338 1288 2725 1355; x_wconf 87' lang='lat' dir='ltr'><strong>provinciarum</strong></span> <span class='ocrx_word' id='word_1_221' title='bbox 2758 1289 3193 1361; x_wconf 81' lang='lat' dir='ltr'><strong>Lugdunensium</strong></span> <span class='ocrx_word' id='word_1_222' title='bbox 3222 1289 3385 1361; x_wconf 74' lang='lat'><strong>807</strong></span> <span class='ocrx_word' id='word_1_223' title='bbox 3419 1291 3715 1358; x_wconf 63' lang='lat' dir='ltr'><strong>SCCUIIdiB,‘</strong></span> 
     </span>
    </p>
   </div>
   <div class='ocr_carea' id='block_1_35' title="bbox 2122 1357 3701 1428">
    <p class='ocr_par' dir='ltr' id='par_1_35' title="bbox 2122 1357 3701 1428">
     <span class='ocr_line' id='line_1_35' title="bbox 2122 1357 3701 1428; baseline 0.004 -19"><span class='ocrx_word' id='word_1_224' title='bbox 2122 1357 2292 1412; x_wconf 65' lang='lat' dir='ltr'><strong>tertia:</strong></span> <span class='ocrx_word' id='word_1_225' title='bbox 2314 1368 2367 1411; x_wconf 91' lang='lat' dir='ltr'><strong>et</strong></span> <span class='ocrx_word' id='word_1_226' title='bbox 2390 1366 2614 1425; x_wconf 76' lang='lat' dir='ltr'><strong>quartzc,</strong></span> <span class='ocrx_word' id='word_1_227' title='bbox 2630 1359 2876 1414; x_wconf 91' lang='lat' dir='ltr'><strong>eumdem</strong></span> <span class='ocrx_word' id='word_1_228' title='bbox 2896 1361 3021 1416; x_wconf 92' lang='lat' dir='ltr'><strong>olim</strong></span> <span class='ocrx_word' id='word_1_229' title='bbox 3040 1357 3511 1428; x_wconf 50' lang='lat' dir='ltr'><strong>metrop&#39;ol&#39;ttanum</strong></span> <span class='ocrx_word' id='word_1_230' title='bbox 3536 1357 3701 1417; x_wconf 81' lang='lat' dir='ltr'><strong>eccle-</strong></span> 
     </span>
    </p>
   </div>
   <div class='ocr_carea' id='block_1_36' title="bbox 2120 1429 3697 1503">
    <p class='ocr_par' dir='ltr' id='par_1_36' title="bbox 2120 1429 3697 1503">
     <span class='ocr_line' id='line_1_36' title="bbox 2120 1429 3697 1503; baseline 0.003 -22"><span class='ocrx_word' id='word_1_231' title='bbox 2120 1429 2393 1503; x_wconf 84' lang='lat' dir='ltr'><strong>siasticum</strong></span> <span class='ocrx_word' id='word_1_232' title='bbox 2413 1429 2685 1503; x_wconf 77' lang='lat' dir='ltr'><strong>habuisse,</strong></span> <span class='ocrx_word' id='word_1_233' title='bbox 2705 1430 3111 1501; x_wconf 81' lang='lat' dir='ltr'><strong>Lugdunensem</strong></span> <span class='ocrx_word' id='word_1_234' title='bbox 3131 1433 3336 1488; x_wconf 89' lang='lat' dir='ltr'><strong>scilicet</strong></span> <span class='ocrx_word' id='word_1_235' title='bbox 3363 1432 3697 1503; x_wconf 77' lang='lat' dir='ltr'><strong>episc0pum,</strong></span> 
     </span>
    </p>
   </div>
   <div class='ocr_carea' id='block_1_37' title="bbox 2121 1500 3702 1573">
    <p class='ocr_par' dir='ltr' id='par_1_37' title="bbox 2121 1500 3702 1573">
     <span class='ocr_line' id='line_1_37' title="bbox 2121 1500 3702 1573; baseline 0.006 -23"><span class='ocrx_word' id='word_1_236' title='bbox 2121 1501 2371 1568; x_wconf 88' lang='lat' dir='ltr'><strong>quoniam</strong></span> <span class='ocrx_word' id='word_1_237' title='bbox 2418 1500 2803 1573; x_wconf 74' lang='lat' dir='ltr'><strong>Lugdunenses</strong></span> <span class='ocrx_word' id='word_1_238' title='bbox 2844 1503 3123 1573; x_wconf 72' lang='lat' dir='ltr'><strong>appellatae</strong></span> <span class='ocrx_word' id='word_1_239' title='bbox 3165 1512 3308 1558; x_wconf 92' lang='lat' dir='ltr'><strong>sunt.</strong></span> <span class='ocrx_word' id='word_1_240' title='bbox 3360 1502 3465 1557; x_wconf 76' lang='lat' dir='ltr'><strong>Aut</strong></span> <span class='ocrx_word' id='word_1_241' title='bbox 3502 1500 3702 1559; x_wconf 37' lang='lat' dir='ltr'><strong>Narbo-&#39;-</strong></span> 
     </span>
    </p>
   </div>
   <div class='ocr_carea' id='block_1_38' title="bbox 2124 1571 3701 1643">
    <p class='ocr_par' dir='ltr' id='par_1_38' title="bbox 2124 1571 3701 1643">
     <span class='ocr_line' id='line_1_38' title="bbox 2124 1571 3701 1643; baseline 0.004 -19"><span class='ocrx_word' id='word_1_242' title='bbox 2124 1572 2305 1643; x_wconf 82' lang='lat' dir='ltr'><strong>nensis</strong></span> <span class='ocrx_word' id='word_1_243' title='bbox 2365 1571 2548 1625; x_wconf 69' lang='lat' dir='ltr'><strong>solidae</strong></span> <span class='ocrx_word' id='word_1_244' title='bbox 2606 1573 2871 1629; x_wconf 87' lang='lat' dir='ltr'><strong>Ecclesias</strong></span> <span class='ocrx_word' id='word_1_245' title='bbox 2915 1571 3259 1629; x_wconf 75' lang='lat' dir='ltr'><strong>Narbonensi</strong></span> <span class='ocrx_word' id='word_1_246' title='bbox 3318 1576 3578 1643; x_wconf 89' lang='lat' dir='ltr'><strong>episcopo</strong></span> <span class='ocrx_word' id='word_1_247' title='bbox 3634 1575 3701 1631; x_wconf 90' lang='lat' dir='ltr'><strong>ob</strong></span> 
     </span>
    </p>
   </div>
   <div class='ocr_carea' id='block_1_39' title="bbox 2123 1642 3697 1717">
    <p class='ocr_par' dir='ltr' id='par_1_39' title="bbox 2123 1642 3697 1717">
     <span class='ocr_line' id='line_1_39' title="bbox 2123 1642 3697 1717; baseline 0.004 -22"><span class='ocrx_word' id='word_1_248' title='bbox 2123 1642 2366 1717; x_wconf 85' lang='lat' dir='ltr'><strong>eamdem</strong></span> <span class='ocrx_word' id='word_1_249' title='bbox 2406 1642 2675 1717; x_wconf 75' lang='lat' dir='ltr'><strong>rationem</strong></span> <span class='ocrx_word' id='word_1_250' title='bbox 2717 1644 2915 1700; x_wconf 84' lang='lat' dir='ltr'><strong>debere</strong></span> <span class='ocrx_word' id='word_1_251' title='bbox 2961 1660 3081 1702; x_wconf 89' lang='lat' dir='ltr'><strong>esse</strong></span> <span class='ocrx_word' id='word_1_252' title='bbox 3123 1642 3425 1715; x_wconf 76' lang='lat' dir='ltr'><strong>subiectas:</strong></span> <span class='ocrx_word' id='word_1_253' title='bbox 3478 1642 3697 1717; x_wconf 64' lang='lat' dir='ltr'><strong>integra:</strong></span> 
     </span>
    </p>
   </div>
   <div class='ocr_carea' id='block_1_40' title="bbox 2126 1714 3696 1784">
    <p class='ocr_par' dir='ltr' id='par_1_40' title="bbox 2126 1714 3696 1784">
     <span class='ocr_line' id='line_1_40' title="bbox 2126 1714 3696 1784; baseline 0.004 -18"><span class='ocrx_word' id='word_1_254' title='bbox 2126 1714 2265 1767; x_wconf 91' lang='lat' dir='ltr'><strong>enim</strong></span> <span class='ocrx_word' id='word_1_255' title='bbox 2316 1714 2606 1784; x_wconf 60' lang='lat' dir='ltr'><strong>provincia;</strong></span> <span class='ocrx_word' id='word_1_256' title='bbox 2646 1714 2903 1771; x_wconf 72' lang='lat' dir='ltr'><strong>Romanae</strong></span> <span class='ocrx_word' id='word_1_257' title='bbox 2931 1717 3057 1772; x_wconf 89' lang='lat' dir='ltr'><strong>olim</strong></span> <span class='ocrx_word' id='word_1_258' title='bbox 3088 1717 3267 1772; x_wconf 87' lang='lat' dir='ltr'><strong>Narbo</strong></span> <span class='ocrx_word' id='word_1_259' title='bbox 3295 1731 3494 1772; x_wconf 92' lang='lat' dir='ltr'><strong>nomen</strong></span> <span class='ocrx_word' id='word_1_260' title='bbox 3536 1714 3696 1773; x_wconf 68' lang='lat' dir='ltr'><strong>dedit.</strong></span> 
     </span>
    </p>
   </div>
   <div class='ocr_carea' id='block_1_41' title="bbox 442 1784 3699 1879">
    <p class='ocr_par' dir='ltr' id='par_1_41' title="bbox 442 1784 3699 1879">
     <span class='ocr_line' id='line_1_41' title="bbox 442 1784 3699 1879; baseline 0.002 -40"><span class='ocrx_word' id='word_1_261' title='bbox 442 1801 560 1841; x_wconf 86' lang='lat' dir='ltr'><strong>rum</strong></span> <span class='ocrx_word' id='word_1_262' title='bbox 595 1796 655 1867; x_wconf 83' lang='lat' dir='ltr'><strong>et_</strong></span> <span class='ocrx_word' id='word_1_263' title='bbox 678 1784 885 1879; x_wconf 71' lang='lat' dir='ltr'><strong>plebem</strong></span> <span class='ocrx_word' id='word_1_264' title='bbox 912 1784 1168 1879; x_wconf 56' lang='lat' dir='ltr'><strong>EcgleSim</strong></span> <span class='ocrx_word' id='word_1_265' title='bbox 1201 1786 1609 1870; x_wconf 61' lang='lat' dir='ltr'><strong>Eorojuliensis.</strong></span> <span class='ocrx_word' id='word_1_266' title='bbox 1632 1786 1701 1869; x_wconf 42' lang='grc' dir='ltr'><strong>,4ο</strong></span> <span class='ocrx_word' id='word_1_267' title='bbox 1729 1786 1792 1869; x_wconf 37' lang='grc' dir='ltr'><strong>ιη.</strong></span> <span class='ocrx_word' id='word_1_268' title='bbox 1816 1789 2013 1870; x_wconf 70' lang='lat' dir='ltr'><strong>utrius-</strong></span> <span class='ocrx_word' id='word_1_269' title='bbox 2045 1817 2094 1879; x_wconf 71' lang='grc' dir='ltr'><strong><em>Β</em></strong></span> <span class='ocrx_word' id='word_1_270' title='bbox 2125 1784 2207 1879; x_wconf 47' lang='lat' dir='ltr'><strong>Ex.</strong></span> <span class='ocrx_word' id='word_1_271' title='bbox 2252 1786 2548 1879; x_wconf 42' lang='lat' dir='ltr'><strong>nlom‘inurlnl</strong></span> <span class='ocrx_word' id='word_1_272' title='bbox 2572 1786 2730 1879; x_wconf 74' lang='lat' dir='ltr'><strong>igitur</strong></span> <span class='ocrx_word' id='word_1_273' title='bbox 2768 1788 2977 1844; x_wconf 91' lang='lat' dir='ltr'><strong>ratione</strong></span> <span class='ocrx_word' id='word_1_274' title='bbox 3015 1788 3145 1879; x_wconf 66' lang='lat' dir='ltr'><strong>nihil</strong></span> <span class='ocrx_word' id='word_1_275' title='bbox 3188 1788 3307 1879; x_wconf 42' lang='lat' dir='ltr'><strong>Ita‘c.</strong></span> <span class='ocrx_word' id='word_1_276' title='bbox 3329 1790 3382 1842; x_wconf 92' lang='lat' dir='ltr'><strong>in</strong></span> <span class='ocrx_word' id='word_1_277' title='bbox 3421 1804 3483 1844; x_wconf 91' lang='lat' dir='ltr'><strong>re</strong></span> <span class='ocrx_word' id='word_1_278' title='bbox 3510 1788 3699 1871; x_wconf 77' lang='lat' dir='ltr'><strong>conﬁci</strong></span> 
     </span>
    </p>
   </div>
   <div class='ocr_carea' id='block_1_42' title="bbox 440 1856 2015 1927">
    <p class='ocr_par' dir='ltr' id='par_1_42' title="bbox 440 1856 2015 1927">
     <span class='ocr_line' id='line_1_42' title="bbox 440 1856 2015 1927; baseline 0.001 -16"><span class='ocrx_word' id='word_1_279' title='bbox 440 1871 545 1927; x_wconf 90' lang='lat' dir='ltr'><strong>que</strong></span> <span class='ocrx_word' id='word_1_280' title='bbox 574 1858 815 1925; x_wconf 64' lang='lat' dir='ltr'><strong>epistolas</strong></span> <span class='ocrx_word' id='word_1_281' title='bbox 852 1856 1075 1913; x_wconf 79' lang='lat' dir='ltr'><strong>exordio</strong></span> <span class='ocrx_word' id='word_1_282' title='bbox 1110 1858 1295 1927; x_wconf 83' lang='lat' dir='ltr'><strong>viginti</strong></span> <span class='ocrx_word' id='word_1_283' title='bbox 1324 1867 1379 1914; x_wconf 90' lang='lat' dir='ltr'><strong>et</strong></span> <span class='ocrx_word' id='word_1_284' title='bbox 1406 1875 1541 1913; x_wconf 89' lang='lat' dir='ltr'><strong>unus</strong></span> <span class='ocrx_word' id='word_1_285' title='bbox 1561 1858 1795 1927; x_wconf 83' lang='lat' dir='ltr'><strong>episcopi</strong></span> <span class='ocrx_word' id='word_1_286' title='bbox 1825 1858 2015 1913; x_wconf 89' lang='lat' dir='ltr'><strong>inscri-</strong></span> 
     </span>
    </p>
   </div>
   <div class='ocr_carea' id='block_1_43' title="bbox 443 1928 2016 1999">
    <p class='ocr_par' dir='ltr' id='par_1_43' title="bbox 443 1928 2016 1999">
     <span class='ocr_line' id='line_1_43' title="bbox 443 1928 2016 1999; baseline 0.002 -17"><span class='ocrx_word' id='word_1_287' title='bbox 443 1928 518 1999; x_wconf 87' lang='lat' dir='ltr'><strong>pti</strong></span> <span class='ocrx_word' id='word_1_288' title='bbox 544 1928 814 1996; x_wconf 87' lang='lat' dir='ltr'><strong>leguntur,</strong></span> <span class='ocrx_word' id='word_1_289' title='bbox 838 1945 1063 1999; x_wconf 90' lang='lat' dir='ltr'><strong>quorum</strong></span> <span class='ocrx_word' id='word_1_290' title='bbox 1096 1931 1284 1985; x_wconf 92' lang='lat' dir='ltr'><strong>tertius</strong></span> <span class='ocrx_word' id='word_1_291' title='bbox 1308 1939 1391 1984; x_wconf 90' lang='lat' dir='ltr'><strong>est</strong></span> <span class='ocrx_word' id='word_1_292' title='bbox 1422 1930 1725 1985; x_wconf 82' lang='lat' dir='ltr'><strong>Florentius</strong></span> <span class='ocrx_word' id='word_1_293' title='bbox 1748 1928 2016 1985; x_wconf 89' lang='lat' dir='ltr'><strong>Viennen-</strong></span> 
     </span>
    </p>
   </div>
   <div class='ocr_carea' id='block_1_44' title="bbox 440 1998 2016 2071">
    <p class='ocr_par' dir='ltr' id='par_1_44' title="bbox 440 1998 2016 2071">
     <span class='ocr_line' id='line_1_44' title="bbox 440 1998 2016 2071; baseline 0.003 -18"><span class='ocrx_word' id='word_1_294' title='bbox 440 1998 533 2071; x_wconf 82' lang='lat' dir='ltr'><strong>sis,</strong></span> <span class='ocrx_word' id='word_1_295' title='bbox 565 2009 619 2053; x_wconf 92' lang='lat' dir='ltr'><strong>ut</strong></span> <span class='ocrx_word' id='word_1_296' title='bbox 641 2001 810 2064; x_wconf 91' lang='lat' dir='ltr'><strong>aiunt,</strong></span> <span class='ocrx_word' id='word_1_297' title='bbox 834 1998 1151 2071; x_wconf 87' lang='lat' dir='ltr'><strong>episcopus;</strong></span> <span class='ocrx_word' id='word_1_298' title='bbox 1175 2000 1506 2056; x_wconf 87' lang='lat' dir='ltr'><strong>Concordius</strong></span> <span class='ocrx_word' id='word_1_299' title='bbox 1532 2016 1662 2055; x_wconf 91' lang='lat' dir='ltr'><strong>vero</strong></span> <span class='ocrx_word' id='word_1_300' title='bbox 1685 2000 2016 2057; x_wconf 76' lang='lat' dir='ltr'><strong>Arelatensis</strong></span> 
     </span>
    </p>
   </div>
   <div class='ocr_carea' id='block_1_45' title="bbox 442 2069 2019 2143">
    <p class='ocr_par' dir='ltr' id='par_1_45' title="bbox 442 2069 2019 2143">
     <span class='ocr_line' id='line_1_45' title="bbox 442 2069 2019 2143; baseline 0.003 -20"><span class='ocrx_word' id='word_1_301' title='bbox 442 2069 496 2125; x_wconf 89' lang='lat' dir='ltr'><strong>in</strong></span> <span class='ocrx_word' id='word_1_302' title='bbox 530 2074 698 2143; x_wconf 86' lang='lat' dir='ltr'><strong>prima</strong></span> <span class='ocrx_word' id='word_1_303' title='bbox 726 2069 1097 2143; x_wconf 83' lang='lat' dir='ltr'><strong>duodecimus.</strong></span> <span class='ocrx_word' id='word_1_304' title='bbox 1133 2074 1184 2127; x_wconf 94' lang='lat' dir='ltr'><strong>in</strong></span> <span class='ocrx_word' id='word_1_305' title='bbox 1211 2072 1380 2127; x_wconf 88' lang='lat' dir='ltr'><strong>altera</strong></span> <span class='ocrx_word' id='word_1_306' title='bbox 1402 2073 1642 2127; x_wconf 89' lang='lat' dir='ltr'><strong>decimus</strong></span> <span class='ocrx_word' id='word_1_307' title='bbox 1672 2082 1915 2143; x_wconf 87' lang='lat' dir='ltr'><strong>quartus.</strong></span> <span class='ocrx_word' id='word_1_308' title='bbox 1948 2075 2019 2127; x_wconf 85' lang='lat' dir='ltr'><strong>At</strong></span> 
     </span>
    </p>
   </div>
   <div class='ocr_carea' id='block_1_46' title="bbox 442 2142 2018 2213">
    <p class='ocr_par' dir='ltr' id='par_1_46' title="bbox 442 2142 2018 2213">
     <span class='ocr_line' id='line_1_46' title="bbox 442 2142 2018 2213; baseline 0.003 -18"><span class='ocrx_word' id='word_1_309' title='bbox 442 2156 572 2195; x_wconf 91' lang='lat' dir='ltr'><strong>vero</strong></span> <span class='ocrx_word' id='word_1_310' title='bbox 602 2142 655 2196; x_wconf 91' lang='lat' dir='ltr'><strong>in</strong></span> <span class='ocrx_word' id='word_1_311' title='bbox 679 2142 1161 2212; x_wconf 86' lang='lat' dir='ltr'><strong>subscriptionibus</strong></span> <span class='ocrx_word' id='word_1_312' title='bbox 1190 2146 1450 2213; x_wconf 87' lang='lat' dir='ltr'><strong>appositis</strong></span> <span class='ocrx_word' id='word_1_313' title='bbox 1476 2142 1779 2197; x_wconf 81' lang='lat' dir='ltr'><strong>Florentius</strong></span> <span class='ocrx_word' id='word_1_314' title='bbox 1802 2144 2018 2199; x_wconf 73' lang='lat' dir='ltr'><strong>omiSsis</strong></span> 
     </span>
    </p>
   </div>
   <div class='ocr_carea' id='block_1_47' title="bbox 443 2212 2021 2283">
    <p class='ocr_par' dir='ltr' id='par_1_47' title="bbox 443 2212 2021 2283">
     <span class='ocr_line' id='line_1_47' title="bbox 443 2212 2021 2283; baseline 0.002 -17"><span class='ocrx_word' id='word_1_315' title='bbox 443 2212 652 2267; x_wconf 83' lang='lat' dir='ltr'><strong>duobus</strong></span> <span class='ocrx_word' id='word_1_316' title='bbox 689 2214 893 2282; x_wconf 86' lang='lat' dir='ltr'><strong>primis,</strong></span> <span class='ocrx_word' id='word_1_317' title='bbox 932 2216 1179 2269; x_wconf 83' lang='lat' dir='ltr'><strong>omnibus</strong></span> <span class='ocrx_word' id='word_1_318' title='bbox 1217 2212 1573 2283; x_wconf 48' lang='lat' dir='ltr'><strong>pruentittitur.</strong></span> <span class='ocrx_word' id='word_1_319' title='bbox 1606 2213 1666 2267; x_wconf 81' lang='lat'><strong>5°</strong></span> <span class='ocrx_word' id='word_1_320' title='bbox 1699 2214 1865 2270; x_wconf 87' lang='lat' dir='ltr'><strong>Unius</strong></span> <span class='ocrx_word' id='word_1_321' title='bbox 1892 2214 2021 2270; x_wconf 85' lang='lat' dir='ltr'><strong>Flo-</strong></span> 
     </span>
    </p>
   </div>
   <div class='ocr_carea' id='block_1_48' title="bbox 443 2284 2020 2342">
    <p class='ocr_par' dir='ltr' id='par_1_48' title="bbox 443 2284 2020 2342">
     <span class='ocr_line' id='line_1_48' title="bbox 443 2284 2020 2342; baseline 0.003 -4"><span class='ocrx_word' id='word_1_322' title='bbox 443 2284 599 2338; x_wconf 83' lang='lat' dir='ltr'><strong>rentii</strong></span> <span class='ocrx_word' id='word_1_323' title='bbox 623 2285 779 2340; x_wconf 85' lang='lat' dir='ltr'><strong>sedes</strong></span> <span class='ocrx_word' id='word_1_324' title='bbox 796 2294 1101 2341; x_wconf 88' lang='lat' dir='ltr'><strong>annotatur.</strong></span> <span class='ocrx_word' id='word_1_325' title='bbox 1123 2284 1181 2341; x_wconf 82' lang='grc'><strong>6⁸</strong></span> <span class='ocrx_word' id='word_1_326' title='bbox 1201 2287 1357 2341; x_wconf 86' lang='lat' dir='ltr'><strong>Solus</strong></span> <span class='ocrx_word' id='word_1_327' title='bbox 1384 2287 1542 2341; x_wconf 90' lang='lat' dir='ltr'><strong>modo</strong></span> <span class='ocrx_word' id='word_1_328' title='bbox 1567 2285 1633 2341; x_wconf 91' lang='lat' dir='ltr'><strong>ab</strong></span> <span class='ocrx_word' id='word_1_329' title='bbox 1663 2287 1781 2340; x_wconf 88' lang='lat' dir='ltr'><strong>aliis</strong></span> <span class='ocrx_word' id='word_1_330' title='bbox 1803 2286 2020 2342; x_wconf 88' lang='lat' dir='ltr'><strong>diverso</strong></span> 
     </span>
    </p>
   </div>
   <div class='ocr_carea' id='block_1_49' title="bbox 442 2354 2020 2429">
    <p class='ocr_par' dir='ltr' id='par_1_49' title="bbox 442 2354 2020 2429">
     <span class='ocr_line' id='line_1_49' title="bbox 442 2354 2020 2429; baseline 0.002 -21"><span class='ocrx_word' id='word_1_331' title='bbox 442 2354 515 2409; x_wconf 89' lang='lat' dir='ltr'><strong>ita</strong></span> <span class='ocrx_word' id='word_1_332' title='bbox 537 2354 851 2429; x_wconf 81' lang='lat' dir='ltr'><strong>subscribit:</strong></span> <span class='ocrx_word' id='word_1_333' title='bbox 872 2357 981 2429; x_wconf 77' lang='lat' dir='ltr'><strong>Ego</strong></span> <span class='ocrx_word' id='word_1_334' title='bbox 1006 2355 1299 2429; x_wconf 77' lang='lat' dir='ltr'><strong>Florentius</strong></span> <span class='ocrx_word' id='word_1_335' title='bbox 1322 2358 1585 2427; x_wconf 75' lang='lat' dir='ltr'><strong>episcopus</strong></span> <span class='ocrx_word' id='word_1_336' title='bbox 1602 2355 1842 2411; x_wconf 75' lang='lat' dir='ltr'><strong>Ecclesiw</strong></span> <span class='ocrx_word' id='word_1_337' title='bbox 1866 2356 2020 2412; x_wconf 82' lang='lat' dir='ltr'><strong>Vien-</strong></span> 
     </span>
    </p>
   </div>
   <div class='ocr_carea' id='block_1_50' title="bbox 442 2426 2020 2500">
    <p class='ocr_par' dir='ltr' id='par_1_50' title="bbox 442 2426 2020 2500">
     <span class='ocr_line' id='line_1_50' title="bbox 442 2426 2020 2500; baseline 0.003 -22"><span class='ocrx_word' id='word_1_338' title='bbox 442 2427 614 2500; x_wconf 78' lang='lat' dir='ltr'><strong>nensis</strong></span> <span class='ocrx_word' id='word_1_339' title='bbox 643 2426 957 2500; x_wconf 50' lang='lat' dir='ltr'><strong>subscripsi;</strong></span> <span class='ocrx_word' id='word_1_340' title='bbox 994 2443 1115 2482; x_wconf 92' lang='lat' dir='ltr'><strong>cum</strong></span> <span class='ocrx_word' id='word_1_341' title='bbox 1155 2428 1243 2482; x_wconf 80' lang='lat' dir='ltr'><strong>alii</strong></span> <span class='ocrx_word' id='word_1_342' title='bbox 1273 2426 1460 2483; x_wconf 90' lang='lat' dir='ltr'><strong>omnes</strong></span> <span class='ocrx_word' id='word_1_343' title='bbox 1490 2426 1576 2500; x_wconf 76' lang='lat' dir='ltr'><strong>Sic</strong></span> <span class='ocrx_word' id='word_1_344' title='bbox 1611 2428 1880 2483; x_wconf 88' lang='lat' dir='ltr'><strong>subnotati</strong></span> <span class='ocrx_word' id='word_1_345' title='bbox 1924 2430 2020 2482; x_wconf 79' lang='lat' dir='ltr'><strong>lia-</strong></span> 
     </span>
    </p>
   </div>
   <div class='ocr_carea' id='block_1_51' title="bbox 443 2496 2024 2570">
    <p class='ocr_par' dir='ltr' id='par_1_51' title="bbox 443 2496 2024 2570">
     <span class='ocr_line' id='line_1_51' title="bbox 443 2496 2024 2570; baseline 0.001 -18"><span class='ocrx_word' id='word_1_346' title='bbox 443 2496 700 2570; x_wconf 77' lang='lat' dir='ltr'><strong>beantur:</strong></span> <span class='ocrx_word' id='word_1_347' title='bbox 736 2496 851 2568; x_wconf 84' lang='lat' dir='ltr'><strong>Ego</strong></span> <span class='ocrx_word' id='word_1_348' title='bbox 879 2499 951 2552; x_wconf 82' lang='grc' dir='ltr'><strong>Ν.</strong></span> <span class='ocrx_word' id='word_1_349' title='bbox 981 2508 1101 2568; x_wconf 85' lang='lat' dir='ltr'><strong>apto</strong></span> <span class='ocrx_word' id='word_1_350' title='bbox 1128 2516 1212 2554; x_wconf 85' lang='lat' dir='ltr'><strong>vos</strong></span> <span class='ocrx_word' id='word_1_351' title='bbox 1243 2501 1428 2570; x_wconf 77' lang='lat' dir='ltr'><strong>fratres</strong></span> <span class='ocrx_word' id='word_1_352' title='bbox 1459 2502 1512 2553; x_wconf 88' lang='lat' dir='ltr'><strong>in</strong></span> <span class='ocrx_word' id='word_1_353' title='bbox 1543 2499 1767 2553; x_wconf 85' lang='lat' dir='ltr'><strong>Domino</strong></span> <span class='ocrx_word' id='word_1_354' title='bbox 1792 2499 1916 2554; x_wconf 86' lang='lat' dir='ltr'><strong>bene</strong></span> <span class='ocrx_word' id='word_1_355' title='bbox 1942 2515 2024 2554; x_wconf 84' lang='lat' dir='ltr'><strong>va-</strong></span> 
     </span>
    </p>
   </div>
   <div class='ocr_carea' id='block_1_52' title="bbox 444 2568 2024 2639">
    <p class='ocr_par' dir='ltr' id='par_1_52' title="bbox 444 2568 2024 2639">
     <span class='ocr_line' id='line_1_52' title="bbox 444 2568 2024 2639; baseline 0.004 -19"><span class='ocrx_word' id='word_1_356' title='bbox 444 2568 578 2633; x_wconf 82' lang='lat' dir='ltr'><strong>lere;</strong></span> <span class='ocrx_word' id='word_1_357' title='bbox 624 2570 765 2637; x_wconf 90' lang='lat' dir='ltr'><strong>quod</strong></span> <span class='ocrx_word' id='word_1_358' title='bbox 813 2570 998 2639; x_wconf 88' lang='lat' dir='ltr'><strong>procul</strong></span> <span class='ocrx_word' id='word_1_359' title='bbox 1046 2570 1208 2626; x_wconf 89' lang='lat' dir='ltr'><strong>dubio</strong></span> <span class='ocrx_word' id='word_1_360' title='bbox 1244 2568 1443 2626; x_wconf 81' lang='lat' dir='ltr'><strong>melius</strong></span> <span class='ocrx_word' id='word_1_361' title='bbox 1494 2572 1744 2625; x_wconf 82' lang='lat' dir='ltr'><strong>cenvenit</strong></span> <span class='ocrx_word' id='word_1_362' title='bbox 1783 2571 2024 2639; x_wconf 64' lang='lat' dir='ltr'><strong>epistolas</strong></span> 
     </span>
    </p>
   </div>
   <div class='ocr_carea' id='block_1_53' title="bbox 443 2640 2025 2708">
    <p class='ocr_par' dir='ltr' id='par_1_53' title="bbox 443 2640 2025 2708">
     <span class='ocr_line' id='line_1_53' title="bbox 443 2640 2025 2708; baseline 0.003 -15"><span class='ocrx_word' id='word_1_363' title='bbox 443 2654 601 2708; x_wconf 91' lang='lat' dir='ltr'><strong>quam</strong></span> <span class='ocrx_word' id='word_1_364' title='bbox 625 2640 761 2695; x_wconf 89' lang='lat' dir='ltr'><strong>alter</strong></span> <span class='ocrx_word' id='word_1_365' title='bbox 781 2640 1154 2696; x_wconf 89' lang='lat' dir='ltr'><strong>subscribendi</strong></span> <span class='ocrx_word' id='word_1_366' title='bbox 1175 2642 1385 2697; x_wconf 91' lang='lat' dir='ltr'><strong>modus.</strong></span> <span class='ocrx_word' id='word_1_367' title='bbox 1410 2643 1471 2694; x_wconf 83' lang='lat'><strong>7°</strong></span> <span class='ocrx_word' id='word_1_368' title='bbox 1496 2642 1633 2695; x_wconf 83' lang='lat' dir='ltr'><strong>Ante</strong></span> <span class='ocrx_word' id='word_1_369' title='bbox 1657 2641 1864 2695; x_wconf 89' lang='lat' dir='ltr'><strong>initium</strong></span> <span class='ocrx_word' id='word_1_370' title='bbox 1887 2643 2025 2697; x_wconf 78' lang='lat' dir='ltr'><strong>sexti</strong></span> 
     </span>
    </p>
   </div>
   <div class='ocr_carea' id='block_1_54' title="bbox 444 2710 2025 2782">
    <p class='ocr_par' dir='ltr' id='par_1_54' title="bbox 444 2710 2025 2782">
     <span class='ocr_line' id='line_1_54' title="bbox 444 2710 2025 2782; baseline 0.003 -19"><span class='ocrx_word' id='word_1_371' title='bbox 444 2710 627 2782; x_wconf 65' lang='lat' dir='ltr'><strong>saeculi</strong></span> <span class='ocrx_word' id='word_1_372' title='bbox 658 2726 763 2766; x_wconf 91' lang='lat' dir='ltr'><strong>non</strong></span> <span class='ocrx_word' id='word_1_373' title='bbox 795 2721 913 2767; x_wconf 91' lang='lat' dir='ltr'><strong>erat</strong></span> <span class='ocrx_word' id='word_1_374' title='bbox 940 2712 993 2767; x_wconf 93' lang='lat' dir='ltr'><strong>in</strong></span> <span class='ocrx_word' id='word_1_375' title='bbox 1027 2729 1123 2767; x_wconf 92' lang='lat' dir='ltr'><strong>usu</strong></span> <span class='ocrx_word' id='word_1_376' title='bbox 1155 2723 1211 2766; x_wconf 94' lang='lat' dir='ltr'><strong>ut</strong></span> <span class='ocrx_word' id='word_1_377' title='bbox 1231 2714 1469 2782; x_wconf 84' lang='lat' dir='ltr'><strong>episcOpi</strong></span> <span class='ocrx_word' id='word_1_378' title='bbox 1494 2712 1661 2782; x_wconf 76' lang='lat'><strong>806</strong></span> <span class='ocrx_word' id='word_1_379' title='bbox 1689 2714 1756 2766; x_wconf 90' lang='lat' dir='ltr'><strong>ita</strong></span> <span class='ocrx_word' id='word_1_380' title='bbox 1790 2714 2025 2767; x_wconf 89' lang='lat' dir='ltr'><strong>subscri-</strong></span> 
     </span>
    </p>
   </div>
   <div class='ocr_carea' id='block_1_55' title="bbox 448 2781 2026 2854">
    <p class='ocr_par' dir='ltr' id='par_1_55' title="bbox 448 2781 2026 2854">
     <span class='ocr_line' id='line_1_55' title="bbox 448 2781 2026 2854; baseline 0.002 -19"><span class='ocrx_word' id='word_1_381' title='bbox 448 2781 658 2848; x_wconf 87' lang='lat' dir='ltr'><strong>berent,</strong></span> <span class='ocrx_word' id='word_1_382' title='bbox 684 2784 952 2852; x_wconf 85' lang='lat' dir='ltr'><strong>episcopus</strong></span> <span class='ocrx_word' id='word_1_383' title='bbox 977 2783 1219 2839; x_wconf 72' lang='lat' dir='ltr'><strong>Ecclesia:</strong></span> <span class='ocrx_word' id='word_1_384' title='bbox 1242 2784 1294 2838; x_wconf 87' lang='grc' dir='ltr'><em>Ν</em></span> <span class='ocrx_word' id='word_1_385' title='bbox 1302 2825 1339 2849; x_wconf 88' lang='grc'><strong>.,</strong></span> <span class='ocrx_word' id='word_1_386' title='bbox 1362 2785 1455 2838; x_wconf 87' lang='lat' dir='ltr'><strong>sed</strong></span> <span class='ocrx_word' id='word_1_387' title='bbox 1480 2781 1692 2854; x_wconf 64' lang='lat' dir='ltr'><strong>vclsine</strong></span> <span class='ocrx_word' id='word_1_388' title='bbox 1716 2784 1897 2838; x_wconf 86' lang='lat' dir='ltr'><strong>addito</strong></span> <span class='ocrx_word' id='word_1_389' title='bbox 1918 2785 2026 2854; x_wconf 88' lang='lat' dir='ltr'><strong>epi-</strong></span> 
     </span>
    </p>
   </div>
   <div class='ocr_carea' id='block_1_56' title="bbox 450 2853 2026 2926">
    <p class='ocr_par' dir='ltr' id='par_1_56' title="bbox 450 2853 2026 2926">
     <span class='ocr_line' id='line_1_56' title="bbox 450 2853 2026 2926; baseline 0.003 -21"><span class='ocrx_word' id='word_1_390' title='bbox 450 2868 635 2926; x_wconf 83' lang='lat' dir='ltr'><strong>scopus</strong></span> <span class='ocrx_word' id='word_1_391' title='bbox 682 2855 1071 2926; x_wconf 17' lang='lat' dir='ltr'><strong>veliepiscopus</strong></span> <span class='ocrx_word' id='word_1_392' title='bbox 1109 2857 1327 2911; x_wconf 77' lang='lat' dir='ltr'><strong>civitatis</strong></span> <span class='ocrx_word' id='word_1_393' title='bbox 1372 2871 1423 2910; x_wconf 94' lang='lat' dir='ltr'><strong>v.</strong></span> <span class='ocrx_word' id='word_1_394' title='bbox 1472 2870 1527 2925; x_wconf 90' lang='lat' dir='ltr'><strong>g.</strong></span> <span class='ocrx_word' id='word_1_395' title='bbox 1582 2853 1900 2926; x_wconf 73' lang='lat' dir='ltr'><strong>Viennensis,</strong></span> <span class='ocrx_word' id='word_1_396' title='bbox 1942 2853 2026 2910; x_wconf 86' lang='lat' dir='ltr'><strong>vel</strong></span> 
     </span>
    </p>
   </div>
   <div class='ocr_carea' id='block_1_57' title="bbox 450 2922 2028 2998">
    <p class='ocr_par' dir='ltr' id='par_1_57' title="bbox 450 2922 2028 2998">
     <span class='ocr_line' id='line_1_57' title="bbox 450 2922 2028 2998; baseline 0.001 -21"><span class='ocrx_word' id='word_1_397' title='bbox 450 2925 713 2998; x_wconf 77' lang='lat' dir='ltr'><strong>episcopus</strong></span> <span class='ocrx_word' id='word_1_398' title='bbox 749 2922 1141 2993; x_wconf 75' lang='lat' dir='ltr'><strong>Viennensium;</strong></span> <span class='ocrx_word' id='word_1_399' title='bbox 1174 2929 1263 2997; x_wconf 88' lang='lat' dir='ltr'><strong>qui</strong></span> <span class='ocrx_word' id='word_1_400' title='bbox 1295 2942 1420 2982; x_wconf 92' lang='lat' dir='ltr'><strong>usus</strong></span> <span class='ocrx_word' id='word_1_401' title='bbox 1450 2922 1502 2981; x_wconf 82' lang='lat' dir='ltr'><strong>in</strong></span> <span class='ocrx_word' id='word_1_402' title='bbox 1526 2922 1755 2998; x_wconf 89' lang='lat' dir='ltr'><strong>concilio</strong></span> <span class='ocrx_word' id='word_1_403' title='bbox 1772 2926 2028 2998; x_wconf 75' lang='lat' dir='ltr'><strong>Aurelia-</strong></span> 
     </span>
    </p>
   </div>
   <div class='ocr_carea' id='block_1_58' title="bbox 447 2996 2027 3067">
    <p class='ocr_par' dir='ltr' id='par_1_58' title="bbox 447 2996 2027 3067">
     <span class='ocr_line' id='line_1_58' title="bbox 447 2996 2027 3067; baseline 0.001 -16"><span class='ocrx_word' id='word_1_404' title='bbox 447 2998 599 3067; x_wconf 57' lang='lat' dir='ltr'><strong>pensi</strong></span> <span class='ocrx_word' id='word_1_405' title='bbox 623 2996 648 3053; x_wconf 21' lang='lat' dir='ltr'><strong>Vl</strong></span> <span class='ocrx_word' id='word_1_406' title='bbox 690 3000 999 3053; x_wconf 86' lang='lat' dir='ltr'><strong>immutatus</strong></span> <span class='ocrx_word' id='word_1_407' title='bbox 1029 2996 1258 3067; x_wconf 82' lang='lat' dir='ltr'><strong>primum</strong></span> <span class='ocrx_word' id='word_1_408' title='bbox 1290 2998 1519 3053; x_wconf 90' lang='lat' dir='ltr'><strong>videtur.</strong></span> <span class='ocrx_word' id='word_1_409' title='bbox 1553 2996 1838 3067; x_wconf 88' lang='lat' dir='ltr'><strong>Supposita</strong></span> <span class='ocrx_word' id='word_1_410' title='bbox 1868 2998 2027 3066; x_wconf 85' lang='lat' dir='ltr'><strong>igitur</strong></span> 
     </span>
    </p>
   </div>
   <div class='ocr_carea' id='block_1_59' title="bbox 445 3065 2026 3141">
    <p class='ocr_par' dir='ltr' id='par_1_59' title="bbox 445 3065 2026 3141">
     <span class='ocr_line' id='line_1_59' title="bbox 445 3065 2026 3141; baseline 0.002 -20"><span class='ocrx_word' id='word_1_411' title='bbox 445 3065 711 3125; x_wconf 79' lang='lat' dir='ltr'><strong>Florentii</strong></span> <span class='ocrx_word' id='word_1_412' title='bbox 740 3065 1083 3141; x_wconf 82' lang='lat' dir='ltr'><strong>subscriptio,</strong></span> <span class='ocrx_word' id='word_1_413' title='bbox 1116 3072 1169 3124; x_wconf 90' lang='lat' dir='ltr'><strong>ni</strong></span> <span class='ocrx_word' id='word_1_414' title='bbox 1197 3069 1372 3136; x_wconf 81' lang='lat' dir='ltr'><strong>fallor,</strong></span> <span class='ocrx_word' id='word_1_415' title='bbox 1406 3069 1522 3138; x_wconf 84' lang='lat' dir='ltr'><strong>luit,</strong></span> <span class='ocrx_word' id='word_1_416' title='bbox 1554 3083 1621 3125; x_wconf 88' lang='lat' dir='ltr'><strong>eo</strong></span> <span class='ocrx_word' id='word_1_417' title='bbox 1637 3065 1831 3141; x_wconf 74' lang='lat' dir='ltr'><strong>procul</strong></span> <span class='ocrx_word' id='word_1_418' title='bbox 1863 3065 2026 3124; x_wconf 86' lang='lat' dir='ltr'><strong>dubio</strong></span> 
     </span>
    </p>
   </div>
   <div class='ocr_carea' id='block_1_60' title="bbox 442 3140 2029 3215">
    <p class='ocr_par' dir='ltr' id='par_1_60' title="bbox 442 3140 2029 3215">
     <span class='ocr_line' id='line_1_60' title="bbox 442 3140 2029 3215; baseline 0.001 -21"><span class='ocrx_word' id='word_1_419' title='bbox 442 3140 690 3215; x_wconf 76' lang='lat' dir='ltr'><strong>consilio,</strong></span> <span class='ocrx_word' id='word_1_420' title='bbox 729 3152 785 3197; x_wconf 92' lang='lat' dir='ltr'><strong>ut</strong></span> <span class='ocrx_word' id='word_1_421' title='bbox 820 3140 1173 3215; x_wconf 34' lang='lat' dir='ltr'><strong>huic’synodo</strong></span> <span class='ocrx_word' id='word_1_422' title='bbox 1197 3141 1520 3212; x_wconf 64' lang='lat' dir='ltr'><strong>prasedisse</strong></span> <span class='ocrx_word' id='word_1_423' title='bbox 1544 3140 1796 3197; x_wconf 89' lang='lat' dir='ltr'><strong>credatur</strong></span> <span class='ocrx_word' id='word_1_424' title='bbox 1816 3143 2029 3215; x_wconf 87' lang='lat' dir='ltr'><strong>episco-</strong></span> 
     </span>
    </p>
   </div>
   <div class='ocr_carea' id='block_1_61' title="bbox 2121 1856 3697 1930">
    <p class='ocr_par' dir='ltr' id='par_1_61' title="bbox 2121 1856 3697 1930">
     <span class='ocr_line' id='line_1_61' title="bbox 2121 1856 3697 1930; baseline 0.004 -21"><span class='ocrx_word' id='word_1_425' title='bbox 2121 1865 2315 1930; x_wconf 80' lang='lat' dir='ltr'><strong>potest.</strong></span> <span class='ocrx_word' id='word_1_426' title='bbox 2350 1856 2505 1924; x_wconf 86' lang='lat' dir='ltr'><strong>Quod</strong></span> <span class='ocrx_word' id='word_1_427' title='bbox 2536 1857 2637 1912; x_wconf 88' lang='lat' dir='ltr'><strong>hoc</strong></span> <span class='ocrx_word' id='word_1_428' title='bbox 2678 1859 2869 1913; x_wconf 91' lang='lat' dir='ltr'><strong>iterum</strong></span> <span class='ocrx_word' id='word_1_429' title='bbox 2902 1862 3151 1930; x_wconf 78' lang='lat' dir='ltr'><strong>exemplo</strong></span> <span class='ocrx_word' id='word_1_430' title='bbox 3186 1876 3215 1914; x_wconf 91' lang='lat' dir='ltr'><strong>a</strong></span> <span class='ocrx_word' id='word_1_431' title='bbox 3247 1859 3541 1915; x_wconf 80' lang='lat' dir='ltr'><strong>Viennensi</strong></span> <span class='ocrx_word' id='word_1_432' title='bbox 3575 1874 3697 1924; x_wconf 86' lang='lat' dir='ltr'><strong>pro-</strong></span> 
     </span>
    </p>
   </div>
   <div class='ocr_carea' id='block_1_62' title="bbox 2118 1927 3697 2000">
    <p class='ocr_par' dir='ltr' id='par_1_62' title="bbox 2118 1927 3697 2000">
     <span class='ocr_line' id='line_1_62' title="bbox 2118 1927 3697 2000; baseline 0.005 -21"><span class='ocrx_word' id='word_1_433' title='bbox 2118 1927 2291 2000; x_wconf 83' lang='lat' dir='ltr'><strong>vincia</strong></span> <span class='ocrx_word' id='word_1_434' title='bbox 2322 1932 2601 1998; x_wconf 84' lang='lat' dir='ltr'><strong>desumpto</strong></span> <span class='ocrx_word' id='word_1_435' title='bbox 2627 1931 2843 1999; x_wconf 89' lang='lat' dir='ltr'><strong>probari</strong></span> <span class='ocrx_word' id='word_1_436' title='bbox 2872 1927 3077 2000; x_wconf 60' lang='lat' dir='ltr'><strong>potestf</strong></span> <span class='ocrx_word' id='word_1_437' title='bbox 3098 1931 3228 1986; x_wconf 88' lang='lat' dir='ltr'><strong>Nam</strong></span> <span class='ocrx_word' id='word_1_438' title='bbox 3261 1930 3540 1996; x_wconf 87' lang='lat' dir='ltr'><strong>provincia</strong></span> <span class='ocrx_word' id='word_1_439' title='bbox 3565 1931 3697 1987; x_wconf 75' lang='lat' dir='ltr'><strong>Nar-</strong></span> 
     </span>
    </p>
   </div>
   <div class='ocr_carea' id='block_1_63' title="bbox 2118 1999 3696 2072">
    <p class='ocr_par' dir='ltr' id='par_1_63' title="bbox 2118 1999 3696 2072">
     <span class='ocr_line' id='line_1_63' title="bbox 2118 1999 3696 2072; baseline 0.002 -20"><span class='ocrx_word' id='word_1_440' title='bbox 2118 1999 2372 2072; x_wconf 85' lang='lat' dir='ltr'><strong>bonensis</strong></span> <span class='ocrx_word' id='word_1_441' title='bbox 2404 1999 2638 2072; x_wconf 76' lang='lat' dir='ltr'><strong>secunda</strong></span> <span class='ocrx_word' id='word_1_442' title='bbox 2668 2016 2788 2055; x_wconf 92' lang='lat' dir='ltr'><strong>cum</strong></span> <span class='ocrx_word' id='word_1_443' title='bbox 2820 1999 2886 2057; x_wconf 61' lang='lat' dir='ltr'><strong>ex</strong></span> <span class='ocrx_word' id='word_1_444' title='bbox 2919 2002 3207 2057; x_wconf 88' lang='lat' dir='ltr'><strong>Viennensi</strong></span> <span class='ocrx_word' id='word_1_445' title='bbox 3242 2002 3499 2070; x_wconf 86' lang='lat' dir='ltr'><strong>decerpta</strong></span> <span class='ocrx_word' id='word_1_446' title='bbox 3532 2013 3696 2072; x_wconf 86' lang='lat' dir='ltr'><strong>esset,</strong></span> 
     </span>
    </p>
   </div>
   <div class='ocr_carea' id='block_1_64' title="bbox 2120 2070 3698 2139">
    <p class='ocr_par' dir='ltr' id='par_1_64' title="bbox 2120 2070 3698 2139">
     <span class='ocr_line' id='line_1_64' title="bbox 2120 2070 3698 2139; baseline 0.003 -15"><span class='ocrx_word' id='word_1_447' title='bbox 2120 2070 2381 2124; x_wconf 87' lang='lat' dir='ltr'><strong>debuerat</strong></span> <span class='ocrx_word' id='word_1_448' title='bbox 2421 2070 2738 2127; x_wconf 89' lang='lat' dir='ltr'><strong>Viennensis</strong></span> <span class='ocrx_word' id='word_1_449' title='bbox 2762 2073 3047 2139; x_wconf 90' lang='lat' dir='ltr'><strong>nominari,</strong></span> <span class='ocrx_word' id='word_1_450' title='bbox 3097 2076 3143 2129; x_wconf 87' lang='lat' dir='ltr'><strong>si</strong></span> <span class='ocrx_word' id='word_1_451' title='bbox 3189 2088 3275 2127; x_wconf 91' lang='lat' dir='ltr'><strong>res</strong></span> <span class='ocrx_word' id='word_1_452' title='bbox 3315 2088 3381 2127; x_wconf 79' lang='lat' dir='ltr'><strong>ex</strong></span> <span class='ocrx_word' id='word_1_453' title='bbox 3423 2070 3698 2128; x_wconf 83' lang='lat' dir='ltr'><strong>nominum</strong></span> 
     </span>
    </p>
   </div>
   <div class='ocr_carea' id='block_1_65' title="bbox 2120 2144 3697 2209">
    <p class='ocr_par' dir='ltr' id='par_1_65' title="bbox 2120 2144 3697 2209">
     <span class='ocr_line' id='line_1_65' title="bbox 2120 2144 3697 2209; baseline 0.004 -15"><span class='ocrx_word' id='word_1_454' title='bbox 2120 2153 2392 2196; x_wconf 87' lang='lat' dir='ltr'><strong>momento</strong></span> <span class='ocrx_word' id='word_1_455' title='bbox 2416 2144 2806 2209; x_wconf 73' lang='lat' dir='ltr'><strong>mstintaretur;</strong></span> <span class='ocrx_word' id='word_1_456' title='bbox 2838 2159 2994 2199; x_wconf 89' lang='lat' dir='ltr'><strong>secus</strong></span> <span class='ocrx_word' id='word_1_457' title='bbox 3022 2155 3203 2200; x_wconf 90' lang='lat' dir='ltr'><strong>tamen</strong></span> <span class='ocrx_word' id='word_1_458' title='bbox 3232 2144 3432 2199; x_wconf 78' lang='lat' dir='ltr'><strong>factum</strong></span> <span class='ocrx_word' id='word_1_459' title='bbox 3465 2153 3551 2200; x_wconf 90' lang='lat' dir='ltr'><strong>est</strong></span> <span class='ocrx_word' id='word_1_460' title='bbox 3578 2159 3697 2200; x_wconf 89' lang='lat' dir='ltr'><strong>cum</strong></span> 
     </span>
    </p>
   </div>
   <div class='ocr_carea' id='block_1_66' title="bbox 2120 2211 3279 2278">
    <p class='ocr_par' dir='ltr' id='par_1_66' title="bbox 2120 2211 3279 2278">
     <span class='ocr_line' id='line_1_66' title="bbox 2120 2211 3279 2278; baseline 0.001 -12"><span class='ocrx_word' id='word_1_461' title='bbox 2120 2211 2261 2267; x_wconf 89' lang='lat' dir='ltr'><strong>dicta</strong></span> <span class='ocrx_word' id='word_1_462' title='bbox 2289 2216 2357 2266; x_wconf 87' lang='lat' dir='ltr'><strong>sit</strong></span> <span class='ocrx_word' id='word_1_463' title='bbox 2388 2212 2771 2278; x_wconf 84' lang='lat' dir='ltr'><strong>Narbonensis,</strong></span> <span class='ocrx_word' id='word_1_464' title='bbox 2802 2230 2910 2270; x_wconf 91' lang='lat' dir='ltr'><strong>non</strong></span> <span class='ocrx_word' id='word_1_465' title='bbox 2941 2214 3279 2271; x_wconf 85' lang='lat' dir='ltr'><strong>Viennensis.</strong></span> 
     </span>
    </p>
   </div>
   <div class='ocr_carea' id='block_1_67' title="bbox 2194 2283 3699 2357">
    <p class='ocr_par' dir='ltr' id='par_1_67' title="bbox 2194 2283 3699 2357">
     <span class='ocr_line' id='line_1_67' title="bbox 2194 2283 3699 2357; baseline 0.003 -20"><span class='ocrx_word' id='word_1_466' title='bbox 2194 2283 2331 2357; x_wconf 83' lang='lat' dir='ltr'><strong>Quid</strong></span> <span class='ocrx_word' id='word_1_467' title='bbox 2361 2284 2518 2353; x_wconf 81' lang='lat' dir='ltr'><strong>igitur</strong></span> <span class='ocrx_word' id='word_1_468' title='bbox 2545 2284 2613 2357; x_wconf 73' lang='lat' dir='ltr'><strong>ad</strong></span> <span class='ocrx_word' id='word_1_469' title='bbox 2643 2297 2888 2357; x_wconf 84' lang='lat' dir='ltr'><strong>auctores</strong></span> <span class='ocrx_word' id='word_1_470' title='bbox 2905 2285 3281 2357; x_wconf 87' lang='lat' dir='ltr'><strong>antiquos,qui</strong></span> <span class='ocrx_word' id='word_1_471' title='bbox 3302 2284 3569 2342; x_wconf 82' lang='lat' dir='ltr'><strong>Viennam</strong></span> <span class='ocrx_word' id='word_1_472' title='bbox 3591 2299 3699 2342; x_wconf 81' lang='lat' dir='ltr'><strong>me-</strong></span> 
     </span>
    </p>
   </div>
   <div class='ocr_carea' id='block_1_68' title="bbox 2125 2354 3703 2428">
    <p class='ocr_par' dir='ltr' id='par_1_68' title="bbox 2125 2354 3703 2428">
     <span class='ocr_line' id='line_1_68' title="bbox 2125 2354 3703 2428; baseline 0.001 -20"><span class='ocrx_word' id='word_1_473' title='bbox 2125 2356 2391 2428; x_wconf 70' lang='lat' dir='ltr'><strong>tropolimj</strong></span> <span class='ocrx_word' id='word_1_474' title='bbox 2411 2354 2723 2424; x_wconf 75' lang='lat' dir='ltr'><strong>appellant?</strong></span> <span class='ocrx_word' id='word_1_475' title='bbox 2760 2354 3080 2427; x_wconf 32' lang='lat' dir='ltr'><strong>Responde—0</strong></span> <span class='ocrx_word' id='word_1_476' title='bbox 3111 2354 3465 2428; x_wconf 27' lang='lat' dir='ltr'><strong>pro‘diversis</strong></span> <span class='ocrx_word' id='word_1_477' title='bbox 3487 2357 3703 2412; x_wconf 80' lang='lat' dir='ltr'><strong>divisio-</strong></span> 
     </span>
    </p>
   </div>
   <div class='ocr_carea' id='block_1_69' title="bbox 2124 2425 3703 2499">
    <p class='ocr_par' dir='ltr' id='par_1_69' title="bbox 2124 2425 3703 2499">
     <span class='ocr_line' id='line_1_69' title="bbox 2124 2425 3703 2499; baseline 0.003 -20"><span class='ocrx_word' id='word_1_478' title='bbox 2124 2425 2299 2499; x_wconf 85' lang='lat' dir='ltr'><strong>nibus,</strong></span> <span class='ocrx_word' id='word_1_479' title='bbox 2344 2427 2609 2499; x_wconf 81' lang='lat' dir='ltr'><strong>diversam</strong></span> <span class='ocrx_word' id='word_1_480' title='bbox 2652 2441 2774 2483; x_wconf 90' lang='lat' dir='ltr'><strong>esse</strong></span> <span class='ocrx_word' id='word_1_481' title='bbox 2823 2425 2979 2499; x_wconf 83' lang='lat' dir='ltr'><strong>hujus</strong></span> <span class='ocrx_word' id='word_1_482' title='bbox 3026 2425 3171 2484; x_wconf 80' lang='lat' dir='ltr'><strong>vocis</strong></span> <span class='ocrx_word' id='word_1_483' title='bbox 3217 2430 3606 2499; x_wconf 80' lang='lat' dir='ltr'><strong>acceptionem.</strong></span> <span class='ocrx_word' id='word_1_484' title='bbox 3648 2428 3703 2485; x_wconf 90' lang='lat' dir='ltr'><strong>Si</strong></span> 
     </span>
    </p>
   </div>
   <div class='ocr_carea' id='block_1_70' title="bbox 2124 2497 3702 2571">
    <p class='ocr_par' dir='ltr' id='par_1_70' title="bbox 2124 2497 3702 2571">
     <span class='ocr_line' id='line_1_70' title="bbox 2124 2497 3702 2571; baseline 0.002 -20"><span class='ocrx_word' id='word_1_485' title='bbox 2124 2498 2267 2551; x_wconf 90' lang='lat' dir='ltr'><strong>enim</strong></span> <span class='ocrx_word' id='word_1_486' title='bbox 2308 2497 2373 2551; x_wconf 90' lang='lat' dir='ltr'><strong>ad</strong></span> <span class='ocrx_word' id='word_1_487' title='bbox 2397 2499 2642 2571; x_wconf 73' lang='lat' dir='ltr'><strong>primam,</strong></span> <span class='ocrx_word' id='word_1_488' title='bbox 2684 2513 2807 2569; x_wconf 61' lang='lat' dir='ltr'><strong>quae</strong></span> <span class='ocrx_word' id='word_1_489' title='bbox 2847 2497 2947 2554; x_wconf 86' lang='lat' dir='ltr'><strong>fuit</strong></span> <span class='ocrx_word' id='word_1_490' title='bbox 2988 2500 3234 2571; x_wconf 77' lang='lat' dir='ltr'><strong>Augusti,</strong></span> <span class='ocrx_word' id='word_1_491' title='bbox 3278 2497 3560 2567; x_wconf 77' lang='lat' dir='ltr'><strong>respicias,</strong></span> <span class='ocrx_word' id='word_1_492' title='bbox 3595 2502 3702 2568; x_wconf 84' lang='lat' dir='ltr'><strong>jam</strong></span> 
     </span>
    </p>
   </div>
   <div class='ocr_carea' id='block_1_71' title="bbox 2124 2568 3703 2641">
    <p class='ocr_par' dir='ltr' id='par_1_71' title="bbox 2124 2568 3703 2641">
     <span class='ocr_line' id='line_1_71' title="bbox 2124 2568 3703 2641; baseline 0.003 -21"><span class='ocrx_word' id='word_1_493' title='bbox 2124 2580 2327 2641; x_wconf 81' lang='lat' dir='ltr'><strong>certum</strong></span> <span class='ocrx_word' id='word_1_494' title='bbox 2365 2578 2450 2623; x_wconf 85' lang='lat' dir='ltr'><strong>est</strong></span> <span class='ocrx_word' id='word_1_495' title='bbox 2490 2568 2746 2641; x_wconf 84' lang='lat' dir='ltr'><strong>Viennam</strong></span> <span class='ocrx_word' id='word_1_496' title='bbox 2795 2586 2901 2626; x_wconf 89' lang='lat' dir='ltr'><strong>non</strong></span> <span class='ocrx_word' id='word_1_497' title='bbox 2937 2568 3103 2627; x_wconf 82' lang='lat' dir='ltr'><strong>fuisse</strong></span> <span class='ocrx_word' id='word_1_498' title='bbox 3140 2572 3477 2641; x_wconf 86' lang='lat' dir='ltr'><strong>metropolim</strong></span> <span class='ocrx_word' id='word_1_499' title='bbox 3519 2571 3703 2625; x_wconf 74' lang='lat' dir='ltr'><strong>solida:</strong></span> 
     </span>
    </p>
   </div>
   <div class='ocr_carea' id='block_1_72' title="bbox 2126 2638 3703 2709">
    <p class='ocr_par' dir='ltr' id='par_1_72' title="bbox 2126 2638 3703 2709">
     <span class='ocr_line' id='line_1_72' title="bbox 2126 2638 3703 2709; baseline 0.002 -17"><span class='ocrx_word' id='word_1_500' title='bbox 2126 2638 2508 2705; x_wconf 86' lang='lat' dir='ltr'><strong>Narbonensis,</strong></span> <span class='ocrx_word' id='word_1_501' title='bbox 2528 2640 2667 2695; x_wconf 90' lang='lat' dir='ltr'><strong>intra</strong></span> <span class='ocrx_word' id='word_1_502' title='bbox 2690 2642 2844 2709; x_wconf 89' lang='lat' dir='ltr'><strong>cujus</strong></span> <span class='ocrx_word' id='word_1_503' title='bbox 2866 2644 2997 2697; x_wconf 87' lang='lat' dir='ltr'><strong>lines</strong></span> <span class='ocrx_word' id='word_1_504' title='bbox 3013 2638 3388 2698; x_wconf 81' lang='lat' dir='ltr'><strong>continebatur</strong></span> <span class='ocrx_word' id='word_1_505' title='bbox 3406 2660 3417 2694; x_wconf 90' lang='lat'>:</span> <span class='ocrx_word' id='word_1_506' title='bbox 3438 2640 3703 2696; x_wconf 64' lang='lat' dir='ltr'><strong>Narbona;</strong></span> 
     </span>
    </p>
   </div>
   <div class='ocr_carea' id='block_1_73' title="bbox 2128 2711 3699 2782">
    <p class='ocr_par' dir='ltr' id='par_1_73' title="bbox 2128 2711 3699 2782">
     <span class='ocr_line' id='line_1_73' title="bbox 2128 2711 3699 2782; baseline -0.001 -16"><span class='ocrx_word' id='word_1_507' title='bbox 2128 2711 2291 2779; x_wconf 86' lang='lat' dir='ltr'><strong>enim,</strong></span> <span class='ocrx_word' id='word_1_508' title='bbox 2320 2714 2463 2765; x_wconf 89' lang='lat' dir='ltr'><strong>unde</strong></span> <span class='ocrx_word' id='word_1_509' title='bbox 2495 2711 2856 2767; x_wconf 81' lang='lat' dir='ltr'><strong>Narbonensis</strong></span> <span class='ocrx_word' id='word_1_510' title='bbox 2885 2714 3025 2768; x_wconf 89' lang='lat' dir='ltr'><strong>dicta</strong></span> <span class='ocrx_word' id='word_1_511' title='bbox 3056 2724 3138 2769; x_wconf 90' lang='lat' dir='ltr'><strong>est</strong></span> <span class='ocrx_word' id='word_1_512' title='bbox 3165 2713 3462 2781; x_wconf 86' lang='lat' dir='ltr'><strong>provincia,</strong></span> <span class='ocrx_word' id='word_1_513' title='bbox 3495 2714 3699 2782; x_wconf 85' lang='lat' dir='ltr'><strong>prima-</strong></span> 
     </span>
    </p>
   </div>
   <div class='ocr_carea' id='block_1_74' title="bbox 2130 2784 3709 2854">
    <p class='ocr_par' dir='ltr' id='par_1_74' title="bbox 2130 2784 3709 2854">
     <span class='ocr_line' id='line_1_74' title="bbox 2130 2784 3709 2854; baseline 0.003 -20"><span class='ocrx_word' id='word_1_514' title='bbox 2130 2784 2527 2854; x_wconf 9' lang='lat' dir='ltr'><strong>tumrdelerunt</strong></span> <span class='ocrx_word' id='word_1_515' title='bbox 2568 2793 2814 2854; x_wconf 83' lang='lat' dir='ltr'><strong>auctores</strong></span> <span class='ocrx_word' id='word_1_516' title='bbox 2856 2785 3081 2854; x_wconf 81' lang='lat' dir='ltr'><strong>antiqui,</strong></span> <span class='ocrx_word' id='word_1_517' title='bbox 3126 2785 3319 2842; x_wconf 87' lang='lat' dir='ltr'><strong>Strabo</strong></span> <span class='ocrx_word' id='word_1_518' title='bbox 3360 2786 3494 2839; x_wconf 90' lang='lat' dir='ltr'><strong>libro</strong></span> <span class='ocrx_word' id='word_1_519' title='bbox 3526 2798 3601 2851; x_wconf 79' lang='lat' dir='ltr'><strong>tr,</strong></span> <span class='ocrx_word' id='word_1_520' title='bbox 3654 2791 3709 2839; x_wconf 87' lang='lat' dir='ltr'><strong>et</strong></span> 
     </span>
    </p>
   </div>
   <div class='ocr_carea' id='block_1_75' title="bbox 2133 2852 3709 2927">
    <p class='ocr_par' dir='ltr' id='par_1_75' title="bbox 2133 2852 3709 2927">
     <span class='ocr_line' id='line_1_75' title="bbox 2133 2852 3709 2927; baseline 0.001 -21"><span class='ocrx_word' id='word_1_521' title='bbox 2133 2852 2336 2927; x_wconf 83' lang='lat' dir='ltr'><strong>Plinius</strong></span> <span class='ocrx_word' id='word_1_522' title='bbox 2367 2868 2445 2917; x_wconf 88' lang='lat' dir='ltr'><strong>nt,</strong></span> <span class='ocrx_word' id='word_1_523' title='bbox 2472 2869 2590 2923; x_wconf 89' lang='lat' dir='ltr'><strong>cap.</strong></span> <span class='ocrx_word' id='word_1_524' title='bbox 2615 2856 2647 2909; x_wconf 75' lang='grc'>4</span> <span class='ocrx_word' id='word_1_525' title='bbox 2674 2871 2689 2927; x_wconf 70' lang='grc' dir='ltr'><em>ς</em></span> <span class='ocrx_word' id='word_1_526' title='bbox 2716 2852 2999 2920; x_wconf 48' lang='lat' dir='ltr'><strong>Narbona,</strong></span> <span class='ocrx_word' id='word_1_527' title='bbox 3018 2857 3185 2927; x_wconf 88' lang='lat' dir='ltr'><strong>inquit</strong></span> <span class='ocrx_word' id='word_1_528' title='bbox 3209 2857 3329 2919; x_wconf 89' lang='lat' dir='ltr'><strong>iste,</strong></span> <span class='ocrx_word' id='word_1_529' title='bbox 3361 2855 3709 2909; x_wconf 74' lang='lat' dir='ltr'><strong>Romanorum</strong></span> 
     </span>
    </p>
   </div>
   <div class='ocr_carea' id='block_1_76' title="bbox 2130 2923 3709 2998">
    <p class='ocr_par' dir='ltr' id='par_1_76' title="bbox 2130 2923 3709 2998">
     <span class='ocr_line' id='line_1_76' title="bbox 2130 2923 3709 2998; baseline 0.001 -20"><span class='ocrx_word' id='word_1_530' title='bbox 2130 2923 2356 2991; x_wconf 84' lang='lat' dir='ltr'><strong>colonia,</strong></span> <span class='ocrx_word' id='word_1_531' title='bbox 2388 2928 2543 2978; x_wconf 88' lang='lat' dir='ltr'><strong>totius</strong></span> <span class='ocrx_word' id='word_1_532' title='bbox 2580 2926 2800 2998; x_wconf 75' lang='lat' dir='ltr'><strong>regionis</strong></span> <span class='ocrx_word' id='word_1_533' title='bbox 2827 2943 2857 2979; x_wconf 82' lang='grc' dir='ltr'><em>α</em></span> <span class='ocrx_word' id='word_1_534' title='bbox 2888 2923 3289 2998; x_wconf 63' lang='grc' dir='ltr'><strong>ρειίηιοίτᾳὸίο</strong></span> <span class='ocrx_word' id='word_1_535' title='bbox 3324 2927 3378 2981; x_wconf 81' lang='lat' dir='ltr'><strong>in</strong></span> <span class='ocrx_word' id='word_1_536' title='bbox 3400 2928 3709 2998; x_wconf 77' lang='lat' dir='ltr'><strong>provinciam</strong></span> 
     </span>
    </p>
   </div>
   <div class='ocr_carea' id='block_1_77' title="bbox 2128 2996 3709 3067">
    <p class='ocr_par' dir='ltr' id='par_1_77' title="bbox 2128 2996 3709 3067">
     <span class='ocr_line' id='line_1_77' title="bbox 2128 2996 3709 3067; baseline 0.002 -19"><span class='ocrx_word' id='word_1_537' title='bbox 2128 2998 2347 3050; x_wconf 62' lang='lat' dir='ltr'><strong>redactis</strong></span> <span class='ocrx_word' id='word_1_538' title='bbox 2372 3006 2543 3067; x_wconf 70' lang='lat' dir='ltr'><strong>caput.</strong></span> <span class='ocrx_word' id='word_1_539' title='bbox 2574 2997 2785 3064; x_wconf 71' lang='lat' dir='ltr'><strong>Quarta!</strong></span> <span class='ocrx_word' id='word_1_540' title='bbox 2808 3000 2967 3067; x_wconf 82' lang='lat' dir='ltr'><strong>partis</strong></span> <span class='ocrx_word' id='word_1_541' title='bbox 2993 3001 3143 3053; x_wconf 85' lang='lat' dir='ltr'><strong>totius</strong></span> <span class='ocrx_word' id='word_1_542' title='bbox 3168 2996 3352 3052; x_wconf 73' lang='lat' dir='ltr'><strong>Gallia:</strong></span> <span class='ocrx_word' id='word_1_543' title='bbox 3378 2996 3431 3051; x_wconf 82' lang='lat' dir='ltr'><strong>in</strong></span> <span class='ocrx_word' id='word_1_544' title='bbox 3463 2996 3709 3051; x_wconf 71' lang='lat' dir='ltr'><strong>divisibne</strong></span> 
     </span>
    </p>
   </div>
   <div class='ocr_carea' id='block_1_78' title="bbox 2131 3066 3709 3140">
    <p class='ocr_par' dir='ltr' id='par_1_78' title="bbox 2131 3066 3709 3140">
     <span class='ocr_line' id='line_1_78' title="bbox 2131 3066 3709 3140; baseline 0.003 -21"><span class='ocrx_word' id='word_1_545' title='bbox 2131 3068 2345 3138; x_wconf 81' lang='lat' dir='ltr'><strong>Augusti</strong></span> <span class='ocrx_word' id='word_1_546' title='bbox 2360 3066 2575 3121; x_wconf 69' lang='lat' dir='ltr'><strong>Cwsaris</strong></span> <span class='ocrx_word' id='word_1_547' title='bbox 2597 3070 2889 3140; x_wconf 74' lang='lat' dir='ltr'><strong>metropolis</strong></span> <span class='ocrx_word' id='word_1_548' title='bbox 2916 3086 3005 3123; x_wconf 80' lang='lat' dir='ltr'><strong>seu</strong></span> <span class='ocrx_word' id='word_1_549' title='bbox 3022 3070 3267 3139; x_wconf 84' lang='lat' dir='ltr'><strong>primaria</strong></span> <span class='ocrx_word' id='word_1_550' title='bbox 3285 3070 3481 3123; x_wconf 74' lang='lat' dir='ltr'><strong>civitas.</strong></span> <span class='ocrx_word' id='word_1_551' title='bbox 3502 3067 3709 3123; x_wconf 78' lang='lat' dir='ltr'><strong>Vienna</strong></span> 
     </span>
    </p>
   </div>
   <div class='ocr_carea' id='block_1_79' title="bbox 2131 3139 3711 3209">
    <p class='ocr_par' dir='ltr' id='par_1_79' title="bbox 2131 3139 3711 3209">
     <span class='ocr_line' id='line_1_79' title="bbox 2131 3139 3711 3209; baseline 0.002 -18"><span class='ocrx_word' id='word_1_552' title='bbox 2131 3150 2311 3192; x_wconf 73' lang='lat' dir='ltr'><strong>autem</strong></span> <span class='ocrx_word' id='word_1_553' title='bbox 2342 3139 2654 3209; x_wconf 89' lang='lat' dir='ltr'><strong>metropolis</strong></span> <span class='ocrx_word' id='word_1_554' title='bbox 2687 3139 2903 3209; x_wconf 91' lang='lat' dir='ltr'><strong>quidem</strong></span> <span class='ocrx_word' id='word_1_555' title='bbox 2946 3150 3165 3196; x_wconf 89' lang='lat' dir='ltr'><strong>vocatur</strong></span> <span class='ocrx_word' id='word_1_556' title='bbox 3208 3155 3238 3194; x_wconf 90' lang='lat' dir='ltr'><strong>a</strong></span> <span class='ocrx_word' id='word_1_557' title='bbox 3277 3141 3539 3196; x_wconf 84' lang='lat' dir='ltr'><strong>Strabone</strong></span> <span class='ocrx_word' id='word_1_558' title='bbox 3593 3142 3711 3194; x_wconf 93' lang='lat' dir='ltr'><strong>loco</strong></span> 
     </span>
    </p>
   </div>
   <div class='ocr_carea' id='block_1_80' title="bbox 446 3200 3712 3283">
    <p class='ocr_par' dir='ltr' id='par_1_80' title="bbox 446 3200 3712 3283">
     <span class='ocr_line' id='line_1_80' title="bbox 446 3200 3712 3283; baseline -0.001 -17"><span class='ocrx_word' id='word_1_559' title='bbox 446 3223 548 3283; x_wconf 85' lang='lat' dir='ltr'><strong>pus</strong></span> <span class='ocrx_word' id='word_1_560' title='bbox 600 3200 919 3268; x_wconf 82' lang='lat' dir='ltr'><strong>Viennensis</strong></span> <span class='ocrx_word' id='word_1_561' title='bbox 961 3200 1084 3283; x_wconf 73' lang='lat' dir='ltr'><strong>jure</strong></span> <span class='ocrx_word' id='word_1_562' title='bbox 1132 3200 1546 3281; x_wconf 81' lang='lat' dir='ltr'><strong>métropolitico,</strong></span> <span class='ocrx_word' id='word_1_563' title='bbox 1597 3222 1654 3267; x_wconf 92' lang='lat' dir='ltr'><strong>et</strong></span> <span class='ocrx_word' id='word_1_564' title='bbox 1698 3200 2027 3267; x_wconf 64' lang='lat' dir='ltr'><strong>Arelatensis</strong></span> <span class='ocrx_word' id='word_1_565' title='bbox 2053 3200 2099 3263; x_wconf 89' lang='lat' dir='ltr'><strong><em>C</em></strong></span> <span class='ocrx_word' id='word_1_566' title='bbox 2129 3208 2321 3283; x_wconf 84' lang='lat' dir='ltr'><strong>citato;</strong></span> <span class='ocrx_word' id='word_1_567' title='bbox 2362 3208 2458 3264; x_wconf 91' lang='lat' dir='ltr'><strong>sed</strong></span> <span class='ocrx_word' id='word_1_568' title='bbox 2500 3200 2833 3283; x_wconf 63' lang='lat' dir='ltr'><strong>Allobrogum</strong></span> <span class='ocrx_word' id='word_1_569' title='bbox 2872 3214 3188 3283; x_wconf 83' lang='lat' dir='ltr'><strong>metmpolis,</strong></span> <span class='ocrx_word' id='word_1_570' title='bbox 3230 3222 3287 3267; x_wconf 94' lang='lat' dir='ltr'><strong>ut</strong></span> <span class='ocrx_word' id='word_1_571' title='bbox 3329 3212 3516 3266; x_wconf 83' lang='lat' dir='ltr'><strong>habet:</strong></span> <span class='ocrx_word' id='word_1_572' title='bbox 3566 3211 3712 3266; x_wconf 85' lang='lat' dir='ltr'><strong>unde</strong></span> 
     </span>
    </p>
   </div>
   <div class='ocr_carea' id='block_1_81' title="bbox 447 3281 2032 3354">
    <p class='ocr_par' dir='ltr' id='par_1_81' title="bbox 447 3281 2032 3354">
     <span class='ocr_line' id='line_1_81' title="bbox 447 3281 2032 3354; baseline 0.001 -18"><span class='ocrx_word' id='word_1_573' title='bbox 447 3281 621 3338; x_wconf 88' lang='lat' dir='ltr'><strong>eidem</strong></span> <span class='ocrx_word' id='word_1_574' title='bbox 650 3285 924 3354; x_wconf 85' lang='lat' dir='ltr'><strong>subjectus</strong></span> <span class='ocrx_word' id='word_1_575' title='bbox 963 3281 1130 3339; x_wconf 74' lang='lat' dir='ltr'><strong>fuisse</strong></span> <span class='ocrx_word' id='word_1_576' title='bbox 1157 3285 1514 3349; x_wconf 76' lang='lat' dir='ltr'><strong>existimetur,</strong></span> <span class='ocrx_word' id='word_1_577' title='bbox 1538 3284 1628 3352; x_wconf 88' lang='lat' dir='ltr'><strong>qui</strong></span> <span class='ocrx_word' id='word_1_578' title='bbox 1656 3299 1776 3339; x_wconf 90' lang='lat' dir='ltr'><strong>eam</strong></span> <span class='ocrx_word' id='word_1_579' title='bbox 1806 3283 1876 3339; x_wconf 91' lang='lat' dir='ltr'><strong>ob</strong></span> <span class='ocrx_word' id='word_1_580' title='bbox 1904 3298 2032 3337; x_wconf 85' lang='lat' dir='ltr'><strong>cau-</strong></span> 
     </span>
    </p>
   </div>
   <div class='ocr_carea' id='block_1_82' title="bbox 446 3355 2028 3423">
    <p class='ocr_par' dir='ltr' id='par_1_82' title="bbox 446 3355 2028 3423">
     <span class='ocr_line' id='line_1_82' title="bbox 446 3355 2028 3423; baseline 0 -16"><span class='ocrx_word' id='word_1_581' title='bbox 446 3366 563 3423; x_wconf 72' lang='lat' dir='ltr'><strong>sam</strong></span> <span class='ocrx_word' id='word_1_582' title='bbox 594 3355 660 3408; x_wconf 90' lang='lat' dir='ltr'><strong>ad</strong></span> <span class='ocrx_word' id='word_1_583' title='bbox 692 3355 936 3409; x_wconf 91' lang='lat' dir='ltr'><strong>ultimum</strong></span> <span class='ocrx_word' id='word_1_584' title='bbox 973 3356 1214 3410; x_wconf 89' lang='lat' dir='ltr'><strong>omnium</strong></span> <span class='ocrx_word' id='word_1_585' title='bbox 1263 3356 1439 3409; x_wconf 86' lang='lat' dir='ltr'><strong>locum</strong></span> <span class='ocrx_word' id='word_1_586' title='bbox 1472 3355 1705 3423; x_wconf 91' lang='lat' dir='ltr'><strong>rejectus</strong></span> <span class='ocrx_word' id='word_1_587' title='bbox 1736 3356 2028 3408; x_wconf 90' lang='lat' dir='ltr'><strong>invenitur.</strong></span> 
     </span>
    </p>
   </div>
   <div class='ocr_carea' id='block_1_83' title="bbox 449 3421 2033 3502">
    <p class='ocr_par' dir='ltr' id='par_1_83' title="bbox 449 3421 2033 3502">
     <span class='ocr_line' id='line_1_83' title="bbox 449 3421 2033 3502; baseline 0.001 -25"><span class='ocrx_word' id='word_1_588' title='bbox 449 3421 576 3502; x_wconf 62' lang='lat' dir='ltr'><strong>llaec</strong></span> <span class='ocrx_word' id='word_1_589' title='bbox 608 3426 848 3494; x_wconf 79' lang='lat' dir='ltr'><strong>profecto</strong></span> <span class='ocrx_word' id='word_1_590' title='bbox 884 3424 1089 3481; x_wconf 81' lang='lat' dir='ltr'><strong>fraudis</strong></span> <span class='ocrx_word' id='word_1_591' title='bbox 1120 3426 1478 3495; x_wconf 87' lang='lat' dir='ltr'><strong>suspicionem</strong></span> <span class='ocrx_word' id='word_1_592' title='bbox 1515 3421 1623 3479; x_wconf 89' lang='lat' dir='ltr'><strong>non</strong></span> <span class='ocrx_word' id='word_1_593' title='bbox 1666 3439 1883 3494; x_wconf 84' lang='lat' dir='ltr'><strong>parvam</strong></span> <span class='ocrx_word' id='word_1_594' title='bbox 1910 3424 2033 3494; x_wconf 87' lang='lat' dir='ltr'><strong>inji-</strong></span> 
     </span>
    </p>
   </div>
   <div class='ocr_carea' id='block_1_84' title="bbox 447 3504 615 3550">
    <p class='ocr_par' dir='ltr' id='par_1_84' title="bbox 447 3504 615 3550">
     <span class='ocr_line' id='line_1_84' title="bbox 447 3504 615 3550; baseline -0.006 -1"><span class='ocrx_word' id='word_1_595' title='bbox 447 3504 615 3550; x_wconf 75' lang='lat' dir='ltr'><strong>olunt.</strong></span> 
     </span>
    </p>
   </div>
   <div class='ocr_carea' id='block_1_85' title="bbox 518 3564 2031 3637">
    <p class='ocr_par' dir='ltr' id='par_1_85' title="bbox 518 3564 2031 3637">
     <span class='ocr_line' id='line_1_85' title="bbox 518 3564 2031 3637; baseline 0.003 -18"><span class='ocrx_word' id='word_1_596' title='bbox 518 3565 573 3619; x_wconf 76' lang='lat'><strong>2.</strong></span> <span class='ocrx_word' id='word_1_597' title='bbox 606 3564 942 3637; x_wconf 65' lang='lat' dir='ltr'><strong>Florentium</strong></span> <span class='ocrx_word' id='word_1_598' title='bbox 968 3567 1282 3637; x_wconf 89' lang='lat' dir='ltr'><strong>episcopum</strong></span> <span class='ocrx_word' id='word_1_599' title='bbox 1317 3565 1678 3622; x_wconf 89' lang='lat' dir='ltr'><strong>Viennensem</strong></span> <span class='ocrx_word' id='word_1_600' title='bbox 1722 3576 1846 3622; x_wconf 92' lang='lat' dir='ltr'><strong>tunc</strong></span> <span class='ocrx_word' id='word_1_601' title='bbox 1894 3574 2031 3623; x_wconf 87' lang='lat' dir='ltr'><strong>tem-</strong></span> 
     </span>
    </p>
   </div>
   <div class='ocr_carea' id='block_1_86' title="bbox 448 3635 2032 3705">
    <p class='ocr_par' dir='ltr' id='par_1_86' title="bbox 448 3635 2032 3705">
     <span class='ocr_line' id='line_1_86' title="bbox 448 3635 2032 3705; baseline 0.003 -14"><span class='ocrx_word' id='word_1_602' title='bbox 448 3637 598 3705; x_wconf 89' lang='lat' dir='ltr'><strong>poris</strong></span> <span class='ocrx_word' id='word_1_603' title='bbox 625 3635 790 3693; x_wconf 80' lang='lat' dir='ltr'><strong>fuisse</strong></span> <span class='ocrx_word' id='word_1_604' title='bbox 818 3653 886 3693; x_wconf 81' lang='lat' dir='ltr'><strong>ex</strong></span> <span class='ocrx_word' id='word_1_605' title='bbox 916 3635 1020 3693; x_wconf 84' lang='lat' dir='ltr'><strong>alio</strong></span> <span class='ocrx_word' id='word_1_606' title='bbox 1049 3638 1197 3693; x_wconf 93' lang='lat' dir='ltr'><strong>nullo</strong></span> <span class='ocrx_word' id='word_1_607' title='bbox 1225 3646 1571 3694; x_wconf 90' lang='lat' dir='ltr'><strong>monumento</strong></span> <span class='ocrx_word' id='word_1_608' title='bbox 1594 3646 1843 3693; x_wconf 89' lang='lat' dir='ltr'><strong>testatum</strong></span> <span class='ocrx_word' id='word_1_609' title='bbox 1867 3638 2032 3695; x_wconf 89' lang='lat' dir='ltr'><strong>babe-</strong></span> 
     </span>
    </p>
   </div>
   <div class='ocr_carea' id='block_1_87' title="bbox 452 3707 2029 3776">
    <p class='ocr_par' dir='ltr' id='par_1_87' title="bbox 452 3707 2029 3776">
     <span class='ocr_line' id='line_1_87' title="bbox 452 3707 2029 3776; baseline 0.002 -14"><span class='ocrx_word' id='word_1_610' title='bbox 452 3717 560 3772; x_wconf 90' lang='lat' dir='ltr'><strong>tur,</strong></span> <span class='ocrx_word' id='word_1_611' title='bbox 592 3710 756 3762; x_wconf 93' lang='lat' dir='ltr'><strong>immo</strong></span> <span class='ocrx_word' id='word_1_612' title='bbox 800 3723 922 3765; x_wconf 90' lang='lat' dir='ltr'><strong>eum</strong></span> <span class='ocrx_word' id='word_1_613' title='bbox 975 3710 1075 3764; x_wconf 89' lang='lat' dir='ltr'><strong>sibi</strong></span> <span class='ocrx_word' id='word_1_614' title='bbox 1120 3707 1398 3764; x_wconf 87' lang='lat' dir='ltr'><strong>vindicant</strong></span> <span class='ocrx_word' id='word_1_615' title='bbox 1448 3708 1835 3776; x_wconf 89' lang='lat' dir='ltr'><strong>Cadurcenses,</strong></span> <span class='ocrx_word' id='word_1_616' title='bbox 1880 3719 1934 3765; x_wconf 87' lang='lat' dir='ltr'><strong>et</strong></span> <span class='ocrx_word' id='word_1_617' title='bbox 1976 3711 2029 3766; x_wconf 90' lang='lat' dir='ltr'><strong>in</strong></span> 
     </span>
    </p>
   </div>
   <div class='ocr_carea' id='block_1_88' title="bbox 448 3779 2031 3851">
    <p class='ocr_par' dir='ltr' id='par_1_88' title="bbox 448 3779 2031 3851">
     <span class='ocr_line' id='line_1_88' title="bbox 448 3779 2031 3851; baseline 0.004 -21"><span class='ocrx_word' id='word_1_618' title='bbox 448 3779 698 3851; x_wconf 73' lang='lat' dir='ltr'><strong>omnibus</strong></span> <span class='ocrx_word' id='word_1_619' title='bbox 725 3779 1047 3851; x_wconf 90' lang='lat' dir='ltr'><strong>editionibus</strong></span> <span class='ocrx_word' id='word_1_620' title='bbox 1076 3780 1314 3850; x_wconf 88' lang='lat' dir='ltr'><strong>Operum</strong></span> <span class='ocrx_word' id='word_1_621' title='bbox 1341 3781 1397 3837; x_wconf 91' lang='lat' dir='ltr'><strong>S.</strong></span> <span class='ocrx_word' id='word_1_622' title='bbox 1431 3780 1639 3835; x_wconf 85' lang='lat' dir='ltr'><strong>Paulini</strong></span> <span class='ocrx_word' id='word_1_623' title='bbox 1662 3781 1888 3851; x_wconf 86' lang='lat' dir='ltr'><strong>cpistola</strong></span> <span class='ocrx_word' id='word_1_624' title='bbox 1910 3796 2031 3850; x_wconf 74' lang='lat' dir='ltr'><strong>quae</strong></span> 
     </span>
    </p>
   </div>
   <div class='ocr_carea' id='block_1_89' title="bbox 447 3849 2032 3923">
    <p class='ocr_par' dir='ltr' id='par_1_89' title="bbox 447 3849 2032 3923">
     <span class='ocr_line' id='line_1_89' title="bbox 447 3849 2032 3923; baseline 0.003 -20"><span class='ocrx_word' id='word_1_625' title='bbox 447 3849 502 3923; x_wconf 85' lang='lat' dir='ltr'><strong>in</strong></span> <span class='ocrx_word' id='word_1_626' title='bbox 533 3849 904 3923; x_wconf 56' lang='lat' dir='ltr'><strong>Roswcxdana</strong></span> <span class='ocrx_word' id='word_1_627' title='bbox 928 3849 1164 3923; x_wconf 75' lang='lat' dir='ltr'><strong>editione</strong></span> <span class='ocrx_word' id='word_1_628' title='bbox 1209 3852 1481 3921; x_wconf 90' lang='lat' dir='ltr'><strong>trigesima</strong></span> <span class='ocrx_word' id='word_1_629' title='bbox 1506 3849 1740 3906; x_wconf 88' lang='lat' dir='ltr'><strong>secunda</strong></span> <span class='ocrx_word' id='word_1_630' title='bbox 1772 3863 1853 3907; x_wconf 91' lang='lat' dir='ltr'><strong>est</strong></span> <span class='ocrx_word' id='word_1_631' title='bbox 1880 3849 2032 3923; x_wconf 78' lang='lat' dir='ltr'><strong>ejus-</strong></span> 
     </span>
    </p>
   </div>
   <div class='ocr_carea' id='block_1_90' title="bbox 447 3920 2024 3995">
    <p class='ocr_par' dir='ltr' id='par_1_90' title="bbox 447 3920 2024 3995">
     <span class='ocr_line' id='line_1_90' title="bbox 447 3920 2024 3995; baseline 0.002 -20"><span class='ocrx_word' id='word_1_632' title='bbox 447 3920 592 3995; x_wconf 77' lang='lat' dir='ltr'><strong>dem,</strong></span> <span class='ocrx_word' id='word_1_633' title='bbox 606 3924 693 3995; x_wconf 87' lang='lat' dir='ltr'><strong>_ad</strong></span> <span class='ocrx_word' id='word_1_634' title='bbox 720 3920 1451 3995; x_wconf 24' lang='lat' dir='ltr'><strong>Florentiumrcadurcensem</strong></span> <span class='ocrx_word' id='word_1_635' title='bbox 1481 3923 1770 3995; x_wconf 76' lang='lat' dir='ltr'><strong>episcopum</strong></span> <span class='ocrx_word' id='word_1_636' title='bbox 1802 3920 2024 3993; x_wconf 76' lang='lat' dir='ltr'><strong>legitur;</strong></span> 
     </span>
    </p>
   </div>
   <div class='ocr_carea' id='block_1_91' title="bbox 446 3992 2030 4066">
    <p class='ocr_par' dir='ltr' id='par_1_91' title="bbox 446 3992 2030 4066">
     <span class='ocr_line' id='line_1_91' title="bbox 446 3992 2030 4066; baseline 0.003 -20"><span class='ocrx_word' id='word_1_637' title='bbox 446 3992 588 4062; x_wconf 89' lang='lat' dir='ltr'><strong>quod</strong></span> <span class='ocrx_word' id='word_1_638' title='bbox 604 3992 1024 4066; x_wconf 80' lang='lat' dir='ltr'><strong>Frontoducaeus</strong></span> <span class='ocrx_word' id='word_1_639' title='bbox 1047 4006 1099 4049; x_wconf 91' lang='lat' dir='ltr'><strong>et</strong></span> <span class='ocrx_word' id='word_1_640' title='bbox 1123 3994 1455 4066; x_wconf 75' lang='lat' dir='ltr'><strong>Bosweydus</strong></span> <span class='ocrx_word' id='word_1_641' title='bbox 1475 3992 1869 4066; x_wconf 84' lang='lat' dir='ltr'><strong>diligentissimi</strong></span> <span class='ocrx_word' id='word_1_642' title='bbox 1895 3997 2030 4050; x_wconf 86' lang='lat' dir='ltr'><strong>scri-</strong></span> 
     </span>
    </p>
   </div>
   <div class='ocr_carea' id='block_1_92' title="bbox 445 4065 2027 4133">
    <p class='ocr_par' dir='ltr' id='par_1_92' title="bbox 445 4065 2027 4133">
     <span class='ocr_line' id='line_1_92' title="bbox 445 4065 2027 4133; baseline 0.003 -15"><span class='ocrx_word' id='word_1_643' title='bbox 445 4072 626 4133; x_wconf 87' lang='lat' dir='ltr'><strong>ptores</strong></span> <span class='ocrx_word' id='word_1_644' title='bbox 647 4065 701 4119; x_wconf 92' lang='lat' dir='ltr'><strong>in</strong></span> <span class='ocrx_word' id='word_1_645' title='bbox 725 4068 865 4120; x_wconf 91' lang='lat' dir='ltr'><strong>notis</strong></span> <span class='ocrx_word' id='word_1_646' title='bbox 896 4065 1009 4121; x_wconf 91' lang='lat' dir='ltr'><strong>suis</strong></span> <span class='ocrx_word' id='word_1_647' title='bbox 1037 4065 1269 4120; x_wconf 89' lang='lat' dir='ltr'><strong>tradunt.</strong></span> <span class='ocrx_word' id='word_1_648' title='bbox 1309 4065 1432 4121; x_wconf 35' lang='lat' dir='ltr'><strong>Haec</strong></span> <span class='ocrx_word' id='word_1_649' title='bbox 1456 4068 1555 4120; x_wconf 90' lang='lat' dir='ltr'><strong>etsi</strong></span> <span class='ocrx_word' id='word_1_650' title='bbox 1578 4065 1893 4121; x_wconf 79' lang='lat' dir='ltr'><strong>difﬁcultate</strong></span> <span class='ocrx_word' id='word_1_651' title='bbox 1919 4081 2027 4123; x_wconf 92' lang='lat' dir='ltr'><strong>non</strong></span> 
     </span>
    </p>
   </div>
   <div class='ocr_carea' id='block_1_93' title="bbox 443 4136 2029 4208">
    <p class='ocr_par' dir='ltr' id='par_1_93' title="bbox 443 4136 2029 4208">
     <span class='ocr_line' id='line_1_93' title="bbox 443 4136 2029 4208; baseline 0.002 -18"><span class='ocrx_word' id='word_1_652' title='bbox 443 4146 645 4202; x_wconf 86' lang='lat' dir='ltr'><strong>carent,</strong></span> <span class='ocrx_word' id='word_1_653' title='bbox 680 4136 732 4191; x_wconf 91' lang='lat' dir='ltr'><strong>id</strong></span> <span class='ocrx_word' id='word_1_654' title='bbox 763 4136 967 4193; x_wconf 80' lang='lat' dir='ltr'><strong>faciunt</strong></span> <span class='ocrx_word' id='word_1_655' title='bbox 996 4146 1053 4192; x_wconf 93' lang='lat' dir='ltr'><strong>ut</strong></span> <span class='ocrx_word' id='word_1_656' title='bbox 1078 4153 1166 4192; x_wconf 91' lang='lat' dir='ltr'><strong>res</strong></span> <span class='ocrx_word' id='word_1_657' title='bbox 1198 4139 1249 4191; x_wconf 92' lang='lat' dir='ltr'><strong>in</strong></span> <span class='ocrx_word' id='word_1_658' title='bbox 1281 4137 1529 4208; x_wconf 85' lang='lat' dir='ltr'><strong>ambiguo</strong></span> <span class='ocrx_word' id='word_1_659' title='bbox 1552 4140 1723 4205; x_wconf 87' lang='lat' dir='ltr'><strong>posita</strong></span> <span class='ocrx_word' id='word_1_660' title='bbox 1758 4138 2029 4208; x_wconf 85' lang='lat' dir='ltr'><strong>relinqua-</strong></span> 
     </span>
    </p>
   </div>
   <div class='ocr_carea' id='block_1_94' title="bbox 445 4208 2029 4280">
    <p class='ocr_par' dir='ltr' id='par_1_94' title="bbox 445 4208 2029 4280">
     <span class='ocr_line' id='line_1_94' title="bbox 445 4208 2029 4280; baseline 0.003 -19"><span class='ocrx_word' id='word_1_661' title='bbox 445 4216 547 4272; x_wconf 90' lang='lat' dir='ltr'><strong>tur,</strong></span> <span class='ocrx_word' id='word_1_662' title='bbox 584 4222 684 4263; x_wconf 91' lang='lat' dir='ltr'><strong>nec</strong></span> <span class='ocrx_word' id='word_1_663' title='bbox 705 4209 995 4280; x_wconf 85' lang='lat' dir='ltr'><strong>quidquam</strong></span> <span class='ocrx_word' id='word_1_664' title='bbox 1028 4209 1151 4264; x_wconf 91' lang='lat' dir='ltr'><strong>inde</strong></span> <span class='ocrx_word' id='word_1_665' title='bbox 1174 4222 1271 4278; x_wconf 91' lang='lat' dir='ltr'><strong>pro</strong></span> <span class='ocrx_word' id='word_1_666' title='bbox 1292 4208 1580 4265; x_wconf 86' lang='lat' dir='ltr'><strong>Viennensi</strong></span> <span class='ocrx_word' id='word_1_667' title='bbox 1602 4217 1847 4275; x_wconf 87' lang='lat' dir='ltr'><strong>eruatur;</strong></span> <span class='ocrx_word' id='word_1_668' title='bbox 1866 4224 2029 4265; x_wconf 89' lang='lat' dir='ltr'><strong>econ-</strong></span> 
     </span>
    </p>
   </div>
   <div class='ocr_carea' id='block_1_95' title="bbox 443 4280 2023 4352">
    <p class='ocr_par' dir='ltr' id='par_1_95' title="bbox 443 4280 2023 4352">
     <span class='ocr_line' id='line_1_95' title="bbox 443 4280 2023 4352; baseline 0.003 -21"><span class='ocrx_word' id='word_1_669' title='bbox 443 4288 524 4352; x_wconf 82' lang='lat' dir='ltr'><strong>tra</strong></span> <span class='ocrx_word' id='word_1_670' title='bbox 558 4294 685 4352; x_wconf 86' lang='lat' dir='ltr'><strong>vero</strong></span> <span class='ocrx_word' id='word_1_671' title='bbox 712 4281 973 4336; x_wconf 84' lang='lat' dir='ltr'><strong>adversus</strong></span> <span class='ocrx_word' id='word_1_672' title='bbox 1004 4295 1124 4335; x_wconf 91' lang='lat' dir='ltr'><strong>eum</strong></span> <span class='ocrx_word' id='word_1_673' title='bbox 1162 4295 1383 4349; x_wconf 89' lang='lat' dir='ltr'><strong>prorsus</strong></span> <span class='ocrx_word' id='word_1_674' title='bbox 1406 4280 1592 4352; x_wconf 83' lang='lat' dir='ltr'><strong>arguit</strong></span> <span class='ocrx_word' id='word_1_675' title='bbox 1619 4285 1732 4336; x_wconf 69' lang='lat' dir='ltr'><strong>haec</strong></span> <span class='ocrx_word' id='word_1_676' title='bbox 1763 4280 2023 4352; x_wconf 88' lang='lat' dir='ltr'><strong>synodus,</strong></span> 
     </span>
    </p>
   </div>
   <div class='ocr_carea' id='block_1_96' title="bbox 442 4350 2028 4421">
    <p class='ocr_par' dir='ltr' id='par_1_96' title="bbox 442 4350 2028 4421">
     <span class='ocr_line' id='line_1_96' title="bbox 442 4350 2028 4421; baseline 0.003 -17"><span class='ocrx_word' id='word_1_677' title='bbox 442 4350 529 4405; x_wconf 88' lang='lat' dir='ltr'><strong>cui</strong></span> <span class='ocrx_word' id='word_1_678' title='bbox 551 4350 831 4418; x_wconf 65' lang='lat' dir='ltr'><strong>praefuisse</strong></span> <span class='ocrx_word' id='word_1_679' title='bbox 852 4352 1138 4421; x_wconf 73' lang='lat' dir='ltr'><strong>Fcegadius</strong></span> <span class='ocrx_word' id='word_1_680' title='bbox 1161 4350 1547 4421; x_wconf 57' lang='lat' dir='ltr'><strong>legitur,que&#39;m</strong></span> <span class='ocrx_word' id='word_1_681' title='bbox 1577 4367 1736 4406; x_wconf 89' lang='lat' dir='ltr'><strong>nemo</strong></span> <span class='ocrx_word' id='word_1_682' title='bbox 1758 4350 2028 4408; x_wconf 70' lang='lat' dir='ltr'><strong>Viennen—</strong></span> 
     </span>
    </p>
   </div>
   <div class='ocr_carea' id='block_1_97' title="bbox 439 4420 2025 4491">
    <p class='ocr_par' dir='ltr' id='par_1_97' title="bbox 439 4420 2025 4491">
     <span class='ocr_line' id='line_1_97' title="bbox 439 4420 2025 4491; baseline 0.003 -16"><span class='ocrx_word' id='word_1_683' title='bbox 439 4435 555 4491; x_wconf 86' lang='lat' dir='ltr'><strong>sem</strong></span> <span class='ocrx_word' id='word_1_684' title='bbox 579 4421 887 4491; x_wconf 83' lang='lat' dir='ltr'><strong>episcopum</strong></span> <span class='ocrx_word' id='word_1_685' title='bbox 916 4420 1065 4476; x_wconf 80' lang='lat' dir='ltr'><strong>facit.</strong></span> <span class='ocrx_word' id='word_1_686' title='bbox 1099 4420 1233 4477; x_wconf 85' lang='lat' dir='ltr'><strong>Vide</strong></span> <span class='ocrx_word' id='word_1_687' title='bbox 1269 4423 1461 4477; x_wconf 89' lang='lat' dir='ltr'><strong>seriem</strong></span> <span class='ocrx_word' id='word_1_688' title='bbox 1484 4433 1540 4478; x_wconf 92' lang='lat' dir='ltr'><strong>et</strong></span> <span class='ocrx_word' id='word_1_689' title='bbox 1568 4433 1685 4477; x_wconf 87' lang='lat' dir='ltr'><strong>acta</strong></span> <span class='ocrx_word' id='word_1_690' title='bbox 1712 4422 2025 4490; x_wconf 85' lang='lat' dir='ltr'><strong>Cadurcen-</strong></span> 
     </span>
    </p>
   </div>
   <div class='ocr_carea' id='block_1_98' title="bbox 437 4489 2017 4563">
    <p class='ocr_par' dir='ltr' id='par_1_98' title="bbox 437 4489 2017 4563">
     <span class='ocr_line' id='line_1_98' title="bbox 437 4489 2017 4563; baseline 0.004 -20"><span class='ocrx_word' id='word_1_691' title='bbox 437 4489 515 4544; x_wconf 81' lang='lat' dir='ltr'><strong>s&#39;ts</strong></span> <span class='ocrx_word' id='word_1_692' title='bbox 546 4489 984 4563; x_wconf 54' lang='lat' dir='ltr'><strong>Ecclesiae,ng</strong></span> <span class='ocrx_word' id='word_1_693' title='bbox 1013 4492 1341 4563; x_wconf 88' lang='lat' dir='ltr'><strong>Florentium</strong></span> <span class='ocrx_word' id='word_1_694' title='bbox 1380 4492 1521 4548; x_wconf 89' lang='lat' dir='ltr'><strong>hunc</strong></span> <span class='ocrx_word' id='word_1_695' title='bbox 1554 4494 1729 4549; x_wconf 90' lang='lat' dir='ltr'><strong>eidem</strong></span> <span class='ocrx_word' id='word_1_696' title='bbox 1764 4495 2017 4549; x_wconf 58' lang='lat' dir='ltr'><strong>Ecclesiae</strong></span> 
     </span>
    </p>
   </div>
   <div class='ocr_carea' id='block_1_99' title="bbox 2138 3280 3714 3353">
    <p class='ocr_par' dir='ltr' id='par_1_99' title="bbox 2138 3280 3714 3353">
     <span class='ocr_line' id='line_1_99' title="bbox 2138 3280 3714 3353; baseline 0.003 -20"><span class='ocrx_word' id='word_1_697' title='bbox 2138 3280 2296 3349; x_wconf 89' lang='lat' dir='ltr'><strong>hujus</strong></span> <span class='ocrx_word' id='word_1_698' title='bbox 2321 3282 2553 3336; x_wconf 88' lang='lat' dir='ltr'><strong>auctoris</strong></span> <span class='ocrx_word' id='word_1_699' title='bbox 2591 3280 2781 3337; x_wconf 75' lang='lat' dir='ltr'><strong>sensus</strong></span> <span class='ocrx_word' id='word_1_700' title='bbox 2820 3292 2903 3339; x_wconf 87' lang='lat' dir='ltr'><strong>est</strong></span> <span class='ocrx_word' id='word_1_701' title='bbox 2932 3280 3274 3353; x_wconf 72' lang='lat' dir='ltr'><strong>Alldbroges,</strong></span> <span class='ocrx_word' id='word_1_702' title='bbox 3315 3285 3402 3353; x_wconf 91' lang='lat' dir='ltr'><strong>qui</strong></span> <span class='ocrx_word' id='word_1_703' title='bbox 3432 3297 3564 3353; x_wconf 87' lang='lat' dir='ltr'><strong>unus</strong></span> <span class='ocrx_word' id='word_1_704' title='bbox 3594 3288 3714 3353; x_wconf 82' lang='lat' dir='ltr'><strong>erat</strong></span> 
     </span>
    </p>
   </div>
   <div class='ocr_carea' id='block_1_100' title="bbox 2135 3352 3711 3426">
    <p class='ocr_par' dir='ltr' id='par_1_100' title="bbox 2135 3352 3711 3426">
     <span class='ocr_line' id='line_1_100' title="bbox 2135 3352 3711 3426; baseline 0.003 -21"><span class='ocrx_word' id='word_1_705' title='bbox 2135 3353 2389 3426; x_wconf 86' lang='lat' dir='ltr'><strong>epopulis</strong></span> <span class='ocrx_word' id='word_1_706' title='bbox 2413 3353 2700 3426; x_wconf 61' lang='lat' dir='ltr'><strong>provinciae</strong></span> <span class='ocrx_word' id='word_1_707' title='bbox 2720 3353 3103 3419; x_wconf 87' lang='lat' dir='ltr'><strong>Narbonensis,</strong></span> <span class='ocrx_word' id='word_1_708' title='bbox 3122 3352 3439 3426; x_wconf 66' lang='lat' dir='ltr'><strong>praecipuam</strong></span> <span class='ocrx_word' id='word_1_709' title='bbox 3457 3352 3711 3426; x_wconf 83' lang='lat' dir='ltr'><strong>habuisse</strong></span> 
     </span>
    </p>
   </div>
   <div class='ocr_carea' id='block_1_101' title="bbox 2134 3423 3702 3495">
    <p class='ocr_par' dir='ltr' id='par_1_101' title="bbox 2134 3423 3702 3495">
     <span class='ocr_line' id='line_1_101' title="bbox 2134 3423 3702 3495; baseline 0 -18"><span class='ocrx_word' id='word_1_710' title='bbox 2134 3425 2424 3495; x_wconf 79' lang='lat' dir='ltr'><strong>civitatein</strong></span> <span class='ocrx_word' id='word_1_711' title='bbox 2445 3423 2735 3488; x_wconf 87' lang='lat' dir='ltr'><strong>Viennam;</strong></span> <span class='ocrx_word' id='word_1_712' title='bbox 2766 3426 2928 3481; x_wconf 88' lang='lat' dir='ltr'><strong>immo</strong></span> <span class='ocrx_word' id='word_1_713' title='bbox 2957 3423 3167 3481; x_wconf 79' lang='lat' dir='ltr'><strong>unicam</strong></span> <span class='ocrx_word' id='word_1_714' title='bbox 3197 3423 3317 3495; x_wconf 72' lang='lat' dir='ltr'><strong>qua:</strong></span> <span class='ocrx_word' id='word_1_715' title='bbox 3346 3425 3505 3494; x_wconf 82' lang='lat' dir='ltr'><strong>ampla</strong></span> <span class='ocrx_word' id='word_1_716' title='bbox 3525 3431 3702 3492; x_wconf 87' lang='lat' dir='ltr'><strong>esset,</strong></span> 
     </span>
    </p>
   </div>
   <div class='ocr_carea' id='block_1_102' title="bbox 2135 3493 3706 3563">
    <p class='ocr_par' dir='ltr' id='par_1_102' title="bbox 2135 3493 3706 3563">
     <span class='ocr_line' id='line_1_102' title="bbox 2135 3493 3706 3563; baseline 0.001 -16"><span class='ocrx_word' id='word_1_717' title='bbox 2135 3493 2317 3561; x_wconf 91' lang='lat' dir='ltr'><strong>plures</strong></span> <span class='ocrx_word' id='word_1_718' title='bbox 2343 3493 2487 3548; x_wconf 91' lang='lat' dir='ltr'><strong>enim</strong></span> <span class='ocrx_word' id='word_1_719' title='bbox 2518 3511 2622 3550; x_wconf 92' lang='lat' dir='ltr'><strong>non</strong></span> <span class='ocrx_word' id='word_1_720' title='bbox 2645 3498 2918 3563; x_wconf 89' lang='lat' dir='ltr'><strong>nominat;</strong></span> <span class='ocrx_word' id='word_1_721' title='bbox 2948 3506 3002 3553; x_wconf 92' lang='lat' dir='ltr'><strong>et</strong></span> <span class='ocrx_word' id='word_1_722' title='bbox 3030 3493 3228 3553; x_wconf 84' lang='lat' dir='ltr'><strong>revera</strong></span> <span class='ocrx_word' id='word_1_723' title='bbox 3254 3493 3578 3561; x_wconf 82' lang='lat' dir='ltr'><strong>AllobrOgnm</strong></span> <span class='ocrx_word' id='word_1_724' title='bbox 3612 3508 3706 3549; x_wconf 88' lang='lat' dir='ltr'><strong>re-</strong></span> 
     </span>
    </p>
   </div>
   <div class='ocr_carea' id='block_1_103' title="bbox 2133 3562 3707 3632">
    <p class='ocr_par' dir='ltr' id='par_1_103' title="bbox 2133 3562 3707 3632">
     <span class='ocr_line' id='line_1_103' title="bbox 2133 3562 3707 3632; baseline 0.001 -16"><span class='ocrx_word' id='word_1_725' title='bbox 2133 3565 2222 3632; x_wconf 87' lang='lat' dir='ltr'><strong>gio</strong></span> <span class='ocrx_word' id='word_1_726' title='bbox 2249 3580 2317 3619; x_wconf 79' lang='lat' dir='ltr'><strong>ex</strong></span> <span class='ocrx_word' id='word_1_727' title='bbox 2344 3566 2533 3620; x_wconf 90' lang='lat' dir='ltr'><strong>eodem</strong></span> <span class='ocrx_word' id='word_1_728' title='bbox 2577 3567 2840 3622; x_wconf 85' lang='lat' dir='ltr'><strong>Strabone</strong></span> <span class='ocrx_word' id='word_1_729' title='bbox 2868 3568 3403 3623; x_wconf 84' lang='lat' dir='ltr'><strong>circumscribebatur</strong></span> <span class='ocrx_word' id='word_1_730' title='bbox 3436 3562 3707 3619; x_wconf 77' lang='lat' dir='ltr'><strong>Rhodano</strong></span> 
     </span>
    </p>
   </div>
   <div class='ocr_carea' id='block_1_104' title="bbox 2133 3636 3715 3709">
    <p class='ocr_par' dir='ltr' id='par_1_104' title="bbox 2133 3636 3715 3709">
     <span class='ocr_line' id='line_1_104' title="bbox 2133 3636 3715 3709; baseline 0.003 -20"><span class='ocrx_word' id='word_1_731' title='bbox 2133 3645 2187 3689; x_wconf 93' lang='lat' dir='ltr'><strong>et</strong></span> <span class='ocrx_word' id='word_1_732' title='bbox 2211 3636 2353 3690; x_wconf 85' lang='lat' dir='ltr'><strong>Isara</strong></span> <span class='ocrx_word' id='word_1_733' title='bbox 2385 3636 2580 3702; x_wconf 86' lang='lat' dir='ltr'><strong>ﬂuviis,</strong></span> <span class='ocrx_word' id='word_1_734' title='bbox 2622 3638 2764 3693; x_wconf 87' lang='lat' dir='ltr'><strong>intra</strong></span> <span class='ocrx_word' id='word_1_735' title='bbox 2797 3654 3023 3709; x_wconf 89' lang='lat' dir='ltr'><strong>quorum</strong></span> <span class='ocrx_word' id='word_1_736' title='bbox 3073 3640 3218 3709; x_wconf 91' lang='lat' dir='ltr'><strong>ripas</strong></span> <span class='ocrx_word' id='word_1_737' title='bbox 3252 3640 3352 3695; x_wconf 84' lang='lat' dir='ltr'><strong>sita</strong></span> <span class='ocrx_word' id='word_1_738' title='bbox 3391 3645 3519 3693; x_wconf 84' lang='lat' dir='ltr'><strong>erat.</strong></span> <span class='ocrx_word' id='word_1_739' title='bbox 3556 3636 3715 3693; x_wconf 72' lang='lat' dir='ltr'><strong>Adde</strong></span> 
     </span>
    </p>
   </div>
   <div class='ocr_carea' id='block_1_105' title="bbox 2134 3710 3713 3780">
    <p class='ocr_par' dir='ltr' id='par_1_105' title="bbox 2134 3710 3713 3780">
     <span class='ocr_line' id='line_1_105' title="bbox 2134 3710 3713 3780; baseline 0.003 -20"><span class='ocrx_word' id='word_1_740' title='bbox 2134 3719 2318 3780; x_wconf 82' lang='lat' dir='ltr'><strong>vocem</strong></span> <span class='ocrx_word' id='word_1_741' title='bbox 2351 3710 2687 3777; x_wconf 88' lang='lat' dir='ltr'><strong>metropolim</strong></span> <span class='ocrx_word' id='word_1_742' title='bbox 2718 3718 2841 3764; x_wconf 91' lang='lat' dir='ltr'><strong>tunc</strong></span> <span class='ocrx_word' id='word_1_743' title='bbox 2887 3712 3145 3780; x_wconf 86' lang='lat' dir='ltr'><strong>temporis</strong></span> <span class='ocrx_word' id='word_1_744' title='bbox 3171 3726 3276 3765; x_wconf 93' lang='lat' dir='ltr'><strong>non</strong></span> <span class='ocrx_word' id='word_1_745' title='bbox 3316 3710 3453 3765; x_wconf 90' lang='lat' dir='ltr'><strong>idem</strong></span> <span class='ocrx_word' id='word_1_746' title='bbox 3484 3721 3713 3780; x_wconf 76' lang='lat' dir='ltr'><strong>prorsus</strong></span> 
     </span>
    </p>
   </div>
   <div class='ocr_carea' id='block_1_106' title="bbox 2132 3776 3711 3904">
    <p class='ocr_par' dir='ltr' id='par_1_106' title="bbox 2132 3776 3711 3904">
     <span class='ocr_line' id='line_1_106' title="bbox 2132 3776 3711 3904; baseline 0.001 -73"><span class='ocrx_word' id='word_1_747' title='bbox 2132 3776 2462 3847; x_wconf 85' lang='lat' dir='ltr'><strong>signiﬁcasse</strong></span> <span class='ocrx_word' id='word_1_748' title='bbox 2492 3776 2554 3834; x_wconf 82' lang='lat' dir='ltr'><strong>ac</strong></span> <span class='ocrx_word' id='word_1_749' title='bbox 2584 3781 2967 3849; x_wconf 89' lang='lat' dir='ltr'><strong>posterioribus</strong></span> <span class='ocrx_word' id='word_1_750' title='bbox 2994 3776 3237 3841; x_wconf 67' lang='lat' dir='ltr'><strong>saeculis:</strong></span> <span class='ocrx_word' id='word_1_751' title='bbox 3269 3780 3460 3851; x_wconf 90' lang='lat' dir='ltr'><strong>quibus</strong></span> <span class='ocrx_word' id='word_1_752' title='bbox 3471 3789 3607 3904; x_wconf 62' lang='lat' dir='ltr'><strong>‘post</strong></span> <span class='ocrx_word' id='word_1_753' title='bbox 3629 3777 3711 3833; x_wconf 81' lang='lat' dir='ltr'><strong>fa-</strong></span> 
     </span>
     <span class='ocr_line' id='line_1_107' title="bbox 2132 3849 3700 3904; baseline 0.001 -1"><span class='ocrx_word' id='word_1_754' title='bbox 2132 3860 2271 3903; x_wconf 85' lang='lat' dir='ltr'><strong>etam</strong></span> <span class='ocrx_word' id='word_1_755' title='bbox 2295 3849 2734 3904; x_wconf 88' lang='lat' dir='ltr'><strong>subdivisionem.</strong></span> <span class='ocrx_word' id='word_1_756' title='bbox 2766 3866 2833 3904; x_wconf 91' lang='lat' dir='ltr'><strong>an</strong></span> <span class='ocrx_word' id='word_1_757' title='bbox 2857 3853 3163 3904; x_wconf 82' lang='lat' dir='ltr'><strong>metropolis</strong></span> <span class='ocrx_word' id='word_1_758' title='bbox 3190 3853 3327 3904; x_wconf 90' lang='lat' dir='ltr'><strong>dicta</strong></span> <span class='ocrx_word' id='word_1_759' title='bbox 3359 3851 3431 3904; x_wconf 89' lang='lat' dir='ltr'><strong>sit</strong></span> <span class='ocrx_word' id='word_1_760' title='bbox 3516 3850 3700 3904; x_wconf 90' lang='lat' dir='ltr'><strong>ienna.</strong></span> 
     </span>
    </p>
   </div>
   <div class='ocr_carea' id='block_1_107' title="bbox 2131 3849 3700 3922">
    <p class='ocr_par' dir='ltr' id='par_1_107' title="bbox 2131 3849 3700 3922">
     <span class='ocr_line' id='line_1_108' title="bbox 2131 3849 3700 3922; baseline 0 -19"><span class='ocrx_word' id='word_1_761' title='bbox 2131 3860 2271 3903; x_wconf 88' lang='lat' dir='ltr'><strong>ctam</strong></span> <span class='ocrx_word' id='word_1_762' title='bbox 2295 3849 2734 3913; x_wconf 86' lang='lat' dir='ltr'><strong>subdivisionem.</strong></span> <span class='ocrx_word' id='word_1_763' title='bbox 2766 3866 2833 3907; x_wconf 91' lang='lat' dir='ltr'><strong>an</strong></span> <span class='ocrx_word' id='word_1_764' title='bbox 2857 3853 3163 3922; x_wconf 90' lang='lat' dir='ltr'><strong>metropolis</strong></span> <span class='ocrx_word' id='word_1_765' title='bbox 3190 3849 3327 3907; x_wconf 86' lang='lat' dir='ltr'><strong>dicta</strong></span> <span class='ocrx_word' id='word_1_766' title='bbox 3359 3851 3431 3907; x_wconf 89' lang='lat' dir='ltr'><strong>sit</strong></span> <span class='ocrx_word' id='word_1_767' title='bbox 3471 3849 3700 3922; x_wconf 83' lang='lat' dir='ltr'><strong>Vienna,</strong></span> 
     </span>
    </p>
   </div>
   <div class='ocr_carea' id='block_1_108' title="bbox 2132 3921 3714 3994">
    <p class='ocr_par' dir='ltr' id='par_1_108' title="bbox 2132 3921 3714 3994">
     <span class='ocr_line' id='line_1_109' title="bbox 2132 3921 3714 3994; baseline 0.001 -19"><span class='ocrx_word' id='word_1_768' title='bbox 2132 3935 2239 3975; x_wconf 87' lang='lat' dir='ltr'><strong>non</strong></span> <span class='ocrx_word' id='word_1_769' title='bbox 2281 3923 2531 3987; x_wconf 90' lang='lat' dir='ltr'><strong>memini;</strong></span> <span class='ocrx_word' id='word_1_770' title='bbox 2578 3923 2720 3978; x_wconf 91' lang='lat' dir='ltr'><strong>unde</strong></span> <span class='ocrx_word' id='word_1_771' title='bbox 2753 3932 2807 3978; x_wconf 90' lang='lat' dir='ltr'><strong>et</strong></span> <span class='ocrx_word' id='word_1_772' title='bbox 2842 3921 3087 3994; x_wconf 81' lang='lat' dir='ltr'><strong>tempore</strong></span> <span class='ocrx_word' id='word_1_773' title='bbox 3120 3923 3333 3979; x_wconf 90' lang='lat' dir='ltr'><strong>concilii</strong></span> <span class='ocrx_word' id='word_1_774' title='bbox 3362 3921 3714 3977; x_wconf 85' lang='lat' dir='ltr'><strong>Taurineusis</strong></span> 
     </span>
    </p>
   </div>
   <div class='ocr_carea' id='block_1_109' title="bbox 2131 3996 2973 4065">
    <p class='ocr_par' dir='ltr' id='par_1_109' title="bbox 2131 3996 2973 4065">
     <span class='ocr_line' id='line_1_110' title="bbox 2131 3996 2973 4065; baseline 0.001 -18"><span class='ocrx_word' id='word_1_775' title='bbox 2131 3996 2494 4065; x_wconf 88' lang='lat' dir='ltr'><strong>controversia</strong></span> <span class='ocrx_word' id='word_1_776' title='bbox 2524 3996 2701 4065; x_wconf 88' lang='lat' dir='ltr'><strong>gravis</strong></span> <span class='ocrx_word' id='word_1_777' title='bbox 2724 4004 2841 4049; x_wconf 90' lang='lat' dir='ltr'><strong>orta</strong></span> <span class='ocrx_word' id='word_1_778' title='bbox 2871 4006 2973 4050; x_wconf 89' lang='lat' dir='ltr'><strong>est.</strong></span> 
     </span>
    </p>
   </div>
   <div class='ocr_carea' id='block_1_110' title="bbox 2204 4063 3714 4136">
    <p class='ocr_par' dir='ltr' id='par_1_110' title="bbox 2204 4063 3714 4136">
     <span class='ocr_line' id='line_1_111' title="bbox 2204 4063 3714 4136; baseline -0.001 -18"><span class='ocrx_word' id='word_1_779' title='bbox 2204 4064 2467 4121; x_wconf 90' lang='lat' dir='ltr'><strong>Eusebius</strong></span> <span class='ocrx_word' id='word_1_780' title='bbox 2504 4063 2720 4135; x_wconf 80' lang='lat' dir='ltr'><strong>quidem</strong></span> <span class='ocrx_word' id='word_1_781' title='bbox 2764 4066 3006 4136; x_wconf 80' lang='lat' dir='ltr'><strong>Lugduni</strong></span> <span class='ocrx_word' id='word_1_782' title='bbox 3053 4073 3108 4121; x_wconf 90' lang='lat' dir='ltr'><strong>et</strong></span> <span class='ocrx_word' id='word_1_783' title='bbox 3156 4065 3377 4120; x_wconf 76' lang='lat' dir='ltr'><strong>Vienna:</strong></span> <span class='ocrx_word' id='word_1_784' title='bbox 3424 4063 3714 4129; x_wconf 89' lang='lat' dir='ltr'><strong>meminit,</strong></span> 
     </span>
    </p>
   </div>
   <div class='ocr_carea' id='block_1_111' title="bbox 2131 4136 3716 4207">
    <p class='ocr_par' dir='ltr' id='par_1_111' title="bbox 2131 4136 3716 4207">
     <span class='ocr_line' id='line_1_112' title="bbox 2131 4136 3716 4207; baseline -0.001 -18"><span class='ocrx_word' id='word_1_785' title='bbox 2131 4137 2280 4207; x_wconf 85' lang='lat' dir='ltr'><strong>quasi</strong></span> <span class='ocrx_word' id='word_1_786' title='bbox 2313 4136 2381 4191; x_wconf 90' lang='lat' dir='ltr'><strong>de</strong></span> <span class='ocrx_word' id='word_1_787' title='bbox 2425 4138 2635 4205; x_wconf 91' lang='lat' dir='ltr'><strong>gemina</strong></span> <span class='ocrx_word' id='word_1_788' title='bbox 2662 4137 2956 4193; x_wconf 87' lang='lat' dir='ltr'><strong>Galliarum</strong></span> <span class='ocrx_word' id='word_1_789' title='bbox 2995 4136 3297 4203; x_wconf 87' lang='lat' dir='ltr'><strong>metropoli.</strong></span> <span class='ocrx_word' id='word_1_790' title='bbox 3336 4136 3442 4191; x_wconf 88' lang='lat' dir='ltr'><strong>Sed</strong></span> <span class='ocrx_word' id='word_1_791' title='bbox 3478 4139 3716 4205; x_wconf 90' lang='lat' dir='ltr'><strong>primum</strong></span> 
     </span>
    </p>
   </div>
   <div class='ocr_carea' id='block_1_112' title="bbox 2132 4208 3720 4278">
    <p class='ocr_par' dir='ltr' id='par_1_112' title="bbox 2132 4208 3720 4278">
     <span class='ocr_line' id='line_1_113' title="bbox 2132 4208 3720 4278; baseline -0.001 -17"><span class='ocrx_word' id='word_1_792' title='bbox 2132 4208 2367 4278; x_wconf 85' lang='lat' dir='ltr'><strong>loquitur</strong></span> <span class='ocrx_word' id='word_1_793' title='bbox 2395 4210 2547 4278; x_wconf 90' lang='lat' dir='ltr'><strong>quasi</strong></span> <span class='ocrx_word' id='word_1_794' title='bbox 2581 4208 2739 4275; x_wconf 91' lang='lat' dir='ltr'><strong>hujus</strong></span> <span class='ocrx_word' id='word_1_795' title='bbox 2769 4210 2844 4263; x_wconf 82' lang='lat' dir='ltr'><strong>rei</strong></span> <span class='ocrx_word' id='word_1_796' title='bbox 2871 4225 2976 4263; x_wconf 92' lang='lat' dir='ltr'><strong>non</strong></span> <span class='ocrx_word' id='word_1_797' title='bbox 3011 4208 3301 4264; x_wconf 87' lang='lat' dir='ltr'><strong>admodum</strong></span> <span class='ocrx_word' id='word_1_798' title='bbox 3342 4216 3516 4262; x_wconf 92' lang='lat' dir='ltr'><strong>certus</strong></span> <span class='ocrx_word' id='word_1_799' title='bbox 3562 4215 3619 4259; x_wconf 91' lang='lat' dir='ltr'><strong>et</strong></span> <span class='ocrx_word' id='word_1_800' title='bbox 3649 4221 3720 4260; x_wconf 79' lang='lat' dir='ltr'><strong>ex</strong></span> 
     </span>
    </p>
   </div>
   <div class='ocr_carea' id='block_1_113' title="bbox 2131 4277 3722 4355">
    <p class='ocr_par' dir='ltr' id='par_1_113' title="bbox 2131 4277 3722 4355">
     <span class='ocr_line' id='line_1_114' title="bbox 2131 4277 3722 4355; baseline -0.001 -23"><span class='ocrx_word' id='word_1_801' title='bbox 2131 4277 2302 4334; x_wconf 71' lang='lat' dir='ltr'><strong>aliena</strong></span> <span class='ocrx_word' id='word_1_802' title='bbox 2329 4277 2549 4355; x_wconf 67' lang='lat' dir='ltr'><strong>scicntia</strong></span> <span class='ocrx_word' id='word_1_803' title='bbox 2580 4281 2881 4355; x_wconf 42' lang='grc' dir='ltr'><strong>βεϐούνταιι</strong></span> <span class='ocrx_word' id='word_1_804' title='bbox 2918 4281 3176 4355; x_wconf 77' lang='lat' dir='ltr'><strong>dicuntur.</strong></span> <span class='ocrx_word' id='word_1_805' title='bbox 3207 4278 3420 4355; x_wconf 67' lang='lat' dir='ltr'><strong>peinde</strong></span> <span class='ocrx_word' id='word_1_806' title='bbox 3458 4277 3520 4331; x_wconf 90' lang='lat' dir='ltr'><strong>ad</strong></span> <span class='ocrx_word' id='word_1_807' title='bbox 3560 4293 3722 4332; x_wconf 87' lang='lat' dir='ltr'><strong>meu-</strong></span> 
     </span>
    </p>
   </div>
   <div class='ocr_carea' id='block_1_114' title="bbox 2133 4349 3721 4421">
    <p class='ocr_par' dir='ltr' id='par_1_114' title="bbox 2133 4349 3721 4421">
     <span class='ocr_line' id='line_1_115' title="bbox 2133 4349 3721 4421; baseline -0.002 -17"><span class='ocrx_word' id='word_1_808' title='bbox 2133 4362 2237 4405; x_wconf 91' lang='lat' dir='ltr'><strong>tem</strong></span> <span class='ocrx_word' id='word_1_809' title='bbox 2267 4349 2606 4418; x_wconf 83' lang='lat' dir='ltr'><strong>antiqnorutn</strong></span> <span class='ocrx_word' id='word_1_810' title='bbox 2636 4354 3062 4421; x_wconf 85' lang='lat' dir='ltr'><strong>geographorum</strong></span> <span class='ocrx_word' id='word_1_811' title='bbox 3094 4349 3471 4419; x_wconf 87' lang='lat' dir='ltr'><strong>intelligendus</strong></span> <span class='ocrx_word' id='word_1_812' title='bbox 3505 4359 3619 4413; x_wconf 89' lang='lat' dir='ltr'><strong>est,</strong></span> <span class='ocrx_word' id='word_1_813' title='bbox 3664 4356 3721 4402; x_wconf 93' lang='lat' dir='ltr'><strong>ut</strong></span> 
     </span>
    </p>
   </div>
   <div class='ocr_carea' id='block_1_115' title="bbox 2130 4420 3723 4493">
    <p class='ocr_par' dir='ltr' id='par_1_115' title="bbox 2130 4420 3723 4493">
     <span class='ocr_line' id='line_1_116' title="bbox 2130 4420 3723 4493; baseline 0.001 -21"><span class='ocrx_word' id='word_1_814' title='bbox 2130 4422 2333 4476; x_wconf 87' lang='lat' dir='ltr'><strong>Vienna</strong></span> <span class='ocrx_word' id='word_1_815' title='bbox 2368 4422 2573 4477; x_wconf 89' lang='lat' dir='ltr'><strong>scilicet</strong></span> <span class='ocrx_word' id='word_1_816' title='bbox 2618 4420 2959 4493; x_wconf 86' lang='lat' dir='ltr'><strong>Allobrogum</strong></span> <span class='ocrx_word' id='word_1_817' title='bbox 3000 4422 3310 4492; x_wconf 89' lang='lat' dir='ltr'><strong>metropolis</strong></span> <span class='ocrx_word' id='word_1_818' title='bbox 3342 4421 3513 4493; x_wconf 77' lang='lat' dir='ltr'><strong>luerit,</strong></span> <span class='ocrx_word' id='word_1_819' title='bbox 3552 4420 3723 4493; x_wconf 86' lang='lat' dir='ltr'><strong>idque</strong></span> 
     </span>
    </p>
   </div>
   <div class='ocr_carea' id='block_1_116' title="bbox 2133 4490 3725 4563">
    <p class='ocr_par' dir='ltr' id='par_1_116' title="bbox 2133 4490 3725 4563">
     <span class='ocr_line' id='line_1_117' title="bbox 2133 4490 3725 4563; baseline -0.003 -16"><span class='ocrx_word' id='word_1_820' title='bbox 2133 4502 2391 4563; x_wconf 90' lang='lat' dir='ltr'><strong>quantum</strong></span> <span class='ocrx_word' id='word_1_821' title='bbox 2420 4495 2484 4547; x_wconf 89' lang='lat' dir='ltr'><strong>ad</strong></span> <span class='ocrx_word' id='word_1_822' title='bbox 2508 4493 2751 4549; x_wconf 90' lang='lat' dir='ltr'><strong>ordinem</strong></span> <span class='ocrx_word' id='word_1_823' title='bbox 2782 4490 3025 4560; x_wconf 69' lang='lat' dir='ltr'><strong>civilem;</strong></span> <span class='ocrx_word' id='word_1_824' title='bbox 3052 4490 3343 4559; x_wconf 71' lang='lat' dir='ltr'><strong>numquam</strong></span> <span class='ocrx_word' id='word_1_825' title='bbox 3372 4490 3725 4563; x_wconf 85' lang='lat' dir='ltr'><strong>enimeccle-</strong></span> 
     </span>
    </p>
   </div>
   <div class='ocr_carea' id='block_1_117' title="bbox 438 4560 3720 4642">
    <p class='ocr_par' dir='ltr' id='par_1_117' title="bbox 438 4560 3720 4642">
     <span class='ocr_line' id='line_1_118' title="bbox 438 4560 3720 4642; baseline 0.001 -29"><span class='ocrx_word' id='word_1_826' title='bbox 438 4561 651 4642; x_wconf 80' lang='lat' dir='ltr'><strong>asserit,</strong></span> <span class='ocrx_word' id='word_1_827' title='bbox 697 4571 751 4616; x_wconf 90' lang='lat' dir='ltr'><strong>et</strong></span> <span class='ocrx_word' id='word_1_828' title='bbox 778 4560 857 4642; x_wconf 72' lang='lat' dir='ltr'><strong>(tt)</strong></span> <span class='ocrx_word' id='word_1_829' title='bbox 884 4560 1109 4642; x_wconf 43' lang='lat' dir='ltr'><strong>Adonis</strong></span> <span class='ocrx_word' id='word_1_830' title='bbox 1146 4562 1474 4642; x_wconf 69' lang='lat' dir='ltr'><strong>thnieon,</strong></span> <span class='ocrx_word' id='word_1_831' title='bbox 1526 4566 1667 4642; x_wconf 81' lang='lat' dir='ltr'><strong>quod</strong></span> <span class='ocrx_word' id='word_1_832' title='bbox 1717 4565 1860 4620; x_wconf 91' lang='lat' dir='ltr'><strong>circa</strong></span> <span class='ocrx_word' id='word_1_833' title='bbox 1907 4564 2021 4642; x_wconf 67' lang='lat' dir='ltr'><strong>haec</strong></span> <span class='ocrx_word' id='word_1_834' title='bbox 2047 4580 2103 4642; x_wconf 72' lang='grc' dir='ltr'><strong>Ι)</strong></span> <span class='ocrx_word' id='word_1_835' title='bbox 2132 4560 2346 4642; x_wconf 65' lang='grc' dir='ltr'><strong>δ’ἰαειὶᾳρ</strong></span> <span class='ocrx_word' id='word_1_836' title='bbox 2372 4566 2466 4642; x_wconf 68' lang='lat' dir='ltr'><strong>fuit</strong></span> <span class='ocrx_word' id='word_1_837' title='bbox 2490 4565 2838 4642; x_wconf 76' lang='lat' dir='ltr'><strong>Allobrogum</strong></span> <span class='ocrx_word' id='word_1_838' title='bbox 2868 4565 3159 4642; x_wconf 79' lang='lat' dir='ltr'><strong>provincia.</strong></span> <span class='ocrx_word' id='word_1_839' title='bbox 3203 4563 3444 4642; x_wconf 81' lang='lat' dir='ltr'><strong>Denique</strong></span> <span class='ocrx_word' id='word_1_840' title='bbox 3478 4561 3720 4642; x_wconf 72' lang='lat' dir='ltr'><strong>illustris</strong></span> 
     </span>
    </p>
   </div>
   <div class='ocr_carea' id='block_1_118' title="bbox 438 4631 2018 4707">
    <p class='ocr_par' dir='ltr' id='par_1_118' title="bbox 438 4631 2018 4707">
     <span class='ocr_line' id='line_1_119' title="bbox 438 4631 2018 4707; baseline 0.006 -24"><span class='ocrx_word' id='word_1_841' title='bbox 438 4638 680 4707; x_wconf 65' lang='lat' dir='ltr'><strong>tempore</strong></span> <span class='ocrx_word' id='word_1_842' title='bbox 707 4631 861 4700; x_wconf 86' lang='lat' dir='ltr'><strong>ponit</strong></span> <span class='ocrx_word' id='word_1_843' title='bbox 886 4631 1130 4707; x_wconf 69' lang='lat' dir='ltr'><strong>Nicetatn</strong></span> <span class='ocrx_word' id='word_1_844' title='bbox 1168 4633 1528 4707; x_wconf 81' lang='lat' dir='ltr'><strong>Viennensem</strong></span> <span class='ocrx_word' id='word_1_845' title='bbox 1544 4631 1896 4707; x_wconf 71' lang='lat' dir='ltr'><strong>episcOpum,</strong></span> <span class='ocrx_word' id='word_1_846' title='bbox 1930 4638 2018 4707; x_wconf 91' lang='lat' dir='ltr'><strong>qui</strong></span> 
     </span>
    </p>
   </div>
   <div class='ocr_carea' id='block_1_119' title="bbox 436 4700 2015 4777">
    <p class='ocr_par' dir='ltr' id='par_1_119' title="bbox 436 4700 2015 4777">
     <span class='ocr_line' id='line_1_120' title="bbox 436 4700 2015 4777; baseline 0.006 -24"><span class='ocrx_word' id='word_1_847' title='bbox 436 4700 575 4777; x_wconf 60' lang='lat' dir='ltr'><strong>forte</strong></span> <span class='ocrx_word' id='word_1_848' title='bbox 602 4701 745 4777; x_wconf 79' lang='lat' dir='ltr'><strong>idem</strong></span> <span class='ocrx_word' id='word_1_849' title='bbox 769 4712 853 4759; x_wconf 88' lang='lat' dir='ltr'><strong>est</strong></span> <span class='ocrx_word' id='word_1_850' title='bbox 870 4717 994 4777; x_wconf 69' lang='lat' dir='ltr'><strong>eum</strong></span> <span class='ocrx_word' id='word_1_851' title='bbox 1023 4702 1253 4777; x_wconf 84' lang='lat' dir='ltr'><strong>Nieetio,</strong></span> <span class='ocrx_word' id='word_1_852' title='bbox 1276 4704 1432 4773; x_wconf 86' lang='lat' dir='ltr'><strong>cujus</strong></span> <span class='ocrx_word' id='word_1_853' title='bbox 1457 4700 1653 4761; x_wconf 81' lang='lat' dir='ltr'><strong>nomen</strong></span> <span class='ocrx_word' id='word_1_854' title='bbox 1676 4706 1729 4759; x_wconf 91' lang='lat' dir='ltr'><strong>in</strong></span> <span class='ocrx_word' id='word_1_855' title='bbox 1752 4700 2015 4777; x_wconf 69' lang='lat' dir='ltr'><strong>synodica</strong></span> 
     </span>
    </p>
   </div>
   <div class='ocr_carea' id='block_1_120' title="bbox 2128 4631 3717 4707">
    <p class='ocr_par' dir='ltr' id='par_1_120' title="bbox 2128 4631 3717 4707">
     <span class='ocr_line' id='line_1_121' title="bbox 2128 4631 3717 4707; baseline 0.001 -21"><span class='ocrx_word' id='word_1_856' title='bbox 2128 4634 2395 4707; x_wconf 88' lang='lat' dir='ltr'><strong>quondam</strong></span> <span class='ocrx_word' id='word_1_857' title='bbox 2427 4637 2597 4691; x_wconf 78' lang='lat' dir='ltr'><strong>fuerat</strong></span> <span class='ocrx_word' id='word_1_858' title='bbox 2628 4631 3011 4692; x_wconf 72' lang='lat' dir='ltr'><strong>Viennensium</strong></span> <span class='ocrx_word' id='word_1_859' title='bbox 3034 4636 3230 4691; x_wconf 75' lang='lat' dir='ltr'><strong>’civitas</strong></span> <span class='ocrx_word' id='word_1_860' title='bbox 3265 4631 3406 4704; x_wconf 85' lang='lat' dir='ltr'><strong>apud</strong></span> <span class='ocrx_word' id='word_1_861' title='bbox 3436 4631 3717 4707; x_wconf 79' lang='lat' dir='ltr'><strong>ethnicos,</strong></span> 
     </span>
    </p>
   </div>
   <div class='ocr_carea' id='block_1_121' title="bbox 2126 4703 3723 4776">
    <p class='ocr_par' dir='ltr' id='par_1_121' title="bbox 2126 4703 3723 4776">
     <span class='ocr_line' id='line_1_122' title="bbox 2126 4703 3723 4776; baseline -0.003 -14"><span class='ocrx_word' id='word_1_862' title='bbox 2126 4703 2179 4763; x_wconf 83' lang='lat' dir='ltr'><strong>et</strong></span> <span class='ocrx_word' id='word_1_863' title='bbox 2212 4722 2277 4761; x_wconf 84' lang='lat' dir='ltr'><strong>ex</strong></span> <span class='ocrx_word' id='word_1_864' title='bbox 2306 4708 2392 4759; x_wconf 89' lang='lat' dir='ltr'><strong>illa</strong></span> <span class='ocrx_word' id='word_1_865' title='bbox 2427 4707 2564 4761; x_wconf 81' lang='lat' dir='ltr'><strong>fama</strong></span> <span class='ocrx_word' id='word_1_866' title='bbox 2596 4708 2827 4776; x_wconf 91' lang='lat' dir='ltr'><strong>loquitur</strong></span> <span class='ocrx_word' id='word_1_867' title='bbox 2855 4708 3150 4772; x_wconf 84' lang='lat' dir='ltr'><strong>Eusebius;</strong></span> <span class='ocrx_word' id='word_1_868' title='bbox 3193 4703 3403 4771; x_wconf 87' lang='lat' dir='ltr'><strong>verum,</strong></span> <span class='ocrx_word' id='word_1_869' title='bbox 3434 4712 3492 4776; x_wconf 88' lang='lat' dir='ltr'><strong>ut</strong></span> <span class='ocrx_word' id='word_1_870' title='bbox 3525 4703 3723 4776; x_wconf 79' lang='lat' dir='ltr'><strong>legere</strong></span> 
     </span>
    </p>
   </div>
   <div class='ocr_carea' id='block_1_122' title="bbox 436 4770 1187 4846">
    <p class='ocr_par' dir='ltr' id='par_1_122' title="bbox 436 4770 1187 4846">
     <span class='ocr_line' id='line_1_123' title="bbox 436 4770 1187 4846; baseline 0.012 -23"><span class='ocrx_word' id='word_1_871' title='bbox 436 4770 705 4846; x_wconf 75' lang='lat' dir='ltr'><strong>Valentini</strong></span> <span class='ocrx_word' id='word_1_872' title='bbox 731 4773 953 4846; x_wconf 80' lang='lat' dir='ltr'><strong>concilii</strong></span> <span class='ocrx_word' id='word_1_873' title='bbox 977 4774 1187 4846; x_wconf 89' lang='lat' dir='ltr'><strong>legitur.</strong></span> 
     </span>
    </p>
   </div>
   <div class='ocr_carea' id='block_1_123' title="bbox 500 4843 2017 4920">
    <p class='ocr_par' dir='ltr' id='par_1_123' title="bbox 500 4843 2017 4920">
     <span class='ocr_line' id='line_1_124' title="bbox 500 4843 2017 4920; baseline 0.006 -23"><span class='ocrx_word' id='word_1_874' title='bbox 500 4843 593 4920; x_wconf 78' lang='lat' dir='ltr'><strong>At,</strong></span> <span class='ocrx_word' id='word_1_875' title='bbox 643 4843 861 4920; x_wconf 76' lang='lat' dir='ltr'><strong>instabit</strong></span> <span class='ocrx_word' id='word_1_876' title='bbox 888 4843 1101 4920; x_wconf 81' lang='lat' dir='ltr'><strong>aliquis,</strong></span> <span class='ocrx_word' id='word_1_877' title='bbox 1130 4859 1229 4920; x_wconf 82' lang='lat' dir='ltr'><strong>pro</strong></span> <span class='ocrx_word' id='word_1_878' title='bbox 1260 4844 1553 4903; x_wconf 87' lang='lat' dir='ltr'><strong>Viennensi</strong></span> <span class='ocrx_word' id='word_1_879' title='bbox 1572 4847 1769 4903; x_wconf 88' lang='lat' dir='ltr'><strong>clamat</strong></span> <span class='ocrx_word' id='word_1_880' title='bbox 1797 4846 1875 4920; x_wconf 89' lang='lat' dir='ltr'><strong>(b)</strong></span> <span class='ocrx_word' id='word_1_881' title='bbox 1903 4847 2017 4920; x_wconf 91' lang='lat' dir='ltr'><strong>ipsa</strong></span> 
     </span>
    </p>
   </div>
   <div class='ocr_carea' id='block_1_124' title="bbox 430 4916 2018 4989">
    <p class='ocr_par' dir='ltr' id='par_1_124' title="bbox 430 4916 2018 4989">
     <span class='ocr_line' id='line_1_125' title="bbox 430 4916 2018 4989; baseline 0.003 -18"><span class='ocrx_word' id='word_1_882' title='bbox 430 4917 721 4984; x_wconf 66' lang='lat' dir='ltr'><strong>provincia:</strong></span> <span class='ocrx_word' id='word_1_883' title='bbox 760 4916 1147 4974; x_wconf 65' lang='lat' dir='ltr'><strong>denominatio;</strong></span> <span class='ocrx_word' id='word_1_884' title='bbox 1195 4918 1373 4986; x_wconf 87' lang='lat' dir='ltr'><strong>Quare</strong></span> <span class='ocrx_word' id='word_1_885' title='bbox 1415 4922 1559 4977; x_wconf 88' lang='lat' dir='ltr'><strong>enim</strong></span> <span class='ocrx_word' id='word_1_886' title='bbox 1614 4916 1879 4989; x_wconf 83' lang='lat' dir='ltr'><strong>appellata</strong></span> <span class='ocrx_word' id='word_1_887' title='bbox 1922 4916 2018 4976; x_wconf 42' lang='lat' dir='ltr'><strong>’est</strong></span> 
     </span>
    </p>
   </div>
   <div class='ocr_carea' id='block_1_125' title="bbox 2125 4773 3722 4849">
    <p class='ocr_par' dir='ltr' id='par_1_125' title="bbox 2125 4773 3722 4849">
     <span class='ocr_line' id='line_1_126' title="bbox 2125 4773 3722 4849; baseline -0.003 -17"><span class='ocrx_word' id='word_1_888' title='bbox 2125 4793 2213 4832; x_wconf 92' lang='lat' dir='ltr'><strong>me</strong></span> <span class='ocrx_word' id='word_1_889' title='bbox 2242 4778 2481 4847; x_wconf 90' lang='lat' dir='ltr'><strong>memini,</strong></span> <span class='ocrx_word' id='word_1_890' title='bbox 2515 4773 2823 4849; x_wconf 80' lang='lat' dir='ltr'><strong>Lugdunum</strong></span> <span class='ocrx_word' id='word_1_891' title='bbox 2843 4779 3089 4833; x_wconf 85' lang='lat' dir='ltr'><strong>Viennam</strong></span> <span class='ocrx_word' id='word_1_892' title='bbox 3114 4773 3550 4849; x_wconf 34' lang='lat' dir='ltr'><strong>obscuraratsscd</strong></span> <span class='ocrx_word' id='word_1_893' title='bbox 3580 4773 3722 4846; x_wconf 60' lang='lat' dir='ltr'><strong>(iuo-</strong></span> 
     </span>
    </p>
   </div>
   <div class='ocr_carea' id='block_1_126' title="bbox 2125 4846 3718 4909">
    <p class='ocr_par' dir='ltr' id='par_1_126' title="bbox 2125 4846 3718 4909">
     <span class='ocr_line' id='line_1_127' title="bbox 2125 4846 3718 4909; baseline -0.002 -5"><span class='ocrx_word' id='word_1_894' title='bbox 2125 4849 2267 4904; x_wconf 83' lang='lat' dir='ltr'><strong>niam</strong></span> <span class='ocrx_word' id='word_1_895' title='bbox 2296 4850 2360 4902; x_wconf 88' lang='lat' dir='ltr'><strong>ad</strong></span> <span class='ocrx_word' id='word_1_896' title='bbox 2389 4846 2502 4903; x_wconf 84' lang='lat' dir='ltr'><strong>rem</strong></span> <span class='ocrx_word' id='word_1_897' title='bbox 2521 4846 2760 4905; x_wconf 79' lang='lat' dir='ltr'><strong>nostram</strong></span> <span class='ocrx_word' id='word_1_898' title='bbox 2782 4850 3019 4905; x_wconf 82' lang='lat' dir='ltr'><strong>maxime</strong></span> <span class='ocrx_word' id='word_1_899' title='bbox 3037 4850 3163 4906; x_wconf 77' lang='lat' dir='ltr'><strong>facit</strong></span> <span class='ocrx_word' id='word_1_900' title='bbox 3184 4849 3287 4905; x_wconf 90' lang='lat' dir='ltr'><strong>iste</strong></span> <span class='ocrx_word' id='word_1_901' title='bbox 3302 4846 3718 4909; x_wconf 87' lang='lat' dir='ltr'><strong>Eusebiilocns,</strong></span> 
     </span>
    </p>
   </div>
   <div class='ocr_carea' id='block_1_127' title="bbox 2096 4919 3722 4992">
    <p class='ocr_par' dir='ltr' id='par_1_127' title="bbox 2096 4919 3722 4992">
     <span class='ocr_line' id='line_1_128' title="bbox 2096 4919 3722 4992; baseline -0.002 -16"><span class='ocrx_word' id='word_1_902' title='bbox 2096 4933 2099 4935; x_wconf 89' lang='grc'>·</span> <span class='ocrx_word' id='word_1_903' title='bbox 2124 4921 2272 4979; x_wconf 87' lang='lat' dir='ltr'><strong>lubet</strong></span> <span class='ocrx_word' id='word_1_904' title='bbox 2300 4921 2457 4989; x_wconf 84' lang='lat' dir='ltr'><strong>hujus</strong></span> <span class='ocrx_word' id='word_1_905' title='bbox 2486 4920 2807 4992; x_wconf 86' lang='lat' dir='ltr'><strong>objectionis</strong></span> <span class='ocrx_word' id='word_1_906' title='bbox 2836 4922 3143 4991; x_wconf 90' lang='lat' dir='ltr'><strong>occasione,</strong></span> <span class='ocrx_word' id='word_1_907' title='bbox 3168 4930 3222 4978; x_wconf 91' lang='lat' dir='ltr'><strong>et</strong></span> <span class='ocrx_word' id='word_1_908' title='bbox 3246 4921 3310 4975; x_wconf 85' lang='lat' dir='ltr'><strong>ad</strong></span> <span class='ocrx_word' id='word_1_909' title='bbox 3338 4919 3722 4991; x_wconf 88' lang='lat' dir='ltr'><strong>cognoscenda</strong></span> 
     </span>
    </p>
   </div>
   <div class='ocr_carea' id='block_1_128' title="bbox 1472 5077 2625 5139">
    <p class='ocr_par' dir='ltr' id='par_1_128' title="bbox 1472 5077 2625 5139">
     <span class='ocr_line' id='line_1_129' title="bbox 1472 5077 2625 5139; baseline 0 -3"><span class='ocrx_word' id='word_1_910' title='bbox 1472 5077 2036 5139; x_wconf 82' lang='lat' dir='ltr'><strong>BALLERINIORUM</strong></span> <span class='ocrx_word' id='word_1_911' title='bbox 2072 5079 2625 5139; x_wconf 82' lang='lat' dir='ltr'><strong>ANNOTATIONES.</strong></span> 
     </span>
    </p>
   </div>
   <div class='ocr_carea' id='block_1_129' title="bbox 498 5189 3725 5275">
    <p class='ocr_par' dir='ltr' id='par_1_129' title="bbox 498 5189 3725 5275">
     <span class='ocr_line' id='line_1_130' title="bbox 498 5189 3725 5275; baseline -0.004 -20"><span class='ocrx_word' id='word_1_912' title='bbox 498 5199 993 5275; x_wconf 8' lang='lat' dir='ltr'><strong>(a)ngiscoporum</strong></span> <span class='ocrx_word' id='word_1_913' title='bbox 1019 5197 1404 5275; x_wconf 75' lang='lat' dir='ltr'><strong>Viennensium</strong></span> <span class='ocrx_word' id='word_1_914' title='bbox 1435 5199 1570 5256; x_wconf 88' lang='lat' dir='ltr'><strong>ordo</strong></span> <span class='ocrx_word' id='word_1_915' title='bbox 1597 5198 1801 5275; x_wconf 60' lang='lat' dir='ltr'><strong>Adonis</strong></span> <span class='ocrx_word' id='word_1_916' title='bbox 1830 5197 2005 5275; x_wconf 68' lang='grc' dir='ltr'><strong>(ΞΜ-ο-</strong></span> <span class='ocrx_word' id='word_1_917' title='bbox 2113 5198 2329 5275; x_wconf 71' lang='lat' dir='ltr'><strong>optime</strong></span> <span class='ocrx_word' id='word_1_918' title='bbox 2349 5204 2660 5262; x_wconf 86' lang='lat' dir='ltr'><strong>concurret,</strong></span> <span class='ocrx_word' id='word_1_919' title='bbox 2700 5210 2809 5251; x_wconf 92' lang='lat' dir='ltr'><strong>non</strong></span> <span class='ocrx_word' id='word_1_920' title='bbox 2854 5203 3035 5275; x_wconf 81' lang='lat' dir='ltr'><strong>autem</strong></span> <span class='ocrx_word' id='word_1_921' title='bbox 3080 5190 3293 5275; x_wconf 61' lang='lat' dir='ltr'><strong>lVicetas</strong></span> <span class='ocrx_word' id='word_1_922' title='bbox 3331 5189 3419 5275; x_wconf 87' lang='lat' dir='ltr'><strong>qui</strong></span> <span class='ocrx_word' id='word_1_923' title='bbox 3464 5189 3725 5275; x_wconf 57' lang='lat' dir='ltr'><strong>stamerti</strong></span> 
     </span>
    </p>
   </div>
   <div class='ocr_carea' id='block_1_130' title="bbox 426 5260 3728 5344">
    <p class='ocr_par' dir='ltr' id='par_1_130' title="bbox 426 5260 3728 5344">
     <span class='ocr_line' id='line_1_131' title="bbox 426 5260 3728 5344; baseline -0.005 -13"><span class='ocrx_word' id='word_1_924' title='bbox 426 5260 845 5344; x_wconf 67' lang='lat' dir='ltr'><strong>nico&#39;insertus,</strong></span> <span class='ocrx_word' id='word_1_925' title='bbox 887 5286 955 5328; x_wconf 76' lang='lat' dir='ltr'><strong>ex</strong></span> <span class='ocrx_word' id='word_1_926' title='bbox 1000 5271 1270 5344; x_wconf 86' lang='lat' dir='ltr'><strong>diptychis</strong></span> <span class='ocrx_word' id='word_1_927' title='bbox 1307 5285 1529 5344; x_wconf 85' lang='lat' dir='ltr'><strong>manare</strong></span> <span class='ocrx_word' id='word_1_928' title='bbox 1564 5271 1794 5344; x_wconf 80' lang='lat' dir='ltr'><strong>videtur,</strong></span> <span class='ocrx_word' id='word_1_929' title='bbox 1842 5271 1912 5325; x_wconf 90' lang='lat' dir='ltr'><strong>ita</strong></span> <span class='ocrx_word' id='word_1_930' title='bbox 1946 5278 2005 5325; x_wconf 91' lang='lat' dir='ltr'><strong>ut</strong></span> <span class='ocrx_word' id='word_1_931' title='bbox 2112 5260 2455 5344; x_wconf 79' lang='lat' dir='ltr'><strong>imntediatus</strong></span> <span class='ocrx_word' id='word_1_932' title='bbox 2485 5260 2803 5344; x_wconf 76' lang='lat' dir='ltr'><strong>prtecessor,</strong></span> <span class='ocrx_word' id='word_1_933' title='bbox 2840 5266 2940 5344; x_wconf 76' lang='lat' dir='ltr'><strong>sub</strong></span> <span class='ocrx_word' id='word_1_934' title='bbox 2980 5265 3212 5344; x_wconf 77' lang='lat' dir='ltr'><strong>medium</strong></span> <span class='ocrx_word' id='word_1_935' title='bbox 3252 5277 3287 5344; x_wconf 55' lang='grc' dir='ltr'><strong>ιζ</strong></span> <span class='ocrx_word' id='word_1_936' title='bbox 3325 5260 3581 5316; x_wconf 87' lang='lat' dir='ltr'><strong>saeculum</strong></span> <span class='ocrx_word' id='word_1_937' title='bbox 3611 5260 3728 5344; x_wconf 63' lang='grc' dir='ltr'>ρο-</span> 
     </span>
    </p>
   </div>
   <div class='ocr_carea' id='block_1_131' title="bbox 425 5330 3728 5422">
    <p class='ocr_par' dir='ltr' id='par_1_131' title="bbox 425 5330 3728 5422">
     <span class='ocr_line' id='line_1_132' title="bbox 425 5330 3728 5422; baseline -0.004 -22"><span class='ocrx_word' id='word_1_938' title='bbox 425 5330 663 5414; x_wconf 85' lang='lat' dir='ltr'><strong>ipsorum</strong></span> <span class='ocrx_word' id='word_1_939' title='bbox 695 5330 861 5422; x_wconf 71' lang='lat' dir='ltr'><strong>series</strong></span> <span class='ocrx_word' id='word_1_940' title='bbox 887 5358 993 5398; x_wconf 89' lang='lat' dir='ltr'><strong>non</strong></span> <span class='ocrx_word' id='word_1_941' title='bbox 1026 5330 1226 5422; x_wconf 65' lang='lat' dir='ltr'><strong>idcirco</strong></span> <span class='ocrx_word' id='word_1_942' title='bbox 1251 5342 1544 5422; x_wconf 76' lang='lat' dir='ltr'><strong>rejicienda</strong></span> <span class='ocrx_word' id='word_1_943' title='bbox 1575 5341 1649 5422; x_wconf 84' lang='lat' dir='ltr'><strong>sit</strong></span> <span class='ocrx_word' id='word_1_944' title='bbox 1673 5330 1803 5422; x_wconf 62' lang='lat' dir='ltr'><strong>quia</strong></span> <span class='ocrx_word' id='word_1_945' title='bbox 1828 5356 1913 5419; x_wconf 87' lang='lat' dir='ltr'><strong>res</strong></span> <span class='ocrx_word' id='word_1_946' title='bbox 1948 5350 1999 5398; x_wconf 90' lang='lat' dir='ltr'><strong>et</strong></span> <span class='ocrx_word' id='word_1_947' title='bbox 2110 5342 2239 5396; x_wconf 87' lang='lat' dir='ltr'><strong>ruit.</strong></span> <span class='ocrx_word' id='word_1_948' title='bbox 2266 5330 2615 5422; x_wconf 27' lang='lat' dir='ltr'><strong>Confergquze</strong></span> <span class='ocrx_word' id='word_1_949' title='bbox 2643 5330 3728 5422; x_wconf 34' lang='lat' dir='ltr'><strong>de.similicatalpgoepiseopoerAlia-</strong></span> 
     </span>
    </p>
   </div>
   <div class='ocr_carea' id='block_1_132' title="bbox 426 5402 3727 5485">
    <p class='ocr_par' dir='ltr' id='par_1_132' title="bbox 426 5402 3727 5485">
     <span class='ocr_line' id='line_1_133' title="bbox 426 5402 3727 5485; baseline -0.005 -13"><span class='ocrx_word' id='word_1_950' title='bbox 426 5402 668 5481; x_wconf 78' lang='lat' dir='ltr'><strong>tempora</strong></span> <span class='ocrx_word' id='word_1_951' title='bbox 695 5413 901 5485; x_wconf 86' lang='lat' dir='ltr'><strong>eisdem</strong></span> <span class='ocrx_word' id='word_1_952' title='bbox 938 5415 1191 5469; x_wconf 89' lang='lat' dir='ltr'><strong>attributa</strong></span> <span class='ocrx_word' id='word_1_953' title='bbox 1226 5402 1332 5469; x_wconf 79' lang='lat' dir='ltr'><strong>non</strong></span> <span class='ocrx_word' id='word_1_954' title='bbox 1363 5402 1995 5485; x_wconf 12' lang='lat' dir='ltr'><strong>subsistant.r&#39;Enimvero</strong></span> <span class='ocrx_word' id='word_1_955' title='bbox 2104 5420 2396 5485; x_wconf 70' lang='lat' dir='ltr'><strong>vennatum</strong></span> <span class='ocrx_word' id='word_1_956' title='bbox 2439 5402 2861 5485; x_wconf 65' lang='lat' dir='ltr'><strong>observavimus</strong></span> <span class='ocrx_word' id='word_1_957' title='bbox 2906 5409 2957 5463; x_wconf 90' lang='lat' dir='ltr'><strong>in</strong></span> <span class='ocrx_word' id='word_1_958' title='bbox 3016 5402 3407 5485; x_wconf 41' lang='lat' dir='ltr'><strong>admonitione:</strong></span> <span class='ocrx_word' id='word_1_959' title='bbox 3436 5402 3503 5485; x_wconf 68' lang='lat' dir='ltr'><strong>ad</strong></span> <span class='ocrx_word' id='word_1_960' title='bbox 3550 5405 3727 5485; x_wconf 73' lang='lat' dir='ltr'><strong>epist.</strong></span> 
     </span>
    </p>
   </div>
   <div class='ocr_carea' id='block_1_133' title="bbox 424 5474 3728 5559">
    <p class='ocr_par' dir='ltr' id='par_1_133' title="bbox 424 5474 3728 5559">
     <span class='ocr_line' id='line_1_134' title="bbox 424 5474 3728 5559; baseline -0.002 -17"><span class='ocrx_word' id='word_1_961' title='bbox 424 5488 471 5543; x_wconf 84' lang='lat' dir='ltr'><strong>si</strong></span> <span class='ocrx_word' id='word_1_962' title='bbox 502 5474 601 5559; x_wconf 75' lang='lat' dir='ltr'><strong>alia</strong></span> <span class='ocrx_word' id='word_1_963' title='bbox 631 5494 778 5559; x_wconf 78' lang='lat' dir='ltr'><strong>certa</strong></span> <span class='ocrx_word' id='word_1_964' title='bbox 795 5484 1117 5559; x_wconf 82' lang='lat' dir='ltr'><strong>documenta</strong></span> <span class='ocrx_word' id='word_1_965' title='bbox 1137 5499 1258 5540; x_wconf 92' lang='lat' dir='ltr'><strong>cum</strong></span> <span class='ocrx_word' id='word_1_966' title='bbox 1282 5485 1383 5540; x_wconf 89' lang='lat' dir='ltr'><strong>hac</strong></span> <span class='ocrx_word' id='word_1_967' title='bbox 1403 5488 1541 5540; x_wconf 87' lang='lat' dir='ltr'><strong>serie</strong></span> <span class='ocrx_word' id='word_1_968' title='bbox 1562 5484 1997 5559; x_wconf 82' lang='lat' dir='ltr'><strong>conferantur,et</strong></span> <span class='ocrx_word' id='word_1_969' title='bbox 2104 5484 2229 5548; x_wconf 68' lang='lat'><strong>156,</strong></span> <span class='ocrx_word' id='word_1_970' title='bbox 2253 5499 2307 5537; x_wconf 91' lang='lat' dir='ltr'><strong>n.</strong></span> <span class='ocrx_word' id='word_1_971' title='bbox 2339 5482 2373 5536; x_wconf 79' lang='grc'>5</span> <span class='ocrx_word' id='word_1_972' title='bbox 2399 5490 2468 5559; x_wconf 61' lang='lat' dir='ltr'><strong>et</strong></span> <span class='ocrx_word' id='word_1_973' title='bbox 2489 5480 2543 5536; x_wconf 76' lang='grc'><strong>4.</strong></span> <span class='ocrx_word' id='word_1_974' title='bbox 2583 5482 2723 5559; x_wconf 84' lang='lat' dir='ltr'><strong>Vide</strong></span> <span class='ocrx_word' id='word_1_975' title='bbox 2755 5483 2917 5559; x_wconf 69' lang='lat' dir='ltr'><strong>etiam</strong></span> <span class='ocrx_word' id='word_1_976' title='bbox 2943 5479 3163 5559; x_wconf 73' lang='lat' dir='ltr'><strong>qu_ae_de</strong></span> <span class='ocrx_word' id='word_1_977' title='bbox 3187 5476 3291 5531; x_wconf 81' lang='lat' dir='ltr'><strong>hoc</strong></span> <span class='ocrx_word' id='word_1_978' title='bbox 3328 5474 3572 5559; x_wconf 46' lang='lat' dir='ltr'><strong>guloso</strong></span> <span class='ocrx_word' id='word_1_979' title='bbox 3600 5476 3728 5559; x_wconf 61' lang='lat'><strong>&lt;39}-</strong></span> 
     </span>
    </p>
   </div>
   <div class='ocr_carea' id='block_1_134' title="bbox 425 5544 3717 5627">
    <p class='ocr_par' dir='ltr' id='par_1_134' title="bbox 425 5544 3717 5627">
     <span class='ocr_line' id='line_1_135' title="bbox 425 5544 3717 5627; baseline -0.004 -13"><span class='ocrx_word' id='word_1_980' title='bbox 425 5556 620 5614; x_wconf 85' lang='lat' dir='ltr'><strong>exinde</strong></span> <span class='ocrx_word' id='word_1_981' title='bbox 646 5555 752 5612; x_wconf 88' lang='lat' dir='ltr'><strong>illis</strong></span> <span class='ocrx_word' id='word_1_982' title='bbox 766 5556 1033 5627; x_wconf 89' lang='lat' dir='ltr'><strong>episcopis</strong></span> <span class='ocrx_word' id='word_1_983' title='bbox 1050 5571 1205 5611; x_wconf 88' lang='lat' dir='ltr'><strong>suum</strong></span> <span class='ocrx_word' id='word_1_984' title='bbox 1232 5564 1442 5625; x_wconf 88' lang='lat' dir='ltr'><strong>tempus</strong></span> <span class='ocrx_word' id='word_1_985' title='bbox 1467 5557 1798 5627; x_wconf 87' lang='lat' dir='ltr'><strong>restituatur,</strong></span> <span class='ocrx_word' id='word_1_986' title='bbox 1814 5544 1993 5612; x_wconf 82' lang='lat' dir='ltr'><strong>omnia</strong></span> <span class='ocrx_word' id='word_1_987' title='bbox 2104 5544 2390 5627; x_wconf 69' lang='lat' dir='ltr'><strong>scaporum</strong></span> <span class='ocrx_word' id='word_1_988' title='bbox 2408 5554 2804 5611; x_wconf 90' lang='lat' dir='ltr'><strong>Viennensium</strong></span> <span class='ocrx_word' id='word_1_989' title='bbox 2819 5544 3043 5609; x_wconf 71' lang='lat' dir='ltr'><strong>disserit</strong></span> <span class='ocrx_word' id='word_1_990' title='bbox 3064 5548 3439 5606; x_wconf 87' lang='lat' dir='ltr'><strong>Tillemontius</strong></span> <span class='ocrx_word' id='word_1_991' title='bbox 3459 5544 3593 5602; x_wconf 88' lang='lat' dir='ltr'><strong>tom.</strong></span> <span class='ocrx_word' id='word_1_992' title='bbox 3616 5544 3717 5611; x_wconf 86' lang='lat' dir='ltr'><strong>Ill,</strong></span> 
     </span>
    </p>
   </div>
   <div class='ocr_carea' id='block_1_135' title="bbox 425 5625 2641 5699">
    <p class='ocr_par' dir='ltr' id='par_1_135' title="bbox 425 5625 2641 5699">
     <span class='ocr_line' id='line_1_136' title="bbox 425 5625 2641 5699; baseline -0.001 -18"><span class='ocrx_word' id='word_1_993' title='bbox 425 5629 592 5699; x_wconf 81' lang='lat' dir='ltr'><strong>probe</strong></span> <span class='ocrx_word' id='word_1_994' title='bbox 615 5625 887 5684; x_wconf 67' lang='lat' dir='ltr'><strong>cohaerere</strong></span> <span class='ocrx_word' id='word_1_995' title='bbox 914 5625 1271 5699; x_wconf 83' lang='lat' dir='ltr'><strong>invenientur.</strong></span> <span class='ocrx_word' id='word_1_996' title='bbox 1306 5628 1371 5681; x_wconf 88' lang='lat' dir='ltr'><strong>Et</strong></span> <span class='ocrx_word' id='word_1_997' title='bbox 1400 5628 1534 5681; x_wconf 85' lang='lat' dir='ltr'><strong>sicut</strong></span> <span class='ocrx_word' id='word_1_998' title='bbox 1568 5626 1737 5682; x_wconf 91' lang='lat' dir='ltr'><strong>Verus</strong></span> <span class='ocrx_word' id='word_1_999' title='bbox 1758 5671 1771 5694; x_wconf 95' lang='lat'><strong>,</strong></span> <span class='ocrx_word' id='word_1_1000' title='bbox 1804 5629 1893 5698; x_wconf 89' lang='lat' dir='ltr'><strong>qui</strong></span> <span class='ocrx_word' id='word_1_1001' title='bbox 1926 5628 1992 5681; x_wconf 91' lang='lat' dir='ltr'><strong>ad</strong></span> <span class='ocrx_word' id='word_1_1002' title='bbox 2104 5626 2157 5680; x_wconf 91' lang='lat' dir='ltr'><strong>in</strong></span> <span class='ocrx_word' id='word_1_1003' title='bbox 2186 5625 2408 5699; x_wconf 68' lang='lat' dir='ltr'><strong>ircnaao,</strong></span> <span class='ocrx_word' id='word_1_1004' title='bbox 2439 5634 2550 5679; x_wconf 86' lang='lat' dir='ltr'><strong>not.</strong></span> <span class='ocrx_word' id='word_1_1005' title='bbox 2584 5628 2641 5682; x_wconf 80' lang='lat'><strong>5.</strong></span> 
     </span>
    </p>
   </div>
   <div class='ocr_carea' id='block_1_136' title="bbox 424 5698 1993 5770">
    <p class='ocr_par' dir='ltr' id='par_1_136' title="bbox 424 5698 1993 5770">
     <span class='ocr_line' id='line_1_137' title="bbox 424 5698 1993 5770; baseline -0.002 -17"><span class='ocrx_word' id='word_1_1006' title='bbox 424 5698 771 5770; x_wconf 77' lang='lat' dir='ltr'><strong>apostolicam</strong></span> <span class='ocrx_word' id='word_1_1007' title='bbox 797 5710 1006 5755; x_wconf 75' lang='lat' dir='ltr'><strong>:etatem</strong></span> <span class='ocrx_word' id='word_1_1008' title='bbox 1035 5715 1102 5755; x_wconf 92' lang='lat' dir='ltr'><strong>eo</strong></span> <span class='ocrx_word' id='word_1_1009' title='bbox 1132 5700 1182 5754; x_wconf 92' lang='lat' dir='ltr'><strong>in</strong></span> <span class='ocrx_word' id='word_1_1010' title='bbox 1203 5698 1468 5755; x_wconf 89' lang='lat' dir='ltr'><strong>Chronico</strong></span> <span class='ocrx_word' id='word_1_1011' title='bbox 1502 5714 1780 5770; x_wconf 85' lang='lat' dir='ltr'><strong>perperam</strong></span> <span class='ocrx_word' id='word_1_1012' title='bbox 1811 5700 1993 5754; x_wconf 86' lang='lat' dir='ltr'><strong>evehi-</strong></span> 
     </span>
    </p>
   </div>
   <div class='ocr_carea' id='block_1_137' title="bbox 424 5769 1995 5841">
    <p class='ocr_par' dir='ltr' id='par_1_137' title="bbox 424 5769 1995 5841">
     <span class='ocr_line' id='line_1_138' title="bbox 424 5769 1995 5841; baseline 0.001 -17"><span class='ocrx_word' id='word_1_1013' title='bbox 424 5769 701 5841; x_wconf 78' lang='lat' dir='ltr'><strong>tur,initio</strong></span> <span class='ocrx_word' id='word_1_1014' title='bbox 717 5773 887 5840; x_wconf 90' lang='lat' dir='ltr'><strong>quarti</strong></span> <span class='ocrx_word' id='word_1_1015' title='bbox 916 5770 1097 5826; x_wconf 56' lang='lat' dir='ltr'><strong>surculi</strong></span> <span class='ocrx_word' id='word_1_1016' title='bbox 1118 5772 1315 5826; x_wconf 87' lang='lat' dir='ltr'><strong>vixisse</strong></span> <span class='ocrx_word' id='word_1_1017' title='bbox 1330 5769 1684 5841; x_wconf 84' lang='lat' dir='ltr'><strong>cognoscetur</strong></span> <span class='ocrx_word' id='word_1_1018' title='bbox 1706 5788 1771 5825; x_wconf 76' lang='lat' dir='ltr'><strong>ex</strong></span> <span class='ocrx_word' id='word_1_1019' title='bbox 1792 5770 1995 5841; x_wconf 83' lang='lat' dir='ltr'><strong>synodo</strong></span> 
     </span>
    </p>
   </div>
   <div class='ocr_carea' id='block_1_138' title="bbox 426 5840 1996 5913">
    <p class='ocr_par' dir='ltr' id='par_1_138' title="bbox 426 5840 1996 5913">
     <span class='ocr_line' id='line_1_139' title="bbox 426 5840 1996 5913; baseline 0 -16"><span class='ocrx_word' id='word_1_1020' title='bbox 426 5840 726 5907; x_wconf 64' lang='lat' dir='ltr'><strong>Arelatensi</strong></span> <span class='ocrx_word' id='word_1_1021' title='bbox 768 5856 805 5905; x_wconf 84' lang='lat' dir='ltr'><strong>t,</strong></span> <span class='ocrx_word' id='word_1_1022' title='bbox 844 5843 911 5895; x_wconf 84' lang='lat' dir='ltr'><strong>ita</strong></span> <span class='ocrx_word' id='word_1_1023' title='bbox 943 5842 1268 5907; x_wconf 86' lang='lat' dir='ltr'><strong>Florentius,</strong></span> <span class='ocrx_word' id='word_1_1024' title='bbox 1309 5840 1427 5897; x_wconf 89' lang='lat' dir='ltr'><strong>cum</strong></span> <span class='ocrx_word' id='word_1_1025' title='bbox 1470 5842 1747 5897; x_wconf 85' lang='lat' dir='ltr'><strong>Valentina</strong></span> <span class='ocrx_word' id='word_1_1026' title='bbox 1790 5840 1996 5913; x_wconf 85' lang='lat' dir='ltr'><strong>synodo</strong></span> 
     </span>
    </p>
   </div>
   <div class='ocr_carea' id='block_1_139' title="bbox 2177 5690 3721 5769">
    <p class='ocr_par' dir='ltr' id='par_1_139' title="bbox 2177 5690 3721 5769">
     <span class='ocr_line' id='line_1_140' title="bbox 2177 5690 3721 5769; baseline -0.003 -20"><span class='ocrx_word' id='word_1_1027' title='bbox 2177 5698 2251 5767; x_wconf 80' lang='lat' dir='ltr'><strong>(b)</strong></span> <span class='ocrx_word' id='word_1_1028' title='bbox 2282 5690 2804 5769; x_wconf 26' lang='lat' dir='ltr'><strong>lloc&#39;argumentum</strong></span> <span class='ocrx_word' id='word_1_1029' title='bbox 2839 5696 3047 5769; x_wconf 81' lang='lat' dir='ltr'><strong>plenius</strong></span> <span class='ocrx_word' id='word_1_1030' title='bbox 3084 5690 3721 5769; x_wconf 84' lang='lat' dir='ltr'><strong>constituimus_obser_v.</strong></span> 
     </span>
    </p>
   </div>
   <div class='ocr_carea' id='block_1_140' title="bbox 2103 5762 3722 5897">
    <p class='ocr_par' dir='ltr' id='par_1_140' title="bbox 2103 5762 3722 5897">
     <span class='ocr_line' id='line_1_141' title="bbox 2103 5762 3722 5897; baseline -0.002 -74"><span class='ocrx_word' id='word_1_1031' title='bbox 2103 5762 2241 5897; x_wconf 56' lang='lat' dir='ltr'><strong>parti</strong></span> <span class='ocrx_word' id='word_1_1032' title='bbox 2265 5786 2321 5833; x_wconf 85' lang='grc' dir='ltr'><strong>ιι,</strong></span> <span class='ocrx_word' id='word_1_1033' title='bbox 2353 5786 2401 5825; x_wconf 90' lang='lat' dir='ltr'><strong>c.</strong></span> <span class='ocrx_word' id='word_1_1034' title='bbox 2427 5762 2568 5839; x_wconf 36' lang='lat' dir='ltr'><strong>tiu.</strong></span> <span class='ocrx_word' id='word_1_1035' title='bbox 2605 5770 2658 5837; x_wconf 80' lang='lat'><strong>5,</strong></span> <span class='ocrx_word' id='word_1_1036' title='bbox 2690 5770 2780 5825; x_wconf 86' lang='lat' dir='ltr'><strong>ubi</strong></span> <span class='ocrx_word' id='word_1_1037' title='bbox 2802 5762 2856 5825; x_wconf 81' lang='lat' dir='ltr'><strong>ei</strong></span> <span class='ocrx_word' id='word_1_1038' title='bbox 2876 5767 2944 5824; x_wconf 92' lang='lat' dir='ltr'><strong>de</strong></span> <span class='ocrx_word' id='word_1_1039' title='bbox 2969 5768 3187 5823; x_wconf 85' lang='lat' dir='ltr'><strong>Eusebii</strong></span> <span class='ocrx_word' id='word_1_1040' title='bbox 3215 5766 3525 5823; x_wconf 80' lang='lat' dir='ltr'><strong>teStitnonio</strong></span> <span class='ocrx_word' id='word_1_1041' title='bbox 3545 5762 3722 5819; x_wconf 83' lang='lat' dir='ltr'><strong>verba</strong></span> 
     </span>
     <span class='ocr_line' id='line_1_142' title="bbox 2133 5854 2365 5897; baseline 0.009 -2"><span class='ocrx_word' id='word_1_1042' title='bbox 2133 5854 2365 5897; x_wconf 74' lang='lat' dir='ltr'><strong>scimus.</strong></span> 
     </span>
    </p>
   </div>
  </div>
