3984 6306
252 247 358 306 ιϐυ

930 241 1236 303 DISSEB'I'.
1278 242 1346 299 γ.
1386 240 1730 313 APOLOGIA
1771 239 1911 298 PRO
1944 239 2006 299 S.
2048 238 2325 301 lllLARlO
2361 240 2819 303 ARELA'I'ENSI.

3428 237 3536 301 ΠΟ

249 361 572 419 Viennensis
600 362 853 419 Ecclesia:
882 361 996 430 iura
1022 362 1071 415 in
1104 360 1247 415 illam
1283 360 1634 428 provinciam,
1663 360 1832 432 308
1860 360 1911 421 Α
1942 373 2040 413 nec
2087 357 2625 432 metropolitanorum
2677 361 3169 419 ecclesiastirorum
3216 378 3416 423 nomen
3446 372 3536 427 vel

249 435 316 490 de
345 436 485 489 illius
522 445 663 489 statu
694 434 849 503 paulo
875 434 1041 487 fusius
1072 433 1341 503 inquirere
1364 435 1538 500 capite
1562 441 1829 500 sequenti.

317 504 446 561 ΟΑΡ.
481 506 594 561 ΧΙΙ.
632 502 704 559 De
738 514 877 560 statu
914 504 1214 558 Viennensis
1250 502 1498 557 Ecclesia:
1525 505 1831 573 temporibus

254 576 419 632 Marci
450 579 645 632 Aurelii
674 576 994 649 imperatoris
1008 593 1147 649 Acutn
1182 585 1431 649 martyres
1466 574 1832 649 Lugdunenses

245 665 458 715 agonem
487 646 882 719 compleverunt.
902 676 974 689 ——
994 646 1247 703 Ecclesia:
1281 648 1600 701 Viennensis
1624 647 1831 719 patroni

246 735 499 789 magnum
530 718 607 774 ex'
625 719 857 775 Eusebio
884 718 1189 788 praesidium
1212 733 1491 789 arcessere
1514 718 1615 789 sibi
1650 718 1832 772 viden-

248 788 356 852 tnr,
387 801 442 843 ut
472 792 616 845 illius
638 791 755 861 jura
787 792 1181 859 primatnmque
1216 788 1512 845 vindicent.
1543 788 1828 861 Eusebius,

248 860 513 929 inquiunt,
546 863 759 917 disertis
782 862 964 917 verbis
984 861 1244 917 Viennam
1272 860 1610 929 metropolim
1643 860 1827 929 appel-

246 931 344 1003 lat,
361 948 585 1001 eamque
610 933 869 1003 Lugduno
901 934 1195 1003 subiungit,
1213 940 1273 986 ut
1293 947 1412 1001 qua:
1434 933 1605 986 sinon
1636 934 1829 1003 prima,

242 1002 438 1057 saltem
486 1002 720 1059 secunda
771 1004 1065 1059 Galliarum
1112 1002 1307 1059 eivitas
1356 1013 1691 1058 censeretur.
1744 1002 1833 1058 Sic

244 1078 388 1144 enim
414 1074 575 1129 habet
609 1076 870 1131 Eusebius
899 1076 988 1129 lib.
1012 1089 1196 1144 v,c.'tp.
1223 1075 1283 1129 ιε
1318 1074 1385 1127 In
1413 1073 1589 1127 Gallia
1610 1073 1834 1127 stadium

241 1144 312 1198 ad
338 1143 447 1199 lucc
479 1147 713 1201 obeunda
746 1149 1048 1210 certamina,
1089 1143 1204 1213 quia
1233 1161 1390 1214 supra
1426 1145 1831 1212 explanavimus,

242 1217 581 1271 constitutum
632 1220 747 1288 fuit.
805 1215 968 1288 Cujus
1022 1216 1169 1270 urbes
1219 1226 1336 1268 sunt
1386 1216 1541 1288 facile
1583 1215 1837 1284 principes

241 1289 612 1361 μετροπόλιις,
634 1287 698 1343 et
738 1303 854 1361 qua;
880 1287 1072 1361 printer
1110 1295 1331 1361 steteras
1350 1287 1577 1339 omnium
1608 1302 1837 1361 sermone

240 1355 496 1424 pra‘stare
529 1362 799 1422 dicuntur,
825 1355 1161 1429 Lugdunum,
1194 1366 1240 1410 et
1266 1355 1485 1419 Vienna,
1506 1366 1608 1429 etc.
1639 1358 1837 1413 Deinde

241 1429 478 1499 epistola
507 1446 670 1497 quam
703 1428 971 1499 martyres
993 1430 1322 1497 scripserunt
1342 1428 1596 1499 Ecclesiis
1615 1430 1755 1499 Asia:
1772 1437 1835 1499 et

242 1494 601 1569 Phrygi:e,in
624 1501 764 1554 hunc
786 1494 1002 1553 modum
1034 1494 1336 1554 inchoatur:
1368 1498 1667 1569 Serrilesu
1688 1494 1834 1551 Chii-

238 1570 309 1621 sti
353 1567 444 1639 qui
491 1571 746 1625 Viennam
786 1580 832 1623 et
866 1569 1171 1640 Lugdunum
1210 1570 1456 1633 incolunt,
1498 1567 1742 1635 fratribus
1776 1569 1832 1624 in

241 1640 373 1693 Asia
403 1651 450 1713 et
480 1640 734 1713 Phrygia,
765 1650 868 1697 etc.

323 1659 373 1693 ta
403 1659 449 1693 et
480 1659 627 1713 rary
664 1660 734 1705 ia,
765 1659 868 1697 etc.

323 1659 952 1778 Antiquum{’ivnnensis
969 1710 1199 1763 civitatis
1216 1708 1355 1777 apud
1377 1706 1625 1763 ethnicos
1647 1710 1828 1778 splen-

234 1780 434 1835 dorem
469 1798 631 1835 nctuo
661 1792 741 1837 cst
771 1783 858 1848 qui
900 1790 1113 1834 revocet
1143 1780 1193 1833 in
1219 1780 1470 1842 dubium;
1505 1778 1599 1834 sed
1641 1781 1728 1849 qui
1763 1797 1828 1837 ex

235 1850 530 1921 splendido
569 1851 873 1921 hujusmodi
910 1860 1074 1915 statu,
1121 1851 1260 1907 illius
1304 1850 1561 1905 Ecclesia:
1596 1850 1717 1920 jura
1764 1869 1828 1909 ac

228 1919 461 1985 decora,
496 1919 694 1977 nedum
725 1925 1009 1991 primatum
1040 1937 1279 1976 asserere
1308 1919 1607 1987 conantur,
1642 1938 1828 1991 parum

227 1993 488 2047 consulte
524 1994 703 2049 facere
733 1994 861 2048 mihi
892 1994 1157 2048 videntur.
1192 1993 1305 2048 Etsi
1334 1992 1479 2047 enim
1509 1996 1824 2062 posteriori-

232 2062 341 2119 bus
384 2064 645 2119 Ecclesia:
692 2066 1040 2133 temporibus,
1092 2079 1213 2120 cum
1246 2065 1626 2120 ecclesiasticae
1662 2065 1827 2122 disci-

229 2134 404 2203 plinae
444 2135 792 2191 fundamenta
828 2136 996 2205 posita
1037 2144 1177 2201 sunt,
1226 2136 1657 2205 constitutusque
1694 2138 1830 2193 ordo

230 2206 581 2279 hierarchisc,
615 2208 694 2279 (a)
718 2208 783 2261 ad
811 2208 1033 2262 formam
1056 2207 1255 2277 politis:
1274 2208 1444 2263 civilis
1467 2208 1697 2262 ordinati
1722 2212 1835 2265 sint

228 2277 593 2349 ecclesiastici
627 2277 860 2348 gradus,
904 2280 1136 2334 stabilita
1184 2279 1392 2335 sedium
1438 2280 1827 2349 episcopalium

228 2347 494 2418 dignitas,
516 2347 978 2418 metropolitarum
1004 2360 1240 2419 potestas
1260 2358 1459 2413 erecta,
1476 2347 1657 2405 tamen
1683 2367 1831 2406 eam-

230 2420 364 2473 dem
392 2421 688 2491 discipline
712 2420 943 2476 formam
968 2421 1234 2490 inquirere
1258 2422 1308 2475 in
1334 2423 1424 2477 illo
1449 2423 1669 2485 saeculo,
1687 2424 1828 2491 quod

229 2492 599 2561 apostolicum
645 2492 882 2561 proxime
930 2495 1166 2561 excepit,
1220 2494 1519 2561 prmsertim
1571 2494 1622 2546 in
1653 2494 1828 2550 Gallia

228 2560 619 2630 Transalpina.
648 2560 785 2634 quae
829 2563 986 2617 ﬁdem
1019 2560 1142 2617 sero
1187 2560 1423 2629 admisit,
1456 2566 1689 2619 hominis
1717 2577 1824 2633 est,

231 2648 366 2687 meo
387 2634 604 2704 quidem
621 2635 844 2705 judicio,
858 2638 1074 2704 antiqua
1094 2650 1336 2704 novaque
1353 2637 1826 2695 miscentis.Porro

227 2719 399 2759 nemo
431 2722 535 2759 non
563 2708 707 2761 videt
736 2707 968 2761 Eusebio
995 2722 1299 2763 sermonem
1329 2723 1450 2762 esse
1475 2707 1543 2761 de
1566 2707 1826 2775 dignitate

226 2776 385 2832 civili
417 2776 735 2832 Viennensis
763 2778 930 2841 urbis,
964 2792 1121 2847 quam
1148 2778 1213 2832 ad
1256 2778 1675 2834 ecclesiasticam
1713 2793 1825 2834 tra-

228 2848 371 2903 here
404 2856 705 2917 temporum
745 2850 882 2903 ratio
913 2864 1017 2903 non
1048 2850 1195 2920 sinit.
1229 2850 1561 2920 Quamquam
1603 2861 1659 2905 et
1702 2864 1829 2908 tune

231 2920 501 2987 temporis
533 2921 756 2975 multum
784 2920 1060 2976 exciderat
1099 2919 1303 2975 Vienna
1336 2936 1401 2974 ex
1426 2919 1707 2990 ’primatvo
1736 2922 1827 2978 illo

229 2989 529 3062 splendore
548 3008 705 3062 quem
737 2993 807 3045 illi
836 2991 1069 3061 gentiles
1090 2992 1449 3046 eontulerant.

307 3061 365 3117 Ξ.
411 3064 545 3118 Cum
588 3063 855 3119 Eusebius
896 3072 1115 3130 accepta
1159 3078 1226 3117 ex
1265 3063 1589 3131 geograpltis
1636 3064 1826 3121 nOtitia

1856 1749 1907 1810 Β

1941 438 2180 506 potestas
2196 430 2550 506 emersissent
2560 431 2580 482 ’ἓ
2602 432 2658 488 Si
2680 446 2805 502 ergo
2824 443 2948 489 tunc
2976 435 3232 505 temporis
3255 436 3532 506 proprium

1938 502 2251 579 cpisc0pum
2286 501 2470 579 habuit
2496 502 2717 565 Vienna,
2742 501 2948 579 certum
2983 515 3065 561 est
3088 501 3223 564 eum
3254 501 3533 579 metropo-

1939 573 2083 627 litica
2115 574 2433 626 auctoritate
2458 584 2708 626 ornatum
2743 591 2842 630 non
2869 576 3054 633 fuisse.

2007 645 2061 699 ι.
2094 646 2161 699 Ut
2190 645 2406 720 credam
2433 644 2508 713 (ὁ)
2541 643 2935 720 Viennensibus
2964 647 3131 704 alium
3166 659 3289 705 tunc
3317 666 3531 720 praepo-

1935 718 2099 789 situm
2133 732 2237 771 non
2262 714 2427 770 fuisse
2454 715 2754 789 antistitem
2781 732 2936 787 quam
2966 722 3055 787 qui
3079 714 3529 789 Lugdunensibus

1936 786 2223 858 prtefectns
2253 796 2388 848 erat.
2414 801 2519 859 non
2555 785 2703 845 leves
2736 785 2821 843 me
2847 785 3061 845 movent
3085 785 3427 859 conjecturae.

2009 859 2248 933 Primum
2274 861 2415 933 enim
2434 858 2500 933 _id_
2512 869 2578 933 ex
2604 860 2886 926 utriusque
2908 860 3009 915 loci
3030 858 3304 920 vicinitate
3327 864 3526 933 conjici

1944 930 2237 987 admodum
2262 930 2612 1001 probabiliter
2639 938 2835 998 potest,
2853 932 2925 986 uti
2956 939 3012 985 et
3040 947 3101 987 ex
3136 936 3353 1002 penuria
3385 930 3530 991 viro-

1937 1017 2057 1056 rum
2097 1002 2503 1069 episcopalium,
2539 1016 2700 1070 quam
2728 1002 2780 1055 in
2823 1002 2909 1057 illa
2944 1017 3193 1060 nascente
3215 1006 3391 1061 adhuc
3425 1007 3523 1064 Ec-

1948 1072 2113 1127 clesia
2136 1072 2300 1128 fuisse
2322 1087 2533 1145 tequnm
2554 1081 2637 1145 est
2664 1072 2891 1145 opinari.
2908 1072 2978 1129 Ut
3003 1083 3179 1129 autem
3199 1076 3284 1129 illa
3310 1078 3520 1145 episco-

1939 1157 2130 1210 porum
2176 1145 2395 1212 penuria
2426 1144 2663 1211 singulas
2688 1144 2933 1201 civitates
2960 1161 3116 1199 suum
3145 1144 3522 1202 habere'veta-

1938 1214 2051 1275 bat,
2071 1215 2141 1269 ita
2160 1215 2399 1271 modicus
2423 1214 2655 1269 ﬁdelium
2678 1230 2930 1269 numerus
2955 1214 3183 1271 faciebat
3207 1226 3263 1271 ut
3286 1216 3525 1282 pluribus

1941 1301 2078 1340 unus
2110 1288 2241 1341 satis
2268 1302 2330 1341 ac
2357 1301 2517 1351 super
2547 1295 2722 1349 esset,
2759 1300 2866 1351 quo
2893 1286 2961 1340 ad
2994 1286 3313 1343 remotiores
3341 1288 3527 1343 civita-

1942 1365 2020 1410 les
2049 1358 2181 1411 mitti
2214 1366 2431 1426 possent
2458 1354 2693 1424 episcopi
2732 1356 2888 1411 ﬁdem
2936 1358 3275 1427 prtedicaturi
3299 1398 3314 1422 ,
3351 1372 3531 1413 sacra.

1938 1429 2245 1499 nteiitisque
2266 1427 2350 1499 his
2378 1428 2743 1495 consignaturi
2766 1468 2780 1493 ,
2805 1443 2927 1497 quae
2974 1430 3044 1482 ah
3077 1430 3183 1485 alio
3208 1444 3371 1499 quam
3414 1430 3530 1496 epi-

1936 1512 2102 1568 scopo
2118 1498 2351 1552 conferri
2374 1512 2479 1551 non
2510 1511 2768 1565 possunt;
2796 1498 3336 1555 constitutisiuterim
3369 1516 3523 1568 pres~

1935 1567 2141 1637 byteris
2174 1586 2267 1636 per
2298 1569 2557 1623 viciniora
2598 1570 2793 1639 oppida
2818 1610 2833 1636 ,
2869 1586 2897 1623 a
2941 1572 3135 1640 quibus
3187 1567 3523 1639 regerentur,

1933 1640 2033 1694 sub
2062 1641 2298 1709 episcopi
2322 1639 2660 1705 auctoritate,
2688 1641 2795 1696 illic
2824 1639 3221 1698 commomntes
3238 1642 3523 1700 Ecclesia.

1934 1710 2085 1784 Quod
2122 1711 2263 1784 enim
2294 1710 2633 1784 Sardicensis
2661 1720 2845 1778 postea
2875 1715 3114 1784 synodus
3163 1723 3217 1769 et
3256 1715 3373 1768 alia:
3406 1714 3527 1781 plu-

1936 1783 2086 1834 rimae
2122 1782 2373 1836 dixerunt
2400 1782 2466 1835 de
2494 1782 2699 1839 modica
2740 1782 2961 1839 civitate
2989 1830 3001 1849 ,
3036 1786 3121 1839 cui
3155 1784 3353 1841 sufﬁcit
3384 1800 3526 1843 unus

1936 1853 2216 1922 presbyter
2246 1896 2259 1917 ,
2309 1853 2381 1908 ibi
2437 1854 2747 1923 episcopum
2794 1856 3048 1912 constitui
3094 1872 3198 1911 non
3230 1864 3524 1924 oportere;

1932 1925 2036 1997 hoc
2068 1927 2228 1997 etiam
2259 1925 2557 1997 praestitum
2579 1940 2700 1980 esse
2730 1942 2854 1996 erga
2882 1930 3087 1992 amplas
3108 1928 3525 1997 civitates,qui-

1934 1996 2034 2051 bus
2058 1996 2156 2050 soli
2182 1996 2519 2050 sufﬁciebant
2541 1996 2862 2065 presbyteri,
2895 1998 3247 2053 dubitandum
3273 2013 3378 2053 non
3402 1996 3524 2065 est;

1935 2068 2231 2136 praesertim
2263 2081 2384 2122 cum
2409 2077 2465 2121 et
2494 2068 2647 2135 pauci
2691 2076 2848 2123 erant
2880 2069 3066 2125 ﬁdeles
3091 2083 3145 2124 et
3174 2071 3348 2125 vicina
3374 2077 3524 2127 estet

1936 2139 2269 2207 metropolis,
2298 2137 2438 2193 unde
2464 2138 2747 2207 episcopus
2777 2144 2890 2195 sive
2919 2140 2984 2195 ad
3020 2156 3273 2195 manuum
3299 2140 3523 2207 imposi-

1934 2208 2159 2274 tionem,
2180 2211 2291 2264 sive
2312 2208 2379 2264 ad
2404 2209 2504 2264 alia
2535 2211 2857 2277 pontiﬁcalia
2882 2212 3061 2267 munia
3086 2213 3339 2267 accersiri
3366 2208 3526 2269 facile

1935 2290 2163 2349 poterat.
2189 2280 2339 2348 Quod
2366 2298 2395 2333 ει
2426 2279 2768 2351 Lugdunensi
2800 2297 2923 2353 erga
2952 2283 3313 2339 Viennensem
3337 2282 3522 2337 Eccle-

1934 2354 2067 2425 siam
2096 2354 2263 2425 810
2294 2356 2534 2421 prmstari
2559 2362 2703 2425 eteo
2734 2353 2927 2422 potiori
2944 2354 3064 2418 jure
3090 2354 3344 2421 debebat,
3378 2364 3431 2407 et
3451 2367 3519 2409 eo

1932 2422 2142 2479 facilqu
2162 2422 2405 2493 poterat,
2432 2422 2575 2492 quod
2598 2424 2737 2481 sicut
2761 2441 2830 2480 ex
2864 2426 3164 2481 vicinarum
3196 2426 3408 2480 illarum
3448 2425 3526 2481 cio

1931 2496 2151 2549 vitatum
2185 2504 2325 2550 statu
2356 2494 2696 2565 conjicimus,
2722 2496 3016 2554 Viennensi
3048 2498 3373 2553 transfusum
3403 2505 3522 2553 erat

1931 2564 2059 2622 ﬁdei
2092 2568 2287 2621 donum
2311 2581 2341 2620 a
2364 2564 2728 2637 Lugdunensi,
2754 2584 2877 2639 qua:
2905 2570 3075 2639 prima
3104 2569 3263 2625 ﬁdem
3291 2584 3357 2623 ex
3386 2566 3517 2624 Asia

1930 2648 2267 2703 susceperat.

2000 2708 2053 2763 2.
2079 2710 2333 2783 Videmus
2355 2714 2631 2783 utriusque
2658 2711 2807 2767 urbis
2832 2712 3173 2769 Christianos
3204 2710 3364 2766 simul
3380 2723 3519 2783 eon-

1926 2779 2262 2851 junctimqne
2299 2779 2635 2840 scribere'de
2670 2784 2996 2850 martyribus
3036 2783 3147 2838 suis
3169 2827 3183 2849 ,
3217 2791 3271 2838 et
3300 2781 3521 2837 unicum

1931 2851 2184 2923 legatum,
2202 2870 2431 2923 eumque
2448 2871 2512 2910 ex
2536 2854 2779 2909 Ecclesia
2801 2854 3146 2923 Logdunensi
3164 2864 3521 2919 assumptum,

1932 2920 2193 2977 Irenteum
2227 2920 2493 2989 videlicet,
2520 2926 2733 2979 mittere
2764 2925 2829 2978 ad
2861 2920 3163 2978 Romanum
3190 2923 3518 2992 pontiﬁcem,

1934 2996 2127 3061 partim
2157 3002 2214 3048 ιιι
2241 3010 2364 3048 eum
2395 2997 2463 3051 de
2492 3005 2633 3050 statu
2666 2995 3030 3048 Ecclesiarunt
3080 3008 3295 3047 suarum
3325 2994 3523 3047 certio-

1933 3079 2047 3117 rem
2080 3066 2338 3125 laeerent.
2366 3068 2558 3133 partim
2581 3074 2638 3119 ut
2664 3064 2729 3118 ad
2754 3065 2926 3131 ipsum
2950 3064 3238 3118 Gallicana:
3269 3062 3528 3119 Ecclesia:

230 3140 567 3199 utatur,non
590 3136 826 3204 propria,
854 3134 1074 3189 dubium
1100 3149 1205 3187 non
1234 3129 1315 3187 est
1339 3129 1403 3186 ad
1430 3129 1678 3189 eumdem
1701 3151 1828 3191 sen-
1853 3129 1901 3193 Ο
1930 3134 2196 3203 judicium
2218 3129 2455 3191 deferret
2485 3137 2626 3191 circa
2658 3129 3082 3189 controversiam
3120 3148 3240 3202 quae
3269 3134 3321 3187 in
3354 3133 3525 3204 Phry-

231 3218 358 3276 sum
390 3205 795 3276 intelligendum
829 3220 951 3261 eum
979 3219 1101 3259 esse
1130 3218 1193 3259 ac
1224 3205 1544 3276 Strabonem
1576 3206 1826 3264 Graecum

232 3274 445 3345 pariter
469 3274 765 3341 auctorem,
797 3292 864 3333 ex
905 3290 1011 3345 quo
1048 3290 1205 3345 supra
1245 3275 1527 3331 didicimus
1570 3278 1826 3334 Viennam

232 3344 480 3404 Solorutn
531 3348 877 3417 Allobrogum
924 3344 1274 3416 ’metropolim
1331 3347 1514 3419 fuisse,
1562 3350 1651 3419 qui
1706 3365 1826 3405 eam

233 3419 415 3473 solum
461 3421 737 3488 regionem
776 3420 1132 3487 occupabant,
1174 3434 1313 3487 quae,
1358 3428 1414 3473 ιιι
1453 3418 1593 3473 idem
1634 3421 1828 3477 Strabo

236 3499 489 3555 testatur,
521 3491 766 3545 Rhodani
801 3500 854 3545 et
882 3490 1041 3545 Isara:
1071 3489 1200 3562 ripis
1230 3490 1649 3562 concludebatur
1687 3508 1829 3562 pene

236 3561 288 3615 in
326 3563 545 3618 modum
571 3562 782 3618 insulae.
815 3563 926 3616 Hoc
952 3560 1143 3615 suadet
1170 3561 1428 3633 loquendi
1449 3562 1639 3617 modus
1667 3560 1826 3633 quem

237 3633 508 3688 Eusebius
556 3644 777 3701 usurpat
806 3647 926 3687 cum
971 3634 1087 3687 haec
1123 3633 1343 3688 scribit:
1391 3632 1552 3704 Cujus
1598 3632 1827 3703 (Galliae)

235 3704 467 3773 insignes
501 3714 549 3758 et
583 3722 741 3775 supra
779 3713 988 3759 crateras
1030 3713 1329 3772 prmiantes
1374 3706 1681 3775 melropoles
1721 3722 1828 3761 esse

237 3776 485 3828 dicuntur
509 3775 820 3830 Luadununt
842 3785 886 3829 et
921 3775 1139 3829 Vienna.

306 3847 479 3918 809
503 3848 557 3903 5.
585 3846 643 3903 In
676 3847 921 3902 confesso
950 3856 1033 3903 est
1061 3848 1219 3900 etiam
1250 3846 1390 3915 apud
1420 3856 1666 3903 auctores
1698 3864 1830 3905 con-

238 3922 421 3973 trariae
456 3920 763 3982 sententiae,
801 3918 1055 3973 Ecclesiae
1086 3918 1457 3987 Lugdunensis
1488 3920 1709 3974 exordia
1732 3921 1827 3976 de-

236 3988 358 4061 beri
386 3988 619 4044 Pothino
649 3992 928 4059 episcopo,
955 3989 1152 4061 quiens
1181 3990 1234 4043 in
1264 3999 1444 4058 partes
1474 4005 1503 4043 a
1533 3990 1831 4061 Polycarpo

238 4060 490 4131 Smyrnae
509 4061 561 4115 in
574 4061 700 4117 Asia
724 4062 978 4131 episeopo
998 4060 1295 4115 BJoannis
1321 4061 1547 4129 apostoli
1566 4060 1831 4128 discipulo

238 4131 442 4186 missus
469 4143 589 4198 est;
620 4133 760 4201 quod
784 4141 840 4189 et
860 4132 1212 4187 conﬁrmatur
1231 4131 1475 4200 Gregorii
1503 4132 1832 4189 Turonensis

235 4203 591 4268 auctoritate,
624 4204 762 4258 libro
789 4205 959 4271 primo
988 4202 1237 4256 Historiae
1269 4201 1623 4269 Francorum,
1655 4205 1833 4269 capite

234 4272 333 4339 24,
362 4284 417 4329 et
443 4275 627 4331 Severi
660 4274 871 4343 Sulpitii
899 4272 1207 4339 scribentis,
1241 4273 1335 4328 lib.
1365 4289 1401 4327 ιι
1442 4273 1621 4329 Sacrze
1655 4273 1833 4329 Histo-

234 4346 356 4409 ria,
383 4346 525 4414 quod
557 4345 650 4399 sub
675 4346 881 4400 Aurelio
917 4345 1166 4399 Antonini
1213 4344 1323 4409 ﬁlio
1348 4346 1628 4411 persecutio
1656 4346 1834 4413 quinta

234 4416 465 4499 agitata;
496 4433 555 4470 ac
574 4428 684 4499 tum
713 4419 1085 4499 primumintm
1108 4414 1308 4469 Gallias
1328 4417 1576 4499 martyrio
1602 4418 1727 4486 visa,
1755 4433 1835 4499 se:

237 4488 353 4541 rius
383 4499 523 4559 trans
552 4489 706 4558 Alpes
749 4488 843 4543 Dei
870 4488 1115 4558 religione
1139 4496 1395 4559 suscepta.
1428 4489 1493 4542 Et
1522 4502 1711 4543 revera
1741 4490 1827 4557 qui

237 4568 369 4639 tunc
398 4558 669 4639 Lugduni
695 4562 833 4630 passi
853 4568 1005 4639 _sunt
1032 4558 1453 4639 προτομάρῖυρςς
1486 4562 1827 4639 vocantur-du

236 4632 470 4699 epistola
520 4631 899 4701 Lugdunensis
944 4639 1002 4686 et
1032 4630 1677 4686 Viettn‘en'sis'Ecclesize.
1719 4632 1829 4687 Nec

236 4701 391 4770 prius
421 4702 668 4757 eamdem
701 4719 729 4755 a
773 4702 1165 4758 Viennensibus
1212 4716 1515 4773 susceptam
1573 4703 1829 4759 credibile

236 4780 346 4837 est,
376 4774 466 4842 qui
497 4774 749 4829 videlicet
776 4773 1221 4843 Lugdunensibus
1250 4774 1385 4827 adeo
1416 4775 1599 4839 vicini,
1623 4776 1825 4830 eisdem

238 4852 447 4899 tantum
492 4844 693 4899 donum
726 4846 1079 4900 libentissime
1126 4845 1475 4911 infudissent,
1522 4858 1578 4901 nt
1609 4861 1830 4902 necesse

240 4930 353 4969 non
383 4926 527 4972 esset
565 4916 634 4971 ab
664 4917 877 4970 Asianis
904 4915 1039 4971 illud
1085 4916 1386 4984 exspectari
1412 4959 1427 4981 ,
1458 4918 1505 4971 si
1532 4916 1747 4987 quidem
1777 4926 1831 4973 et

236 4987 333 5041 illa
374 4997 557 5058 essent
587 4996 742 5042 antea
788 4988 1000 5042 imbuti.
1030 4988 1163 5055 Quis
1192 5003 1351 5058 porro
1380 4988 1654 5044 exintimet
1685 4990 1828 5045 inter

236 5058 358 5129 ipsa
384 5056 508 5115 ﬁdei
528 5058 769 5123 exordia,
793 5059 861 5114 de
882 5059 1091 5114 duobus
1117 5056 1546 5129 metmpolitanis
1569 5060 1826 5116 ecclesia-

235 5128 391 5202 sticis
417 5130 528 5198 jam
561 5142 671 5185 tum
702 5130 1087 5187 constituendis
1108 5132 1274 5187 fuisse
1295 5128 1591 5202 cogitatum
1617 5132 1670 5186 in
1694 5134 1829 5186 dna-

238 5199 369 5263 bus,
404 5203 619 5271 inquam
648 5243 663 5267 ,
696 5202 951 5257 Ecclesiis
980 5210 1089 5256 tam
1135 5204 1327 5258 vicinis
1350 5199 1391 5269 ,⁷
1413 5214 1519 5258 tam
1570 5204 1828 5273 novellis,

237 5279 352 5327 tam
374 5286 540 5343 parvo
567 5273 1248 5356 Christianorumtnumero
1275 5276 1651 5331 constantibus
1668 5316 1682 5343 ,
1706 5290 1829 5331 cum

1858 4525 1913 4589 D

1934 3207 2016 3275 gia
2065 3218 2183 3259 orta
2232 3218 2347 3261 erat
2389 3207 2457 3263 de
2501 3207 2753 3262 Montano
2778 3248 2793 3273 ,
2825 3204 3104 3262 Alcibiade
3146 3212 3202 3260 et
3248 3204 3529 3261 Theodoto

1935 3278 2441 3348 pseudoprophetis.

2005 3352 2057 3405 3.
2090 3348 2145 3403 ln
2174 3350 2271 3404 hac
2302 3359 2407 3405 tam
2434 3349 2665 3405 celebris
2686 3348 2926 3421 martyrii
2957 3347 3291 3421 narratione,
3323 3346 3528 3421 aliqua,

1936 3420 2100 3475 immo
2161 3421 2490 3477 creberrima
2559 3418 2869 3477 occurreret
2932 3419 3135 3475 mentio
3204 3418 3525 3477 Viennensis

1933 3493 2195 3559 episcopi,
2229 3498 2271 3548 si
2302 3495 2516 3562 quidem
2550 3493 2825 3562 proprium
2860 3492 2977 3548 haec
3003 3491 3192 3547 civitas
3227 3490 3524 3559 habuisset,

1933 3572 1989 3618 et
2019 3565 2167 3634 iubeo
2198 3569 2492 3631 prmscrtim
2522 3565 2640 3619 loco
2672 3566 2758 3620 ubi
2790 3565 3016 3634 legimus
3052 3580 3064 3615 :
3107 3562 3258 3630 Quod
3286 3578 3350 3618 ea:
3382 3572 3529 3617 tura-

1933 3651 2029 3707 que
2056 3632 2290 3691 Ecclesia
2319 3636 2732 3707 prmiantissimi
2755 3632 2961 3706 quique,
2986 3646 3033 3689 et
3055 3650 3271 3705 quorum
3300 3634 3528 3689 maxime

1932 3706 2105 3760 labore
2143 3716 2193 3761 et
2229 3706 2482 3763 industria
2525 3724 2605 3762 res
2636 3707 2721 3761 hic
2762 3708 3056 3763 constituta:
3108 3707 3334 3777 fuerant,
3364 3718 3522 3761 SIIUI-

1934 3792 2107 3833 OINES
2128 3788 2444 3849 tenerentur.
2466 3779 2683 3843 Verum,
2702 3789 2761 3835 ut
2779 3779 2845 3833 de
2865 3778 3206 3849 Lugdunensi
3232 3794 3336 3831 non
3361 3784 3524 3849 tacet,

1933 3850 2086 3919 cujus
2116 3848 2466 3905 fortissimum
2486 3866 2712 3921 agonem
2734 3847 3157 3913 commemorat;
3185 3849 3253 3903 ita
3273 3848 3341 3903 de
3365 3847 3517 3921 Vieno

1935 3918 2087 3976 neusi
2133 3937 2200 3976 ne
2232 3922 2508 3977 vt-rbulum
2524 3918 2753 3991 quidem
2782 3940 2794 3973 :
2825 3935 2985 3990 quem
3019 3928 3200 3991 tamen
3248 3933 3284 3991 a_
3317 3918 3528 3991 reliquo

1936 4000 2230 4061 martyrum
2264 4008 2427 4061 grege
2451 3987 2765 4048 discernere
2792 3987 3053 4061 debuerat
3092 3987 3529 4061 epistola_(sicut

1936 4073 1989 4117 et
2018 4056 2303 4117 diaconum
2350 4056 2672 4132 discrevit),
2703 4063 2747 4115 si
2779 4076 2899 4115 cum
2945 4056 3527 4132 alilseomprehensns

1936 4142 2019 4188 est
2057 4142 2112 4186 et
2144 4148 2353 4202 passus.
2404 4134 2459 4189 Si
2510 4126 2640 4187 vero
2690 4132 2968 4198 gentilium
2999 4127 3351 4202 diligentiam
3392 4126 3528 4197 fugit

1937 4198 2215 4280 evasitque
2243 4202 2617 4280 nianus(quod
2648 4212 2826 4280 tamen
2855 4199 3050 4280 neede
3074 4198 3285 4279 illorum
3303 4206 3528 4280 tempo-

1938 4289 2059 4328 rum
2110 4267 2365 4343 episcopo
2391 4319 2404 4339 ,
2440 4267 2540 4328 nec
2578 4273 2647 4328 de
2691 4270 3075 4343 curiosissimis
3121 4267 3529 4343 inquisitoribus

1940 4338 2213 4421 credibile
2230 4338 2359 4421 esi),
2391 4345 2603 4421 saltem
2614 4343 2763 4421 illum
2789 4341 3073 4421 exhiberet
3091 4338 3246 4421 nobis
3264 4339 3529 4421 [Eusebius

1941 4431 2039 4486 pro
2088 4414 2284 4470 Christi
2321 4411 2487 4486 grege
2526 4414 2837 4480 sollicitum,
2870 4413 3241 4486 laborantique
3271 4411 3529 4486 Ecclesia

1938 4482 2351 4544 subvenienteni
2377 4529 2391 4553 ,
2426 4482 2736 4557 'prtesertim
2790 4496 2912 4554 post
2953 4482 3283 4557 completum
3314 4482 3529 4557 Pothini

1937 4573 2194 4629 agonem,
2227 4558 2381 4628 cujus
2429 4553 2575 4613 mors
2619 4553 2976 4614 necessariam
3030 4553 3291 4629 reddebat
3318 4555 3531 4629 utrique

1936 4626 2191 4708 Ecclesiae
2212 4626 2451 4708 episcopi
2471 4629 2992 4708 Viennensiscnram
3012 4642 3074 4708 ac
3086 4626 3529 4708 sollicitudinem;

1935 4699 2260 4773 scripsisset
2280 4699 2413 4773 ipse
2436 4704 2719 4773 episcopus
2751 4700 3072 4773 Viennensis
3106 4706 3220 4755 tum
3257 4699 3329 4773 ad
3357 4700 3530 4763 alios,

1934 4770 2061 4830 tum'
2084 4770 2314 4829 maxime
2348 4774 2417 4831 ad
2446 4770 2755 4848 episcopum
2799 4772 3103 4848 Romanum
3138 4770 3304 4848 _et_de
3330 4776 3532 4848 marty?

1936 4862 2054 4901 rum
2085 4862 2280 4916 agone,
2311 4856 2365 4901 et
2393 4847 2460 4901 de
2480 4838 2967 4915 pseudoprophetis
2988 4887 3003 4911 ,
3037 4852 3092 4898 et
3118 4840 3186 4897 de
3210 4838 3439 4904 Irenaeo,
3481 4839 3527 4893 si

1935 4918 2151 4987 quidem
2181 4917 2291 4972 illic
2319 4917 2509 4973 fuisset
2534 4916 2727 4987 aliquis
2750 4917 3096 4987 constitutus.

2008 4988 2061 5042 4.
2077 4988 2209 5043 Cum
2232 5004 2337 5044 una
2351 5004 2534 5044 earum
2553 4985 2909 5061 Ecclesiarnm
2927 4985 3179 5061 ab_altera
3195 4990 3433 5061 mutuare
3444 4986 3534 5061 tur

1940 5060 2244 5129 ministros,
2268 5061 2642 5131 Lugdunensis
2661 5074 2690 5113 a
2721 5057 3031 5132 Viennensi,
3056 5052 3372 5132 nonnullum
3391 5051 3532 5132 iudi-

1940 5132 2080 5209 cium
2115 5121 2638 5209 est,'ntr§mqtte_ab
2664 5147 2769 5185 uno
2797 5121 3095 5209 eodemque
3141 5123 3395 5209 episcopo
3439 5121 3533 5209 ξιιμ

1941 5194 2299 5279 mini_stratam
2332 5194 2515 5279 fuisse.
2539 5204 2650 5279 Hoc
2673 5216 2835 5271 porro
2849 5202 2921 5279 _de
2937 5194 3174 5279 diacono
3204 5194 3532 5279 Lugdunen:

1944 5277 2018 5330 sis
2058 5276 2314 5331 Ecclesiae
2347 5274 2565 5331 nomine
2612 5265 2815 5330 Sancto
2847 5269 3108 5340 legimus,
3156 5282 3280 5322 eum
3312 5265 3533 5320 Vienna

1290 5393 1857 5452 BALLERINIORUM
1898 5392 2444 5452 ANNOTATIONES.

319 5481 397 5623 (of
428 5480 570 5551 Lege
595 5480 813 5536 observ.
844 5490 983 5563 part.
1010 5499 1070 5550 ll,
1098 5499 1149 5539 c.
1180 5484 1233 5549 5,
1267 5500 1321 5539 n.
1350 5486 1436 5540 l2.

321 5554 371 5621 (ὁ
446 5553 522 5607 De
570 5552 670 5606 hac
731 5553 1031 5621 perdifﬁcili
1082 5558 1436 5611 controversia

321 5552 395 5621 (ὁ)
446 5553 522 5607 De
570 5552 670 5606 hac
731 5553 1031 5621 perdifﬁcili
1082 5558 1449 5611 controversia
1505 5559 1830 5615 conferenda

246 5636 375 5680 sunt
404 5639 526 5692 qua:
555 5624 607 5677 in
632 5633 913 5694 utramque
944 5635 1147 5693 partem
1176 5628 1550 5684 Tillemontius
1583 5632 1836 5686 observat

245 5708 362 5753 not.
395 5696 429 5750 5
458 5699 509 5750 in
540 5696 743 5768 [renato
767 5737 781 5758 ,
813 5707 943 5751 tom.
974 5698 1037 5752 Ill
1064 5739 1079 5763 ,
1120 5708 1175 5753 et.
1203 5716 1320 5767 quin
1352 5713 1537 5753 contra
1558 5702 1832 5768 Quesnelli

247 5770 575 5831 sententiam
598 5767 816 5826 disserit
848 5768 908 5825 Ρ.
938 5769 1094 5826 Joau.
1124 5774 1387 5827 Antonius
1418 5767 1647 5830 Blancus
1677 5776 1772 5831 lib.
1797 5792 1834 5831 tt

1939 5485 2080 5540 delia
2102 5487 2319 5541 esterior
2347 5484 2552 5539 Polizia
2582 5482 2721 5535 delia
2742 5477 2925 5534 Chiesa
2949 5493 2997 5532 c.
3023 5480 3077 5541 1,
3100 5477 3128 5549 5
3151 5476 3202 5540 9,
3222 5491 3276 5529 ιι.
3297 5475 3351 5530 9.
3374 5473 3537 5531 Plura

1938 5569 1993 5614 et
2033 5576 2129 5612 nos
2159 5561 2211 5612 in
2243 5560 2343 5611 hnc
2372 5568 2423 5611 et
2448 5568 2682 5623 sequens
2712 5563 2869 5623 caput
2893 5549 3323 5623 animadv_erter_e
3345 5560 3535 5623 posse-

1939 5648 2089 5689 mus;
2117 5645 2236 5701 qua:
2270 5640 2447 5701 tamen
2487 5615 2609 5679 cum
2629 5615 2892 5701 instituto
2918 5632 3105 5677 nostro
3134 5615 3538 5701 Vind-iv

1940 5703 2093 5759 candi
2130 5690 2433 5755 necessaria
2464 5712 2567 5749 non
2595 5695 2736 5759 sint,
2766 5690 3101 5765 nimiumque
3127 5690 3497 5751 distraherent
3518 5727 3541 5759 ο

1940 5770 2397 5847 praetermittenda
2433 5775 2710 5842 putamus.
