3984 6306
426 246 520 302 171

886 242 1126 302 PASCH.
1166 240 1555 313 QUESNELLI
1592 237 2184 302 DISSERTATIONES
2219 240 2289 301 IN
2328 240 2388 301 S.
2428 238 2679 301 LEONIS
2716 238 2933 301 MAGNI
2969 241 3223 302 OPERA.

3590 241 3688 300 ιη

424 363 589 421 fuisse
618 370 954 434 prognatum,
988 364 1092 421 ἆπό
1119 364 1351 431 Βιέννηςς
1383 369 1437 416 et
1480 371 1668 434 tamen
1697 374 1728 416 e
1778 358 1995 434 Lugdu-
2024 358 2077 421 Δ
2105 360 2288 434 timus,
2332 364 2588 433 superﬂue
2634 378 2726 417 nos
2765 360 3037 434 consulere
3085 361 3294 418 soluisti
3316 405 3331 430 ,
3366 378 3487 417 cum
3514 379 3683 422 omnes

425 435 581 491 nensi
618 430 765 491 clero
799 430 984 501 fuisse,
1012 436 1067 489 in
1110 430 1287 505 eoque
1308 432 1529 505 diaconi
1544 431 1841 505 ministerio
1876 430 2000 486 fun-

425 516 569 577 ctum
594 548 608 572 ,
636 506 1087 577 quemadmodum
1120 502 1463 561 doctissimus
1490 502 1710 558 Eusebii
1736 504 2003 573 interpres

424 574 672 633 Valesius
696 578 898 645 optime
918 577 1266 632 existimavit.

496 646 550 705 5.
579 648 711 702 Cum
738 647 1024 704 Gallicanae
1053 647 1303 703 Ecclesiae
1331 645 1396 701 ad
1412 645 1680 703 Victorem
1700 660 1887 717 papam
1915 646 2004 701 lit-

425 729 568 775 teras
606 720 869 775 dederunt
895 718 965 775 de
1004 719 1241 789 paschali
1282 720 1681 783 controversia,
1732 732 1851 787 quae
1876 727 2004 772 tunc

426 792 747 861 agitabatur,
779 791 969 861 unicus
1021 790 1255 845 lrenaaus
1306 792 1588 861 episc0pus
1630 789 2000 861 Lugdunensis

427 860 646 917 numine
678 863 919 933 omnium
946 860 1167 933 fratrum
1196 862 1358 933 811
1398 860 1587 933 scribit
1626 877 1638 913 :
1672 860 1999 933 neciuspiam

429 944 651 1003 apparet
671 932 991 988 Viennensis
1016 930 1442 1001 episcopusfqui
1468 941 1645 987 tamen
1674 930 2002 985 omittendus

432 1002 539 1059 nOn
580 1002 772 1059 fuisset
806 1005 857 1059 in
890 1008 1020 1059 tanti
1069 1004 1325 1057 momenti
1364 1004 1599 1071 negotio,
1632 1002 1773 1071 quod
1811 1016 1999 1056 omnes

433 1076 594 1130 totius
626 1074 875 1130 Ecclesia:
896 1075 1175 1144 episcopos
1203 1072 1461 1128 sollicitos
1490 1073 1774 1141 reddebat,
1805 1079 1882 1144 et_
1889 1072 2001 1139 jam

431 1146 485 1200 in
515 1145 747 1216 synodos
786 1142 1098 1217 frequentes
1133 1145 1419 1200 convenire
1446 1144 1807 1217 compulerat.
1845 1142 2002 1199 Certe

432 1215 556 1272 cum
583 1224 725 1270 tanta
768 1215 913 1273 esset
942 1218 1078 1272 inter
1118 1225 1402 1284 utramque
1442 1215 1587 1269 illam
1626 1215 1898 1270 civitatem
1946 1224 2035 1275 et,

430 1287 723 1343 Ecclesiam
765 1288 1135 1350 necessitudo,
1166 1288 1336 1341 unicae
1364 1285 1432 1340 ab
1475 1294 1700 1356 utroque
1745 1285 2001 1355 episcopo

430 1357 671 1428 epistolae
700 1359 1056 1428 subscriptum
1106 1369 1288 1422 esset,
1339 1372 1438 1411 nec
1480 1356 1787 1428 suffragium
1845 1372 1999 1412 suum

429 1426 677 1484 conferre
716 1426 989 1486 omisisset
1027 1428 1365 1485 Viennensis.
1411 1428 1487 1482 Ex
1537 1426 1809 1498 quo’mibi
1854 1438 2001 1483 recte

428 1500 751 1556 concludere
801 1500 1017 1565 videor,
1071 1516 1175 1554 non
1216 1500 1375 1554 alium
1426 1497 1711 1554 illie’tune
1745 1498 2001 1567 temporis

428 1573 777 1642 constitutum
810 1572 971 1627 fuisse
997 1572 1305 1642 episc0pum
1327 1610 1343 1635 ,
1375 1586 1532 1640 quam
1563 1570 1651 1638 qui
1687 1569 1826 1642 apud
1863 1571 2001 1641 Lug-

430 1640 634 1697 dunum
681 1642 862 1698 sedem
907 1640 1279 1706 habe—betae:
1325 1655 1693 1711 quagsparsos
1740 1641 1854 1695 sive
1905 1640 2000 1710 per

430 1711 908 1805 Vietlnensjensive
948 1729 1041 1805 pejr
1070 1714 1181 1805 alia
1208 1708 1404 1805 Oppida
1432 1708 1761 1767 Christianos
1786 1726 1880 1782 per
1908 1708 1995 1768 se-
2029 1741 2078 1805 Β

431 1784 592 1839 cundi
617 1784 818 1839 ordinis
843 1784 1148 1840 sacerdotes
1176 1783 1411 1854 regebat.

490 1855 650 1909 “Hanc
686 1855 990 1924 Opinionem
1018 1872 1085 1911 ex
1112 1861 1225 1924 ipsa
1255 1855 1479 1925 epistola
1507 1854 1677 1909 refelli
1705 1854 1890 1923 objicit
1921 1855 2001 1910 vir

428 1924 769 1995 doctissimus
812 1927 1070 1982 Henricus
1099 1924 1343 1982 Valesius
1380 1943 1392 1977 :
1425 1941 1488 1980 ea
1538 1926 1756 1995 quippe,
1788 1928 1999 1995 inquit,

428 1994 718 2068 Pothinum
744 1998 1051 2067 episcopum
1074 1997 1316 2068 Lugduni
1343 1996 1506 2051 fuisse
1526 1994 1801 2068 digii,n0n
1819 1994 1999 2053 autem

426 2067 679 2139 Viennm;
711 2066 986 2139 diStinguit
1013 2066 1471 2139 etianipxpressis
1496 2066 1673 2122 verbis
1694 2068 1834 2123 inter
1860 2068 2001 2139 Lng-

430 2136 727 2194 dunensem
763 2136 1060 2196 Ecclesiam
1090 2148 1144 2194 et
1184 2137 1540 2194 Viennensem
1576 2156 1589 2191 :
1637 2153 1739 2195 nec
1768 2136 2000 2209 antiquis

427 2210 779 2281 scriptoribus
827 2212 883 2266 in
912 2226 1061 2265 more
1111 2218 1193 2265 est
1220 2210 1486 2281 Ecclesiae
1524 2225 1719 2265 nomen
1761 2211 2000 2267 tribuere

427 2280 785 2347 nisi'matrici,
819 2298 977 2351 quam
1004 2297 1101 2337 nos
1129 2280 1487 2337 cathedralem
1513 2296 1783 2336 vocamus.

500 2352 582 2407 Ad
626 2354 852 2421 primum
883 2353 1037 2409 facile
1066 2352 1454 2421 reSpondemus
1495 2368 1783 2422 numquam
1814 2354 1866 2408 in
1899 2369 1999 2410 usu

427 2422 512 2477 vel
534 2425 660 2478 olim
706 2425 868 2480 fuisse
894 2466 908 2487 ,
944 2424 1027 2479 vel
1071 2424 1230 2479 etiam
1259 2439 1379 2478 esse
1407 2424 1458 2477 in
1487 2426 1767 2493 praesenti,
1799 2434 1856 2479 ut
1880 2426 1999 2495 epi-

427 2507 658 2565 scopus,
705 2496 792 2565 qui
826 2496 1000 2564 plures
1047 2510 1156 2549 suae
1198 2495 1388 2550 ditioni
1431 2494 1699 2564 subjectas
1754 2496 2000 2551 habuerit

428 2564 678 2620 civitates
707 2564 789 2619 vel
820 2567 1038 2636 oppida,
1071 2566 1303 2633 plurium
1352 2566 1635 2635 episcopos
1672 2566 1995 2634 nominetur,

426 2636 521 2707 sed
553 2637 693 2691 illius
726 2646 929 2692 tantum
970 2651 1090 2707 quae
1120 2637 1387 2707 praecipua
1413 2646 1528 2692 erat
1566 2644 1623 2692 et
1650 2637 1884 2705 episcopi
1913 2653 2000 2693 se-

427 2705 523 2760 des
554 2725 565 2759 :
591 2708 731 2776 quod
763 2709 921 2763 etiam
952 2705 1018 2763 iis
1038 2705 1259 2778 contigit
1283 2705 1403 2778 qua:
1446 2708 1572 2762 olim
1603 2709 1889 2777 episcopali
1911 2710 1997 2764 di-

426 2778 628 2843 gnitate
672 2789 874 2834 ornatae
922 2780 1149 2835 fuerant.
1205 2777 1636 2834 Sic’Cemelensi
1685 2780 1895 2834 civitate
1943 2788 1999 2835 et

426 2847 691 2904 Nicaeensi
719 2852 907 2907 Castro
944 2852 1045 2906 sub
1075 2866 1180 2907 uno
1218 2851 1473 2919 episcopo
1494 2851 1678 2916 unitis,
1714 2853 1857 2919 prior
1885 2852 1999 2907 sola

424 2922 573 2976 dedit
594 2922 845 2990 episcopo
871 2938 1087 2980 nomen.
1106 2922 1461 2992 Antipolitana
1486 2924 1612 2976 sede
1642 2922 1707 2975 ad
1735 2922 1996 2979 tirassen-

422 3004 542 3047 sem
590 2994 860 3050 civitatem
916 2996 1210 3061 translata,
1265 3004 1317 3048 et
1367 2992 1707 3049 Malleacensi
1760 2992 1998 3063 Rupellm

423 3065 733 3137 constituta,
769 3082 870 3123 nec
898 3068 1090 3137 prioris
1111 3069 1393 3135 episcOpus
1419 3066 1609 3137 dictus,
1631 3073 1714 3121 est
1748 3064 1998 3121 Classen-

2104 431 2353 487 Ecclesia:
2371 431 2559 489 nostra:
2578 434 2713 488 intra
2729 433 2978 487 civitatem
2990 433 3091 487 sint
3112 435 3422 489 constitutae.
3441 436 3506 490 Et
3526 436 3686 491 Atha-

2106 507 2287 559 nasius
2316 507 2369 559 in
2399 505 2585 577 eadem
2614 504 2858 575 apologia
2900 502 2937 556 2
2970 505 3131 559 citata
3172 505 3440 577 synodum
3484 506 3678 562 Roma-

2106 589 2250 646 nam,
2284 590 2314 630 a
2334 592 2436 644 qua
2467 576 2520 631 in
2551 576 2984 631 communionem
3009 576 3290 646 susceptus
3320 585 3459 644 erat,
3484 578 3561 632 ait
3594 594 3681 635 ce-

2104 642 2365 720 lebratam
2406 648 2619 720 essein
2670 647 2905 720 Ecclesia
2953 646 3007 701 in
3050 642 3359 720 qua—Biton
3400 642 3682 720 presbyter

2106 715 2312 789 plebem
2344 719 2646 789 colligebat.
2678 718 2733 772 In
2758 717 3027 773 GalliCana
3055 715 3273 774 dimcesi
3305 718 3372 773 de
3400 715 3504 786 qua
3537 715 3679 787 quae-

2104 787 2210 849 stio
2234 797 2348 856 est,
2372 806 2399 842 a
2438 787 2666 845 cnncilio
2698 789 2929 857 Regensi
2974 804 3062 843 an.
3094 789 3201 845 459
3247 791 3596 855 conceditur,
3628 800 3685 849 ut

2109 857 2449 933 Armentario
2479 875 2527 933 a7
2552 861 2680 915 sede
2711 860 3078 933 Ebredunensi
3091 861 3335 933 deiecto,
3364 863 3678 933 cuicumque

2104 928 2172 983 de
2198 932 2466 1000 episcopis
2497 932 2656 987 liceat
2696 948 2851 985 unam
2889 931 3248 999 parochiarum
3286 949 3503 986 suarum
3533 928 3683 988 eccle-

2102 1001 2228 1055 siam
2262 1004 2455 1068 cedere,
2482 1004 2543 1074 in,
2561 1020 2662 1074 qua
2691 1014 2777 1056 aut
2819 1004 3167 1073 chorepiscOpi
3194 1004 3430 1071 nomine,
3466 1014 3521 1057 ut
3548 1005 3676 1061 idem

2102 1088 2265 1146 canon
2287 1074 2506 1146 (Nicaen.
2525 1073 2599 1142 8),
2621 1082 2711 1128 aut
2729 1075 3011 1146 peregrina,
3033 1080 3086 1146 ut
3110 1075 3278 1142 aiunt,
3302 1076 3677 1143 communione,

2103 1143 2353 1216 foveatur.
2383 1144 2438 1200 ln
2475 1160 2584 1216 quo
2608 1160 2814 1201 canone
2845 1143 3128 1215 quinquies
3156 1159 3221 1199 eo
3251 1160 3415 1201 sensu
3460 1160 3683 1215 usurpa-

2106 1222 2191 1297 tur
2218 1215 2470 1298 Ecclesiae
2495 1215 2862 1298 inomengnbis
2897 1217 3069 1298 etiam
3113 1217 3163 1298 in
3202 1226 3410 1298 quarto,
3427 1222 3599 1298 toties
3626 1220 3677 1274 in

2103 1286 2307 1353 quinto.
2340 1289 2415 1341 Ac
2447 1303 2512 1342 ne
2535 1302 2691 1356 quam
2720 1287 3004 1341 illustrium
3029 1285 3389 1341 Ecclesiarum
3427 1289 3676 1344 intactam

2104 1358 2601 1424 praetermittamus,
2633 1358 2773 1413 idem
2806 1358 2958 1411 nobis
2986 1366 3194 1411 constat
3220 1357 3289 1411 de
3320 1357 3572 1413 Africana
3612 1376 3677 1415 ex

2101 1426 2337 1494 Africani
2364 1430 2567 1485 codicis
2591 1429 2885 1485 canonibus
2910 1428 2998 1494 3‘5,
3030 1428 3130 1493 98,
3174 1428 3243 1483 99
3272 1439 3326 1484 et
3354 1429 3496 1497 aliis,
3528 1431 3613 1485 ubi
3646 1446 3675 1487 a

2102 1500 2323 1555 matrice
2353 1502 2579 1556 ecclesia
2601 1500 2998 1567 distinguuntur
3026 1499 3144 1553 alite
3185 1500 3462 1564 ecclesiae,
3494 1501 3676 1557 eadem

2103 1575 2279 1643 gamen
2310 1572 2668 1641 appellatione
2696 1569 3169 1643 gaudentes.‘Vide
3197 1571 3345 1643 apud,
3363 1571 3673 1641 Dionysium

2104 1640 2365 1713 Exiguum
2388 1640 2594 1699 citatos
2629 1640 2894 1711 canones,
2924 1640 3116 1713 quibus
3158 1640 3527 1697 exscribendis
3555 1644 3675 1700 bre-

2103 1711 2474 1785 vitatisigratia
2505 1715 2935 1785 supersedemus.

2176 1782 2227 1837 6.
2254 1782 2332 1839 Ei
2364 1788 2528 1842 veteri
2572 1782 2853 1840 iraditione
2897 1784 3191 1842 Valentinte
3244 1794 3300 1841 et
3344 1785 3668 1843 Arelatensis

2104 1853 2487 1929 Ecclesiarum,
2504 1872 2567 1911 ex
2594 1856 2817 1912 Usuardi
2840 1856 3219 1929 Martyrologio
3244 1857 3311 1911 ad
3338 1872 3388 1929 is
3414 1854 3523 1911 kal.
3557 1858 3672 1929 Maii

2103 1932 2158 1979 et
2193 1940 2258 1980 ex
2289 1927 2437 1982 Actis
2458 1929 2766 1999 Martyrum,
2800 1944 2920 1999 quae
2946 1927 3086 1999 apud
3110 1928 3322 1985 Surium
3352 1928 3553 1999 iacent,
3576 1928 3676 1999 Vdo-

2103 2008 2289 2069 cemur
2339 1999 2595 2064 plurimos
2634 1999 2857 2068 populos
2897 1998 3141 2069 Lugduni
3182 1998 3388 2054 vicinos
3424 1999 3492 2053 ad
3519 1998 3674 2069 fidem

2103 2066 2320 2131 Christi,
2346 2069 2549 2125 Irenaeo
2587 2066 2668 2124 vel
2703 2066 3056 2139 prtedieante,
3088 2070 3170 2125 vel
3200 2072 3476 2137 mittente,
3508 2068 3671 2127 fuisse

2102 2152 2411 2211 conversos,
2444 2139 2799 2211 eumdemque
2824 2155 2919 2210 per
2950 2156 3013 2196 ea
3042 2141 3157 2196 loca
3184 2140 3477 2196 ChriStiani
3503 2140 3671 2197 cultus

2103 2207 2445 2283 fundamenta
2493 2207 2991 2283 jecisseJIta'enim
3025 2213 3219 2269 habent
3256 2218 3389 2267 Acta
3428 2213 3664 2283 martyrii

2102 2279 2199 2341 SS.
2231 2282 2425 2355 Felicis
2457 2279 2752 2355 presbyteri
2773 2325 2788 2347 ,
2834 2283 3110 2355 Fortunati
3145 2292 3200 2355 et
3233 2283 3459 2355 Achillei
3481 2279 3672 2355 diaco-

2102 2368 2312 2425 norum.
2348 2351 2519 2425 Igitur
2553 2351 2869 2408 beatissimus
2898 2351 3128 2409 Irenteus
3158 2354 3514 2424 Lugdunensis
3538 2355 3673 2410 urbis

2101 2424 2389 2497 episwpns,
2423 2426 2743 2496 consequenti
2770 2433 2989 2497 tempore
3011 2436 3222 2497 martyr,
3254 2426 3309 2479 in
3331 2441 3435 2497 quo
3457 2425 3669 2497 disposi-

2101 2494 2238 2549 tione
2263 2494 2434 2550 divina
2472 2494 2794 2551 instituenda
2828 2494 2949 2566 ﬁdei
2988 2494 3323 2566 fundamenta
3345 2494 3571 2549 mirabili
3603 2497 3673 2551 la-

2099 2575 2213 2621 cata
2242 2568 2481 2635 ﬁrmitate
2517 2568 2812 2622 constabant
2839 2608 2854 2631 ,
2883 2566 3109 2622 Felicem
3151 2567 3499 2638 presbyterum
3521 2608 3537 2633 ,
3575 2578 3672 2622 tam

2103 2640 2485 2694 conversatione
2508 2656 2661 2707 quam
2699 2640 2899 2693 nomine
2918 2678 2933 2703 ,
2963 2638 3307 2692 Fortunatam
3347 2639 3400 2692 in
3426 2654 3526 2706 quo
3556 2656 3673 2693 con-

2099 2710 2452 2765 summationis
2476 2710 2675 2764 divitias
2695 2710 2963 2779 adfuturus
2987 2710 3060 2763 rei
3079 2708 3523 2781 jam‘vocabulum
3550 2727 3669 2778 pro-

2100 2782 2347 2863 mittebat,
2379 2792 2423 2834 et
2467 2778 3092 2863 Achilleum’aiaconum:
3116 2778 3421 2863 Valentiam
3442 2781 3559 2863 urbi
3577 2798 3669 2863 pro

2100 2852 2386 2906 imbuenda:
2435 2853 2811 2920 praedicationis
2841 2853 3111 2906 seminario
3155 2851 3444 2905 destinavit.
3490 2851 3588 2907 Ubi
3618 2861 3672 2908 et

2100 2924 2393 2992 generatim
2419 2924 2537 2978 lidei
2570 2924 2679 2978 illic
2702 2922 2995 2978 condendae
3024 2922 3367 2977 fundamenta
3392 2921 3446 2977 in
3471 2922 3670 2979 Irenaeo

2101 3008 2224 3049 esse
2255 2995 2424 3063 posita
2462 2994 2641 3049 divina
2672 2993 3021 3063 dispositione
3051 2992 3243 3048 asserit
3281 3002 3501 3059 auctor,
3530 3002 3584 3048 et
3619 2995 3670 3050 in

2104 3066 2408 3134 particulari
2442 3066 2635 3120 missos
2656 3080 2776 3120 esse
2805 3065 2872 3119 ab
2898 3080 2963 3120 eo
2994 3064 3289 3119 Valentiam
3321 3064 3440 3120 fidei
3468 3080 3667 3133 praeco-

422 3135 498 3207 sis
524 3147 578 3191 et
621 3127 1045 3207 Antipolitanus,
1095 3127 1196 3193 nec
1227 3127 1539 3207 posterioris
1586 3136 1917 3202 Rupellanus
1942 3127 2069 3195 etC
2102 3127 2196 3191 hes
2222 3146 2625 3191 commemorat.
2672 3135 2822 3203 Quod
2846 3146 2923 3207 iet
2968 3147 3249 3207 narratum!
3282 3127 3581 3204 reperimus
3609 3136 3663 3191 in

422 3206 809 3264 Malleacensis.
843 3209 1007 3264 Multo
1050 3206 1239 3263 minus
1266 3224 1395 3263 vero
1445 3209 1497 3262 id
1532 3220 1706 3263 actum
1752 3219 1834 3262 est
1873 3225 1997 3265 cum

422 3278 542 3331 aliae
566 3278 831 3347 civitates,
864 3282 1035 3335 aliave
1067 3279 1280 3349 oppida,
1315 3296 1431 3347 qua:
1460 3294 1747 3348 numquam
1780 3280 1866 3333 tali
1896 3280 1996 3336 ho-

425 3362 559 3402 nore
579 3350 849 3421 decorata:
878 3350 1123 3415 fuerant,
1148 3350 1371 3421 insignis
1389 3350 1613 3421 alicujus
1630 3349 1861 3404 civitatis
1878 3353 1995 3421 epi—

424 3432 593 3487 scopo
623 3420 991 3488 subjacebant.
1020 3421 1151 3487 Quis
1167 3420 1311 3476 enim
1339 3420 1498 3474 modo
1527 3420 1836 3489 episcopum
1870 3420 1998 3477 Lin-

423 3504 714 3559 gonensem
737 3500 790 3545 et
820 3492 1197 3546 Divionensem
1227 3490 1458 3556 dixerit,
1489 3490 1572 3546 vel
1602 3492 1993 3560 Senonensem,

424 3572 480 3614 et
504 3561 963 3627 Melodunensem,
995 3571 1085 3615 aut
1112 3562 1518 3617 Atrebatensem
1542 3570 1597 3616 et
1626 3561 1954 3618 Duacensem
1977 3603 1994 3627 ,

425 3630 823 3687 Tornacensem
854 3644 908 3688 et
929 3632 1256 3698 lnsulanum,
1281 3640 1335 3686 et
1364 3634 1441 3686 sic
1466 3634 1534 3688 de
1551 3633 1819 3687 sexcentis
1844 3633 1997 3687 aliis?

493 3702 578 3757 Ad
608 3704 910 3775 secundam
958 3702 1274 3775 objectionis
1305 3712 1508 3772 partem
1564 3703 1707 3771 dico,
1741 3704 1995 3775 distingui

424 3775 565 3827 inter
604 3774 1013 3842 Lugdunensem
1060 3784 1113 3828 et
1161 3774 1516 3830 Viennensem
1559 3775 1865 3841 Ecclesias,
1895 3775 2000 3831 etsi

424 3844 564 3916 inter
610 3845 1019 3914 Lugdunensem
1051 3854 1105 3900 et
1150 3845 1500 3901 Viennensem
1550 3846 1856 3916 episcopum
1888 3862 1996 3902 non

423 3914 796 3987 distinguatur.
830 3916 961 3971 Nota
998 3926 1080 3971 est
1122 3918 1262 3972 enim
1302 3917 1448 3971 vocis
1478 3914 1997 3987 Ecclesite’aeceptio

421 3986 564 4055 apud
615 3988 913 4057 apostolum
951 3987 1170 4043 Paulum
1226 3989 1652 4058 apostolicosque
1707 3986 1997 4059 scriptores

424 4062 667 4128 usurpari
715 4060 871 4113 solita
941 4074 1034 4128 pro
1078 4061 1314 4129 quolibet
1367 4061 1605 4115 fidelium
1652 4068 1815 4115 cmtu.
1866 4060 1997 4129 Quae

421 4131 662 4199 acceptio
673 4129 885 4185 Pothini
904 4133 1319 4200 apostolicorum
1338 4132 1831 4200 virorumdiscipuli
1858 4144 1995 4187 tem-

424 4215 555 4268 pore
587 4202 814 4271 vigebat,
842 4217 964 4257 cum
987 4202 1146 4273 etiam
1178 4205 1523 4273 sequentibus
1553 4203 1764 4258 smculis
1785 4203 1847 4273 in
1895 4218 1995 4260 usu

424 4273 601 4345 fuerit.
628 4268 683 4328 S.
716 4268 1045 4327 Athanasius
1073 4274 1124 4328 in
1150 4268 1479 4345 apologetico
1501 4275 1536 4329 2
1561 4284 1745 4330 contra
1766 4272 1995 4329 Arianos

422 4344 535 4397 haec
567 4344 755 4406 habet,
782 4347 974 4411 quibus
1020 4347 1281 4399 sententia
1312 4344 1510 4400 nostra
1550 4346 1901 4401 confirmetur
1928 4346 1996 4401 de

423 4413 766 4487 Lugdunensi
787 4423 842 4467 et
870 4414 1161 4487 \'_ien_nensi
1193 4417 1448 4473 Ecclesiis
1482 4416 1576 4471 sub
1607 4431 1711 4470 uno
1738 4418 1995 4487 episcopo

421 4484 737 4551 degentibus
762 4524 777 4548 ,
810 4492 865 4539 et
892 4484 960 4540 de
987 4485 1241 4540 Ecclesiae
1270 4490 1487 4542 nomine
1516 4489 1580 4541 iis
1617 4487 1777 4541 etiam
1809 4484 1993 4542 civita-

422 4553 565 4625 tibus
604 4554 874 4621 impertito
916 4570 1036 4623 quia
1073 4557 1402 4625 episcopales
1446 4557 1602 4612 sedes
1639 4572 1745 4610 non
1788 4568 1940 4611 erant
1976 4576 1987 4611 :

421 4624 698 4688 Mareotes,
726 4625 927 4692 inquit,
956 4625 1091 4695 regio
1116 4637 1188 4679 est
1224 4624 1563 4691 Alexandrite,
1596 4642 1688 4679 nec
1715 4627 1849 4679 ullus
1881 4644 1993 4680 um-

420 4710 575 4764 quam
595 4695 647 4768 in
663 4710 723 4747 ea
751 4696 851 4764 fuit
871 4696 1157 4768 episcopus,
1176 4712 1237 4768 ac
1257 4714 1318 4751 ne
1339 4698 1726 4768 chorepiscopus
1746 4697 1989 4766 quidem;

416 4767 507 4840 sed
528 4766 772 4840 universa:
794 4767 1152 4840 ejusregionis
1175 4766 1418 4840 Ecclesia:
1433 4766 1595 4840 812
1616 4766 1855 4840 subjecta:
1873 4779 1991 4823 sunt

417 4839 670 4910 episcopo
692 4835 1060 4892 Alexandrino.
1112 4838 1320 4910 Singuli
1352 4835 1830 4910 anim—presbyteri
1866 4857 1986 4910 pro-

415 4910 558 4975 prios
585 4906 769 4981 habent
794 4925 1183 4981 pagosteosque
1204 4906 1473 4977 maximos,
1507 4906 1663 4965 denos
1689 4906 1943 4965 interdum
1968 4954 1984 4981 ,

413 4988 504 5032 aut
549 4978 738 5050 plures.
771 4978 927 5047 Apud
972 4978 1325 5037 Sonmennm
1377 4984 1567 5050 etiam,
1594 4981 1687 5036 lib.
1721 4997 1814 5049 vtt,
1846 4978 1983 5038 Hist.

413 5064 534 5118 cap.
566 5048 649 5124 l9,
683 5050 797 5105 haec
824 5051 1046 5124 legimus
1073 5068 1085 5105 :
1119 5052 1221 5107 Per
1247 5053 1513 5124 Scythiam
1540 5048 1656 5107 cum
1680 5055 1779 5107 sint
1802 5048 1985 5107 Civita-

412 5131 487 5195 tes
523 5122 718 5195 multae,
752 5123 1201 5195 ununtqrdumtaxat
1239 5122 1335 5179 hte'
1357 5141 1526 5179 omnes
1564 5124 1856 5195 episcopum
1884 5126 1982 5179 Ita-

412 5191 548 5247 bent.
577 5192 760 5248 Canon
796 5192 862 5247 15
900 5193 1252 5251 Sardicensis.
1287 5195 1386 5260 Si,
1416 5191 1620 5265 inquit,
1649 5191 1985 5264 est'proxima

408 5265 606 5337 civitas,
646 5265 702 5337 in
726 5281 839 5337 qua_
856 5275 927 5320 est
956 5266 1233 5337 presbyter,
1258 5282 1320 5321 ne
1347 5267 1459 5320 sine
1494 5266 1729 5337 Ecclesia
1744 5267 1985 5337 uideatur

435 5336 579 5391 'acere
620 5335 755 5390 diem
802 5335 1128 5391 Dominicum
1159 5376 1175 5403 ,
1224 5338 1348 5392 illuc
1400 5338 1630 5392 accedat.
1692 5335 1793 5391 Ubi
1832 5336 1980 5392 vides

432 5420 572 5477 onge
596 5407 755 5463 etiam
783 5416 904 5477 post
928 5408 1116 5464 lrenazi
1144 5416 1386 5478 tempora
1428 5418 1481 5463 et
1510 5408 1737 5463 civitatis
1768 5407 1976 5478 plebem

407 5492 519 5533 non
538 5478 608 5533 ab
634 5480 905 5551 episcopo,
933 5480 1027 5535 sed
1047 5494 1077 5533 a
1100 5477 1413 5551 presbytero
1442 5477 1979 5551 solum_administ_ra-

406 5555 517 5602 tam
543 5590 559 5615 ,
590 5558 644 5603 et
672 5548 923 5604 Ecclesia:
964 5548 1180 5607 nomine
1216 5548 1523 5607 decoratam
1569 5548 1753 5605 fuisse.
1787 5549 1845 5602 ln
1872 5548 1979 5604 Ro-

407 5632 565 5691 mana
596 5618 838 5691 Ecclesia
867 5621 1055 5677 eodem
1076 5636 1237 5677 sensu
1260 5629 1514 5691 usurpata
1535 5627 1635 5685 est,
1658 5619 1975 5691 teSte_lnno-

407 5689 586 5743 centio
614 5690 797 5761 papa‘l
825 5734 838 5757 ,
872 5694 1027 5761 epist.
1060 5692 1127 5747 ad
1157 5687 1467 5748 Decentium
1492 5707 1609 5761 cap.
1643 5691 1676 5745 5
1711 5708 1723 5742 :
1767 5687 1845 5746 De
1870 5695 1976 5761 fer-

406 5768 576 5816 mento
597 5774 733 5829 vero,
757 5759 943 5833 inquit,
979 5764 1110 5833 quod
1141 5764 1222 5818 die
1254 5763 1519 5819 Dominico
1542 5759 1629 5833 per
1658 5762 1830 5820 titulos
1859 5759 1976 5817 mit-

2102 3208 2402 3263 Arelatensi
2434 3207 2704 3261 Breviario
2730 3206 2795 3259 ad
2826 3206 2964 3261 diem
2990 3207 3062 3261 25
3103 3205 3324 3275 Aprilis.
3355 3208 3407 3261 in
3436 3222 3537 3276 qua
3579 3222 3668 3262 eo-

2101 3279 2343 3353 rumdem
2383 3287 2688 3353 sanctorum
2717 3278 2879 3349 813
2919 3286 3210 3349 martyrum
3249 3278 3669 3353 solemttitas_ce-

2101 3348 2356 3404 lebratttr.
2378 3349 2485 3404 Sed
2508 3359 2561 3404 et
2587 3348 2868 3404 utrumque
2895 3356 3301 3403 monumentum
3331 3348 3397 3403 de
3422 3348 3533 3402 aliis
3562 3348 3664 3403 Ve-

2100 3422 2403 3476 sontionem
2449 3420 2517 3474 ab
2554 3419 2741 3476 codem
2772 3418 2993 3474 directis
3039 3419 3361 3474 mentionem
3402 3418 3554 3483 iacit,
3588 3419 3656 3473 de

2101 3492 2297 3545 sanctis
2339 3490 2586 3545 videlicet
2629 3489 2882 3545 Ferreolo
2925 3499 2979 3544 et
3011 3490 3324 3545 Ferrutione
3347 3531 3361 3554 ,
3383 3504 3537 3556 quos,
3573 3488 3659 3542 in-

2099 3561 2286 3627 quiunt
2316 3562 2447 3616 Acta
2478 3562 2616 3630 apud
2643 3561 2876 3627 Surium,
2905 3570 3212 3616 memoratus
3235 3560 3541 3616 beatissimus
3570 3576 3669 3614 an-

2100 3633 2285 3705 tistes_(
2306 3632 2567 3705 Irettmus)
2600 3633 2928 3705 destinaverat
2952 3633 3019 3686 ad
3041 3630 3471 3705 ‘Vesuntionensis
3496 3630 3668 3705 civita-

2099 3705 2164 3758 tis
2222 3702 2506 3758 Ecclesiam
2563 3704 2857 3758 instituendi
2920 3702 3237 3773 fundaminis
3302 3702 3672 3758 constructione

2100 3775 2390 3829 locandam.
2425 3775 2502 3828 Ex
2530 3775 2720 3843 quibus
2750 3783 2969 3843 apparet
3004 3773 3332 3829 rarissimam
3364 3774 3520 3827 etiam
3550 3781 3673 3841 post

2101 3855 2328 3902 mortem
2374 3845 2588 3901 Pothini
2633 3845 2793 3899 fidem
2837 3844 3195 3899 Christianam
3228 3845 3280 3899 in
3309 3844 3416 3901 illis
3444 3845 3674 3913 regioni-

2101 3916 2200 3972 bus
2236 3917 2398 3971 luisse
2429 3936 2441 3969 :
2476 3924 2531 3970 et
2561 3915 2699 3986 quod
2734 3917 2965 3970 maxime
3010 3914 3367 3986 intendimus,
3397 3913 3674 3970 Viennen-

2099 4003 2212 4042 sem
2244 3989 2535 4044 Ecclesiam
2583 3985 2689 4041 non
2724 3988 2881 4040 alium
2914 3988 3225 4056 episcopum
3270 4002 3301 4042 a
3332 3985 3675 4055 Lugdunensi

2100 4057 2369 4113 habuisse.
2404 4060 2459 4114 Si
2489 4059 2629 4113 enim
2660 4059 2932 4127 proprium
2974 4057 3251 4113 habuisset
3276 4098 3291 4121 ,
3320 4057 3463 4127 illius
3493 4066 3675 4126 partes

2099 4128 2323 4184 fuissent
2356 4126 2673 4184 Valentiam
2701 4128 2801 4183 sibi
2849 4128 3201 4198 propinquam
3234 4129 3338 4183 fide
3364 4126 3675 4183 Christiana

2099 4200 2363 4267 imbuere,
2391 4215 2493 4255 non
2524 4200 2891 4266 Lugdunensis
2917 4199 3176 4267 episconi,
3198 4198 3292 4267 qui
3316 4200 3471 4269 longe
3496 4215 3677 4255 remo-

2100 4268 2203 4325 tior
2231 4282 2376 4336 erat,
2408 4282 2463 4325 et
2494 4270 2752 4326 Viennam
2798 4270 3027 4325 mediam
3080 4269 3312 4325 habebat
3349 4268 3487 4325 inter
3533 4284 3599 4326 se
3626 4281 3681 4327 et

2104 4341 2422 4405 Valentiam,
2456 4353 2735 4411 utramque
2758 4342 2823 4395 ad
2856 4340 3175 4396 Rhodanum
3204 4341 3385 4396 sitam.
3552 4358 3555 4359 ν

2170 4414 2223 4469 7.
2265 4414 2318 4468 lu
2342 4414 2563 4481 supplici
2601 4412 2783 4467 libello
2831 4413 3351 4480 comprovincialium
3387 4414 3675 4482 episcopo-

2098 4500 2215 4540 rum
2239 4485 2549 4553 metropolis
2574 4483 2900 4538 Arelatensis
2926 4483 3090 4553 Leoni
3115 4499 3263 4553 papa:
3284 4483 3462 4537 oblato
3482 4498 3679 4540 secure

2096 4557 2373 4623 asseritur,
2403 4551 2542 4623 quod
2575 4556 2739 4621 prima
2768 4555 2905 4607 intra
2931 4551 3132 4608 Gallias
3162 4551 3473 4609 Arelatensis
3494 4555 3678 4609 civitas

2096 4628 2307 4681 missum
2336 4643 2367 4678 a
2405 4626 2693 4679 beatissimo
2737 4623 2890 4678 Petro
2920 4626 3149 4695 apostolo
3177 4636 3411 4679 sanctum
3450 4623 3680 4693 Traplti-

2094 4712 2234 4751 mum
2264 4696 2446 4751 habere
2476 4698 2655 4749 meruit
2689 4696 3031 4762 sacerdotem;
3059 4706 3103 4750 et
3134 4696 3316 4750 exinde
3339 4695 3458 4749 aliis
3487 4698 3678 4765 paula-

2095 4769 2185 4841 tim
2208 4767 2496 4841 regionibus
2526 4766 2817 4841 Galliarum
2856 4766 3046 4841 donum
3073 4767 3192 4841 ﬁdei
3230 4767 3562 4841 et_religionis
3596 4770 3680 4841 inf

2093 4836 2315 4909 fusum':
2339 4853 2588 4902 PRIUSQUE
2616 4839 2719 4891 alia
2744 4838 2856 4892 loca
2892 4838 2952 4891 ab
2995 4836 3090 4892 hoc
3125 4839 3234 4891 rivo
3260 4836 3407 4909 fidei,
3429 4854 3578 4905 quem
3611 4839 3681 4892 ad

2092 4927 2185 4964 nos
2211 4911 2505 4983 apostolicw
2539 4909 2868 4983 institutionis
2907 4910 3402 4983 ﬂuentanmiserunt,
3427 4910 3682 4965 meruisse

2091 4980 2421 5051 manifestum
2443 4990 2517 5036 est
2542 4981 2888 5045 sacerdotem,
2920 4995 3063 5045 ρυλε
3100 4980 3412 5035 VIENNENSIS
3435 4995 3677 5051 curus,

2089 5068 2206 5123 qua:
2234 5054 2330 5107 sibi
2365 5069 2498 5105 nunc
2531 5051 2940 5123 impudenteret
2978 5052 3273 5123 notabiliter
3301 5052 3551 5123 primatus
3580 5069 3667 5106 e1:-

2090 5120 2250 5192 poscit
2290 5123 2540 5177 indebitos
2578 5120 2929 5192 (Epist.765).
2976 5120 3091 5178 Non
3131 5123 3279 5177 aiunt
3302 5120 3572 5192 episcopi,
3622 5133 3685 5178 ut

2089 5191 2221 5248 mihi
2250 5193 2463 5264 quidem
2492 5193 2723 5261 videtur,
2752 5191 3018 5264 Viennam
3061 5191 3356 5264 accepisse
3376 5192 3683 5264 antistitem

2088 5264 2156 5319 ab
2181 5262 2281 5319 illo
2316 5264 2432 5320 rivo
2461 5264 2586 5319 lidei
2616 5278 2710 5319 seu
2749 5263 3043 5332 Tropbimo
3074 5263 3236 5334 (quod
3263 5264 3380 5334 etsi
3400 5262 3679 5330 dicerent,

2090 5334 2271 5391 nescio
2308 5350 2375 5390 an
2421 5336 2541 5390 falsi
2567 5335 2685 5405 quis
2715 5343 2896 5405 posset
2921 5333 3194 5405 arguere),
3224 5335 3318 5389 sed
3356 5333 3541 5390 dicunt
3571 5336 3681 5391 alia

2088 5406 2204 5477 lcca
2234 5406 2380 5474 prius
2406 5404 2687 5476 episcopos
2709 5404 2960 5477 habuisse
2992 5404 3060 5463 ab
3089 5405 3183 5462 illo
3204 5405 3326 5461 fidei
3350 5405 3486 5477 rivo,
3510 5420 3679 5477 quam

2084 5474 2407 5546 Viennensis
2427 5474 2615 5533 eivitas
2636 5476 2910 5546 proprium
2932 5476 3159 5533 haberet
3179 5474 3542 5532 sacerdotem.
3559 5477 3682 5534 Hoc

2083 5545 2426 5602 manifestum
2459 5563 2577 5603 esse
2606 5545 2883 5613 asserunt,
2916 5557 2971 5603 et
2997 5548 3069 5603 ita
3092 5546 3455 5613 manifestum,
3488 5555 3546 5602 ut
3572 5548 3680 5603 im-

2082 5618 2352 5688 pudentia:
2381 5618 2628 5674 notabilis
2658 5633 2784 5689 esse
2813 5618 2994 5675 dicant
3015 5660 3031 5685 ,
3063 5618 3207 5689 quod
3238 5618 3534 5688 contraius
3561 5629 3678 5674 tam

2081 5696 2326 5761 apertum
2358 5689 2614 5759 primatus
2651 5688 2917 5747 indebitos
2945 5688 3264 5761 expoSceret
3295 5689 3522 5745 Vienna.
3554 5688 3677 5746 Hoc

2080 5760 2127 5818 si
2155 5761 2227 5819 ita
2251 5768 2352 5827 est,
2384 5775 2506 5819 cum
2531 5775 2599 5819 ex
2636 5762 2895 5834 Gregorio
2934 5760 3231 5821 Turonensi
3267 5761 3547 5833 Trophimi
3572 5760 3675 5818 ad-

3916 1068 3919 1186 Ι
