3984 6306
404 287 514 351 ηδ

864 286 1110 347 PASCH.
1150 286 1537 359 QUESNELLI
1579 286 2168 347 DlSSERTATIONES
2210 287 2277 346 IN
2315 289 2372 345 5.
2416 290 2660 350 LEONIS
2700 290 2915 349 MAGNI
2956 290 3205 349 OPERA.

3573 295 3689 353 476

406 404 531 463 Haec
555 421 702 464 enim
723 404 968 463 Similiter
997 408 1244 477 leguntur
1270 410 1322 463 in
1365 409 1482 463 Vita
1512 406 1681 463 sancti
1709 404 1984 478 Saturnini
2009 409 2060 467 Α
2085 417 2226 461 runt.
2270 408 2381 463 Hoc
2413 424 2532 475 cap.
2571 407 2641 462 25
2675 409 2742 463 de
2772 409 3067 475 qumstione
3098 406 3363 478 paschali,
3400 408 3490 464 ubi
3528 424 3684 467 00m-

403 478 543 551 apud
572 478 788 551 Spurium
819 480 903 551 diu
932 478 1000 534 29
1032 480 1347 535 Novembris
1382 499 1392 532 :
1430 495 1547 549 quae
1572 480 1684 533 sola
1716 494 1743 531 a
1781 477 1983 547 Grego-

405 549 486 605 rio
528 549 953 607 existimaverim
998 551 1066 606 ab
1100 560 1319 606 auclore
1348 551 1438 605 illo
1467 560 1737 617 excerpta.
1773 560 1828 603 ut
1856 564 1984 619 epo-

403 620 557 676 cham
584 622 922 691 episcopatus
948 621 1218 678 Saturnini
1241 633 1439 677 certam
1461 622 1677 676 faceret.
1700 620 1829 677 Cum
1854 636 1984 677 vero

403 692 621 749 aliunde
664 702 849 747 nosset
892 708 1013 748 cum
1039 693 1329 748 Saturnino
1373 693 1721 761 Troiibimum
1759 702 1814 747 et
1848 694 1983 749 alios

403 765 639 835 quinque
671 766 721 818 in
750 764 949 820 Gallias
968 765 1269 829 advenisse,
1294 780 1358 819 ex
1385 766 1540 819 unius
1570 772 1726 818 aetate
1754 764 1980 819 aliorum

403 846 617 891 aetatem
640 837 832 905 arguit.
853 836 1115 907 caeterum
1142 851 1208 891 ex
1244 837 1332 891 illa
1369 836 1487 890 Vita
1522 850 1613 889 sex
1652 836 1980 901 reliquorum

403 907 773 976 episcoporum
823 909 1034 961 nomina
1079 917 1351 963 mutuatus
1398 923 1503 962 non
1546 916 1629 961 est
1680 924 1693 959 :
1744 907 1977 976 alioquin

404 978 523 1046 ipsa
552 978 785 1033 auctoris
809 978 971 1033 verba
1001 979 1292 1045 retulisset,
1322 978 1510 1048 quaain
1543 978 1766 1033 Stu‘iana
1792 977 1982 1033 Satur-

406 1050 515 1103 nini
557 1049 672 1102 Vita
695 1064 797 1104 non
828 1058 1039 1104 exstant
1061 1051 1239 1103 modo.
1273 1051 1401 1117 Qua:
1432 1058 1610 1104 tamen
1637 1050 1681 1103 si
1711 1050 1830 1119 quis
1855 1064 1980 1115 per-

405 1119 630 1177 tinacius
658 1120 994 1175 Contenderit
1018 1137 1081 1175 ex
1119 1122 1233 1175 Vita
1264 1121 1533 1176 Saturnini
1567 1120 1817 1175 habuisse
1846 1121 1979 1175 Gre-

402 1193 628 1260 gorium,
664 1206 769 1246 non
801 1192 1186 1247 contradicam.
1232 1192 1343 1247 Hoc
1371 1209 1533 1247 unum
1570 1192 1820 1255 monebo,
1852 1192 1979 1246 nihil

403 1261 525 1317 inde
574 1263 864 1331 quidquam
916 1264 1217 1317 auctoritati
1268 1263 1401 1317 Vita:
1448 1264 1688 1318 Surianae
1740 1263 1978 1329 detrahi;

400 1342 606 1388 certum
641 1343 724 1388 est
760 1335 902 1388 enim
942 1334 1206 1403 ejusmodi
1233 1344 1538 1388 sanctorum
1569 1335 1719 1389 Vitas
1752 1335 1983 1401 plerum-

400 1418 503 1473 que
530 1419 597 1459 ex
624 1405 860 1475 antiquis
886 1404 1237 1460 Lectionariis
1257 1403 1576 1471 descriptas,
1604 1408 1653 1457 in
1675 1420 1807 1474 quos
1828 1406 1981 1459 codi-

398 1489 489 1530 ces
518 1491 637 1529 cum
664 1477 796 1531 Vitae
820 1476 924 1529 illm
944 1476 1338 1545 conjicerentur
1366 1477 1504 1529 inter
1528 1477 1763 1544 publicas
1796 1477 1983 1532 Eccle-

399 1545 493 1600 siae
516 1562 701 1616 preces
729 1545 1041 1611 recitandae,
1066 1547 1335 1601 decurtari
1358 1546 1621 1611 solebant,
1645 1556 1700 1601 et
1729 1548 1790 1600 iis
1820 1550 1981 1602 minui

398 1631 518 1698 quae
562 1616 699 1670 festo
741 1617 953 1686 propria
988 1632 1242 1698 nonne-sse
1276 1618 1727 1698 intelligebantur.
1755 1634 1828 1698 ne
1860 1619 1981 1673 lon-

398 1688 517 1757 gius
545 1702 704 1757 quam
751 1703 847 1755 par
874 1699 987 1743 erat
1026 1688 1200 1743 ofﬁcia
1239 1690 1705 1754 protenderentur.
1739 1688 1979 1744 Alterum
2028 1696 2035 1699 '

2010 1796 2057 1856 Β

402 1757 561 1823 addo,
589 1772 655 1813 ne
683 1760 932 1828 prologus
955 1759 1106 1814 initio
1127 1760 1257 1814 Vitae
1276 1760 1521 1825 prazﬁxus
1540 1761 1785 1829 cuiquam
1811 1762 1879 1813 im
1890 1777 1981 1828 po-

402 1836 493 1883 nat
537 1838 589 1884 et
625 1839 991 1899 contemptum
1020 1832 1165 1900 operi
1196 1840 1453 1894 arcessat,
1482 1831 1601 1885 luce
1629 1830 1825 1884 clarius
1857 1848 1978 1887 esse

398 1914 504 1954 non
534 1901 810 1971 prologum
834 1906 1065 1958 auctoris
1090 1917 1231 1967 esse,
1264 1904 1358 1958 sed
1382 1903 1662 1956 lectionem
1694 1904 1976 1971 quamdam

397 1971 759 2027 exBreviario
788 1974 966 2042 aliquo
1016 1973 1121 2028 huc
1169 1975 1311 2027 mala
1359 1982 1473 2027 arte
1523 1976 1893 2041 transcriptam
1925 1984 1981 2030 et

395 2054 631 2097 assutam
657 2044 774 2099 vice
798 2046 1023 2114 prologi.
1058 2045 1229 2099 Porro
1251 2045 1566 2114 antiquitate
1587 2054 1640 2097 et
1664 2046 1980 2101 auctoritate

397 2115 719 2185 narrationis
767 2115 922 2184 hujus
953 2117 1139 2185 scripti
1179 2117 1524 2181 conﬁrmatis,
1560 2114 1755 2169 mirttm
1787 2117 1837 2170 in
1866 2134 1980 2172 mo-

395 2183 520 2237 dum
552 2185 837 2241 iunotescit
862 2183 1151 2241 Gallicanae
1179 2186 1434 2242 Ecclesiae.
1475 2197 1645 2240 status
1686 2197 1793 2240 tum
1830 2187 1976 2243 Lucii

396 2253 520 2309 Veri
578 2257 938 2325 imperatoris,
986 2257 1276 2327 lrenteique
1325 2259 1561 2327 episcopi
1610 2256 1979 2327 Lugdunensis

397 2328 750 2395 temporibus,
794 2338 902 2382 tum
946 2329 1105 2382 etiam
1152 2329 1299 2383 Decii
1329 2329 1582 2395 Gratiquc
1618 2331 1895 2384 consulum
1925 2342 1979 2386 et

396 2398 566 2469 sancti
598 2398 873 2467 Trophimi
904 2401 1235 2455 Arelatensis
1260 2402 1496 2469 episcopi
1527 2409 1703 2453 :ntate.
1731 2401 1980 2457 Concinit

396 2468 537 2522 enim
585 2479 772 2525 auctor
819 2471 910 2525 ille
955 2472 1137 2526 Severi
1185 2468 1402 2540 Sulpicii
1450 2468 1776 2535 testimonio,
1816 2476 1979 2527 serius

395 2547 536 2613 trans
562 2540 714 2611 Alpes
743 2542 839 2595 Dei
876 2543 1177 2611 religionem
1198 2553 1483 2613 susceptam
1511 2546 1823 2607 asserentis,
1864 2560 1978 2597 ma-

395 2610 750 2684 nifestumque
778 2613 901 2667 facit
924 2610 1195 2682 et’paucos
1218 2630 1312 2684 per
1335 2610 1422 2668 illa
1451 2622 1693 2681 tempora
1713 2613 1975 2669 Christia-

393 2696 493 2736 nos
546 2683 708 2739 fuisse
754 2683 1227 2753 paucissimostiue
1262 2685 1487 2751 proinde
1546 2684 1847 2751 episcopus.
1900 2686 1975 2743 Ita

392 2754 536 2825 enim
567 2756 747 2809 statim
779 2758 846 2809 ab
872 2755 1021 2810 initio
1050 2756 1117 2811 de
1145 2757 1286 2811 Decii
1317 2755 1695 2823 Saturninique
1722 2760 1977 2825 tempori-

392 2822 492 2898 llus
512 2825 703 2898 :817
722 2825 969 2896 Tempore
988 2828 1081 2881 illo
1110 2844 1210 2896 quo
1232 2838 1343 2895 post
1374 2822 1667 2898 corporeum
1701 2822 1907 2882 Domini
1928 2839 1978 2883 et

392 2892 981 2961 Salvat'oFis'adven'tum,
1000 2892 1207 2954 exortus
1219 2892 1269 2951 in
1286 2892 1501 2952 tenebris
1516 2896 1609 2951 Sol
1623 2900 1971 2969 ipsejustitice,

391 2968 661 3037 splendore
701 2970 822 3037 ﬁdei
847 2969 1145 3023 illuminare
1187 2970 1550 3023 occidentalem
1581 2968 1783 3038 plagam
1812 2987 1977 3035 caepe-

391 3046 467 3109 r_at
490 3057 508 3093 :
535 3043 655 3109 quia
680 3056 862 3096 ssnsm
893 3057 960 3095 ετ
996 3056 1261 3097 cunnum
1288 3042 1339 3093 iu
1374 3055 1571 3094 onmem
1602 3051 1787 3093 terram
1818 3059 1974 3098 sonus

391 3106 786 3181 Evangeliorum
804 3114 978 3179 exivit,
1008 3128 1285 3177 uanoque
1309 3126 1567 3167 PBGCESSU
1588 3126 1640 3165 IN
1663 3127 1972 3169 neotomnus

2090 490 2350 551 memorat
2378 482 2591 550 quidem
2623 480 2851 535 concilia
2890 490 2942 534 et
2978 481 3260 551 synodicas
3300 480 3680 551 episcoporum

2086 548 2417 619 Palaestinas,
2449 551 2635 609 Ponti.
2669 552 2834 618 ipsius
2886 548 3069 604 Romae
3110 560 3163 607 et
3192 551 3450 615 aliorum;
3488 548 3682 609 subdit.

2086 620 2152 676 de
2178 620 2363 697 Galliis
2395 627 2529 697 :_xoti
2554 631 2652 697 τῷν
2672 625 2805 697 κοιτᾷ
2828 624 3035 677 Γαλλίαν
3058 622 3409 697 δέ-παροικιῶν
3431 623 3493 684 ἃς
3521 629 3683 697 Εἰρη-

2083 701 2224 754 vatio:
2253 695 2544 750 ἐπισκόπει.
2582 694 2815 764 Epistola
2855 711 3049 764 quoque
3094 693 3444 748 Ecclesiarum
3492 693 3686 764 Galliae

2085 774 2266 830 exstat,
2297 766 2477 834 quibus
2501 777 2709 834 prtBerat
2737 763 2767 817 I
2772 763 2987 818 remeas.
3024 766 3085 819 Et
3111 780 3230 832 cap.
3258 764 3328 818 ΞΑ
3354 784 3367 819 :
3396 776 3472 821 ‘Eu
3500 763 3573 828 οἷς
3596 771 3691 824 καὶ

2086 837 2411 914 ᾇ-Ιιξίρηναξος
2442 839 2492 914 ἐξ
2527 840 2803 914 «poetis-nou
2852 834 2917 891 ὧν
2964 840 3129 914 insito
3167 842 3299 914 κοιςά
3346 843 3436 897 τήν
3464 840 3687 914 Pallia-up

2086 906 2302 980 ἀδελᾲκῖω
2331 906 2583 971 ἐπισέλαςζ
2634 906 2712 961 Ea:
2737 923 2952 977 quorum
2988 906 3191 961 nomine
3221 907 3454 963 lreuceus
3486 912 3541 961 in
3571 913 3686 977 epi-

2086 981 2226 1103 ztoqqu
2248 996 2400 1049 quam
2444 981 2649 1043 scripsit
2692 980 2890 1033 nomine
2920 980 3138 1049 fratrum
3166 979 3348 1051 quibus
3380 992 3596 1046 praefat
3621 984 3683 1036 in

2134 1066 2163 1102 a
2210 1066 2277 1103 ia.

2134 1066 2277 1103 ama.

2150 1121 2245 1194 ’ll.
2275 1121 2389 1175 Non
2420 1122 2575 1191 longe
2607 1123 2816 1194 lateque
2849 1121 3134 1194 admodum
3162 1120 3409 1176 dilfusmn
3431 1136 3551 1177 esse
3583 1138 3685 1191 per

2087 1192 2286 1248 Gallias
2330 1192 2762 1262 praztlicationetii
2816 1193 3129 1255 Evangelii,
3181 1207 3244 1248 ac
3292 1194 3521 1262 proinde
3568 1209 3681 1249 non

2087 1264 2269 1337 multis
2290 1264 2341 1317 in
2372 1264 2503 1319 lucis
2527 1267 2848 1337 constitutos
2870 1267 3036 1337 818
3064 1265 3345 1337 episcopos
3377 1264 3588 1318 Pothini
3620 1274 3685 1320 et

2087 1333 2271 1388 lrentci
2307 1336 2678 1406 temporibus,
2724 1333 3040 1406 plum—sinit
3079 1335 3251 1390 adhuc
3294 1351 3413 1403 qum
3458 1350 3685 1402 persua-

2088 1406 2266 1460 deant.
2304 1405 2537 1461 Primum
2568 1405 2899 1477 enim’pauci
2928 1406 3216 1460 admodum
3246 1414 3402 1460 erant
3433 1406 3684 1475 Evange-

2091 1476 2141 1530 lii
2166 1492 2444 1547 praecones
2462 1484 2598 1545 apud
2626 1476 2958 1543 Lugdunum,
2991 1478 3076 1531 ubi
3108 1478 3361 1546 primum,
3385 1488 3434 1531 et
3458 1476 3680 1543 quidem

2087 1549 2230 1601 velut
2266 1564 2331 1603 ex
2377 1552 2656 1603 occasione
2688 1549 2819 1603 ﬁdes
2844 1549 3043 1605 Christi
3074 1550 3382 1601 annuntiatn
3418 1568 3429 1599 :
3465 1550 3554 1615 (tui
3584 1550 3681 1604 vix

2087 1618 2294 1673 duabus
2347 1620 2690 1687 amplissimis
2732 1621 3037 1675 civitatibus
3078 1619 3322 1673 doctrina
3367 1617 3679 1673 Christiana

2089 1690 2388 1745 imbuendis
2417 1692 2663 1746 suflicere
2694 1702 3007 1757 potuerunt,
3042 1691 3201 1756 idque
3233 1690 3413 1744 furtim
3447 1702 3501 1743 et
3530 1690 3681 1745 clan-

2088 1761 2264 1814 culum
2298 1772 2513 1830 propter
2551 1763 2857 1831 diligentem
2907 1762 3196 1831 praesidum
3244 1760 3673 1827 inquisitionem.

2089 1832 2285 1885 Deinde
2316 1835 2406 1887 diu
2435 1845 2552 1901 po~t
2581 1834 2793 1888 Pothini
2831 1836 3141 1903 martyrium
3190 1832 3417 1903 legimus
3468 1832 3679 1888 Veson-

2086 1905 2282 1958 tionem
2314 1916 2363 1958 et
2401 1904 2694 1959 Valentiam
2726 1902 3185 1959 nondum’Ghristi
3234 1902 3394 1957 fidem
3431 1903 3669 1966 audisse.

2082 1982 2136 2027 et
2162 1975 2226 2027 ad
2259 1984 2541 2046 utramque
2566 1976 2836 2030 civitatem
2881 1976 3072 2028 missos
3111 1974 3178 2028 ab
3211 1974 3415 2027 lrenceo
3441 1974 3530 2040 qui
3550 1974 3679 2046 illic

2046 2098 2049 2099 ν
2084 2045 2466 2111 praedicarent,
2499 2055 2555 2100 ut
2591 2050 2837 2116 Superius
2866 2047 3173 2111 retulimus,
3205 2060 3339 2113 quos
3372 2060 3471 2116 nec
3498 2045 3678 2101 adhuc

2081 2117 2361 2187 episcopos
2421 2114 2689 2173 institutos
2752 2128 2997 2172 testatur.
3057 2117 3128 2187 Et
3182 2129 3357 2169 tamen
3412 2114 3677 2187 Vesontio

2079 2185 2340 2259 Lugdune
2368 2205 2471 2243 non
2501 2191 2655 2244 distat
2690 2190 2845 2259 longo
2886 2190 3089 2242 itineris
3119 2186 3445 2259 intervallo,
3484 2186 3679 2259 Valen-

2082 2253 2341 2313 tiainult0
2367 2262 2526 2314 etiam
2552 2253 2805 2314 vicinior:
2828 2260 3061 2328 Denique
3085 2273 3242 2327 quam
3267 2253 3506 2311 funditus
3527 2258 3673 2325 iacta

2082 2344 2176 2397 per
2206 2331 2348 2384 illam
2376 2333 2646 2401 regionem
2679 2332 2797 2385 ﬁdei
2825 2332 3030 2386 semina
3063 2330 3407 2395 eradiCariut,
3443 2342 3672 2384 nascen-

2083 2410 2268 2471 tesque
2316 2402 2586 2457 Ecclesias
2637 2402 2937 2471 popularint
2978 2401 3369 2470 subsequentes
3415 2414 3673 2466 persecu-

2083 2472 2275 2534 tiones,
2302 2474 2570 2527 veteribus
2600 2472 2957 2527 monumentis
2980 2482 3229 2527 testatum
3265 2472 3543 2526 habemus.
3569 2471 3669 2526 Illa

2081 2544 2221 2596 enim
2266 2561 2383 2611 qttzn
2432 2545 2603 2599 Marco
2636 2545 2849 2597 Aurelio
2879 2553 2932 2598 et
2974 2544 3139 2597 Lucio
3184 2542 3319 2595 Vero
3358 2542 3675 2609 imperanti-

2082 2613 2197 2675 bus.
2224 2614 2511 2668 Pothinum
2542 2617 2775 2680 susmlit,
2802 2618 2869 2669 ita
2901 2614 3133 2670 tlcsmviit
3162 2632 3173 2664 ε
3201 2611 3331 2683 ᾢστε
3357 2613 3672 2683 mith

2080 2687 2133 2738 ἐκ
2158 2686 2241 2740 τὸν
2272 2685 2362 2741 δύο
2391 2688 2657 2745 ἐκγλησίων
2686 2688 2883 2748 πάντας
2920 2693 3011 2741 τοῦ
3041 2680 3369 2747 ἀπονδὰίοις,
3407 2687 3490 2739 καὶ
3517 2680 3580 2741 δι’
3602 2680 3674 2739 ὧν

2079 2757 2304 2825 μάλιστα
2327 2764 2639 2818 συνειστήκει
2664 2762 2729 2813 τὰ
2758 2757 2958 2823 iubenda;
2992 2756 3119 2809 adeo
3148 2766 3199 2808 ut
3231 2772 3292 2809 ea:
3317 2768 3535 2825 utraque
3565 2755 3691 2827 lic-7

2079 2826 2233 2880 clesia
2262 2831 2665 2894 prcestautissimi
2696 2834 2897 2898 quique,
2931 2840 2976 2882 et
3004 2843 3218 2894 quorum
3244 2828 3469 2880 maxime
3496 2826 3676 2880 labore

2080 2908 2228 2966 atque
2255 2902 2507 2952 industria
2537 2917 2617 2952 res
2646 2900 2726 2951 hic.
2755 2903 3041 2952 constitutis
3070 2899 3290 2968 fuerant,
3318 2898 3475 2950 simul
3496 2912 3673 2951 omnes

2079 2978 2365 3022 tenerentur
2412 2970 2613 3041 (Epist.
2662 2969 2806 3023 Eccl.
2854 2969 3025 3041 Lugd.
3069 2968 3207 3041 apud
3260 2968 3463 3041 Euseb.
3492 2969 3577 3041 lib.
3624 2982 3672 3033 l,

2078 3056 2190 3109 cap.
2221 3041 2295 3109 l).
2324 3038 2527 3108 Quibus
2558 3041 2759 3095 addunt
2789 3038 3001 3095 Acta'S.
3035 3038 3341 3110 Epipbodii,
3376 3038 3466 3108 qui
3498 3040 3548 3092 in
3577 3051 3673 3094 ea—

2078 3112 2198 3165 dem
2234 3114 2603 3180 persecutione
2647 3113 2902 3180 martyrio
2942 3120 3225 3166 corouatus
3251 3118 3363 3168 est.
3394 3110 3532 3178 quod
3573 3125 3673 3178 per

390 3178 607 3236 Nosrnts
629 3184 975 3249 apostolorum
1006 3187 1304 3253 pra'dicatio
1335 3184 1640 3237 coruscavit.
1662 3184 1971 3253 (Apostolo-
1999 3178 2046 3242 C
2077 3182 2221 3235 illam
2234 3178 2372 3250 pene
2392 3185 2459 3236 ad
2479 3185 2726 3253 integrum
2746 3178 2935 3237 Christi
2950 3199 3131 3236 nomen
3151 3199 3181 3234 a
3203 3180 3475 3253 gentilibus
3491 3183 3675 3235 crede-

392 3266 507 3304 rum
538 3254 754 3307 nomine
795 3257 1116 3321 apostolicos
1154 3260 1313 3310 etiam
1344 3258 1491 3309 viros
1520 3263 1574 3307 et
1610 3258 1975 3320 apostolorum

390 3337 730 3395 succhSores
756 3325 1183 3394 comprehendit.
1218 3327 1393 3395 Pergit
1416 3328 1646 3387 auctor.)
1676 3325 1799 3378 Cum
1822 3344 1977 3385 nam

391 3392 443 3445 in
474 3394 734 3463 aliquibus
763 3392 1046 3449 civitatibus
1077 3392 1355 3451 Eccutsui
1393 3409 1671 3450 raucoauu
1702 3395 1978 3453 Cnms'ru-

390 3477 565 3517 nonan
596 3480 895 3520 DEVOTIONE
922 3481 1355 3528 consuncsneur.
1404 3476 1450 3520 et
1494 3468 1669 3518 crebra
1701 3469 1977 3524 miserabili

391 3550 560 3588 errore
604 3538 872 3605 gentilium
916 3538 1178 3590 nidoribus
1226 3539 1413 3608 fwtidis
1463 3552 1513 3591 tu
1565 3551 1785 3592 ouutaus
1829 3555 1977 3598 mets

390 3619 599 3678 [nuru
630 3622 935 3678 FUIARENT,
967 3618 1083 3660 ante
1107 3624 1267 3661 annos
1303 3610 1429 3661 satis
1470 3609 1739 3675 plurimos,
1783 3612 1836 3664 id
1876 3623 1970 3678 est,

390 3675 548 3730 Decio
579 3687 627 3730 et
655 3677 814 3731 Grato
844 3679 1151 3740 consulibus,
1184 3680 1313 3732 sicut
1354 3679 1491 3745 ﬁdeli
1520 3682 1868 3735 recordatione
1895 3675 1975 3737 re;

390 3748 597 3808 tinetur,
631 3760 733 3801 etc.
775 3750 1053 3804 Etiterum
1086 3760 1205 3818 post
1237 3751 1490 3811 medium,
1538 3747 1727 3803 Paucis
1763 3754 1816 3805 id
1858 3766 1975 3809 tem-

390 3818 878 3892 porisChristiauis.
902 3820 1033 3892 Qua:
1052 3821 1321 3886 quomodo
1342 3834 1461 3873 cum
1490 3819 1575 3872 illa
1599 3822 1967 3892 episcoporum

391 3889 749 3963 multitudine,
779 3907 939 3961 quam
986 3891 1078 3963 alii
1116 3902 1387 3963 asserunt,
1437 3890 1711 3963 conciliari
1752 3889 1966 3963 queant,

388 3959 551 4033 plane
576 3976 680 4033 non
710 3959 970 4033 intelligo.
1000 3961 1157 4017 Certe
1186 3962 1541 4018 Tlteodoritus
1565 3961 1631 4014 de
1660 3959 1843 4033 sancto
1867 3959 1974 4023 Ire;-

389 4045 513 4105 nteo
541 4032 611 4105 ita
640 4032 870 4103 loquitur
899 4036 950 4088 in
982 4034 1157 4103 primo
1200 4034 1407 4101 dialogo
1434 4032 1776 4089 Immutabilis
1804 4037 1967 4105 dicto,

390 4110 448 4181 ut
477 4102 766 4181 Galliarum
814 4102 1116 4181 apostolum
1149 4107 1313 4181 fuisse
1342 4105 1599 4181 signiticet
1631 4122 1645 4181 :_
1676 4102 1966 4181 Et’pnvaiov,

388 4172 576 4256 inquit,
633 4173 687 4236 ὃς
713 4182 803 4256 rei:
825 4172 1152 4256 ῐίιξλυκάρπου
1176 4172 1835 4256 δ1δασκᾳλίας-ᾲπήλαγὲεν,
1865 4183 1971 4253 έγὶ-

384 4246 579 4322 γσνᾼειδὶ
595 4254 796 4322 γαστὴρ
810 4246 1075 4306 Panormita
1089 4258 1189 4322 τῷν
1208 4251 1449 4322 ἐσπερίων
1466 4264 1478 4312 ;
1501 4249 1549 4301 id
1562 4260 1640 4322 ea!
1654 4289 1666 4312 ,
1689 4246 1966 4322 lrena’uin,

384 4317 472 4390 qui
504 4317 777 4390 Polgcarpi
800 4323 1009 4373 auditor
1033 4328 1081 4375 et
1102 4317 1384 4390 discipulus
1409 4321 1527 4389 fuit,
1553 4320 1823 4389 lumenque
1845 4321 1970 4376 Gal-

384 4387 549 4441 lorum
606 4387 1034 4461 Occidentalium.
1088 4392 1154 4444 ltt
1200 4387 1254 4444 in
1308 4387 1968 4461 cpistola_Itnncupaturia

384 4460 686 4525 Corripendii
736 4462 1107 4515 haereticorum
1164 4460 1462 4514 fabularum
1508 4459 1574 4513 ad
1622 4459 1964 4525 Sporatium:

383 4530 666 4605 Eipnvotiou,
697 4529 886 4605 inquit,
916 4538 1010 4605 froii
1038 4534 1103 4588 τὰ
1124 4532 1342 4605 REI-ttulit
1368 4535 1450 4585 καὶ
1477 4539 1858 4605 γεωργήσαντος
1886 4540 1970 4589 καὶ

384 4602 698 4674 pot-rigante;
718 4600 872 4674 iam;
914 4602 993 4674 id,
1020 4615 1100 4654 cst
1122 4642 1134 4665 ,
1160 4600 1375 4666 Ireruei,
1425 4600 1513 4671 qui
1554 4600 1771 4658 Celticos
1798 4616 1964 4674 gentes

384 4669 605 4721 excoluit
633 4678 680 4722 et
710 4672 1036 4724 illuminavit.

462 4736 550 4793 10.
590 4739 978 4814 Observatione
1021 4742 1237 4812 dignum
1279 4751 1403 4807 est,
1455 4752 1507 4799 et
1552 4759 1650 4814 pro
1704 4747 1965 4800 sententia

386 4819 731 4885 nostrahnon,
762 4812 1055 4885 invalidum
1089 4825 1459 4880 argumentum
1482 4858 1495 4877 ,
1535 4812 1674 4885 quod
1702 4816 1966 4872 Eusebius

383 4879 454 4936 de
472 4880 765 4955 Gallicanis
794 4884 1002 4939 illorum
1036 4879 1337 4953 temporum
1368 4879 1634 4955 episcopis
1662 4928 1677 4953 ,
1711 4888 1754 4940 si
1785 4886 1966 4942 Pothi-

385 4967 509 5025 num
526 4963 580 5007 et
597 4952 852 5025 Irenaeum
872 4955 1134 5024 excipias,
1152 4952 1440 5025 numquam
1465 4952 1785 5013 mentionem
1817 4957 1959 5025 facit,

384 5023 499 5079 sive
526 5039 648 5097 cum
677 5025 743 5079 de
773 5023 1136 5082 Ecclesiarum
1187 5023 1495 5082 fundatione
1520 5074 1532 5097 ,
1584 5030 1695 5083 sive
1731 5046 1852 5083 cum
1896 5023 1964 5085 de

450 5096 755 5168 rsecutione
777 5099 1080 5168 gentilium,
1104 5100 1219 5154 sive
1238 5114 1358 5153 cum
1382 5100 1450 5154 de
1468 5099 1681 5167 iudiciis
1708 5101 1964 5156 adversus

421 5168 665 5221 tereticos
692 5167 886 5224 habitis
910 5211 925 5233 ,
964 5185 1059 5225 seu
1098 5171 1328 5237 denique
1356 5186 1478 5224 cum
1506 5170 1573 5224 de
1602 5173 1962 5227 controversia

382 5236 643 5311 paschali,
664 5242 1017 5296 conventibus
1046 5256 1107 5295 ea
1137 5240 1207 5295 de
1228 5236 1289 5311 re
1310 5243 1663 5311 congregatis,
1698 5243 1962 5310 epistolis-

381 5322 487 5383 que
512 5310 730 5378 scriptis
764 5313 831 5365 ad
874 5312 1164 5367 Ecclesias.
1197 5310 1343 5366 Unus
1373 5310 1568 5380 ubique
1594 5312 1964 5383 Lugdunensis

383 5380 664 5451 cpiscopus
679 5392 1162 5447 commemoratur;
1197 5397 1452 5451 nusquam
1480 5380 1815 5447 Viennensis,
1838 5399 1962 5438 nus-

383 5464 539 5524 quam
560 5449 795 5524 aliarum
825 5455 1103 5509 civitatum
1122 5449 1404 5508 antistites.
1437 5454 1547 5508 l-loc
1571 5455 1618 5508 in
1653 5454 1738 5509 illa
1766 5455 1961 5524 insigni

383 5520 607 5593 epistola
631 5535 940 5593 martyrum,
973 5533 1187 5593 totaque
1220 5524 1430 5579 Eusebii
1459 5526 1525 5579 de
1556 5526 1740 5580 iisdem
1775 5520 1961 5579 narra-

382 5590 528 5664 tione
550 5590 889 5661 clarttm'est,
921 5597 1009 5649 lib.
1046 5610 1083 5659 ι,
1104 5590 1159 5649 ἐ.
1194 5594 1241 5647 1.
1276 5596 1385 5649 lloc
1408 5611 1525 5664 cap.
1553 5596 1605 5661 5,
1636 5598 1721 5649 ubi
1752 5606 1867 5650 orta
1898 5598 1965 5652 de
2000 5638 2006 5642 -

384 5660 634 5735 Montano
658 5705 672 5731 ,
712 5666 986 5721 Alcibiade
1010 5708 1023 5730 ,
1065 5666 1446 5735 'l‘heodotoque
1476 5660 1963 5735 'psemloprophetis

384 5734 728 5806 contentione
762 5753 774 5789 :
808 5737 907 5803 Qui
933 5740 985 5789 in
1015 5737 1209 5802 Gallia,
1235 5734 1424 5806 inquit,
1454 5747 1596 5793 erant
1627 5734 1827 5806 fratres,
1854 5739 1962 5805 pri-

384 5813 554 5863 vatum
580 5803 643 5858 de
668 5806 744 5860 his
774 5808 1023 5870 iudicium
1058 5824 1205 5862 suum
1235 5803 1397 5863 eidem
1424 5803 1653 5876 epistola:
1688 5803 1963 5872 subiunxe-

2080 3264 2219 3307 retur
2234 3258 2554 3309 exstinctum.
2576 3251 2630 3310 ln
2655 3255 2757 3308 alia
2781 3269 2909 3310 vero
2931 3256 3303 3323 persecutione
3322 3251 3423 3305 sub
3444 3252 3668 3319 Severo,

2080 3340 2198 3394 quae.
2242 3324 2499 3381 Irenaeum
2535 3326 2745 3380 Pothini
2775 3338 3145 3381 successorem
3174 3323 3313 3378 coelo
3342 3323 3658 3394 transmisit,

2079 3392 2330 3461 quantam
2370 3400 2672 3452 vastitatem
2710 3397 2964 3452 Ecclesiis
3008 3395 3242 3450 intulerit
3269 3434 3284 3461 ,
3334 3392 3521 3448 docent
3562 3407 3669 3448 nos

2082 3465 2353 3522 Usuardus
2407 3470 2601 3538 aliique
2640 3468 3136 3538 Martyrologiorum
3180 3466 3494 3532 scriptores,
3524 3464 3657 3538 dum

2080 3548 2298 3591 narrant
2336 3532 2593 3594 lrenteum
2634 3556 2748 3593 cum
2777 3532 3055 3607 omnifere
3094 3537 3309 3590 civitatis
3334 3548 3442 3607 sua:
3461 3532 3660 3603 populo

2078 3621 2376 3689 coronatum
2405 3626 2513 3689 esse
2544 3602 3068 3689 glorioso__martgrio.
3112 3607 3315 3689 Quibus
3343 3602 3665 3689 spﬁlr‘agatur

2078 3679 2369 3749 Gregorius
2407 3676 2736 3736 Turonensis
2769 3681 2856 3733 lib.
2894 3698 2907 3735 ι
2938 3676 3200 3734 Historia:
3225 3692 3342 3744 cap.
3374 3676 3474 3740 27,
3499 3676 3542 3729 si
3574 3684 3670 3749 ta-

2076 3746 2367 3805 men'illius
2396 3762 2477 3806 est
2505 3762 2663 3821 caput
2694 3751 2862 3816 istud,
2895 3752 3036 3819 quod
3068 3759 3121 3805 et
3148 3750 3198 3802 in
3220 3762 3358 3821 mss.
3391 3746 3667 3802 nonnullis

2076 3823 2349 3877 codicibus
2393 3820 2757 3889 desideratur,
2805 3832 2857 3877 et
2894 3824 3069 3892 aliqua
3121 3820 3314 3892 quibus
3352 3829 3667 3892 suspectum

2075 3893 2332 3948 reddatur
2358 3896 2596 3949 continet
2630 3913 2643 3946 :
2677 3888 2819 3948 velut
2846 3909 2966 3948 cum
2984 3888 3134 3947 'Vetii
3161 3890 3418 3959 Epagatbi
3448 3896 3503 3944 et
3527 3888 3671 3943 alio-

2074 3982 2192 4019 rum
2234 3976 2527 4035 martyrum
2560 3965 2906 4034 quadraginta
2952 3974 3075 4019 octo
3119 3962 3421 4035 passionem
3473 3959 3666 4017 lrenaai

2077 4032 2388 4105 martyrium
2410 4032 2750 4091 subsecutum
2774 4032 2893 4090 esse
2919 4034 3124 4089 scribit.
3142 4032 3512 4105 Quamobrem
3536 4046 3665 4105 qua

2074 4107 2140 4182 de
2183 4102 2722 4182 posterioribusistis
2770 4106 3094 4182 martyribus
3135 4103 3305 4182 habet
3348 4102 3661 4182 Gregorius,

2072 4178 2336 4249 iungenda
2364 4192 2484 4249 esse
2511 4179 2702 4249 opinor
2727 4192 2847 4231 cum
2878 4174 2941 4231 iis
2978 4192 3097 4249 qua:
3134 4174 3286 4249 initio
3310 4174 3665 4249 capitlsscrio

2076 4243 2179 4315 psit
2203 4250 2268 4303 de
2292 4248 2519 4303 Pothino
2538 4243 2563 4313 ς’
2585 4249 2813 4313 creteris,
2845 4264 2960 4312 qua:
2986 4243 3304 4314 interpolata
3334 4243 3453 4299 esse
3476 4243 3669 4297 viden-

2076 4330 2185 4381 tur,
2218 4322 2437 4373 resectis
2471 4321 2520 4372 in
2562 4320 2701 4373 hunc
2733 4320 2942 4371 ιιίοιΙηιη
2989 4334 3001 4369 :
3042 4316 3126 4370 Ea:
3152 4316 3337 4381 quibus
3365 4325 3409 4367 et
3437 4315 3520 4367 ille
3545 4315 3661 4383 pri-

2074 4407 2184 4441 mus
2207 4389 2561 4457 Lugdunensis
2593 4389 2837 4444 Ecclesia:
2865 4388 3114 4441 Pothinus
3140 4389 3404 4456 episcopus
3428 4385 3546 4457 fuit,
3570 4384 3665 4451 qui

2072 4462 2250 4531 plenus
2291 4455 2491 4514 dierum
2516 4502 2531 4525 ,
2574 4463 2782 4515 diversis
2816 4458 3028 4525 affcctus
3050 4457 3321 4531 suppliciis
3348 4473 3440 4521 pro
3470 4455 3665 4510 Christi

2074 4532 2275 4583 nomine
2303 4548 2483 4601 passus
2510 4542 2602 4586 est.
2634 4532 2753 4585 Post
2778 4533 2909 4584 hunc
2939 4540 2985 4583 et
3016 4530 3357 4601 quadraginta
3380 4537 3490 4601 octo
3516 4544 3665 4601 inar—

2076 4612 2206 4671 lyres
2234 4596 2373 4673 passi
2395 4612 2509 4656 sunt
2539 4618 2557 4656 :
2584 4620 2645 4657 ea:
2676 4604 2853 4670 quibus
2880 4596 3098 4671 primum
3125 4596 3280 4673 fuisse
3307 4598 3517 4673 legimus
3550 4596 3659 4673 Ve-

2074 4668 2201 4726 tium
2248 4671 2595 4743 Epngatlmm.
2645 4668 2696 4726 Si
2744 4676 2826 4727 cui
2874 4668 3047 4727 tatiien
3098 4668 3271 4741 placet
3318 4668 3552 4743 narratio
3588 4668 3664 4724 de

2074 4738 2315 4807 lremco,
2347 4738 2464 4811 quae
2509 4744 2705 4813 alioqui
2750 4759 2873 4798 vera
2921 4738 3241 4812 potest‘esse
3287 4750 3342 4795 et
3385 4755 3451 4795 ex
3498 4738 3663 4813 bong

2074 4823 2213 4868 noto
2272 4809 2644 4868 monumentis
2681 4809 2942 4881 descripta
2973 4854 2987 4875 .
3041 4814 3163 4868 hinc
3209 4814 3464 4866 habemus
3510 4809 3662 4877 quod

2074 4894 2216 4939 tanta
2243 4900 2363 4940 cum
2395 4886 2595 4939 Irena-o
2623 4886 2897 4939 multitudo
2927 4884 3329 4939 Christianorum
3359 4884 3419 4935 ob
3453 4882 3660 4951 confes-

2071 4964 2265 5011 sionem
2303 4956 2556 5010 Dominici
2599 4957 2817 5010 nominis
2846 4968 2918 5010 est
2939 4956 3182 5027 jugulata
3202 4994 3217 5019 ,
3250 4963 3303 5007 ut
3341 4970 3428 5021 per
3458 4952 3659 5017 plateas

2071 5031 2287 5097 ﬂumina
2311 5038 2567 5081 currerent
2593 5028 2655 5082 de
2683 5030 2930 5097 sanguine
2960 5027 3247 5079 Christiano
3267 5064 3282 5089 ,
3314 5039 3528 5097 quorum
3550 5040 3655 5097 nec

2068 5095 2333 5154 numerum
2380 5115 2471 5151 uec
2514 5101 2721 5152 nomina
2761 5095 2997 5167 colligere
3035 5100 3304 5167 potuimus.
3358 5095 3453 5150 Hie
3494 5096 3657 5167 igitur

2070 5171 2472 5240 persecutiones
2505 5172 2571 5222 ita
2605 5166 2891 5223 vastarunt
2919 5170 2999 5240 vix
3037 5166 3422 5240 puerascentes
3460 5166 3653 5220 Eccle-

2067 5236 2173 5295 Sias
2194 5282 2207 5303 ,
2240 5251 2295 5294 ut
2333 5254 2465 5307 pene
2497 5240 2879 5304 exstinxerint;
2925 5239 3091 5310 819
3126 5240 3196 5292 ita
3220 5246 3295 5310 ut
3321 5236 3513 5291 mirum
3543 5249 3654 5289 non

2068 5313 2137 5367 sit
2165 5313 2305 5381 quod
2337 5321 2519 5363 narrat
2544 5319 2730 5364 auctor
2763 5310 2893 5364 Vita:
2927 5314 2985 5364 S.
3017 5309 3309 5371 Saturnini,
3343 5322 3491 5381 raras
3521 5321 3653 5373 pall-

2068 5380 2249 5436 corum
2277 5381 2699 5436 Christianorum
2728 5381 2995 5435 Ecclesias
3018 5381 3178 5435 luisse
3209 5383 3260 5434 in
3291 5380 3494 5439 Galliis,
3518 5391 3645 5432 cum

2071 5454 2134 5507 ad
2170 5468 2261 5507 eas
2297 5455 2487 5506 missus
2517 5462 2599 5506 est
2634 5452 2952 5508 Saturninus
2982 5466 3084 5505 una
3125 5466 3244 5505 cum
3276 5448 3569 5519 Tl‘OphllllO
3594 5456 3658 5502 es

2069 5526 2300 5593 quinque
2329 5523 2448 5577 aliis
2486 5524 2839 5592 coepiscopis.

2144 5591 2229 5649 12.
2271 5593 2399 5649 Cum
2439 5591 2819 5663 imperatorum
2858 5602 2913 5649 et
2950 5593 3235 5663 praesidum
3284 5591 3652 5645 Romanorum

2072 5668 2171 5720 hoc
2199 5676 2342 5723 cs.ct
2373 5668 2683 5732 consilium,
2719 5678 2777 5721 ut
2820 5664 3174 5720 Christianam
3208 5663 3517 5732 religionem
3555 5675 3660 5731 p3-

2073 5740 2210 5814 nitut
2256 5739 2495 5814 th-lerent
2543 5741 2590 5791 in
2638 5738 2825 5814 Galliis
2849 5780 2864 5814 ,_
2892 5738 3001 5814 ubi
3038 5737 3265 5806 primum
3301 5736 3409 5814 visa
3437 5744 3517 5814 est
3549 5732 3661 5788 sub

2071 5810 2232 5865 Lucio
2262 5810 2396 5865 Vero
2422 5823 2708 5877 exsurgere
2730 5853 2745 5873 ,
2779 5810 2997 5867 dubium
3026 5803 3131 5864 non
3159 5816 3240 5863 est
3267 5806 3393 5874 quin
3423 5803 3659 5869 diliget).
