3984 6306
379 319 485 379 479

845 304 1089 373 PASCH.
1129 308 1517 384 QUESNELLI
1554 303 2143 366 DISSERTATIONES
2181 304 2249 363 IN
2285 304 2344 363 S.
2388 305 2632 365 LEONIS
2671 307 2887 366 MAGNI
2926 306 3176 366 OPERA.

3554 312 3690 372 480

446 433 564 491 Jam
594 446 722 489 vero
760 438 820 487 ut
862 430 1054 487 Valesii
1096 434 1466 499 argumentum
1499 424 1551 479 in
1594 434 1793 499 nostrae
1835 423 1956 493 opi-
1985 421 2038 483 A
2064 422 2373 499 Phrygiam,
2405 442 2525 497 qua:
2571 425 2775 483 Irenaeo
2800 442 2907 482 non
2945 435 3029 481 est
3053 424 3299 499 imposita
3322 465 3338 491 ,
3388 425 3557 499 altera
3585 426 3672 483 ad

377 505 557 564 nionis
585 504 939 574 patrocinium
971 494 1314 574 converiam,
1346 512 1637 574 numquam
1666 494 1794 574 mihi
1830 511 1955 574 per_-

375 567 646 639 suadebit,
671 590 770 630 nec
788 574 1035 642 cuiquam
1055 571 1146 627 alii
1162 569 1550 642 remeattentius
1570 567 1955 642 coneideranti,

377 638 714 705 confessores
736 646 856 701 illos
876 638 930 701 et
945 653 1207 709 martyres
1227 640 1450 705 Christi,
1476 640 1647 709 ipsum
1673 638 1957 693 Pothinum

376 720 737 791 pontificem,
749 726 1024 791 totamque
1049 712 1199 769 illam
1230 713 1523 791 Ecclesiam
1544 753 1558 775 ,
1592 712 1640 765 id
1670 712 1833 791 822
1864 723 1956 781 ce-

416 791 524 846 isse
552 789 783 859 consilii,
810 797 867 843 ut
889 784 1123 842 Irenmus
1148 784 1475 859 praecipuum
1502 784 1694 859 lumeti
1710 787 1958 859 et_decus

417 807 524 846 isse
552 807 783 859 consult,
810 807 867 843 nt
889 807 1123 842 Irenwus
1148 807 1475 855 prtBCIpuuui
1504 807 1679 841 tuuicu
1710 807 1762 836 et
1793 807 1956 836 uectis

377 807 780 930 Lugdunensis,
824 859 987 913 immo
1027 865 1083 914 et
1122 858 1291 930 totius
1326 854 1615 930 Gallicana:
1656 853 1911 930 Ecclesia:
1940 892 1956 917 ,

378 925 582 988 cui—uni
616 925 957 987 incumbebat
986 929 1180 984 novelli
1204 927 1360 996 hujus
1386 926 1596 980 aedilicii
1624 925 1811 991 moles,
1851 934 1957 979 tam

379 1005 563 1074 procul
594 1002 986 1074 amandaretur,
1020 1001 1073 1074 in
1106 1002 1253 1074 ipso,
1288 1000 1531 1074 inquam,
1567 996 1958 1066 persecutionis

380 1070 602 1140 ardore,
643 1079 896 1144 episcOpO
934 1072 987 1144 in
1016 1070 1242 1144 vinculis
1286 1070 1497 1139 posito,
1542 1081 1958 1144 supremamque

379 1149 569 1201 mortis
590 1138 913 1201 vsentetitiam
934 1143 1155 1213 jamjam
1183 1138 1495 1210 excepturo,
1525 1140 1765 1206 plurimis
1790 1138 1842 1192 in
1868 1138 1957 1213 ilia

382 1217 622 1272 Ecclesia
660 1210 949 1271 Christum
984 1210 1401 1284 abnegantibus,
1447 1213 1725 1275 omnibus,
1776 1218 1833 1263 ut
1884 1210 1959 1264 ait

380 1287 516 1343 idem
548 1288 829 1354 Eusebius,
861 1296 986 1341 tunc
1016 1286 1274 1354 temporis
1302 1284 1618 1354 gravissimo
1650 1291 1794 1354 metu
1829 1295 1959 1354 per-

379 1359 571 1425 culsis,
602 1368 655 1414 et
704 1352 1033 1414 haerentibus
1064 1352 1143 1410 ob
1163 1352 1425 1411 incertum
1466 1353 1818 1409 confessionis
1845 1352 1961 1425 exi-

380 1440 512 1497 tum,
542 1424 947 1499 COmprehensis
976 1444 1041 1485 ex
1062 1437 1289 1497 utraque
1314 1425 1551 1499 Ecclesia
1576 1434 1802 1499 praestari
1815 1424 1961 1477 tissi-

380 1495 505 1555 mis'
533 1495 867 1572 quibusque,
925 1509 979 1555 et
1018 1495 1250 1572 quorum
1293 1496 1527 1551 maxime
1552 1495 1755 1572 _la_bore
1799 1504 1960 1564 atque

380 1567 647 1627 induslria
664 1567 882 1627 res'illic
899 1567 1201 1625 constitutae
1229 1568 1459 1632 fuerant,
1478 1568 1567 1637 qui
1593 1567 1748 1622 simul
1772 1578 1961 1637 omnes

380 1643 435 1699 in
464 1645 771 1699 carceribus
800 1642 1195 1706 detinebantur;
1228 1640 1313 1694 vix
1332 1680 1346 1705 ,
1376 1635 1588 1708 inquam
1611 1679 1623 1702 ,
1657 1637 1751 1692 sed
1779 1651 1846 1691 ne
1872 1635 1959 1708 vix

381 1714 601 1786 quidem
646 1713 903 1770 credibile
933 1722 1015 1786 est
1041 1714 1329 1786 lreuzeum,
1374 1707 1659 1786 trepidanti
1706 1707 1962 1786 Ecclesiae

383 1779 491 1840 tam
527 1786 887 1840 necessarium
906 1828 920 1852 ,
951 1784 1177 1838 Romam
1202 1782 1518 1837 mittendum
1553 1793 1676 1836 tunc
1704 1779 1960 1852 temporis

382 1856 547 1912 fuisse
568 1857 637 1911 ob
659 1855 760 1911 hoc
780 1850 953 1911 solum
977 1864 1037 1911 ut
1058 1856 1261 1910 litteras
1284 1854 1348 1906 ad
1376 1852 1722 1907 Eleutherum
1752 1850 1961 1920 perfer-

381 1938 482 1996 rel,
508 1927 874 1998 judiciumque
895 1924 1537 1998 Gallicanorumfratrum
1559 1924 1697 1978 circa
1723 1922 1961 1998 novellas

380 1994 618 2054 Moniani
666 1994 1013 2068 ejusdemque
1060 1997 1245 2052 farinae
1280 1995 1575 2068 hominum
1617 1994 1958 2068 prophetias.

382 2069 574 2126 Debuit
602 2065 760 2137 igitur
804 2065 1026 2126 subesse
1068 2069 1169 2124 alia
1202 2067 1359 2138 hujus
1405 2065 1753 2137 profectionis
1782 2078 1961 2138 “causa

383 2141 543 2211 longe
571 2136 789 2211 majoris
826 2143 925 2198 ista
957 2141 1244 2207 momenti,
1269 2136 1387 2209 quae
1410 2136 1529 2211 eam
1567 2138 1737 2211 ipsam
1781 2136 1963 2190 Eccle-

384 2208 517 2266 siam
563 2208 783 2281 propius
831 2214 1109 2277 attineret,
1155 2208 1379 2280 quaeque
1421 2208 1773 2281 ineluctabilis
1807 2214 1966 2281 esset

386 2279 749 2368 necessitatis;
776 2286 1033 2368 nullaque
1055 2285 1156 2367 alia
1176 2279 1302 2348 fuit,
1334 2296 1455 2335 meo
1484 2281 1699 2368 quidem
1728 2279 1960 2368 jedicio,

382 2370 544 2426 quam
573 2365 631 2411 ut
665 2350 919 2412 Ec'clesite
942 2350 1159 2425 jamjam
1196 2369 1294 2409 suo
1323 2362 1536 2426 pastore
1563 2350 1838 2406 viduaudtn
1862 2364 1965 2426 per

386 2419 628 2482 alterius.
658 2419 1117 2483 consecrationem
1173 2419 1447 2494 suppetias
1510 2423 1675 2478 ferret
1724 2419 1966 2494 pontifex

390 2497 685 2554 Romanus.
713 2496 844 2553 Cum
873 2499 1014 2553 enim
1043 2496 1181 2550 alius
1210 2492 1291 2550 eo,
1314 2504 1554 2563 tempore
1584 2509 1692 2547 non
1733 2500 1876 2547 esset
1904 2492 1967 2563 in

388 2568 476 2623 illa
505 2569 695 2624 saltem
740 2577 891 2640 parte
917 2568 1211 2640 Galliarum
1249 2560 1536 2635 episcopus
1556 2610 1569 2633 ,
1603 2575 1661 2618 ut
1689 2560 1969 2640 con_tendi-_-

389 2654 541 2705 mus,
590 2642 681 2711 qui
728 2632 917 2711 manus
960 2647 1142 2709 posset
1172 2632 1477 2707 imponere,
1518 2650 1739 2690 necesse
1775 2633 1879 2711 fait
1903 2632 1969 2711 ad

392 2703 689 2766 Romanum
713 2703 1002 2782 confugere
1023 2703 1331 2781 episcopum
1349 2749 1363 2775 ,
1397 2703 1507 2763 tum
1538 2714 1759 2782 propter
1782 2703 1970 2782 vicini-

394 2789 558 2854 tatem
584 2823 599 2848 ,
644 2790 754 2838 tum
780 2776 999 2854 propter
1045 2776 1398 2851 potentiorem
1427 2820 1450 2854 ,_
1474 2776 1551 2854 _ut
1576 2778 1813 2854 loquitur
1855 2776 1973 2854 ipse

392 2847 654 2919 Irenaeus,
703 2847 1146 2925 principalitatem
1178 2871 1207 2925 ε
1230 2866 1333 2925 non
1366 2849 1580 2925 quidem
1609 2849 1837 2925 ut_alter
1860 2847 1974 2914 epi-

392 2938 586 2993 scopus
609 2918 659 2979 in
693 2918 893 2982 eadem'
911 2924 1150 2981 Ecclesia
1178 2918 1408 2978 Pothino
1436 2921 1610 2975 adhuc
1640 2918 1839 2975 viventi
1876 2933 1971 2973 su-

395 2992 849 3065 perardinaretur,
869 2998 962 3053 sed
987 3007 1044 3050 ut
1065 2996 1147 3050 vel
1171 2996 1225 3049 in
1249 2994 1347 3049 alia
1372 2993 1609 3065 Ecclesia
1623 2992 1973 3065 constituere.

396 3063 503 3141 t_ur,
529 3068 613 3123 vel
637 3070 686 3122 in
711 3068 1074 3141 Lugdunensi,
1089 3066 1237 3141 quod
1254 3080 1438 3141 revera
1458 3063 1655 3120 factum
1683 3072 1787 3141 est,
1812 3063 1974 3141 allato

396 3136 619 3192 Romam
662 3140 730 3195 de
773 3134 1301 3211 evompleto'Pothiui
1345 3151 1517 3206 agone
1561 3136 1770 3211 nuntio.
1816 3134 1973 3199 Haec,

2065 495 2449 565 Eleutherum,
2509 513 2667 569 quam
2729 499 2938 553 unicam
2981 507 3040 552 ιιι
3079 498 3382 569 susciperet
3419 498 3672 555 [remeas

2062 579 2276 636 rogatus
2292 579 2374 626 est
2393 584 2423 625 a
2444 567 2787 641 martyribus.
2809 570 2909 638 Qui
2931 569 3126 641 Asiana
3144 567 3668 641 defuncturierant,

2062 653 2169 694 non
2200 641 2379 695 statim
2411 639 2631 709 profecti
2656 652 2800 708 sunt,
2826 639 3080 712 quoniam
3110 654 3217 712 non
3238 640 3673 712 extemplorsese

2065 712 2216 765 navis
2244 712 2455 779 obtulit,
2490 728 2609 783 quae
2634 712 2687 767 in
2721 710 2899 768 Asiam
2929 710 3324 783 Phrygiamque
3354 711 3475 765 vela
3510 711 3671 767 face-

2071 792 2170 848 ret,
2204 782 2516 854 legatosque
2550 784 2676 839 illuc
2702 782 3051 854 deportaret;
3082 782 3235 851 cujus
3263 783 3484 837 occasio
3528 794 3672 840 ante

2063 855 2387 923 completum
2433 865 2729 923 martyrum
2783 870 3011 922 agonem
3054 869 3163 908 non
3207 854 3466 907 occurrit.
3517 854 3668 909 Cum

2062 940 2190 979 vero
2244 924 2470 981 Romani
2519 927 2727 982 itineris
2783 926 3127 996 aggrediendi
3184 940 3481 995 numquam
3546 940 3664 996 non

2063 1006 2259 1065 praesto
2290 1005 2433 1051 esset
2456 998 2686 1061 occasio,
2710 1006 2765 1052 et
2784 995 2949 1066 magis
2977 1005 3188 1067 urgeret
3208 1011 3368 1050 causa
3400 1010 3520 1065 qua:
3544 995 3670 1051 Ire—

2064 1083 2238 1139 nzeum
2263 1068 2557 1124 utRomam
2577 1069 2678 1124 iret
2696 1069 3026 1139 impellebat,
3050 1066 3187 1123 nihil
3212 1067 3309 1121 fuit
3331 1067 3477 1139 quod
3497 1066 3664 1139 illum

2064 1138 2263 1193 diutius
2290 1140 2428 1209 apud
2456 1138 2783 1209 Lugdunum
2802 1142 3077 1204 retineret,
3103 1153 3166 1194 ac
3188 1138 3415 1209 proinde
3462 1138 3562 1191 via:
3592 1154 3664 1195 se

2064 1209 2210 1283 dedit
2231 1208 2409 1266 statim
2433 1208 2593 1283 atque
2617 1212 2741 1267 huic
2767 1212 2972 1267 muneri
3002 1209 3248 1283 obeundo
3279 1208 3526 1264 delectus
3546 1219 3663 1283 est.

2133 1281 2267 1337 Rem
2312 1291 2476 1338 totam
2505 1281 2632 1337 iuno
2676 1284 2839 1338 verbo
2874 1282 3102 1338 conficio
3151 1300 3164 1334 :
3207 1296 3328 1335 cum
3363 1282 3664 1337 temeraria

2064 1353 2307 1408 videatur
2337 1370 2523 1409 eorum
2552 1355 2861 1425 conjectura
2888 1354 2979 1423 qui
3017 1353 3277 1425 [remeam
3318 1364 3517 1422 negant
3550 1352 3667 1407 lto-

2065 1440 2280 1478 manam
2304 1426 2625 1494 legationem
2652 1424 2874 1492 obiisse,
2901 1426 3125 1495 perinde
3151 1424 3282 1478 mihi
3304 1432 3387 1479 est
3408 1438 3506 1479 seu
3528 1433 3663 1480 ante

2064 1495 2275 1551 Pothini
2309 1508 2565 1565 mortem,
2596 1513 2692 1554 seu
2718 1507 2928 1552 mortuo
2960 1498 3180 1562 eodem,
3220 1496 3324 1551 iter
3366 1509 3663 1564 aggressus

2064 1568 2133 1639 sit
2158 1566 2413 1624 lrenaeus.
2441 1570 2545 1625 Sed
2575 1571 2619 1625 si
2652 1578 2771 1639 post
2804 1579 3029 1625 mortem
3060 1568 3293 1633 Pothini,
3318 1568 3463 1638 quod
3491 1567 3663 1639 pluri-

2064 1638 2164 1693 bus
2195 1640 2400 1706 placet,
2434 1638 2708 1710 profectus
2742 1650 2860 1708 est,
2907 1643 3148 1711 adeoque
3193 1650 3480 1709 antequam
3512 1638 3662 1695 illius

2066 1724 2349 1790 successor
2371 1713 2729 1790 ordinaretur,
2764 1712 3005 1782 profecto
3028 1710 3150 1768 inde
3172 1710 3508 1790 probabilior
3522 1725 3657 1790 eva-

2066 1779 2145 1853 dit
2184 1784 2450 1838 sententia
2486 1794 2663 1838 nostra
2694 1779 2722 1838 :V
2738 1779 3110 1853 argumentum
3143 1779 3285 1838 enim
3316 1791 3400 1837 est
3438 1782 3657 1836 ordina-

2069 1852 2265 1926 tionem
2322 1854 2589 1922 pontificis
2634 1872 2739 1910 non
2781 1852 3018 1926 potuisse
3066 1865 3191 1910 tunc
3240 1853 3502 1926 temporis
3537 1854 3657 1909 sine

2066 1924 2363 1996 vicinorum
2399 1924 3024 1996 episcoporum‘anxilio
3068 1925 3363 1991 celebrari;
3418 1924 3657 1996 alioquin

2065 1994 2143 2067 de
2169 1996 2314 2049 nulla
2358 2011 2416 2052 re
2438 1994 2599 2065 prius
2623 1999 2912 2067 cogitasset
2942 1999 3028 2051 illa
3057 1996 3294 2052 Ecclesia
3313 2036 3329 2061 ,
3373 1994 3557 2067 quam
3586 1995 3657 2050 de

2065 2066 2437 2122 substituendo
2465 2068 2518 2122 in
2545 2066 2718 2122 locum
2747 2069 2958 2124 Pothini
2994 2070 3249 2138 episcooo
3279 2068 3333 2121 in
3365 2066 3531 2122 tantis
3565 2083 3658 2138 re-g

2066 2152 2183 2192 rum
2211 2141 2473 2209 augustiis
2500 2141 2927 2209 pernecessario,
2957 2137 3058 2195 nec
3082 2140 3313 2196 reditum
3349 2139 3433 2193 sui
3465 2137 3657 2194 [renati

2066 2224 2130 2264 ex
2157 2221 2263 2282 tam
2293 2212 2579 2281 longinqua
2610 2212 2940 2282 profecuone
2972 2220 3368 2282 exspectasset;
3416 2210 3515 2282 sed
3557 2223 3656 2282 nec

2068 2279 2408 2405 plrofectioni'
2440 2279 2629 2339 manus
2682 2300 2935 2355 umquam
2996 2279 3233 2340 dedisset
3279 2280 3658 2352 Lugdunensis

2068 2365 2264 2405 cet-us.
2644 2390 2655 2403 ,

2068 2365 2264 2408 οιετυε.
2644 2390 2655 2403 κ

2142 2423 2234 2478 llis
2262 2426 2602 2494 pertractatis
2631 2442 2695 2482 ac
2720 2426 3004 2483 elucidatis
3033 2427 3377 2483 manifestum
3406 2435 3522 2489 est,
3556 2424 3660 2479 nisi

2069 2493 2248 2558 fallor,
2267 2493 2416 2568 nihil
2445 2512 2511 2551 ex
2538 2497 2638 2552 hoc
2657 2497 2874 2554 Eusebii
2899 2499 3038 2566 loco,
3059 2515 3218 2568 quem
3247 2514 3353 2551 non
3376 2496 3661 2566 indiligen-

2072 2574 2151 2646 ter
2181 2567 2725 2648 e_xcussimus,_posse
2755 2570 2903 2632 erui,
2932 2567 3085 2648 quod
3107 2569 3444 2626 Arelatensis
3476 2568 3665 2623 Eccle-

2071 2640 2174 2710 siae
2196 2640 2315 2710 juaa
2342 2640 2615 2710 eoncutiat
2643 2655 2705 2695 ac
2732 2642 3059 2710 pessumdet.

2142 2707 2307 2782 824
2331 2708 2460 2764 CAP.
2498 2710 2635 2765 XIV.
2676 2707 2813 2777 Quid
2844 2712 2906 2765 de
2936 2712 3187 2767 Celidonii
3214 2710 3563 2782 appellatione
3592 2709 3663 2761 ad

2072 2783 2241 2833 sedem
2285 2783 2617 2852 apostolicam
2664 2784 2982 2837 sentiendum
3025 2784 3126 2837 sit?
3178 2782 3244 2836 Et
3287 2792 3461 2835 utrum
3497 2783 3664 2834 eidem

2074 2851 2425 2925 contradicens
2448 2851 2689 2908 Hilarius
2723 2853 3030 2908 Arelatensis
3061 2855 3293 2925 ordinem
3323 2870 3357 2906 a
3381 2852 3665 2925 majoribus

2074 2924 2180 2997 suis
2201 2924 2525 2997 custoditum
2552 2925 2864 2978 turbaverit?
2896 2926 2978 2978 ubi
2998 2926 3219 2997 primum
3242 2924 3303 2978 de
3334 2921 3491 2997 causa
3520 2921 3666 2975 Mar-

2076 2994 2211 3048 ciani
2242 2994 2554 3050 Arelatensis
2576 2997 2819 3067 episc0pi.
2849 3027 2919 3037 —
2944 2994 3093 3051 Nunc
3120 2996 3187 3051 ad
3217 2996 3317 3050 alia
3346 2996 3520 3063 capita
3549 3008 3667 3063 pro—

2078 3066 2407 3145 perandum,
2437 3082 2558 3145 qua:
2588 3066 2699 3123 Leo
2728 3066 3193 3145 uesteradversus
3218 3067 3489 3145 lelilariunl
3516 3070 3673 3145 urget

2079 3136 2133 3192 in
2163 3151 2259 3193 sua
2292 3136 2539 3203 epistula,
2587 3148 2745 3201 atque
2779 3138 3041 3208 imprimis
3072 3138 3427 3193 examinanda
3452 3136 3671 3190 Celido-

395 3217 651 3281 quantum
702 3214 852 3281 sapio
872 3206 1073 3275 [mens
1117 3208 1217 3263 fuit
1263 3219 1558 3281 martyrum
1580 3250 1593 3275 ,
1650 3207 1751 3261 hoc
1790 3218 1979 3281 eorum
2010 3206 2057 3269 C
2090 3208 2164 3281 nii
2193 3208 2566 3281 appellatioad
2588 3209 2769 3281 sedem
2792 3206 3165 3279 apostolicam,
3199 3225 3358 3278 quam
3383 3223 3509 3281 cum
3528 3220 3675 3275 mgre

397 3274 703 3347 consilium,
729 3274 848 3337 cum
873 3274 1136 3337 Irenzeum
1158 3281 1385 3335 Romam
1407 3274 1721 3333 direxerant
1745 3291 1867 3332 cum
1897 3274 1984 3328 lit-

399 3352 529 3405 teris
558 3353 1031 3408 commendatitiis.
1067 3353 1179 3407 Huc
1206 3350 1392 3406 effusae
1420 3351 1526 3404 illa:
1555 3347 1737 3402 laudes
1772 3355 1984 3414 specta-

400 3420 549 3487 bant,
578 3430 637 3494 ut
658 3421 889 3478 lrenaeus
928 3424 1244 3494 Lugdunum
1280 3425 1643 3494 remitteretur
1663 3433 1700 3494 ea
1731 3416 1983 3494 pontifice

404 3491 724 3550 sacerdotali
754 3494 957 3549 honore
980 3488 1234 3558 oinatus;
1265 3507 1369 3547 non
1406 3490 1563 3545 aliam
1591 3489 1735 3544 enim
1756 3488 1824 3542 ob
1852 3501 1982 3541 cau-

401 3577 515 3617 sam
550 3561 666 3628 ejus
711 3566 900 3620 merita
943 3565 1210 3619 extollunt
1236 3562 1652 3633 Lugdunenses,
1690 3560 1984 3633 zelatorem

401 3648 523 3712 eum
554 3636 826 3706 Evangelii
854 3635 1056 3712 Christi
1081 3631 1395 3712 praedicant,
1420 3648 1482 3687 ac
1508 3632 1729 3703 gradum
1761 3631 1983 3712 presby-

402 3706 554 3779 terii,
592 3704 1040 3779 quo'ornabatur,
1073 3704 1487 3779 commendant,
1515 3718 1671 3779 quam
1704 3712 1761 3757 ut
1804 3716 1897 3757 sua
1927 3704 1984 3756 in

401 3774 554 3833 illum
588 3774 709 3835 vota
743 3793 840 3848 pro
870 3777 1163 3848 episcopali
1202 3791 1428 3831 munere
1445 3774 1795 3848 conferrent,
1836 3782 1987 3829 ante-

402 3861 562 3922 quam
596 3845 853 3922 martyrio
895 3845 1335 3913 absumerentur;
1370 3845 1816 3922 universusenim
1847 3859 1986 3914 pene

402 3919 581 3975 clerus
602 3922 655 3978 in
679 3917 907 3978 vinculis
927 3930 1183 3976 eratcum
1207 3934 1306 3974 suo
1330 3920 1602 3989 episcopo.
1626 3917 1741 3972 IIas
1764 3918 1981 3983 litteras,

402 3989 677 4063 inquiunt,
708 4004 763 4048 ut
791 3994 858 4047 ad
888 4002 935 4046 te
968 3994 1242 4063 perferret,
1275 3992 1425 4062 fratri
1460 4000 1506 4063 et
1543 3989 1766 4044 consorti
1810 3998 1985 4063 nostro

402 4058 607 4119 Irénwo
633 4058 1012 4134 persuasimus;
1042 4058 1089 4117 et
1119 4058 1386 4116 hortamur
1408 4070 1462 4115 ut
1484 4062 1652 4131 ipsunt
1673 4060 1865 4115 cwteris
1892 4076 1987 4134 an-

402 4142 611 4210 teponas
634 4132 907 4210 ί(ἐ’χιιν-σε
949 4135 1096 4191 αὐτὸν
1134 4134 1557 4210 ἒνηςπᾳρᾳθέσει).
1583 4141 1839 4210 tamquam
1876 4132 1986 4187 zelo

399 4202 671 4277 singulari
690 4202 781 4278 pro
812 4207 1144 4278 Testamento
1173 4202 1361 4278 Christi
1394 4202 1707 4278 prwditum.
1732 4202 1805 4278 Si
1834 4218 1987 4278 porro

399 4274 868 4345 puiaremus'alicui
897 4294 959 4332 ea:
988 4277 1097 4331 loco
1128 4276 1240 4346 (seu
1277 4274 1548 4347 dignitate)
1585 4274 1805 4345 conferri
1829 4274 1988 4347 justi-

401 4344 547 4411 tiam,
578 4367 691 4403 eum
722 4362 979 4420 tamquam
1002 4344 1355 4420 presbyterum
1380 4344 1627 4420 Ecclesiie
1655 4348 1817 4415 (hunc
1854 4346 1988 4420 enim

402 4420 621 4487 gradum
663 4416 875 4487 obtinet)
908 4416 1011 4472 tibi
1040 4416 1289 4487 imprimis
1331 4417 1849 4471 commendassemus.
1896 4416 1989 4471 His

400 4488 544 4541 enim
566 4490 773 4564 verbis,
809 4492 857 4544 ἐν
881 4490 1178 4564 παραθέσει,
1213 4488 1756 4564 lrenceum_anteponi
1780 4491 1991 4543 caeteris

402 4572 609 4628 cupere
629 4574 688 4614 se
708 4558 1104 4623 demonstrant,
1128 4568 1186 4614 ιιι
1200 4570 1325 4615 ante
1348 4573 1445 4613 nos
1465 4558 1991 4628 Christophorsonus

404 4627 781 4698 animadvertit
809 4630 859 4684 in
889 4643 988 4683 sua
1020 4629 1237 4685 Eusebii
1270 4630 1549 4693 versione;
1597 4627 1741 4698 quad
1792 4630 1987 4686 intuitu

401 4697 676 4825 dignitatis
698 4700 861 4782 823
889 4700 1231 4770 episcopalis,
1264 4714 1422 4782 quam
1453 4700 1501 4781 ei
1532 4697 1763 4755 conferri
1791 4715 1988 4771 perop-

402 4779 451 4823 ta
494 4779 606 4825 aut.
640 4776 771 4825 mihi
798 4771 1009 4825 Videtur
1033 4786 1155 4825 esse
1182 4772 1249 4825 ab
1277 4786 1343 4825 us
1364 4779 1623 4825 scriptum
1651 4785 1803 4825 uana:
1824 4772 1986 4825 Eleu-

402 4770 606 4895 febant,
640 4770 804 4827 mihT
798 4770 1009 4829 videtur
1033 4786 1155 4828 esse
1182 4772 1249 4827 ab
1277 4771 1343 4827 iis
1364 4770 1623 4839 scriptum
1650 4785 1803 4841 papae
1824 4770 1986 4827 Eleu-

441 4856 576 4895 iero.
1568 4848 1575 4859 ‘

400 4848 576 4896 thero.
1568 4848 1575 4859 “

469 4912 539 4969 Ut
574 4913 793 4985 demum
823 4915 873 4971 ei
896 4912 1194 4970 difficultati
1218 4913 1627 4982 satisfaciamus,
1649 4929 1768 4985 qua:
1790 4928 1855 4970 ex
1881 4914 1985 4971 fine

397 4985 590 5051 capitis
620 4984 654 5039 5
682 4986 934 5053 sumitur,
976 4986 1077 5057 ubi
1096 4986 1290 5043 litterae
1331 4996 1627 5057 martyrum
1658 4986 1726 5041 de
1755 4986 1984 5055 pseudo-

397 5057 673 5124 prophetis
714 5058 949 5114 Montani
997 5056 1246 5114 videntur
1284 5071 1390 5113 non
1436 5056 1656 5124 perlatae
1694 5072 1814 5113 esse
1856 5068 1983 5115 ante

399 5126 609 5183 Pothini
642 5141 868 5185 mortem
889 5173 904 5198 ,
936 5144 1060 5185 cum
1101 5130 1395 5198 subiuncta:
1437 5126 1605 5185 fuisse
1630 5130 1877 5186 dicantur
1915 5130 1982 5185 ab

398 5198 632 5256 Eusebio
684 5202 1027 5271 amplissima:
1075 5201 1149 5256 illi
1189 5198 1568 5272 Lugdunensis
1608 5202 1861 5257 Ecclesia:
1914 5201 1983 5256 de

398 5272 724 5342 martyribus
752 5272 1014 5342 epistolae,
1046 5272 1167 5328 dico
1195 5271 1303 5329 duo
1347 5271 1727 5342 distinguenda
1765 5287 1888 5329 esse
1927 5274 1982 5329 in

397 5339 1108 5426 Eusebiinatzrationehqute
1128 5345 1286 5426 vulgo
1314 5358 1419 5426 non
1443 5339 1835 5426 discernuntur.
1870 5344 1982 5400 Du-

396 5412 522 5481 plex
553 5415 700 5470 enim
725 5413 922 5484 legatio
953 5412 1148 5472 ibidem
1177 5412 1464 5484 indicatur,
1498 5430 1599 5470 una
1632 5416 1684 5469 in
1714 5417 1893 5471 Asiam
1922 5424 1980 5473 et

2089 3278 2375 3334 admodum
2401 3279 2611 3335 tulisset
2634 3278 2887 3345 Hilarius,
2910 3291 2963 3336 et
2982 3281 3242 3350 judicium
3263 3295 3414 3335 suum
3436 3295 3465 3333 a
3488 3278 3674 3333 Leone

2090 3352 2368 3405 retractari
2397 3366 2503 3405 non
2530 3351 2778 3406 debuisse
2805 3362 3024 3407 strenue
3056 3352 3315 3407 adversus
3338 3351 3503 3420 ipsum
3532 3364 3673 3420 con-

2091 3420 2378 3493 tendisset,
2411 3422 2526 3493 haec
2554 3422 2884 3492 gravissimae
2917 3424 3052 3478 inter
3076 3416 3665 3493 utrttniqueisiinultatis

2088 3490 2240 3562 origo
2278 3491 2396 3563 fuit.
2426 3490 2739 3563 llmc'igitur
2766 3495 2823 3551 S.
2865 3495 2972 3551 Leo
3014 3497 3063 3549 in
3098 3511 3159 3550 ea
3195 3490 3411 3563 epistola
3440 3490 3503 3544 ad
3534 3504 3667 3559 pro-

2089 3563 2276 3635 vinciae
2296 3562 2614 3619 Viennensis
2640 3565 2941 3635 episcopos,
2963 3567 3155 3635 quibus
3185 3562 3272 3635 jus
3297 3578 3445 3635 suum
3456 3577 3536 3635 rex
3563 3576 3671 3635 an-

2089 3633 2231 3703 tiqua
2263 3637 2647 3691 consuetudine
2675 3631 2742 3691 ‘in
2796 3631 2993 3693 Galliis
3010 3631 3226 3705 recepta
3256 3633 3511 3691 defendit.
3552 3631 3674 3685 No-

2066 3704 2300 3771 ‘biscum,
2333 3706 2506 3784 inquit
2535 3706 2729 3784 (Epist.
2764 3708 2871 3781 10),
2903 3719 3067 3784 vestra
3101 3704 3396 3784 fraternitas
3426 3720 3676 3784 recogno-

2086 3786 2192 3831 scat
2212 3782 2539 3851 apostolicam
2565 3780 2732 3833 sedem
2755 3780 2846 3851 pro
2870 3782 2948 3833 sui
2970 3780 3250 3851 reverentia
3277 3790 3497 3851 arestrtz
3516 3780 3674 3829 etiam

2088 3850 2366 3921 provincia:
2420 3848 2802 3916 sacerdotibus,
2850 3852 3126 3905 innumeris
3176 3848 3506 3921 relationibus
3565 3862 3680 3899 esse

2089 3919 2391 3987 consultam,
2452 3930 2496 3976 et
2543 3938 2631 3992 per
2667 3922 3015 3987 diversarum,
3051 3919 3479 3992 quemadmodum
3534 3927 3678 3971 cetus

2088 3992 2402 4047 consuetudo
2441 3992 2708 4065 poscebat,
2745 3993 3135 4065 appellationem
3168 4007 3439 4065 causarum
3475 3998 3563 4043 aut
3593 4002 3683 4042 rc-

2090 4072 2304 4137 tractata
2335 4064 2757 4137 aulicon/rirmala
2780 4063 2937 4137 fuisse
2957 4064 3187 4137 judicia;
3216 4063 3346 4117 adeo
3376 4070 3452 4137 ut,
3474 4069 3679 4137 screata

2091 4136 2285 4189 unitate
2314 4136 2527 4203 spiritus
2552 4130 2607 4188 in
2646 4130 2848 4189 vinculo
2888 4130 3057 4205 pacis.
3109 4130 3682 4205 comnteantibus_hinc

2089 4205 2210 4259 inde
2235 4207 2432 4271 litteris,
2463 4207 2600 4276 quod
2638 4220 2812 4263 sancte
2836 4203 3099 4277 agebatur,
3128 4214 3388 4277 perpetua:
3410 4203 3682 4275 proﬁceret

2092 4278 2348 4331 charitati.
2375 4278 2630 4344 Quoniam
2645 4276 2938 4333 sollicitudo
2965 4276 3137 4331 nostra
3168 4293 3268 4331 non
3296 4292 3393 4330 sua
3416 4289 3682 4345 quarens,

2093 4349 2181 4402 sed
2204 4365 2314 4416 qua:
2344 4358 2462 4404 sunt
2492 4347 2711 4414 Christi,
2747 4350 3048 4417 dignitatem
3087 4349 3329 4402 divinitus
3374 4349 3546 4401 datam
3584 4359 3687 4417 nec

2095 4414 2335 4491 Ecclesiis
2364 4438 2455 4473 nec
2482 4414 2834 4474 Ecclesiarum
2860 4418 3205 4475 sacerdotibus
3244 4419 3541 4491 abrogabat.
3565 4414 3685 4491 Sed

2093 4489 2227 4544 hunc
2271 4492 2547 4563 tramitem
2570 4507 2770 4560 semper
2815 4492 2947 4545 inter
2972 4494 3196 4563 majores
3231 4488 3449 4563 nostros
3477 4497 3523 4563 el
3557 4488 3687 4539 bene

2096 4571 2310 4626 lentum,
2344 4570 2387 4615 et
2414 4561 2683 4615 salubriter
2708 4563 3033 4626 custoditum,
3052 4560 3300 4616 Hilarius
3329 4560 3689 4615 Ecclesiarum

2095 4642 2283 4687 statum
2311 4674 2326 4697 ,
2361 4641 2406 4686 et
2436 4633 2763 4687 concordiam
2787 4634 3111 4687 sacerdotum
3141 4634 3281 4687 noris
3313 4630 3685 4703 prwsumptia-

2096 4703 2243 4758 nibus
2274 4703 2569 4757 turbaturus
2596 4704 2844 4770 excessit;
2871 4708 2941 4757 ita
2968 4720 3075 4775 sua:
3100 4720 3185 4757 vos
3231 4701 3439 4775 cupiens
3467 4701 3691 4756 subdere

2097 4775 2353 4844 potestati,
2388 4785 2442 4828 ut
2469 4792 2522 4829 se
2551 4775 2689 4830 beato
2716 4776 2949 4843 apostolo
2992 4774 3147 4830 Petro
3179 4774 3535 4846 non’patiatur
3575 4787 3692 4826 esse

2094 4846 2393 4910 subjectum,
2423 4858 2526 4901 etc.

2169 4865 2369 4899 tecum!
2423 4865 2526 4901 θιο.

2169 4865 2243 4990 (Ia)
2276 4886 2668 4972 Con’troversiie
2713 4918 2876 4974 cardo
2916 4918 2969 4972 in
3010 4932 3074 4973 eo
3104 4918 3311 4990 positus
3343 4926 3466 4990 est,
3497 4923 3685 4990 utrum

2097 4986 2299 5059 recepti
2324 4998 2451 5045 tunc
2480 4991 2530 5043 in
2559 4989 2729 5045 Gallia
2757 5004 2992 5045 eanoiies
3020 4999 3073 5043 et
3106 4989 3397 5044 Gallicanae
3430 4986 3692 5041 Ecclesiae

2099 5076 2277 5115 mores
2300 5076 2363 5115 ac
2387 5060 2721 5115 consuetudo
2743 5060 2794 5116 id
2826 5062 2892 5115 ab
2923 5060 3127 5115 Hilario
3148 5060 3442 5130 exigerent,
3478 5068 3532 5130 ut
3559 5072 3693 5113 seu-

2100 5132 2320 5187 tentiam
2344 5131 2446 5188 rite
2464 5142 2518 5185 et
2539 5134 2794 5187 canonice
2814 5131 2866 5186 in
2894 5132 3163 5188 Gallicana
3187 5128 3396 5203 synodo
3422 5128 3691 5203 prolatam

2091 5203 2159 5258 ab
2189 5205 2441 5273 episcopo
2472 5204 2712 5258 Romano
2743 5203 2808 5258 ad
2840 5218 3064 5257 examen
3105 5200 3379 5265 revocari,
3414 5211 3467 5255 et
3490 5201 3540 5253 vi
3588 5214 3688 5268 ap—

2091 5275 2399 5345 pellationis
2428 5287 2518 5329 aut
2545 5274 2852 5330 confirmari
2883 5282 2973 5327 aut
2996 5273 3278 5329 retractari
3311 5273 3531 5345 sineret.

2162 5346 2300 5415 Quid
2335 5347 2718 5413 posterioribus
2753 5345 2969 5401 saeculis
3004 5356 3182 5401 actum
3226 5344 3388 5399 fuerit
3429 5341 3513 5415 vel
3569 5340 3694 5415 fieri

2094 5412 2358 5479 debuerit,
2391 5418 2517 5489 quid
2548 5433 2707 5486 novo,
2742 5427 2797 5472 ut
2819 5418 2989 5484 aiunt,
3014 5417 3161 5486 jure,
3194 5424 3378 5471 nostra
3400 5413 3485 5470 vel
3510 5412 3689 5483 majo-

1446 5530 2008 5591 BALLERINIORUM
2045 5530 2599 5591 ANNOTATIONES.

472 5620 548 5692 (a)
574 5622 703 5696 Quae
735 5623 788 5677 in
818 5624 920 5679 hoc
944 5632 998 5680 et
1022 5625 1368 5696 sequentibus
1396 5626 1662 5695 capitibus
1691 5626 1979 5696 proferun-

400 5695 604 5769 t_ur,_ad
634 5695 811 5749 vivum
839 5705 1152 5752 resecantur
1180 5697 1234 5751 in
1278 5697 1497 5753 observ.
1528 5706 1665 5767 part.
1697 5695 1747 5763 ἰ,
1796 5713 1824 5752 a
1851 5713 1976 5769 cap.

399 5761 535 5845 {ad
561 5764 592 5816 7
624 5781 809 5837 usque.
844 5768 992 5845 Hane
1017 5769 1437 5845 controversiam
1468 5761 1705 5845 revocari
1732 5761 1798 5825 ad
1827 5761 1982 5845 qutie-

373 5838 632 5902 .stiunem
658 5851 767 5897 non
789 5840 923 5898 meri
949 5838 1095 5908 facti,
1119 5839 1214 5899 sed
1235 5840 1401 5912 juris;
1427 5849 1481 5900 et
1506 5842 1624 5911 jure
1653 5838 1888 5901 Leonem
1924 5844 1978 5901 in

2093 5626 2355 5683 Celidonii
2376 5627 2741 5697 appellatione
2754 5626 3063 5696 judicasse;
3090 5640 3191 5682 nec
3214 5623 3696 5690 consuetudinem.

2090 5708 2180 5754 aut
2210 5714 2466 5765 canones,
2528 5699 2700 5753 multo
2737 5709 2918 5754 autem
2954 5700 3131 5755 minus
3161 5698 3404 5753 divinum
3432 5698 3521 5765 jus
3545 5698 3697 5763 Que-

2090 5772 2245 5826 snelli
2270 5770 2557 5826 sententiae
2582 5772 2782 5835 favere,
2810 5771 3106 5841 Hilariique
3130 5769 3428 5843 apologiam
3460 5768 3599 5825 male
3619 5766 3695 5825 ab

2089 5843 2278 5904 eodem
2306 5851 2615 5900 contextam
2642 5843 2838 5901 exinde
2865 5843 3083 5915 patebit.
