3984 6306
361 209 467 275 ωε

829 207 1066 268 PASCH.
1109 207 1494 278 QUESNELLI
1531 205 2126 268 DlSSEllTATlONES
2169 207 2230 264 IN
2273 208 2329 266 S.
2373 207 2613 266 LEONIS
2655 207 2870 268 MAGNI
2909 206 3150 284 0PERA_

3531 207 3672 268 ιθι

360 356 394 395 a
414 337 634 393 concilio
656 336 994 407 plurimorum
1016 333 1355 407 sacerdotum,
1383 339 1439 386 ut
1466 329 1702 400 loquitur
1720 327 1943 407 Cypria-
1971 331 2020 390 Α
2050 327 2380 407 Marcianum
2408 329 2742 407 pervicacem,
2765 337 2819 407 _et
2845 328 3124 407 superbum
3149 334 3196 381 et
3223 324 3411 407 divinae
3439 325 3669 407 pietatis

359 426 484 477 nus,
533 409 622 480 qui
658 400 946 480 etpartem
979 419 1038 459 se
1073 405 1215 480 illius
1238 403 1404 480 fuisse
1437 411 1678 480 testatur.
1711 400 1792 454 An
1818 400 1943 480 ideo

359 472 678 540 adornasset
717 472 974 548 judicium
1025 476 1278 531 adversus
1317 474 1685 548 Marcianum,_
1711 482 1767 548 ut
1803 472 1861 548 is
1890 472 1943 526 in

287 571 295 577 ‘
359 542 823 613 schismaticornm
854 561 1079 604 numero
1099 562 1218 603 esse
1247 543 1688 601 convinceretur?
1715 542 1819 600 Sed
1849 542 1945 599 ha-

359 626 559 683 bebant
583 635 770 678 omnes
795 621 1031 690 episcopi
1063 627 1277 688 totaque
1306 619 1576 688 provincia
1600 613 1943 690 conﬁtentem

361 712 540 764 reum,
583 694 675 766 qui
704 687 950 766 convinci
981 687 1046 747 de
1086 687 1632 766 errarepropugnato
1663 703 1770 742 non
1801 687 1940 766 indi-

359 759 540 841 gebat,
571 759 691 821 cum
717 765 910 841 palam,
943 774 998 817 ut
1022 770 1246 818 testatur
1271 760 1357 841 hic
1382 759 1701 841 Cyprianus,
1730 759 1944 841 collegio

362 832 730 912 Episcoporunt‘
762 836 1063 912 ins_u_l_taret_;
1119 848 1245 887 cum
1277 832 1594 912 jampridem
1633 833 1859 912 jaciaret
1899 837 1947 885 et

363 902 689 982 praedicaret,
712 907 847 978 quod
863 906 1153 982 Novatiano
1170 903 1453 982 stude_ns_et
1477 905 1588 982 ejus
1614 902 1946 982 pervicaciam

363 973 605 1054 sequens,
651 973 684 1032 a
723 973 1071 1054 communione
1117 993 1170 1030 se
1217 973 1560 1054 ecclesiustica
1600 980 1946 1054 segregas'set;

363 1044 488 1123 gt'm
521 1051 763 1123 episcopis
807 1049 1070 1114 illuderet,
1114 1047 1273 1123 et__de
1314 1049 1582 1123 majestate
1597 1061 1669 1123 Aac
1701 1044 1946 1123 dignitate

365 1117 615 1178 Ecclesia:
634 1117 924 1191 judicaret;
952 1134 1071 1173 cum
1092 1117 1460 1191 seiNovatia’uo
1488 1119 1825 1191 conjungens,
1851 1117 1944 1191 ad-

368 1187 1012 1251 versarius'misericordite
1035 1201 1082 1243 ct
1109 1189 1312 1261 pietatis
1340 1187 1590 1252 exstaret,
1628 1197 1697 1261 et_
1703 1187 1811 1261 ipse
1833 1187 1946 1261 jain

367 1274 495 1320 esset
531 1265 593 1318 ab
637 1263 882 1317 universis
927 1255 1274 1316 sacerdotibus
1317 1261 1576 1328 judicatus
1627 1255 1945 1328 (Epistﬁti7,

366 1337 448 1392 ed.
483 1333 734 1405 Pamel.).
783 1334 861 1389 Au
915 1333 1145 1405 denique
1159 1332 1411 1405 synodus
1445 1337 1861 1405 congregaretur
1893 1338 1948 1405 ut

367 1399 718 1478 depositionis
755 1405 1017 1478 sententia
1047 1403 1101 1456 in
1130 1399 1450 1478 Marcianum
1480 1399 1948 1478 pronuntiaretur?

367 1472 566 1534 Verum
587 1476 695 1546 jam
725 1491 844 1531 eam
875 1477 1010 1546 ipse,
1034 1472 1522 1546 ut_tnox_vidimus,
1557 1473 1945 1546 pronuntiaret,

365 1565 399 1602 a
423 1542 775 1603 communione
801 1545 968 1618 828
991 1561 1043 1598 se
1060 1542 1304 1597 Ecclesia:
1325 1558 1614 1618 segregans,
1635 1558 1666 1618 ᾳ
1686 1542 1950 1618 cat/taliae

365 1618 617 1675 Ecclesia:
649 1611 909 1681 veritat'eT
921 1611 1069 1684 atque
1096 1633 1127 1667 a
1155 1611 1396 1682 corporis
1417 1611 1598 1678 nostri,
1648 1612 1818 1683 inquit
1846 1611 1954 1683 Cy-

366 1692 590 1762 prianus
619 1685 846 1762 (Ibid.),_
877 1696 923 1740 et
960 1685 1604 1762 sacerdotiiicoitsensione
1628 1685 1946 1762 disjungens,

369 1755 641 1829 tenentque
675 1755 940 1829 haeretica:
961 1756 1372 1829 ptiwsuntptionis
1399 1755 1951 1829 durissimant‘pruvi-

368 1825 726 1888 tatentillnde
753 1845 874 1884 cum
897 1825 970 1882 ait
989 1825 1285 1897 Cyprianus
1312 1826 1379 1881 de
1397 1825 1670 1881 Marciano
1695 1843 1706 1879 :
1735 1825 1951 1881 Senten-

367 1904 494 1958 tiam
523 1918 625 1955 non
655 1901 813 1965 dicat,
855 1899 945 1954 sed
983 1899 1226 1965 accipiat,
1277 1913 1382 1952 non
1417 1898 1484 1951 de
1512 1912 1648 1951 nova
1688 1897 1951 1952 sententia

365 1975 505 2030 vela
525 1971 734 2045 synodo
760 1971 844 2045 vel
867 1986 898 2026 a
926 1970 1175 2045 pontiﬁce
1206 1968 1470 2045 Romano,
1502 1977 1558 2023 ut
1587 1977 1736 2045 putat
1763 1977 1950 2045 auctor

365 2045 480 2109 ille,
512 2039 828 2114 proferenda
852 2039 1068 2114 scribit;
1116 2057 1178 2098 se
1219 2041 1361 2096 enim
1400 2039 1515 2114 ipse
1546 2040 1682 2114 satis
1712 2039 1953 2114 eXplicat

364 2110 688 2188 Cyprianus,
722 2129 856 2188 cum
907 2113 1087 2188 statim
1120 2111 1735 2188 interpretaiionisvice
1765 2110 1950 2167 addit:

365 2182 498 2258 Cum
540 2187 647 2258 ipse
689 2186 754 2258 sit
800 2187 864 2238 ab
908 2184 1156 2258 universis
1193 2182 1539 2258 sacerdotibus
1577 2183 1870 2258 judicatus,
1920 2199 1949 2258 a_

367 2255 537 2314 Lucio
561 2253 808 2312 videlicet
837 2264 892 2311 et
918 2253 1168 2310 Cornelio
1195 2253 1451 2308 Romanis
1476 2253 1832 2323 pontilicibns,
1864 2255 1952 2324 qui

367 2329 596 2384 dandam
636 2345 742 2384 esse
785 2328 951 2399 lapsis,
981 2342 1156 2399 pacem
1197 2336 1519 2399 censuerunt,
1563 2335 1611 2379 et
1658 2326 1952 2399 paenitentia

366 2410 485 2456 acta
512 2402 735 2473 fructum
769 2396 1247 2473 contentunicationis
1274 2406 1321 2450 et
1351 2396 1490 2466 pacis
1531 2397 1821 2473 negandum
1851 2413 1950 2473 non

367 2488 477 2528 esse
497 2467 676 2526 litteris
708 2470 816 2525 suis
851 2472 1209 2540 signaverunt;
1235 2484 1388 2538 quant
1422 2484 1550 2540 rem,
1583 2467 1730 2522 addit
1761 2469 1817 2523 S.
1843 2467 1948 2539 Cy-

406 2544 588 2599 rianus
637 2540 861 2613 (Ibid.),
899 2539 1083 2613 omnes
1141 2539 1578 2613 omniuoubique
1618 2540 1947 2613 censuimus.

406 2559 588 2599 rlanus
637 2559 861 2613 (Μαι),
911 2559 1083 2594 omnes
1141 2559 1348 2592 omnmo
1394 2559 1578 2609 uosque
1640 2559 1947 2594 censuimus.

367 2559 584 2674 Brolata
607 2616 882 2668 enimvero
910 2611 1077 2666 semel
1093 2610 1354 2664 sententia
1369 2610 1420 2664 in
1441 2609 1662 2665 haeresis
1679 2613 1760 2664 vel
1783 2609 1953 2664 schis-

369 2687 530 2742 matis
549 2695 844 2746 auctorem,
875 2683 926 2736 in
944 2695 1131 2737 omnes
1157 2680 1299 2735 illius
1323 2695 1583 2750 sequaces
1604 2683 1809 2750 prolata
1832 2695 1952 2736 esse

368 2756 724 2820 censebatur;
761 2753 996 2824 alioquin
1022 2752 1107 2808 vel
1131 2753 1545 2824 nimiuntgrave
1575 2763 1717 2807 esset
1745 2752 1952 2821 episco-

370 2827 454 2898 pis
479 2827 632 2881 toties
658 2826 709 2882 in
734 2822 998 2898 synodum
1021 2822 1328 2891 convenire,
1351 2822 1457 2898 illis
1494 2826 1788 2898 praesertim
1813 2831 1950 2898 tem-

367 2893 611 2976 poribus,
640 2893 1246 2976 q_uot'ies_episcoporutn
1285 2894 1367 2948 vel
1397 2893 1828 2976 presbyterorum
1857 2894 1955 2975 ali-

367 2963 490 3035 quis
509 2963 708 3024 erroris
738 2982 797 3024 se
834 2963 1072 3022 damnati
1103 2967 1364 3019 fautorem
1395 2963 1678 3031 redderet;
1709 2964 1791 3018 vel
1821 2964 1951 3035 satis

367 3033 627 3097 Ecclesia:
649 3039 806 3094 saluti
837 3037 1138 3094 consultum
1165 3051 1273 3091 non
1301 3042 1468 3103 esset,
1506 3036 1550 3089 si
1581 3035 1699 3090 solo
1729 3033 1950 3090 lueresis

2049 416 2110 454 ac
2140 403 2381 470 fraterna:
2405 397 2586 454 salutis
2632 400 2895 453 inimicum
2925 399 3138 468 collegio
3180 407 3356 470 nostro
3391 397 3670 470 insultare

2047 469 2330 544 patiantur,
2355 473 2492 540 quod
2521 471 2734 544 necdum
2759 488 2791 525 a
2819 471 3198 544 nobisividetur
3224 469 3662 544 abstentuaLubi

2047 540 2146 614 per
2177 540 2481 599 illud‘xonts
2529 547 2660 598 satis
2692 543 2922 598 insinuat
2952 541 3135 598 Gallos
3174 558 3281 596 non
3333 540 3502 614 solius
3522 540 3664 614 ξιο-

2049 611 2191 670 inani
2217 615 2483 686 pontilicis
2509 615 2830 670 sententiam
2855 616 3168 677 attendisse,
3200 611 3485 686 sedetiam
3509 612 3664 669 Car-

2051 684 2400 756 thaginensis,
2447 701 2604 757 quem
2639 696 2694 742 et
2731 702 2826 755 pro
2870 700 2964 741 sua
3003 697 3152 755 parte
3187 686 3240 740 in
3267 684 3472 757 Gallias
3499 687 3659 740 scri-

2050 755 2223 826 psisse
2241 758 2400 813 verba
2426 755 2540 812 hinc
2562 757 2806 813 dubitare
2833 773 2939 812 non
2962 759 3160 825 sinunt,
3186 755 3488 827 praesertim
3515 773 3659 811 cum

2049 829 2299 898 superius
2321 828 2514 884 dixerit
2541 845 2554 882 :
2579 830 2674 884 Cui
2703 830 2778 883 rei
2809 838 3036 884 nostrum
3059 839 3130 884 est
3159 829 3427 884 consulere
3449 837 3499 884 et
3521 830 3663 883 sub-

2048 901 2237 971 venire,
2271 903 2429 971 frater
2457 899 2792 967 charissime;
2826 911 2878 956 et
2918 910 3106 970 postea
3139 914 3294 956 suum
3321 917 3350 954 a
3382 900 3660 955 fratribus

2050 969 2340 1027 Gallicanis
2390 972 2709 1042 postulatum
2755 986 2875 1026 esse
2915 969 3121 1026 asserat
3157 973 3438 1028 auxilium.
3473 971 3653 1027 Sola—

2051 1043 2200 1110 tium,
2252 1043 2443 1111 inquit,
2487 1053 2673 1098 nostra
2699 1043 3050 1112 opilulationis
3088 1053 3387 1112 exposcunt.
3437 1042 3656 1108 Quam-

2051 1128 2208 1181 quam
2233 1129 2410 1180 uemo,
2444 1114 2542 1168 nisi
2570 1114 2624 1169 in
2655 1114 3002 1183 apostolicam
3025 1115 3206 1170 sedem
3231 1117 3368 1170 male
3389 1112 3652 1181 ali'ecttts,

2051 1185 2334 1264 negaverit
2374 1193 2518 1264 tanto
2551 1188 2666 1264 plus
2695 1185 2948 1264 pende-ris
2973 1196 3028 1241 et
3077 1186 3408 1264 auctoritatis
3439 1186 3655 1240 habere

2052 1255 2258 1328 litteras
2297 1255 2522 1311 Romani
2554 1255 2843 1328 pontiﬁcis
2894 1272 3053 1327 quam
3099 1256 3377 1328 Cypriani,
3431 1266 3650 1328 quanto

2053 1326 2222 1398 Roma
2253 1338 2465 1394 praestat
2480 1327 2822 1398 Carthagine,
2843 1326 3111 1384 acPetrus
3131 1326 3426 1397 apostolus,
3446 1327 3647 1382 catha—

2051 1397 2267 1468 d'rzeque
2293 1400 2599 1468 apostolica:
2626 1397 2799 1454 haeres
2819 1399 3120 1469 Stephanus
3144 1401 3354 1455 caeteris
3374 1400 3648 1470 apostolis

2052 1478 2210 1538 atque
2235 1471 2502 1540 episc0pis
2525 1472 2894 1540 priceminent.
3011 1527 3018 1530 _

2123 1540 2276 1613 Quod
2298 1542 2534 1613 secundo
2561 1542 2679 1598 loco
2700 1543 2934 1613 affirmat
2957 1550 3144 1613 auctor
3170 1541 3280 1604 ille,
3305 1540 3644 1613 Cyprianum

2059 1610 2259 1666 nullam
2293 1611 2485 1669 fecisse
2515 1613 2846 1668 mentionem
2874 1611 2943 1668 de
2981 1612 3219 1684 synodo,
3265 1610 3646 1684 intemperan-

2056 1684 2268 1754 tiusque
2296 1685 2518 1738 insultat
2543 1684 2859 1740 doctissimo
2893 1682 3112 1748 prméuli
3144 1683 3304 1738 Petro
3330 1682 3399 1754 de
3427 1683 3643 1748 Mares,

2053 1758 2203 1827 quasi
2229 1754 2429 1824 aliquid
2465 1756 2604 1824 quod
2633 1755 2961 1827 synodornm
3005 1755 3253 1827 potestati
3285 1753 3639 1827 suffragetur,

2055 1827 2106 1882 in
2141 1825 2239 1881 hac
2267 1827 2495 1896 epistola
2526 1825 2786 1896 quaerenti
2830 1825 3058 1894 frustra,
3108 1825 3309 1881 insulse
3339 1825 3641 1880 admodum

2053 1896 2157 1952 hoc
2189 1900 2447 1969 scriptum
2487 1908 2591 1953 est.
2636 1898 2873 1954 Primum
2919 1897 3060 1952 enim
3107 1912 3173 1953 ex
3216 1896 3374 1969 dictis
3405 1897 3642 1969 manife-

2050 1979 2194 2026 Stum
2233 1967 2317 2024 est
2359 1970 2557 2024 nullam
2610 1969 2774 2025 fuisse
2818 1969 3009 2040 synodi
3042 1968 3295 2038 cogenda:
3339 1967 3645 2040 necessita-

2053 2048 2186 2106 tem,
2209 2055 2328 2095 cum
2351 2040 2668 2110 jampridem
2699 2037 2994 2096 Marcianus
3018 2042 3070 2094 itt
3093 2037 3387 2094 Novatiano
3410 2037 3640 2110 damna-

2055 2112 2218 2167 tionis
2265 2108 2568 2180 excepisset
2612 2113 2967 2176 sententiam,
3011 2110 3388 2179 sufficeretque
3425 2118 3483 2164 ut
3521 2108 3642 2164 ΒΑ).

2053 2197 2212 2237 mana
2241 2182 2514 2250 Ecclesia,
2547 2197 2664 2250 qua:
2694 2185 2932 2238 omnium
2966 2183 3326 2239 Ecclesiarum
3353 2181 3635 2250 princeps,

2054 2263 2109 2308 et
2156 2254 2489 2310 Arelatensis
2546 2255 2708 2308 etiam
2765 2256 2960 2309 matrix
3009 2263 3124 2310 erat
3168 2268 3261 2322 per
3313 2252 3634 2308 missionem

2053 2324 2351 2394 Trophimi,
2390 2340 2491 2381 una
2517 2340 2637 2380 cum
2669 2324 3096 2396 Carthagiuensi,
3129 2324 3389 2396 iudicaret
3411 2324 3640 2396 absters-

2052 2405 2166 2452 tnm
2187 2411 2218 2452 a
2235 2412 2296 2452 se
2315 2396 2664 2464 Marcianum,
2692 2397 2759 2450 ab
2780 2394 2924 2451 illius
2949 2397 3109 2452 etiam
3139 2395 3394 2451 Ecclesiae
3415 2394 3639 2450 clericis

2052 2477 2108 2524 et
2152 2469 2312 2523 totius
2357 2469 2650 2538 provincia:
2692 2467 2961 2539 episcopis
3007 2467 3206 2537 pariter
3249 2464 3633 2539 abstinendum

2054 2553 2196 2596 esse.
2239 2539 2438 2595 Deinde
2478 2539 2566 2594 vix
2605 2538 2828 2594 liberum
2865 2550 2982 2594 erat
3027 2549 3152 2594 tunc
3183 2538 3440 2607 temporis
3475 2539 3532 2591 in
3562 2551 3634 2594 ea

2056 2619 2208 2680 parte
2246 2610 2432 2666 Gallia:
2473 2611 2825 2667 conciliorum
2866 2609 3242 2680 congregatio,
3274 2607 3513 2664 fervente
3537 2608 3634 2662 ni-

2055 2679 2249 2737 mirum
2284 2682 2578 2738 inﬁdelium
2609 2682 2735 2737 odio
2781 2683 2834 2736 itt
2865 2682 3131 2738 novellam
3159 2679 3480 2737 Ecclesium.
3510 2695 3638 2750 qua

2054 2753 2099 2808 si
2148 2755 2429 2825 episcopos
2473 2770 2600 2809 suos
2637 2769 2668 2808 e
2712 2753 2932 2809 latebris
2975 2754 3042 2825 ad
3086 2750 3631 2825 synodorntnilucem

2055 2819 2352 2892 emisisset,
2383 2836 2531 2881 certo
2558 2825 2746 2880 mortis
2771 2819 3395 2894 exposuisset'periculo.
3425 2819 3480 2894 Si
3507 2823 3630 2892 quis

2057 2905 2232 2952 tamen
2258 2898 2513 2952 adversus
2540 2903 2809 2952 auctorem
2838 2892 2995 2951 istum
3023 2892 3354 2951 contendere
3385 2892 3510 2946 velit
3541 2902 3625 2946 to-

2058 2975 2168 3021 tum
2210 2968 2350 3023 istud
2391 2967 2643 3023 Marciani
2691 2968 2960 3037 negmium
3007 2968 3060 3021 in
3105 2964 3381 3021 Gallicana
3416 2963 3631 3037 synodo

2058 3037 2313 3108 agitatum
2349 3049 2404 3095 et
2435 3036 2777 3095 terminatum
2814 3038 2976 3094 fuisse
3001 3078 3014 3103 ,
3048 3038 3152 3093 hoc
3179 3038 3296 3092 sine
3328 3036 3534 3108 ratione
3569 3049 3634 3091 ac

365 3113 740 3188 gelnisrnatisve
766 3109 1240 3188 alicujus_auetore
1260 3105 1539 3188 damnato,
1564 3107 1947 3188 ejtte‘discipuli
1977 3113 2024 3178 ο
2054 3105 2529 3188 fundamentonon
2559 3120 2785 3188 asseiet,
2814 3109 2908 3188 sed
2939 3108 3117 3179 potius
3134 3123 3209 3188 ex
3234 3108 3350 3188 ipsa
3371 3105 3629 3188 Cypriani

365 3179 586 3254 impune
611 3182 850 3254 grassari
871 3176 977 3254 per
993 3177 1284 3254 Ecclesium
1311 3179 1635 3233 sinerentur.
1661 3176 1812 3254 _Unde
1836 3179 1950 3254 hinc

364 3249 806 3326 Cypriani-verba
835 3249 883 3323 (l
895 3249 1025 3326 bid.)
1059 3268 1070 3303 :
1107 3250 1276 3315 Quam
1306 3264 1493 3302 vanum
1521 3259 1615 3326 est,
1646 3251 1805 3319 frater
1828 3249 1950 3301 cha-

363 3323 587 3391 rissima,
621 3337 675 3379 ut
718 3323 768 3378 Ν
775 3323 1012 3376 ovatiano
1041 3338 1211 3392 nuper:
1240 3331 1407 3392 retuso
1439 3329 1483 3373 et
1509 3324 1754 3389 refutato,
1785 3330 1829 3372 et
1857 3335 1950 3392 per

367 3404 530 3452 totum
555 3395 726 3448 orbem
752 3411 783 3446 α
809 3391 1152 3447 sacerdotibus
1177 3391 1269 3444 Dei
1299 3391 1549 3456 abstento,
1598 3407 1733 3444 nunc
1765 3391 1948 3446 adula-

366 3475 498 3522 tores
533 3469 642 3537 ejus
658 3465 1116 3537 _nobis_patian_tur
1142 3461 1380 3537 illudere,
1410 3472 1457 3537 et
1499 3463 1561 3515 de
1603 3465 1949 3537 ntajcstate_ac

366 3532 614 3608 dignitate
648 3534 895 3590 Ecclesia:
915 3533 1172 3608 judicare.
1198 3532 1368 3608 Certe
1392 3532 1435 3586 si
1455 3533 1677 3608 quando
1706 3536 1820 3608 haec
1849 3535 1948 3590 Fe-

364 3603 484 3664 licis
515 3623 664 3678 papa:
691 3603 955 3678 sententia
987 3605 1040 3658 in
1063 3605 1268 3678 praxim
1292 3606 1465 3678 vocari
1488 3603 1690 3675 debuit,
1723 3607 1810 3660 ubi
1838 3609 1940 3662 ait:

364 3673 532 3734 Facta
565 3673 715 3733 semel
742 3677 966 3748 synodus
1004 3673 1189 3757 objecti
1229 3673 1492 3757 cujuslibet
1521 3673 1706 3730 erroris
1741 3689 1946 3757 cunctos

363 3766 600 3819 sequaces
649 3745 1008 3818 consequenter
1055 3745 1295 3812 involvit,
1344 3756 1467 3803 tunc
1516 3762 1674 3818 quam
1717 3750 1944 3806 maxime

364 3821 541 3878 eidem
563 3819 890 3890 obsequendi
920 3819 1212 3874 necessitas
1242 3819 1359 3882 fuit,
1385 3833 1503 3872 cum
1537 3819 1733 3889 ubique
1765 3829 1946 3890 tyran—

363 3907 556 3951 norum
592 3889 739 3945 furor
769 3890 1035 3945 Ecclesias
1080 3890 1454 3959 populabatur,
1497 3897 1552 3944 et
1596 3889 1861 3960 episcopis
1886 3892 1942 3948 in

361 3963 536 4021 lucem
562 3961 888 4028 synodorum
920 3961 1135 4032 prodire
1161 3976 1266 4015 non
1296 3961 1506 4016 licebat.
1541 3960 1665 4016 Non
1690 3964 1824 4015 enim
1847 3966 1942 4031 fuit

364 4035 664 4091 Marcianus
693 4034 807 4087 novi
839 4034 911 4104 vel
932 4033 1127 4104 proprii
1156 4034 1394 4104 inventor
1413 4034 1709 4104 erret-islut
1733 4035 1782 4087 in
1809 4040 1940 4089 Aca-

363 4105 433 4162 cii
461 4121 618 4161 causa
640 4105 852 4159 dicebat
876 4100 1121 4159 Gelasius
1153 4119 1285 4172 papa
1315 4103 1471 4172 epist.
1495 4100 1529 4156 l
1552 4103 1616 4156 ad
1636 4100 1938 4172 Faustum),

360 4187 417 4232 ut
454 4179 507 4231 in
530 4194 647 4232 eum
673 4189 803 4231 rma
829 4177 956 4230 scita
989 4174 1286 4246 prodirent;
1307 4174 1393 4227 sed
1419 4174 1587 4246 alieno
1612 4176 1828 4243 facinori
1849 4194 1943 4230 sua

359 4250 717 4304 communione
740 4264 792 4301 se
814 4245 1037 4303 miscuit.
1070 4246 1428 4313 Quamobrem,
1453 4245 1627 4314 inquit
1651 4248 1789 4301 idem
1817 4258 1942 4303 ante

359 4321 528 4376 verba
559 4321 669 4389 jam
711 4319 900 4384 relata,
947 4317 1044 4371 hoc
1082 4333 1183 4370 non
1211 4316 1626 4389 solutttiprtesuli
1663 4318 1940 4388 apostolico

357 4387 708 4464 facet-erjlicet,
755 4390 844 4442 sed
887 4389 1190 4464 cuicumque
1233 4387 1464 4464 pontiﬁci
1517 4397 1570 4440 ut
1609 4387 1855 4464 quoslibet
1891 4401 1940 4445 et

355 4459 658 4526 quemlibet,
711 4460 988 4531 secundum
1042 4460 1274 4531 regulam
1327 4459 1576 4531 htereseos
1625 4462 1784 4531 ipsius
1819 4471 1938 4515 ante

359 4534 620 4586 damnata:
647 4547 679 4582 a
707 4528 960 4582 catholica
987 4528 1340 4583 communione
1364 4528 1672 4584 discernunt.

435 4603 603 4669 llnjus
627 4600 786 4669 igitur
808 4603 1126 4654 auctoritate
1150 4600 1431 4653 sententiae
1455 4601 1658 4667 jamdiu
1679 4603 1938 4659 debuerat

359 4671 664 4729 Marcianus
694 4669 954 4724 abstineri
995 4687 1024 4724 a
1061 4670 1346 4743 Gallicanis
1391 4672 1658 4743 cpiscoms
1699 4683 1752 4729 et
1785 4677 1938 4743 plebe

357 4745 684 4815 Arelatensi,
711 4756 935 4811 quorum
983 4741 1287 4815 tarditatem
1318 4742 1497 4811 culpat
1528 4741 1846 4815 Cyprianus,
1869 4762 1935 4802 ex

358 4830 532 4885 eoque
562 4813 734 4869 solum
762 4821 981 4867 excusat
1009 4811 1152 4882 quod
1193 4827 1314 4885 eum
1352 4829 1457 4868 non
1477 4811 1747 4885 auderent
1771 4818 1937 4873 absti-

353 4884 508 4954 nere,
557 4901 715 4957 quem
755 4899 786 4939 a
822 4898 1132 4957 magnarum
1166 4884 1374 4957 sedium
1403 4884 1666 4956 episcopis
1700 4890 1932 4944 nondum

353 4955 659 5016 abstentum
705 4956 944 5012 viderant
977 4974 989 5009 :
1031 4955 1181 5022 Quod
1233 4955 1450 5011 necdum
1483 4974 1516 5010 a
1552 4955 1695 5015 nobis
1733 4962 1932 5015 videtur

353 5032 631 5098 abstentus,
656 5029 742 5098 qui
759 5027 1074 5102 jampridem
1085 5035 1274 5102 jactat,
1306 5038 1443 5102 etc.;
1476 5032 1652 5085 adhuc
1677 5035 1842 5101 enim,
1874 5043 1932 5087 ut

352 5119 422 5160 ex
442 5107 545 5157 line
571 5100 808 5171 epistolae
834 5100 1102 5170 conjicere
1125 5100 1268 5167 licet,
1298 5101 1364 5155 ad
1391 5101 1714 5158 Marcianum
1739 5103 1930 5160 fratres

353 5175 674 5244 dirigebant,
694 5179 748 5226 et
764 5171 816 5227 ei
835 5173 1341 5228 commnnicatorias
1371 5172 1579 5229 litteras
1599 5176 1924 5241 scribebant,

355 5249 592 5318 nondum
635 5247 788 5314 plene
827 5246 1038 5314 cognita
1081 5245 1200 5316 ejus
1243 5244 1562 5318 pervicacia.
1603 5246 1670 5302 Ut
1708 5247 1869 5318 igitur
1897 5263 1924 5301 a

351 5315 642 5388 Gallicanis
687 5318 955 5388 episc0pis
1001 5323 1056 5370 et
1098 5315 1127 5369 a
1168 5316 1375 5370 novella
1423 5318 1599 5373 adhuc
1638 5315 1928 5388 pro—vincire

350 5387 608 5444 Romana:
630 5389 868 5442 Ecclesia
885 5387 1245 5443 abstineretur
1265 5389 1549 5459 cpiscopus
1570 5387 1925 5455 Arelatensis,

348 5467 484 5531 petit
511 5461 914 5532 Cyprianus,iet
937 5461 1086 5529 quasi
1117 5459 1418 5532 tarditatem
1447 5462 1708 5532 Stephani
1751 5462 1928 5515 incre-

347 5530 483 5603 pans
511 5530 677 5604 829
710 5547 803 5600 pro
825 5530 951 5604 jure
979 5531 1252 5588 communi
1295 5530 1656 5604 Ecclesiarum
1699 5532 1933 5602 postulat

351 5611 412 5657 ut
430 5603 732 5657 absteﬁtum
763 5618 794 5656 a
820 5618 880 5657 se
903 5603 1223 5658 Marcianum
1264 5616 1384 5656 esse
1416 5603 1677 5656 indicaret
1710 5604 1821 5657 suis
1850 5604 1936 5657 lit-

351 5678 504 5730 teris.
528 5675 847 5744 Quapropter
875 5676 1040 5745 facere
1069 5686 1113 5728 te
1133 5689 1372 5730 oroa'rn'r
1397 5674 1716 5741 plenissimas
1737 5675 1941 5730 litteras

349 5745 424 5808 ad
448 5747 777 5815 coepiscovos
823 5758 1021 5802 nostros
1056 5750 1105 5800 in
1137 5747 1320 5802 Galliis
1355 5746 1660 5803 constitutos
1692 5761 1758 5804 ne
1793 5746 1943 5802 ultra

2053 3182 2281 3250 epistola
2321 3183 2477 3237 facile
2513 3181 2786 3252 probabit.
2810 3181 3037 3236 Constat
3060 3180 3398 3252 animalium
3424 3180 3634 3252 episco-

2051 3248 2178 3323 pum
2227 3248 2600 3310 Arelatensem
2651 3252 2703 3306 in
2749 3252 2925 3307 locum
2975 3249 3229 3323 Marciani
3277 3248 3528 3323 constitui
3578 3259 3635 3323 et

2051 3320 2354 3381 consecrari
2404 3339 2510 3380 non
2559 3325 2795 3393 potuisse
2848 3326 2967 3378 siue
3011 3322 3213 3390 aliquot
3261 3320 3631 3393 episcOpis_i_n

2050 3411 2212 3450 unum
2260 3391 2595 3466 congregatis
2635 3395 2702 3452 ad
2748 3395 3143 3466 itnpositionetn
3182 3407 3430 3466 manuum
3457 3391 3629 3466 830

2049 3463 2644 3537 celebrandainfqttem
2675 3463 3002 3537 conventum
3041 3465 3160 3535 quis
3189 3463 3372 3537 synodi
3401 3463 3620 3537 nomine

2049 3553 2156 3613 non
2193 3531 2530 3613 dignandntii
2554 3537 2864 3613 existimet}l
2900 3531 3072 3592 Porro
3109 3537 3163 3613 in
3190 3531 3368 3613 eadem
3409 3531 3622 3613 synodo

2047 3603 2440 3664 abstemionem
2487 3608 2739 3664 Marciani
2779 3609 2923 3675 prius
2967 3623 3086 3663 esse
3129 3607 3450 3663 declaratam
3480 3603 3627 3658 indi-

2047 3692 2170 3736 cant
2202 3679 2457 3752 Cypriani
2494 3681 2688 3746 verba,
2733 3681 2822 3749 qui
2861 3690 3142 3749 utrumque
3171 3677 3454 3752 negotium
3489 3691 3629 3752 conf

2047 3748 2588 3822 nectithirigantttr,
2623 3748 2826 3822 inquit,
2867 3752 2922 3804 in
2954 3748 3266 3822 provinciam
3295 3748 3379 3822 (id
3407 3748 3629 3822 (ξεινικά

2043 3816 2452 3894 οοερὶεεοροεῖιι
2483 3820 2665 3877 Galliis
2691 3816 2991 3877 constitutos
3010 3864 3026 3888 ,
3059 3832 3117 3876 ut
3143 3816 3548 3894 prius'diserat)
3578 3827 3629 3894 et

2045 3895 2113 3948 ad
2136 3889 2336 3962 plebem
2361 3894 2565 3948 Arelate
2585 3895 2937 3949 consistentem
2962 3910 2992 3946 a
3019 3904 3064 3946 te
3087 3889 3292 3959 litterce,
3321 3889 3502 3961 quibus
3532 3889 3626 3942 ab-

2045 3975 2206 4019 stento
2247 3965 2514 4020 Marciano
2563 3965 2696 4019 alius
2740 3967 2792 4018 in
2835 3965 2999 4018 locum
3037 3963 3548 4033 ejusisubstituatur,
3575 3969 3623 4014 et

2043 4052 2168 4107 grex
2208 4034 2430 4103 Christi,
2466 4039 2557 4107 qui
2596 4038 2649 4090 itt
2687 4036 2990 4091 hodiernum
3029 4032 3090 4089 ab
3133 4032 3224 4107 ilio
3263 4033 3541 4107 dissipatus
3571 4040 3622 4107 et

2046 4100 2340 4180 uulneratus
2370 4100 2755 4180 contemnitur,
2798 4106 3073 4180 colligatur
3118 4104 3292 4180 (Ead.
3333 4100 3417 4173 cp.
3460 4103 3524 4156 67
3559 4100 3622 4156 S.

2045 4179 2336 4254 Cypriani).
2366 4179 2493 4254 llaec
2520 4179 2698 4234 omnia
2727 4179 3201 4254 syttod_i'_materie_s
3244 4184 3400 4232 erant
3418 4217 3433 4242 ,
3463 4188 3623 4254 quam

2045 4245 2271 4319 proinde
2296 4245 2468 4305 satius
2507 4259 2589 4305 est
2621 4245 2848 4306 credere
2890 4251 3054 4305 fuisse
3085 4248 3400 4312 collectam,
3433 4245 3479 4300 si
3507 4245 3626 4319 qui-

2041 4316 2167 4376 dem
2201 4332 2497 4391 temporum
2532 4322 2669 4377 ratio
2701 4319 2942 4391 permisit
2974 4339 2985 4374 :
3021 4322 3092 4375 ita
3131 4329 3188 4374 ιιι
3214 4319 3328 4374 sive
3355 4316 3626 4391 abstemio

2042 4392 2098 4447 in
2139 4384 2355 4463 proprio
2385 4384 2715 4463 significatu,
2756 4395 2869 4448 sive
2909 4393 2960 4446 in
2989 4401 3254 4463 extraneo
3286 4384 3623 4463 pro_dep_qsi-

2045 4457 2189 4534 tione
2216 4457 2525 4534 accipiatur,
2561 4474 2616 4517 ut
2641 4457 2853 4520 videtur
2887 4462 3056 4531 accipi
3093 4477 3125 4517 a
3151 4457 3357 4534 Joanne
3387 4457 3618 4534 Davide,

2041 4533 2177 4589 ttihil
2213 4530 2403 4592 erit'in
2443 4536 2541 4590 hac
2574 4534 2826 4608 Cypriani
2856 4530 3081 4608 epistola
3115 4531 3257 4604 quod
3286 4530 3615 4602 synodorutn

2041 4608 2416 4681 auctoritatem
2455 4621 2558 4681 non
2589 4605 2890 4681 confirmet,
2924 4605 3368 4681 nedumcvertat.
3415 4673 3426 4681 _
3506 4669 3519 4681 I

2112 4677 2244 4745 Quid
2277 4693 2437 4748 porro
2467 4677 2765 4748 Cyprianus
2799 4678 2866 4732 de
2898 4675 3164 4746 pontiﬁcis
3203 4673 3432 4730 Romani
3471 4673 3620 4727 circa

2039 4747 2432 4818 depositiOnem
2477 4747 2850 4818 episeOporum
2894 4756 3164 4819 potestate
3208 4747 3468 4810 senserit,
3511 4758 3618 4798 non

2040 4830 2126 4876 est
2164 4819 2324 4889 hujus
2353 4820 2455 4876 loci
2483 4821 2807 4890 inquirere;
2831 4820 2962 4876 satis
2996 4820 3139 4890 clare
3185 4826 3424 4874 mentem
3461 4829 3619 4870 suam

2038 4893 2212 4962 aperit
2234 4891 2354 4946 aliis
2377 4895 2428 4946 in
2454 4892 2605 4947 locis.
2629 4889 2858 4957 Sufﬁcit,
2885 4889 3125 4962 quodiad
3156 4905 3282 4962 rem
3300 4895 3617 4962 prasean

2041 4959 2278 5032 spectat,
2309 4964 2567 5032 probasse
2597 4963 2729 5019 nihil
2761 4963 2813 5017 itt
2843 4959 3008 5018 causa
3035 4960 3288 5032 Marciani
3321 4959 3618 5032 postulasse

2041 5027 2226 5090 Gallos
2253 5027 2283 5106 a
2311 5027 2589 5106 Stephano
2625 5051 2792 5105 papa,
2824 5033 2967 5103 quod
2999 5047 3033 5087 ιι
3069 5027 3337 5106 Cypriane
3371 5027 3618 5106 similiter

2039 5121 2146 5178 non
2171 5097 2447 5178 petierint;
2477 5106 2608 5162 nihil
2625 5097 2956 5178 Cyprianum
2978 5097 3140 5160 scribi
3153 5097 3396 5178 soluisse
3418 5101 3469 5178 in
3495 5097 3619 5164 Gal-

2040 5176 2140 5233 lias
2163 5173 2194 5231 a
2217 5177 2457 5235 Romano
2481 5173 2754 5246 pontiﬁce,
2783 5175 2924 5247 quod
2948 5177 3062 5247 ipse
3083 5190 3189 5247 non
3211 5173 3514 5241 scripserit;
3540 5179 3620 5247 to:

2041 5256 2255 5320 tamque
2297 5241 2512 5304 domum
2557 5241 2770 5305 causam
2800 5241 3000 5319 synodi
3038 5245 3329 5303 Gallicana:
3367 5241 3622 5315 potestati

2039 5319 2205 5376 fuisse
2235 5321 2475 5375 relictam

2109 5393 2364 5461 UppOSila
2392 5391 2643 5458 Davidis,
2677 5407 2781 5446 non
2819 5391 3003 5462 utique
3029 5388 3339 5462 prOpbette,
3381 5382 3622 5462 doctrina

2037 5471 2110 5538 ut
2138 5455 2349 5538 novella
2368 5535 2376 5538 _
2393 5472 2505 5530 est,
2548 5473 2602 5538 et
2630 5455 2985 5538 sacrosancto
3000 5533 3011 5538 _
3029 5455 3409 5538 cpiscoporum
3443 5455 3622 5538 ordini

2037 5533 2295 5604 injuriosa
2317 5576 2333 5602 ,
2367 5535 2436 5588 ita
2469 5534 2686 5605 probari
2717 5550 2824 5590 non
2865 5533 3090 5590 decebat
3121 5532 3225 5586 nim
3254 5532 3626 5604 propositione

2037 5620 2198 5675 quam
2230 5607 2543 5676 theologica:
2573 5620 2729 5660 aures
2758 5605 2899 5661 ferre
2928 5619 3034 5661 non
3065 5612 3322 5676 possunt,
3357 5609 3542 5669 utpote
3571 5610 3626 5654 et

2039 5673 2343 5752 §tttiquitaiti
2372 5673 2674 5752 absonam,
2707 5686 2761 5731 et
2789 5676 3093 5752 sacerdotio
3120 5673 3323 5752 Christi
3347 5679 3629 5752 contume-

2040 5744 2257 5804 liosam.
2281 5748 2414 5816 Quis
2445 5749 2594 5805 enim
2630 5749 2768 5804 ferat
2798 5747 3096 5805 sacerdotii
3123 5744 3420 5804 Christiani
3459 5744 3632 5812 origi-
