3984 6306
437 183 541 245 187

900 176 1145 238 PASCH.
1185 173 1572 246 QUESNELLI
1615 168 2206 230 DlSSERTATIONES
2244 169 2311 229 IN
2350 170 2408 229 S.
2452 162 2699 231 LEONIS
2739 168 2956 228 MAGNI
2995 168 3249 230 OPERA.

3617 173 3724 233 488

438 301 557 361 usui
588 305 723 355 ratio
790 296 974 352 umsita
1014 302 1097 350 est
1135 308 1164 347 a
1205 291 1462 347 Romanis
1492 287 1866 359 pontiﬁcibus,
1896 286 2022 342 licet
2050 289 2105 353 Α
2201 286 2329 344 Car.
2376 286 2518 344 XVI.
2568 287 2920 343 Excutiuntur
2965 287 3085 341 aliis
3126 285 3486 358 episcoporum
3511 302 3723 358 causa,

439 388 627 424 revera
655 312 788 424 nihil
815 368 883 423 de
916 364 1366 424 appellationibus
1404 364 1698 418 decernant
1734 358 2024 415 Sirdicen-
2130 375 2243 424 qua:
2268 368 2384 415 ante
2413 358 2677 414 Hilarium
2705 367 2896 413 exorta:
2930 368 3049 413 sunt
3086 360 3139 411 in
3166 356 3349 411 Galliis
3384 364 3497 424 post
3543 358 3723 414 Nico:-

439 358 627 431 revera
655 358 788 425 nihil
815 368 883 423 de
916 364 1366 437 appellationibus
1404 358 1698 437 decernant
1734 358 2024 437 Sirdieen-

439 430 526 501 ses
564 442 779 505 Patres,
812 438 905 495 sed
939 430 1145 491 tantum
1175 434 1566 491 retractationis
1613 446 1708 505 seu
1737 430 2024 505 revisionis

440 530 616 571 causa:
658 501 1008 567 decernenda:
1046 516 1364 579 potestatem
1408 504 1607 579 faciant
1635 501 1880 579 Romano
1911 502 2027 579 epi-

444 602 633 655 scopo,
667 593 724 638 ut
748 572 1086 655 demonstra}
1111 577 1377 655 illustriss.
1412 577 1601 631 Petrus
1628 574 1694 628 de
1720 574 1895 655 hiare}!
1914 612 1930 638 ,
1958 572 2027 627 de

441 643 648 712 Coiieii.
682 655 777 709 lib.
800 670 871 709 vn
898 667 1016 721 cap.
1042 652 1094 718 5,
1126 657 1181 704 et
1208 663 1273 703 ex
1298 648 1408 721 ipsa
1442 660 1707 701 canonum
1739 643 2030 701 Sardicen-

443 730 580 783 sium
610 727 838 781 lectione
860 719 1200 780 manifestum
1234 721 1308 772 ﬁt.
1345 719 1474 787 Qua:
1507 726 1740 787 potestas
1771 725 2029 770 retracta-

445 799 606 853 tionis
629 799 683 851 in
715 799 826 865 ipsa
856 794 1129 866 provincia
1162 786 1536 866 decernendai,
1562 788 1662 845 etsi
1688 788 1812 866 jure
1837 786 2024 866 appel-

447 871 704 924 lationum
728 856 885 936 longe
909 864 1129 936 inferior
1152 862 1241 926 sit,
1269 860 1476 936 trepide
1498 872 1675 936 tamen
1692 856 1757 912 et
1783 856 2029 912 dubitan-

450 951 529 993 li'r
560 931 846 994 admodum
868 938 934 991 ab
960 935 1088 991 Osio
1115 932 1385 1003 proposita
1414 940 1516 995 est,
1543 931 1633 1001 qui
1658 945 1772 985 rem
1801 943 2021 1003 novam,

450 1011 746 1065 (‘mtOlllbuS
773 1007 998 1063 Nicacnis
1028 1001 1249 1059 minime
1289 1017 1581 1057 consonam
1601 1042 1615 1065 ,
1654 1001 2029 1069 constantique

452 1082 729 1135 adversam
758 1075 1131 1134 consuetudini
1154 1075 1305 1145 quasi
1328 1074 1554 1144 supplex
1581 1082 1634 1128 et
1655 1071 2027 1145 honorandam

452 1153 511 1207 S.
539 1151 679 1206 Petri
698 1149 1008 1206 memoriam
1030 1141 1368 1217 praetendens
1388 1141 1649 1217 exoravit.
1671 1142 1730 1217 Si
1751 1142 1890 1195 vobis
1919 1141 2033 1213 pla-

453 1231 550 1289 cet,
576 1222 766 1291 inquit,
789 1219 952 1275 sancti
972 1213 1115 1291 Petri
1146 1216 1369 1291 apostoli
1388 1215 1683 1291 memoriam
1701 1213 2027 1291 honoremus.

456 1284 563 1349 Sed
595 1284 763 1347 tantae
783 1289 1117 1346 auctoritatis
1155 1284 1261 1342 non
1300 1285 1400 1342 fuit
1427 1286 1562 1354 apud
1593 1286 1876 1355 episcopos
1919 1284 2033 1338 sive

454 1364 756 1419 Orientales
784 1365 897 1419 sive
924 1358 1296 1415 Occidentales
1323 1354 1657 1412 Sardicensis
1686 1354 1945 1426 synodus,
1976 1361 2037 1409 ut

454 1434 760 1505 lmjusmodi
787 1429 1085 1505 deﬁnitioni
1116 1430 1292 1505 statim
1336 1428 1702 1505 inhaerendum
1740 1440 1861 1505 esse
1905 1440 2032 1480 cen-

456 1497 685 1561 suérint.
709 1505 823 1559 lioc
845 1503 988 1558 enim
1010 1500 1402 1556 retractationis
1426 1499 1608 1569 jugum
1632 1514 1660 1553 a
1683 1497 1795 1552 suis
1821 1511 2037 1569 semper

457 1575 700 1633 humeris
740 1574 941 1628 amoliti
987 1581 1112 1625 sunt
1147 1565 1603 1640 Orientalesfqui
1634 1569 1704 1624 ob
1736 1570 1871 1640 hanc
1887 1565 2037 1640 forte

2130 375 2243 431 qua:
2268 368 2384 415 ante
2413 358 2677 414 Hilarium
2705 367 2896 431 exorta:
2930 368 3049 431 sunt
3086 360 3139 431 in
3166 356 3349 431 Galliis
3384 364 3497 426 post
3543 356 3728 414 Nicer;

2127 429 2249 485 num
2279 440 2327 486 et
2356 431 2660 487 Sardicense
2680 429 3190 484 concilia.—Pritua
3212 430 3352 483 inter
3378 443 3571 485 causas
3590 430 3725 486 Gal-

2130 502 2325 571 lorum,
2355 518 2475 572 qua:
2502 512 2623 571 post
2644 502 2911 556 Nicaanam
2939 500 3200 572 synodum
3225 508 3468 556 tractata:
3493 506 3749 568 snnt,ea'

2131 584 2213 630 est
2247 571 2676 645 quaaiconcilium
2704 571 3094 645 Agnippinense
3119 573 3402 642 occupavit
3430 585 3558 645 ann.
3596 573 3722 642 διδ,

2132 645 2187 701 in
2210 643 2328 716 quo"
2347 644 2424 716 (a)
2450 645 2755 714 Eupliratas
2783 643 3021 699 Coloniae
3062 643 3372 716 Agrippinae
3400 643 3683 713 episcopus
3701 686 3722 714 ,

2133 714 2275 788 qudd
2296 714 2568 772 Christum
2596 716 2767 788 Deum
2793 723 3033 785 negaret,
3058 714 3342 788 damnatus
3367 722 3535 783 atque
3553 730 3731 788 exau-

2133 786 2373 844 ctoratus
2413 797 2525 843 est:
2553 787 2643 857 qui
2670 787 2739 843 de
2768 786 3247 857 sententiasyinodi
3282 801 3380 857 per
3407 786 3728 855 appellatio-

2133 873 2261 984 non:i
2308 859 2375 914 ad
2425 856 2611 914 sedem
2669 858 2966 913 Romanam
3022 856 3313 914 deferenda
3367 870 3435 912 ne
3473 858 3729 927 cogitavit

2134 944 2223 984 om
2267 945 2372 984 em.

2173 944 2372 985 utaem.

2134 946 2618 1084 ρυέξιιξηέιυειιιιεηξί
2647 1001 2887 1084 synodo,
2910 1016 3031 1084 quze
3057 1000 3344 1084 Paulinum
3376 1001 3727 1084 Trevirnzum

2135 1072 2449 1143 episcopum
2490 1071 2825 1143 catholicum,
2873 1071 3072 1143 injuste
3102 1073 3351 1143 deposuit
3398 1088 3489 1126 an.
3531 1073 3665 1138 355,
3694 1085 3732 1128 a

2136 1142 2431 1200 Biterrensi
2452 1158 2540 1197 an.
2574 1143 2700 1208 556,
2726 1142 2869 1198 unde
2896 1142 3532 1200 SaturniniArelatensis
3561 1157 3728 1212 opera

2136 1226 2355 1271 sanctus
2374 1215 2605 1269 llilarius
2632 1215 2683 1267 in
2706 1213 2951 1269 exsilium
2980 1216 3161 1281 pulsus
3182 1225 3281 1278 est,
3309 1224 3363 1269 ct
3381 1230 3410 1269 a
3437 1214 3733 1269 Parisiensi

2137 1287 2260 1340 anni
2282 1285 2410 1348 562,
2440 1301 2558 1354 quae
2580 1284 2755 1351 ipsum
2781 1284 3130 1341 Saturninum
3161 1286 3458 1350 damnavit,
3489 1285 3731 1355 appella-

2140 1366 2249 1412 tum
2281 1371 2400 1411 esse
2423 1371 2529 1411 non
2560 1364 2803 1425 apparet,
2839 1356 2964 1411 licet
2995 1356 3191 1425 injusta
3216 1357 3423 1411 Paulini
3453 1368 3507 1411 et
3540 1356 3728 1411 Hilarii

2139 1428 2409 1484 damnatio
2456 1427 2668 1495 utrique
2713 1428 2778 1481 ad
2826 1428 3128 1484 Romanum
3183 1429 3487 1498 pontiﬁcem
3533 1426 3734 1483 confu-

2142 1499 2319 1571 giendi
2346 1499 2433 1571 ju_s
2464 1498 2733 1571 peculiare
2772 1498 3052 1571 inibueret.

2212 1573 2257 1626 A
2273 1567 2646 1639 Bu’rdig’alensi
2661 1570 2785 1622 anni
2801 1569 2906 1623 385
2928 1570 2993 1624 ad
3014 1570 3389 1639 imperatorem
3413 1572 3735 1640 provocavit

458 1663 678 1703 causam
715 1644 925 1731 concilii
958 1643 1112 1725 istius
1152 1642 1480 1731 canonesjn
1526 1638 1666 1731 sunsr
1690 1638 2036 1731 collectiones
2068 1669 2115 1731 Β
2142 1638 3037 1731 Priscillifanlus,permissumque'id
3057 1638 3344 1696 nostrorum
3367 1638 3736 1731 inconstantia,

459 1733 569 1773 non
601 1718 929 1783 retulerunt,
972 1714 1106 1767 sicut
1150 1728 1248 1767 nec
1283 1710 1562 1767 Gallicani.
1595 1710 1841 1783 Africani
1876 1708 2036 1764 etiam

461 1803 755 1857 numquam
784 1781 927 1842 illam
958 1783 1330 1855 appellationis
1359 1798 1453 1838 seu
1482 1781 1883 1857 retractationis
1906 1794 2043 1857 prae-

459 1848 755 1930 rogativam
786 1848 1150 1930 admiserunt,
1179 1866 1236 1909 ut
1262 1862 1407 1923 patet
1437 1870 1507 1909 ex
1538 1851 1791 1930 synodica
1821 1850 1888 1906 ad
1916 1848 2041 1905 C(13-

460 1926 709 1985 lestinum
736 1944 923 1998 papam
945 1927 1196 1998 epistola,
1222 1941 1339 1995 quae
1370 1933 1594 1980 testatur
1623 1926 1895 1998 antiquam
1921 1935 2044 1976 esse

460 1996 906 2058 consuetudinem
953 2012 1017 2053 ac
1059 1996 1425 2067 disciplinam,
1472 2005 1532 2052 ut
1576 1997 1948 2067 episcoporum
1989 2002 2044 2047 et

459 2074 915 2143 presbvterorum
954 2083 1128 2143 causa:
1170 2064 1319 2123 extra
1368 2064 1894 2143 provincias__vagari
1936 2077 2041 2119 non

460 2137 794 2208 sinerentur;
826 2140 919 2197 sed
948 2139 1037 2195 ubi
1063 2148 1178 2193 orta
1209 2137 1634 2209 erant’negotia,
1665 2137 1737 2209 ibi
1766 2146 2039 2209 metropo-

462 2213 752 2269 litanorum
774 2206 1093 2268 auctoritate
1116 2225 1238 2265 esse
1263 2206 1497 2264 ﬁnienda
1527 2226 1538 2261 :
1572 2208 1713 2263 unde
1738 2223 1803 2263 ne
1825 2206 1893 2261 de
1915 2206 2042 2262 Sar-

463 2286 768 2341 dicensibus
809 2282 1028 2355 quidem
1057 2282 1321 2355 audiisse,
1357 2280 1467 2355 sed,
1494 2281 1651 2355 unius
1685 2278 2042 2355 Nicmnicon-

460 2356 573 2411 cilii
602 2348 842 2412 canones
877 2369 999 2409 eum
1048 2353 1159 2408 suis
1199 2366 1296 2422 pro
1326 2352 1507 2421 regula
1554 2351 1808 2406 habuisse
1838 2348 2043 2403 Africa-

461 2442 581 2494 nos,
614 2426 955 2482 manifestum
980 2433 1081 2479 est.

534 2491 688 2565 Quod
712 2498 777 2552 ad
800 2496 1125 2553 Gallicanam
1150 2493 1467 2558 Ecclesiam,
1492 2492 1595 2547 hoc
1614 2501 1799 2547 notatu
1820 2491 2039 2561 dignum

462 2564 577 2638 est,
600 2570 667 2625 de
697 2566 1106 2625 Sardicensibus
1138 2565 1473 2638 mentionem
1505 2579 1610 2638 non
1642 2577 1764 2619 esse
1794 2564 1984 2638 tactam
2012 2577 2042 2616 a

462 2634 652 2697 sancto
678 2640 857 2695 Leone
879 2640 931 2692 in
961 2638 1059 2691 hac
1089 2635 1347 2692 adversus
1369 2636 1627 2689 Hilarium
1659 2634 1900 2705 querela,
1923 2648 2045 2705 quae

462 2713 533 2768 de
573 2711 934 2782 appellatione
979 2718 1102 2782 nata
1134 2704 2046 2782 erat_._Solamnenim’consuetudi-

468 2799 592 2839 nem
611 2776 860 2837 obtendit
886 2779 1121 2849 pontifex
1153 2778 1451 2833 ambitiosis
1478 2776 1773 2849 llilarii,ut
1805 2776 2040 2845 putabat,

464 2852 778 2909 conatibus:
824 2848 965 2923 quod
1004 2865 1197 2923 magno
1213 2856 1543 2923 _argumento
1576 2857 1657 2902 est
1684 2848 1918 2923 Leonem
1953 2863 2047 2923 per

464 2926 523 2981 S.
549 2916 874 2993 Prospernm
905 2916 1176 2976 hominem
1201 2916 1617 2993 Gallniii,_quem
1644 2934 1673 2972 a
1704 2920 1926 2972 secretis
1954 2916 2048 2993 ba-

466 2996 649 3058 bebat,
682 2989 764 3050 vel
789 3010 882 3065 per
910 2993 1144 3065 seipsum
1186 2991 1311 3045 dum
1346 2991 1395 3045 in
1428 2989 1620 3065 Galliis,
1642 2991 2045 3065 ageret_certio-

2145 1712 2317 1782 inquit
2361 1710 2630 1784 Sulpicius
2659 1710 2893 1784 Severus
2926 1711 3063 1784 (Lib.
3102 1728 3139 1766 ii
3172 1728 3332 1766 sacra:
3363 1710 3619 1779 Histor.),
3654 1715 3739 1782 qui

2146 1795 2232 1837 aut
2264 1784 2561 1838 sententiam
2592 1783 2643 1835 in
2675 1783 3019 1906 relragantem
3052 1787 3186 1853 ferre
3215 1784 3527 1847 debuerant,
3575 1796 3667 1837 aut
3697 1787 3737 1837 si

2146 1855 2200 1906 hi
2227 1856 2324 1906 insi
2353 1854 2573 1906 suspecti
2595 1853 2722 1906 habe
2757 1862 2938 1906 antur.
2972 1855 3091 1906 aliis
3119 1856 3372 1906 enisconis
3412 1857 3731 1906 audientiam

2146 1855 2200 1908 hi
2227 1856 2324 1925 ipsi
2353 1854 2573 1922 suspecti
2595 1853 2938 1919 habebantur,
2972 1855 3091 1908 aliis
3119 1856 3372 1924 episcopis
3412 1857 3731 1909 audientiam

2145 1941 2418 1981 reservare.
2449 1925 2611 1997 835
2653 1926 2941 1979 Instantius
2984 1940 3135 1989 vero,
3172 1926 3262 1995 qui
3288 1926 3429 1996 prior
3448 1928 3631 1997 jussus
3663 1938 3737 1979 est

2148 2014 2356 2051 causam
2394 1998 2581 2069 dicere,
2625 2003 2891 2063 postquam
2914 2013 2969 2050 se
3008 2013 3191 2065 parum
3230 1998 3572 2069 expurgabnt,
3602 1997 3739 2051 indi-

2146 2086 2277 2140 gnus
2324 2084 2430 2123 esse
2466 2068 2772 2140 episcopatu
2808 2070 3189 2140 pronuntiatus,
3217 2067 3311 2122 est.
3370 2068 3445 2121 De
3493 2067 3738 2140 Romano

2148 2138 2402 2209 episcopo
2430 2138 2500 2193 ab
2528 2138 2786 2192 alterutro
2812 2138 3078 2207 appellato
3104 2138 3247 2193 nulla
3297 2140 3522 2193 mentio.
3569 2138 3738 2193 Immo

2152 2208 2276 2265 cum
2302 2218 2457 2266 antea
2492 2208 2565 2282 (b)
2601 2209 2913 2282 Instantius,
2945 2208 3257 2282 Salvianus,
3290 2220 3343 2264 et
3369 2209 3740 2282 Priscilliauus

2149 2296 2177 2335 a
2202 2279 2682 2350 Caesaraugustam
2706 2280 2911 2351 synodo
2952 2281 3201 2336 absentes
3225 2281 3496 2348 damnati,
3523 2279 3741 2334 Romam

2147 2353 2364 2424 profecti
2390 2360 2580 2424 essent,
2613 2362 2667 2404 ut
2689 2350 2832 2414 apud
2871 2350 3152 2405 Damasum
3185 2351 3337 2406 Urbis
3361 2368 3420 2405 ea
3448 2362 3742 2419 tempestate

2147 2422 2439 2492 episwpum
2480 2422 2675 2494 objecta
2712 2432 3063 2492 purgarent...
3090 2440 3152 2477 ne
3182 2425 3234 2477 in
3260 2432 3585 2494 conspectum
3622 2426 3736 2492 qui-

2149 2494 2265 2566 dem
2286 2497 2397 2566 ejus
2415 2493 2637 2566 admissi
2675 2503 2813 2547 sunt.
2844 2495 3093 2566 Additum
3127 2494 3329 2564 quippe
3356 2493 3534 2566 fuerat
3564 2494 3619 2549 in
3648 2510 3735 2565 sy—

2149 2564 2330 2620 nodali
2362 2565 2624 2619 adversus
2652 2579 2747 2619 eos
2777 2564 3063 2630 sententia,
3098 2574 3152 2618 ut
3176 2567 3217 2618 si
3245 2566 3356 2634 quis
3386 2565 3663 2619 damnatos
3684 2564 3739 2619 in

2155 2638 2558 2691 communionem
2586 2636 2874 2701 recepisset,
2923 2636 3073 2690 sciret
3103 2638 3155 2689 in
3198 2653 3252 2691 se
3281 2636 3514 2691 eamdem
3544 2646 3741 2692 senten-

2151 2708 2273 2760 tiant
2301 2707 2629 2776 promendum
2661 2706 2857 2778 (ibid.).

2229 2778 2333 2834 Sed
2356 2779 2575 2848 majoris
2605 2779 2861 2849 momenti
2893 2787 2977 2833 est
3006 2778 3214 2833 Proculi
3242 2778 3592 2835 Massiliensis
3620 2780 3737 2849 epi-

2150 2854 2296 2920 sc0pi
2326 2863 2481 2904 causa
2503 2888 2518 2913 ,
2566 2848 2721 2920 cujus
2754 2848 2827 2920 (c)
2868 2850 2933 2920 ad
2966 2866 3024 2905 se
3056 2849 3287 2905 traxisse
3317 2853 3481 2904 etiam
3514 2848 3737 2919 primam

2151 2919 2514 2989 cognitionem
2548 2919 2793 2973 Zosimus
2825 2919 3042 2986 dicitur,
3076 2922 3308 2976 instante
3338 2921 3587 2976 Patroclo
3608 2924 3739 2976 Are-

2150 2991 2363 3053 latensi,
2388 2992 2541 3061 cujus
2575 3000 2628 3045 et
2653 2991 2833 3045 studio
2856 2992 3131 3059 depositus
3161 3002 3262 3046 est.
3294 2993 3405 3045 lloc
3436 2993 3603 3046 illust.
3637 2992 3736 3046 Pe-

464 3083 579 3124 rem
610 3058 806 3122 factum
850 3080 971 3121 esse
992 3058 1119 3118 'hos
1157 3076 1393 3117 canones
1428 3079 1456 3115 a
1488 3058 1760 3116 Gallicana
1806 3059 2046 3115 Ecclesia
2074 3058 2120 3122 C
2153 3069 2265 3117 lrus
2292 3062 2358 3117 de
2390 3058 2567 3117 Marca
2599 3060 2726 3115 dicit
2757 3058 2939 3117 actum,
2967 3079 3088 3119 esse
3132 3062 3318 3116 Romae
3351 3073 3476 3131 post
3502 3064 3738 3118 Gratiani

464 3154 573 3194 non
600 3138 789 3208 recipi,
816 3144 873 3192 ut
900 3135 1228 3208 superfluum
1260 3132 1846 3208 esset_e9s_in.ni_edium
1875 3131 2046 3185 addu-

464 3224 620 3274 cere;
664 3202 879 3264 si'enim
912 3202 1100 3261 inserti
1132 3204 1356 3259 fuissent
1381 3202 1548 3276 834
1579 3202 1856 3257 Gallicano
1887 3215 2045 3276 cano-

465 3296 593 3335 num
608 3271 814 3348 codici,
845 3280 898 3333 in
916 3276 1129 3348 propria
1154 3290 1313 3331 causa
1334 3271 1884 3348 prfevaricatusesset
1913 3271 2046 3348 Leo,

467 3365 562 3405 eos
590 3343 824 3405 canones
852 3343 1277 3403 commemorare
1312 3343 1597 3409 amittens,
1629 3344 1821 3412 quibus
1850 3352 1903 3398 et
1931 3343 2049 3412 plu-

469 3420 667 3475 rimum
709 3419 822 3474 sedi
852 3418 1106 3472 Romana:
1145 3415 1520 3479 deferebatur,
1566 3424 1620 3467 et
1650 3414 1883 3468 Hilarius
1908 3422 2048 3466 tam-

470 3506 629 3561 quam
662 3503 924 3561 canonum
947 3487 1107 3561 etiam
1143 3484 1429 3561 _in_Gal_lin
1451 3493 1789 3561 recepturum
1816 3483 2051 3561 _viol_ato_r

470 3554 737 3629 potuisset
763 3559 1013 3630 judicari.
1046 3557 1157 3630 Nisi
1187 3557 1388 3611 dixeris
1411 3556 1642 3611 Leonem
1678 3558 1762 3630 ab_
1776 3554 1860 3630 his
1886 3554 2049 3630 absti-

471 3626 676 3698 nuisse,
697 3626 806 3685 tum
830 3630 951 3700 quia
977 3628 1243 3699 repulsam
1258 3637 1515 3700 noverat,
1540 3641 1697 3700 quam
1726 3626 2048 3700 C(elestinus

472 3718 609 3774 papa
641 3697 708 3774 ab
738 3697 1004 3774 Africanis
1038 3697 1225 3774 passus
1250 3698 1426 3755 fuerat
1446 3698 1515 3774 ob
1538 3698 1672 3753 istos
1702 3712 1935 3774 canones
1957 3697 2051 3754 Ni-

473 3769 638 3829 cie'nis
664 3772 914 3827 Patribus
943 3770 1258 3835 attributos;
1289 3778 1399 3825 tum
1428 3771 1549 3841 quia
1582 3784 1677 3840 pro
1708 3769 1923 3841 ingenio
1952 3784 2052 3825 suo

473 3844 693 3900 videbat
717 3856 952 3899 canones
979 3842 1326 3898 Sardicenses
1348 3839 1479 3895 nihil
1506 3839 2052 3910 de'appellationibus

473 3916 560 3972 vel
589 3915 656 3971 de
682 3913 1061 3971 retractatione
1083 3912 1365 3969 sententia:
1394 3912 1577 3967 Romxe
1604 3913 1907 3982 peragenda
1937 3920 2050 3967 sta-

473 3994 644 4053 tuere,
674 3985 770 4042 sed
791 3986 1019 4055 amplius
1045 3984 1177 4039 nihil
1204 3985 1445 4039 Romano
1466 3983 1704 4055 pontifici
1728 3982 2051 4055 concedere,

474 4073 633 4130 quam
660 4066 721 4112 ttt
748 4053 943 4130 novum
989 4055 1329 4130 judiciumin
1360 4053 1548 4111 eadem
1588 4053 1863 4130 provincia
1914 4054 2054 4130 cele-

472 4124 737 4185 lirandum
782 4124 1075 4195 indiceret,
1123 4127 1266 4197 quod
1306 4127 1358 4182 in
1390 4142 1552 4183 causa
1590 4124 1859 4181 ’Celidonii
1895 4124 1963 4180 ab
1987 4140 2054 4181 eo

470 4202 769 4272 praestitum
789 4214 895 4272 non
928 4200 1123 4255 fuerat.
1154 4199 1515 4272 Quamnbrem
1544 4197 1756 4272 veritus
1775 4210 2053 4272 neparum

471 4267 684 4328 roboris
720 4270 965 4325 habitura
994 4277 1139 4326 esset
1165 4269 1307 4341 apud
1329 4269 1511 4325 Gallos
1550 4284 1644 4324 sua
1672 4267 1899 4337 epistola
1920 4309 1935 4335 ,
1966 4269 2053 4322 cui

474 4344 607 4399 nulli
637 4354 871 4397 canones
900 4341 1213 4408 militarent,
1245 4341 1338 4397 sed
1365 4355 1521 4411 quam
1545 4341 1723 4410 potius
1743 4348 1895 4411 vetus
1925 4353 2055 4393 con-

2153 3134 2324 3203 legem
2355 3134 2739 3201 promulgatam
2768 3174 2782 3197 ,
2816 3150 2934 3203 qua:
2971 3134 3194 3188 Romani
3236 3134 3510 3203 pontiﬁcis
3543 3134 3740 3203 judicio

2152 3207 2498 3274 commiserat
2549 3204 3024 3273 metmpolitanos,
3074 3221 3342 3274 quamque
3388 3206 3581 3260 merito
3621 3206 3740 3274 jure

2153 3292 2259 3330 non
2296 3276 2448 3329 multi
2480 3273 2751 3329 faciebant
2802 3273 3100 3338 Gallicani,
3136 3273 3323 3343 utpote
3368 3273 3741 3331 consuetudini

2153 3346 2533 3418 ecclesiasticas
2554 3348 2903 3418 receptisque
2934 3348 3135 3418 regulis
3165 3348 3468 3401 adversam.

2222 3416 2492 3485 Quidquid
2514 3417 2590 3471 sit
2613 3417 2681 3472 de
2712 3417 2812 3471 hac
2836 3417 2973 3487 lege,
2995 3416 3113 3487 quin
3133 3433 3397 3472 canonum
3425 3418 3737 3472 sanctiones

2156 3488 2435 3544 inﬁrmare
2459 3501 2562 3541 non
2592 3489 2791 3556 potuit,
2817 3503 2920 3543 non
2943 3498 3023 3544 est
3052 3504 3147 3544 cur
3174 3504 3275 3543 nos
3294 3489 3479 3542 Zosimi
3506 3498 3737 3543 conatus

2154 3560 2257 3615 iste
2283 3557 2568 3628 plurimum
2596 3559 2867 3614 sollicitet.
2901 3560 3138 3615 Primum
3180 3562 3324 3614 enim
3352 3573 3415 3615 ex
3443 3559 3563 3613 solo
3589 3557 3739 3614 facto

2150 3628 2239 3702 jus
2265 3632 2410 3684 nasci
2440 3630 2685 3700 cuiquam
2713 3646 2819 3685 non
2850 3641 3061 3700 potest,
3098 3632 3394 3699 priesertim
3421 3645 3541 3685 cum
3576 3644 3738 3700 repu-

2155 3710 2380 3771 gnantes
2410 3710 2464 3756 et
2496 3702 2927 3772 contradicentes
2956 3702 3118 3756 habet
3156 3702 3397 3757 adversm
3424 3703 3591 3772 partis
3640 3717 3736 3771 pa.

2157 3770 2364 3829 tronos.
2392 3773 2593 3827 Deinde
2626 3770 2825 3826 Zosimi
2859 3774 3053 3827 factum
3084 3770 3504 3843 appellationum
3533 3773 3617 3842 jus
3644 3770 3741 3827 ηε.

2155 3858 2420 3915 quaquam
2458 3844 2677 3907 attinet,
2711 3858 2884 3913 neque
2914 3862 2979 3899 ex
3012 3844 3421 3900 Sardicensibus
3449 3844 3741 3899 canonibus

2156 3914 2515 3985 patrocinium
2554 3916 2766 3969 trahere
2794 3924 2998 3986 potest:
3032 3916 3081 3969 hi
3114 3915 3379 3986 siquidem
3411 3931 3514 3971 nec
3539 3916 3607 3971 de
3633 3915 3739 3985 pri-

2156 4002 2241 4042 ma
2265 3987 2591 4057 cognitione,
2618 4000 2717 4057 nec
2741 3986 2808 4041 de
2830 3987 3187 4056 appellatione
3207 3986 3499 4056 quidquam
3521 3986 3735 4053 habent,

2155 4058 2252 4113 sed
2278 4056 2346 4112 de
2367 4056 2479 4112 sola
2505 4070 2680 4111 causa:
2708 4056 2761 4112 in
2786 4058 3057 4127 provincia
3082 4057 3195 4126 ipsa
3214 4059 3598 4112 retractatione
3616 4071 3736 4125 pro-

2157 4128 2414 4183 curanda.
2444 4127 2652 4193 Tertio,
2677 4130 2778 4183 etsi
2807 4130 3054 4185 nolumus
3083 4128 3322 4198 epistolis
3349 4128 3551 4183 Zosimi
3582 4128 3735 4183 ﬁdem

2157 4199 2425 4270 derogari,
2457 4199 2803 4270 nihilominus
2837 4201 3001 4255 totius
3045 4201 3196 4255 istius
3222 4201 3422 4269 negotii
3452 4202 3590 4255 ratio
3633 4214 3737 4254 non

2158 4268 2601 4342 satis'perspecta
2628 4268 2876 4342 habetur,
2910 4286 3028 4342 quae
3058 4287 3161 4326 non
3197 4268 3390 4325 nisi’ex
3425 4272 3506 4324 his
3533 4274 3735 4341 episto-

2157 4340 2224 4395 lis
2263 4341 2569 4396 innotescit.
2616 4340 2746 4396 Cum
2783 4340 2939 4397 enim
2955 4342 3289 4398 auctoritatis
3315 4342 3460 4397 sedis
3487 4340 3598 4397 suae
3626 4356 3737 4395 am-

476 4412 1035 4505 suemdqcanonibus
1062 4413 1314 4495 roborata
1341 4410 1596 4493 novitatis
1621 4410 1903 4495 arguebat,
1933 4424 2052 4492 eam
2082 4443 2134 4505 Β
2160 4412 2461 4505 nliﬁcandze
2485 4410 2663 4495 studio
2686 4414 2973 4495 plurimum
3008 4414 3281 4497 laborasse
3302 4416 3653 4495 convincatur
3677 4426 3739 4467 ex

473 4484 681 4539 curavit
712 4483 1056 4549 imperatoria
1080 4483 1464 4538 constitutione
1487 4482 1709 4546 muniri,
1743 4484 1794 4536 in
1816 4496 1918 4551 qua
1938 4482 2056 4551 qui-

476 4554 601 4609 dem
631 4561 686 4608 et
709 4552 852 4607 Petri
875 4553 1152 4621 meritum,
1177 4561 1232 4607 et
1249 4554 1503 4607 Romanae
1524 4552 1838 4622 dignitatem
1867 4550 2053 4607 Eccle-

476 4626 598 4694 size,
620 4633 674 4679 et
702 4636 869 4694 sacras
886 4623 1076 4694 synodi
1106 4623 1479 4694 auctoritatem
1510 4639 1605 4693 pro
1623 4623 1765 4694 sedis
1794 4623 2053 4694 apostoli-

476 4709 557 4749 ca:
572 4692 833 4748 firmanda
856 4692 1202 4763 amplitudine
1218 4692 1605 4750 commemorat
1624 4693 2051 4761 Valentinianus,

476 4767 545 4821 de
575 4763 879 4837 sardicensi
905 4778 1038 4821 vero
1063 4766 1272 4837 synodo
1302 4779 1401 4837 pro
1427 4765 1716 4837 asserenda
1739 4764 2056 4835 appellatio-

476 4851 603 4892 num
620 4835 751 4907 jure
777 4834 971 4907 mirum
1012 4834 1194 4892 servat
1221 4834 1522 4903 silentium;
1555 4835 1694 4907 quod
1736 4834 2056 4907 argumento

476 4918 560 4964 est
600 4906 773 4980 Gallis
793 4906 1027 4980 ignotam
1071 4907 1235 4964 fuisse
1261 4906 1609 4980 disciplinam
1640 4906 2058 4964 Sardicensibus

477 4980 710 5106 decielt’is
762 4978 1067 5062 inductam,
1107 4995 1228 5052 qua:
1255 4979 1360 5037 illis
1390 4978 1663 5052 opponere
1696 4980 1915 5035 minime
1943 4980 2058 5035 ausi

477 5064 578 5106 sun
679 5064 876 5106 omam.

476 5064 603 5107 sunt
630 5064 876 5106 numam.

2161 4484 2428 4539 Africanis
2457 4483 2835 4551 monimentis,
2865 4501 2983 4555 quae
3010 4485 3118 4555 jam
3168 4488 3412 4555 superius
3441 4485 3738 4554 attigimus,

2163 4572 2269 4611 non
2302 4555 2588 4609 temerarie
2614 4556 2932 4625 conjieimus
2955 4556 3198 4611 eamdem
3227 4570 3443 4625 passum
3473 4556 3740 4625 repulsam

2163 4626 2218 4682 in
2242 4624 2731 4697 GalliisZosimum
2766 4642 2925 4696 quam
2965 4628 3019 4682 in
3064 4624 3262 4681 Africa.
3312 4627 3380 4681 Et
3420 4624 3739 4697 quamquam

2162 4698 2359 4754 desunt
2385 4696 2491 4769 alia
2514 4699 2733 4769 scripta,
2757 4714 2877 4769 quas
2908 4714 3004 4754 nos
3031 4699 3131 4753 ista
3160 4696 3447 4769 edoceant,
3474 4697 3744 4769 sutticiunt

2162 4778 2344 4824 tamen
2382 4768 2511 4837 ipsae
2548 4768 2750 4824 Zosimi
2778 4768 3039 4840 epistolas,
3080 4780 3141 4825 ut
3187 4768 3446 4838 probetur
3495 4768 3745 4840 superior

2166 4850 2349 4895 nostra
2379 4841 2644 4896 sententia
2667 4840 2736 4896 de
2765 4837 2871 4897 non
2899 4841 3148 4896 admissis
3169 4837 3310 4910 apud
3342 4840 3525 4895 Gallos
3554 4837 3743 4909 synodi

2164 4911 2499 4983 Sardicensis
2530 4914 2874 4983 rcanonibus,
2924 4912 3099 4982 deque
3144 4912 3466 4983 auctoritate
3514 4910 3742 4983 Romani

2165 4982 2411 5053 praesulis
2432 4984 2485 5037 in
2508 4982 2841 5054 deponendis
2862 4981 2978 5054 ejus
3007 4981 3241 5054 regionis
3258 4984 3526 5053 episcopis
3546 4981 3744 5037 ibidem

2165 5063 2292 5111 tunc
2322 5054 2540 5111 minime
2568 5065 2805 5127 recepta.

1534 5163 2091 5225 BALLERINIORUM
2126 5164 2668 5227 ANNOTATIONES.

530 5258 628 5385 d(a)
658 5259 737 5315 De
757 5257 842 5314 his
873 5257 1079 5325 causis,
1110 5254 1202 5312 ubi
1236 5255 1383 5312 nulla
1414 5257 1697 5327 appellatio
1720 5258 2043 5329 intercessit,

569 5345 599 5385 e
627 5345 747 5385 uuae
775 5329 1021 5385 dicentur
1047 5330 1101 5385 in
1126 5328 1340 5385 observ.
1374 5339 1513 5385 part.
1538 5344 1576 5385 ι.
1603 5344 1652 5385 c.
1676 5330 1729 5385 5.
1764 5348 1818 5385 n.
1845 5333 1900 5385 4.

476 5328 747 5401 νίἆθίῳιω
775 5329 1021 5401 dicentur
1047 5330 1101 5401 in
1126 5328 1340 5385 observ.
1374 5339 1513 5399 part.
1538 5344 1576 5396 ι,
1603 5344 1652 5385 c.
1676 5330 1729 5397 5,
1764 5348 1818 5386 n.
1845 5333 1900 5388 4.

547 5400 623 5471 (b)
646 5400 783 5457 Vide
813 5400 884 5456 ibi
912 5417 969 5457 ιι.
1000 5400 1089 5457 io.

551 5470 622 5542 (ε)
649 5472 817 5543 Hujus
838 5488 1012 5527 causa:
1034 5470 1391 5542 cognitionem
1413 5486 1517 5528 non
1545 5472 1610 5527 ad
1630 5486 1690 5529 se
1710 5477 1925 5531 attraxit
1953 5476 2047 5531 Zo-

480 5558 681 5614 simus,
726 5542 820 5599 Sed
864 5542 1141 5614 Patroclus
1176 5543 1485 5600 Gallicanus
1510 5544 1794 5614 episc0pus
1830 5563 1948 5602 eam
1979 5548 2045 5602 ad

480 5612 751 5695 Zosimum
780 5614 1001 5695 detulitn
1019 5615 1093 5671 De
1118 5613 1239 5695 jure
1272 5623 1454 5695 autern
1486 5612 1798 5695 apostolica:
1824 5617 1965 5695 sedis
1992 5619 2043 5673 in

482 5683 567 5744 bis
605 5699 817 5759 quoque
857 5685 1036 5743 causis
1076 5685 1265 5759 primae
1304 5683 1622 5765 cognitionis
1665 5687 1780 5759 lege
1828 5691 2042 5746 observ.

2152 5269 2290 5332 part.
2319 5275 2360 5327 ι,
2392 5275 2512 5330 cap.
2541 5261 2595 5327 7,
2630 5276 2684 5314 n.
2717 5259 2750 5315 6
2776 5268 2830 5315 et
2855 5260 2887 5315 7
2908 5274 3019 5332 ,iac
3043 5275 3110 5316 ex
3136 5259 3201 5315 iis
3221 5258 3425 5330 patebit
3449 5272 3606 5332 quam
3640 5271 3751 5332 per-

2153 5328 2337 5404 peram
2359 5328 2678 5404 Quesnellus
2698 5333 2900 5404 scribat
2927 5331 3209 5386 Zosimum
3226 5328 3578 5404 ‘anctoritatis
3605 5328 3749 5384 sedis

2152 5402 2264 5459 suae
2292 5402 2683 5471 ampliﬁcanda:
2728 5403 2904 5458 studio
2946 5404 3241 5459 laborasse.
3275 5402 3408 5469 Quae
3447 5414 3571 5456 vero
3600 5415 3751 5470 quie-

2154 5475 2257 5530 stio
2280 5474 2415 5528 inter
2444 5473 2719 5529 Zosimum
2749 5482 2805 5530 et
2845 5474 3133 5529 Africanos
3180 5473 3377 5539 fuerit,
3413 5482 3468 5529 et
3510 5487 3638 5526 num
3681 5486 3748 5526 ex

2152 5560 2214 5601 ea
2239 5546 2415 5616 colligi
2444 5552 2605 5615 queat
2630 5546 2897 5601 Zosimum
2932 5561 3084 5601 suam
3105 5546 3492 5616 auctoritatem
3514 5543 3749 5616 voluisse

2152 5614 2487 5691 extendere,
2531 5619 2729 5684 patebit
2776 5633 2843 5674 ex
2883 5632 3002 5691 cap.
3035 5620 3067 5677 6
3095 5626 3413 5676 nostrarum
3442 5615 3660 5675 observ.
3693 5614 3751 5680 in

2152 5698 2289 5761 part.
2316 5705 2354 5757 ι,
2384 5705 2437 5745 n.
2462 5688 2532 5746 20
2558 5696 2612 5747 et
2628 5703 2785 5763 seqq.

3418 5824 3421 5825 ν
3492 5836 3531 5856 »ιι
3557 5842 3601 5855 ,ν
