3984 6306
201 358 308 415 ιεθ

876 356 1185 415 DISSERT.
1227 354 1293 413 ν.
1330 351 1673 414 APOLOGIA
1713 354 1848 411 PRO
1884 354 1951 412 8?
1986 353 2260 410 HILARIO
2297 355 2748 413 ARELATENSI.

3358 361 3469 419 490

272 470 487 543 Liquet
511 470 652 543 cnim
692 484 767 543 ex
808 484 999 543 earum
1038 472 1267 528 lectione
1300 479 1568 541 praecepto
1610 470 1778 543 836
1806 474 1859 531 Δ
1883 468 2141 543 bonensis
2162 483 2281 538 cap.
2304 469 2470 543 4.7ubi
2496 472 2836 527 Massiliensis
2855 471 3102 526 Ecclesia!
3127 474 3463 542 sacerdotem,

199 540 401 596 Zosimi
422 540 496 612 (a)
521 541 797 596 Proculum
821 558 925 596 non
953 540 1374 612 obtemperasse,
1398 540 1499 597 nec
1527 540 1774 609 Romam,

202 626 312 681 quo
339 611 659 683 judicandus
685 614 993 675 vocabatur,
1040 611 1287 682 petiisse;
1318 627 1641 683 quamquam
1674 626 1779 667 non

204 692 312 736 tam
344 682 410 735 ad
435 682 691 751 judicium
721 684 898 738 vocari
941 684 1240 746 videbatur,
1284 698 1447 753 quam
1489 682 1555 737 ad
1592 682 1785 737 frater-

206 767 333 807 num
363 764 710 824 conventum,
742 753 794 807 in
825 770 931 823 quo
956 756 1071 824 ejus
1097 765 1151 809 et
1188 754 1422 809 Patrocli
1456 753 1577 823 jura
1608 755 1782 824 amice

207 823 657 895 “penderentur.
698 823 910 895 Renuit,
948 823 1187 895 inquam,
1240 824 1369 879 illuc
1409 838 1468 880 se
1497 823 1781 879 conferre:

207 892 352 948 unde
373 892 488 973 base
522 893 721 973 Zosimi
746 896 969 973 querela
989 913 1004 950 :
1022 892 1093 949 ’Μ
1100 896 1207 948 ulta
1235 905 1415 973 contra
1440 905 1653 973 veterem
1682 896 1789 973 [οι--

210 980 349 1017 mam
372 962 623 1035 Proculus
643 962 916 1035 usurpasse
937 966 1160 1020 detectus
1186 974 1259 1018 est
1287 966 1342 1018 in
1377 962 1787 1019 ordinationibus

211 1034 576 1088 nonnullorum
597 1034 820 1105 indebite
838 1036 1170 1101 celebrandis,
1200 1052 1326 1105 quas
1348 1037 1582 1105 proxime
1609 1050 1788 1087 nume-

212 1053 576 1088 uonnuuorum
597 1053 820 1089 inuenire
838 1053 1170 1101 ceteoranais,
1200 1053 1326 1105 quas
1385 1053 1582 1090 rexime
1609 1053 1788 1087 nume-

212 1120 331 1158 rosa
352 1105 638 1174 cognitione
666 1104 1028 1160 discussimus:
1051 1107 1166 1159 licet
1195 1106 1303 1172 ipse
1332 1053 1424 1159 diu
1448 1114 1790 1173 exspectatus,

215 1175 477 1244 fastidiose
470 1180 667 1298 2ferens
696 1178 789 1229 sibi
814 1176 1047 1230 inducias
1077 1178 1364 1239 attributas,
1390 1176 1661 1227 convenire
1682 1174 1793 1227 dis-

215 1245 417 1298 simulet
448 1244 465 1298 ί
515 1248 665 1298 osim.
689 1248 837 1298 epist.
867 1249 897 1298 7
920 1248 987 1298 ad
1017 1248 1173 1298 enisc.
1204 1261 1347 1298 υτον.
1388 1244 1541 1297 Vien.
1581 1253 1629 1298 et
1657 1242 1793 1297 Nar-

214 1242 417 1317 simulet
448 1242 665 1317 (Zosim.
689 1248 837 1317 epist.
867 1249 897 1300 7
920 1248 987 1317 ad
1017 1248 1173 1312 episc.
1204 1261 1362 1317 prov._
1386 1244 1541 1317 _Vien.
1581 1253 1629 1298 et
1657 1242 1802 1317 Nar-

217 1315 336 1369 bon.
367 1313 639 1384 tt).'Quod
669 1313 914 1384 quamvis
956 1313 1233 1369 fastidiose
1281 1313 1493 1369 cuidam
1533 1315 1802 1383 superbire

221 1386 419 1440 tribuat
442 1385 711 1448 Zosimus,
738 1385 841 1439 hoc
866 1398 1042 1439 tamen
1066 1386 1133 1439 de
1154 1385 1290 1454 viro,
1316 1399 1476 1454 quem
1505 1385 1804 1439 sanctitatis

221 1456 444 1511 nomine
465 1455 1112 1526 celebrat_liieronymus,
1139 1453 1347 1509 sentire
1364 1453 1516 1508 nefas
1537 1454 1803 1526 ducimus,

223 1526 541 1597 praesertim
555 1539 679 1578 cum
708 1523 951 1597 Zosimo
972 1535 1129 1597 notus
1160 1539 1264 1597 non
1299 1533 1471 1597 esset,
1502 1524 1601 1597 nisi
1630 1539 1695 1577 ex
1727 1533 1806 1579 te-

224 1593 486 1651 stimonio
514 1594 769 1665 Patrocli,
803 1596 895 1665 qui
920 1603 975 1651 et
1001 1595 1223 1649 Proculo
1253 1593 1801 1665 infensissimuserat,

229 1676 285 1721 et
324 1676 385 1720 ut
409 1666 599 1720 aliena:
640 1664 784 1719 sedis
812 1662 1059 1731 invasor,
1088 1667 1477 1733 multorumque
1516 1662 1801 1718 criminum

232 1752 393 1799 reus,
422 1735 741 1805 rhujusmodi
790 1734 1010 1790 ferendo
1036 1733 1338 1805 testimonio
1368 1749 1551 1805 parum
1581 1734 1805 1788 idoneus

237 1814 375 1861 erat.
401 1803 730 1865 Crediderim
750 1806 926 1873 potius
946 1805 1225 1858 Proculum
1249 1803 1368 1858 ideo
1390 1803 1686 1859 Romanum
1712 1805 1805 1859 de-

239 1876 473 1955 clinasse
489 1876 767 1955 judicium,
793 1875 940 1955 quod
970 1873 1230 1929 Gallicani
1257 1875 1494 1944 episcopi
1520 1876 1807 1955 transalpi-

240 1946 328 1998 nis
349 1959 469 1999 sese
486 1944 704 2012 judiciis
725 1944 1039 1998 submittere
1067 1958 1170 1998 non
1196 1954 1603 2012 consueverant,
1629 1960 1730 2000 nec
1753 1956 1809 1999 ut

238 2014 292 2085 id
325 2014 577 2085 facerent,
602 2013 788 2067 adduci
822 2022 1107 2085 potuerant
1135 2014 1201 2085 ad
1233 2013 1321 2067 illa
1339 2031 1507 2085 usque
1538 2027 1803 2084 tempora.

236 2082 597 2149 Quamobrem
616 2098 756 2152 aegre
777 2084 1064 2137 admodum
1094 2084 1328 2139 tulerunt
1354 2082 1564 2141 Proculi
1594 2082 1809 2140 causam

236 2152 464 2225 Romam
492 2169 521 2207 a
552 2152 794 2207 Patroclo
822 2169 944 2209 esse
972 2154 1201 2209 delatam
1224 2195 1238 2218 ,
1290 2154 1537 2225 illiusque
1582 2158 1811 2223 patroci-

234 2223 390 2306 nium
408 2223 642 2306 libenter
667 2235 1054 2306 susceperunt;
1073 2239 1172 2305 nec
1194 2226 1332 2306 passi
1348 2223 1487 2306 sunt
1522 2226 1809 2306 quidquam

234 2295 453 2366 roboris
495 2294 692 2349 habere
720 2295 773 2349 in
805 2294 989 2350 Galliis
1019 2294 1215 2350 Zosimi
1250 2294 1317 2349 de
1348 2294 1559 2351 Proculi
1602 2294 1816 2366 deposi-

236 2364 387 2419 tione
407 2364 706 2428 decretum,
724 2366 866 2433 quod
888 2366 1263 2420 ecclesiastica:
1285 2365 1571 2421 Galliarum
1589 2364 1811 2422 consue-

235 2434 415 2490 tudini
439 2436 722 2490 adversum
750 2443 886 2490 erat.
926 2436 964 2491 li
994 2444 1118 2490 sunt
1146 2435 1446 2505 eiiiquuos
1466 2453 1582 2492 eam
1605 2438 1675 2491 ob
1702 2452 1815 2492 rem

235 2506 494 2576 objurgat
536 2504 677 2576 idem
715 2506 951 2574 pontifex
994 2506 1150 2575 epist.
1193 2507 1261 2559 l2
1308 2504 1373 2560 ad
1418 2506 1811 2562 Massilienses:

234 2574 451 2631 Addens
465 2576 581 2640 sibi,
603 2574 795 2643 inquit,
814 2574 1090 2646 jungitque
1106 2578 1339 2642 inquisite
1361 2578 1542 2631 mentis
1562 2578 1813 2643 homines,

231 2654 295 2717 et
320 2648 405 2715 qui
426 2646 523 2700 soli
554 2658 763 2713 possunt
794 2646 960 2715 favere
987 2652 1263 2699 damnato:
1292 2663 1381 2717 per
1400 2664 1546 2712 quos,
1569 2663 1684 2717 qua:
1708 2657 1816 2700 tur-

231 2716 423 2789 barum
444 2718 704 2789 studiosus
724 2718 938 2789 cogitat,
957 2716 1415 2789 bac_sua_conﬁsus
1433 2716 1671 2789 societate
1694 2734 1819 2771 con-

232 2788 387 2859 ﬁciat
414 2785 807 2859 (losimiepisti
830 2785 894 2839 ιε
918 2787 986 2840 ad
1009 2786 1400 2859 Massilienses).
1430 2786 1490 2843 Si
1513 2790 1656 2859 enim
1683 2803 1818 2859 quos

280 2856 444 2911 aucos
470 2856 599 2912 dicit
643 2856 887 2927 inquieta:
917 2857 1110 2912 mentis
1142 2859 1414 2923 homines,
1468 2858 1561 2927 qui
1590 2856 1819 2913 Proculo

280 2876 444 2911 IUCOS
470 2876 599 2912 ("Cll
643 2876 887 2927 Inquieta:
917 2876 1110 2912 melius
1142 2876 1414 2923 homines,
1468 2876 1561 2927 qut
1590 2876 1819 2913 ιιι-θουιο

232 2876 498 2984 gamnato
540 2927 818 2994 favebant,
854 2943 957 2981 non
1004 2929 1257 2996 praecipui
1296 2928 1591 2982 Galliarum
1638 2937 1821 2984 essent

233 2998 506 3069 epismpi,
530 3013 646 3069 non
669 2999 741 3051 ita
765 2998 920 3069 lacile
938 2998 1022 3051 his
1046 3000 1299 3052 cessisset
1325 2996 1603 3052 Patroclus
1621 3014 1820 3069 :quem

234 3068 318 3125 ex
343 3068 540 3122 Zosimi
572 3069 761 3121 litteris
805 3068 1053 3122 novimus
1083 3082 1189 3121 non
1225 3082 1410 3121 ausum
1449 3082 1570 3122 esse
1601 3068 1823 3123 ulterius

234 3139 532 3197 Proculum
566 3139 852 3201 insectari,
896 3153 995 3191 nec
1024 3151 1086 3190 ea
1116 3146 1381 3206 potestate
1408 3136 1514 3203 uti,
1556 3150 1717 3206 quam
1749 3139 1824 3191 illi

235 3188 786 3282 Lassarnie'rg'us
800 3188 1826 3282 ﬁtisgiisi.;eauigiusjﬁgentes;
1850 3188 1896 3252 C

285 3281 491 3334 neritur
531 3280 673 3333 enim
701 3277 948 3331 Zosimus
992 3278 1271 3331 Proculum
1301 3277 1412 3331 suis
1452 3277 1647 3331 illicitis
1677 3277 1823 3332 ausi-

328 3364 354 3403 s
380 3364 411 3403 a
435 3349 679 3403 Patroclo
705 3349 983 3403 dimissum
1011 3361 1162 3412 esse,
1194 3346 1417 3415 epistola
1440 3346 1527 3400 ll.
1561 3344 1708 3411 Cum,
1745 3348 1827 3401 in-

237 3420 385 3490 quit,
419 3429 465 3472 et
494 3420 547 3472 in
578 3421 815 3490 praesenti
835 3418 1155 3490 cognoveris,
1184 3426 1229 3471 et
1257 3417 1601 3487 frequentibus
1622 3417 1825 3490 anobis

240 3488 438 3545 litteris
468 3488 663 3560 ipse’sis
704 3488 1042 3560 monitus,“
1087 3490 1389 3560 auctoritate
1418 3488 1823 3560 metropolitani,

280 3576 400 3613 nam
421 3557 510 3614 tibi
538 3561 834 3629 apostolica
872 3558 1007 3611 sedis
1028 3558 1448 3629 pronuntiatione
1486 3557 1824 3625 ﬁrmavimus,

280 3577 400 3613 stam
421 3577 510 3614 ttat
538 3577 834 3629 apostattca
872 3577 1007 3611 seats
1028 3577 1448 3626 pronunttatwne
1486 3577 1824 3625 ﬁrmavimus,

236 3577 463 3710 Ἑτοιμλὶ
486 3632 697 3683 ausibus
723 3628 1081 3710 canalibusque
1101 3628 1225 3693 illis,
1258 3626 1438 3710 quibus
1451 3629 1649 3710 adhuc;
1659 3644 1713 3682 se
1732 3645 1827 3710 pu-

245 3710 326 3754 tat
345 3700 519 3769 aliqua
544 3717 691 3769 posse
716 3696 1167 3752 turbare...'miror
1194 3696 1317 3768 quid
1345 3706 1459 3769 post
1477 3699 1575 3751 ista
1604 3696 1827 3752 Proculo

242 3772 423 3836 liceat,
456 3782 513 3824 ut
540 3780 679 3840 vacet
705 3769 799 3823 illa
835 3784 950 3837 qua
978 3778 1325 3840 consueverat,
1348 3769 1508 3839 837
1532 3778 1620 3821 aut
1646 3772 1828 3840 pejora

244 3843 562 3913 committere
578 3839 798 3913 (Zosim.
825 3836 1053 3913 epist._i_l
1074 3839 1141 3891 ad
1158 3836 1601 3913 Patrocl'vlfelat.
1618 3836 1821 3913 φίλια).

247 3908 599 3967 Manifestum
612 3919 695 3965 est
714 3910 857 3965 enim
880 3923 949 3962 ex
975 3908 1056 3963 his
1077 3908 1254 3964 verbis
1279 3910 1561 3963 Proculum
1590 3908 1826 3977 seipsuin

286 3997 349 4035 ro
371 3982 621 4050 deposito
648 3996 754 4035 non
788 3979 1062 4047 habuisse,
1093 3995 1191 4034 nec
1222 3980 1460 4034 habitum
1488 3994 1607 4034 esse
1636 3996 1665 4033 a
1696 3981 1827 4035 Gal-

274 4053 442 4107 icanis
467 4052 767 4120 episcopis;
787 4050 880 4106 sed
904 4066 1026 4104 eum
1049 4051 1222 4119 potius
1248 4052 1451 4105 sciente
1473 4050 1829 4118 approbante-

251 4137 357 4192 que
376 4119 673 4179 Galliarum
699 4119 935 4175 Ecclesia
958 4123 1264 4190 episcopum
1288 4121 1483 4192 egisse,
1507 4135 1614 4175 non
1632 4122 1826 4192 minori

251 4190 412 4262 quam
439 4204 597 4246 antea
628 4192 817 4247 fiducia
843 4206 906 4246 ac
933 4194 1269 4246 auctoritate.
1292 4190 1517 4245 Constat
1551 4206 1616 4245 ex
1642 4190 1831 4262 eadem

256 4261 483 4332 epistola
514 4262 796 4317 Proculum
824 4262 1101 4332 ordinasse
1128 4264 1412 4332 episcopos
1434 4276 1507 4332 ex
1532 4261 1831 4332 privﬂegio,

253 4330 399 4402 quod
428 4335 544 4401 ejus
576 4349 681 4386 non
711 4333 857 4402 sedi,
892 4331 987 4386 sed
1026 4344 1269 4399 personae
1314 4330 1606 4402 indulserat
1645 4330 1836 4402 Tauri-

259 4398 430 4459 nense
459 4398 765 4458 concilium.
802 4401 926 4457 Post
954 4406 1126 4464 istam,
1149 4398 1602 4470 inquithsimns,
1632 4399 1836 4467 delega-

255 4476 478 4538 tionem,
520 4489 635 4528 ecce
666 4473 734 4525 ad
778 4489 869 4526 nos
901 4488 1074 4525 rumor
1111 4468 1311 4525 advenit
1366 4468 1647 4524 Proculum
1688 4469 1837 4539 quasi

255 4546 513 4597 consuetis
543 4544 735 4606 ludere,
758 4552 804 4596 et
825 4543 898 4595 uti
915 4542 1136 4595 moribus
1164 4542 1291 4605 suis,
1306 4540 1543 4611 junxisse
1570 4540 1667 4595 sibi
1683 4556 1833 4611 quocf

253 4614 380 4667 dam
399 4615 611 4667 idoneos
629 4612 997 4682 turbationibus
1023 4614 1271 4675 homines,
1305 4610 1350 4682 et
1370 4611 1593 4682 postilla
1620 4626 1735 4680 quae
1755 4610 1833 4682 illi

255 4685 616 4738 iuterdiximus
638 4681 1124 4751 ordinasse(Zosint.
1142 4684 1289 4749 epist.
1310 4680 1379 4735 12
1390 4682 1458 4734 ad
1479 4680 1829 4749 Patroclum).

256 4752 503 4825 Denique
532 4755 586 4808 in
610 4756 920 4825 episcOpatu
949 4767 1048 4825 suo
1082 4765 1467 4825 perseverasse,
1491 4768 1553 4807 ac
1570 4755 1833 4825 supervig

257 4822 428 4880 xisse'
454 4824 708 4879 Patroclo
753 4823 1043 4878 verisimile
1071 4822 1130 4877 tit
1170 4837 1239 4878 ex
1282 4824 1523 4892 epistolas
1558 4822 1835 4878 leestini

257 4908 417 4966 papa:
444 4893 514 4949 ad
538 4894 822 4965 episcopos
848 4894 1241 4964 provinciarum
1272 4891 1595 4949 Viennensis
1620 4902 1676 4949 et
1703 4892 1839 4947 Nar-

1882 542 1969 608 qui
1993 541 2214 605 dicitur,
2244 542 2380 606 quod
2408 542 2545 595 dictu
2577 547 2720 610 nefas
2750 551 2853 605 est,
2883 544 2937 596 in
2975 560 3147 598 necem
3187 546 3348 610 patris
3384 541 3470 601 sui

1886 612 2059 683 taliter
2091 610 2399 679 gratulatus,
2426 622 2479 665 ut
2508 613 2625 666 huic
2655 614 2741 680 qui
2764 616 2878 683 ejus
2900 618 3145 682 sanguine
3175 626 3469 671 cruentatus

1884 681 2196 747 advenerat,
2250 684 2531 753 portionem
2576 698 2691 734 cum
2730 681 2793 737 eo
2825 681 3122 751 habiturus,
3154 697 3471 753 occurreret,

1849 776 1860 799 ι
1888 755 2034 806 hunc
2060 753 2232 823 ipsum
2265 752 2549 806 Proculum
2576 768 2699 807 esse
2716 755 3155 821 existimaverim,
3186 762 3273 823 qui
3308 759 3469 811 talem

1889 822 2215 879 calumniam
2246 838 2436 891 passus
2470 823 2628 876 luerit
2652 823 2790 890 apud
2810 824 3155 880 th-stinum
3186 822 3471 882 occasione

1891 894 2042 948 necis
2072 893 2323 958 Patrocli,
2356 893 2445 961 qui
2491 907 2521 946 a
2561 892 2776 947 tribuno
2805 894 3033 959 quodam
3066 897 3291 951 barbaro
3323 898 3472 952 circa

1893 966 2018 1035 haec
2043 974 2284 1035 tempora
2310 964 2518 1035 occisus
2539 972 2681 1035 __est,
2713 963 2778 1014 ad
2806 963 3101 1035 occultam,
3144 976 3199 1020 ut
3238 968 3473 1035 Prosper

1894 1032 2105 1105 scribit,
2131 1034 2426 1102 iussionem
2460 1032 2653 1087 Felicis
2685 1032 2926 1105 magistri
2946 1033 3205 1105 militum.
3246 1037 3326 1090 Ex
3350 1032 3471 1105 qni-

1898 1102 2000 1156 bus
2024 1104 2187 1171 liquet
2220 1106 2532 1157 inconcussa
2561 1102 2824 1157 mansisse
2856 1103 2905 1153 in
2934 1103 3120 1155 Galliis
3144 1102 3473 1162 Patrum—de-

1900 1180 2070 1242 creta,
2102 1174 2294 1241 quibus
2322 1175 2693 1242 episcoporum
2734 1172 3155 1241 uniuscujusque
3178 1178 3475 1242 provincia

1898 1241 2101 1310 judicia
2136 1254 2247 1297 rata
2276 1241 2603 1297 habebantur
2629 1243 2759 1296 citra
2790 1257 3008 1296 omnem
3036 1241 3257 1297 alterius
3291 1245 3479 1311 judicii

1903 1313 2399 1377 c0nlirmationem,
2438 1327 2537 1368 nec
2575 1313 2733 1381 hujus
2784 1312 3021 1381 regionis
3066 1312 3347 1381 episcopus
3384 1329 3485 1381 per

1905 1383 2053 1437 illam
2084 1394 2291 1437 aetatem
2334 1383 2739 1437 Sardicensibus
2772 1384 3076 1453 ﬁcanonibus
3101 1424 3117 1449 ,
3161 1383 3480 1453 appellatio-

1910 1468 2148 1523 numque
2174 1454 2392 1523 novitati
2423 1455 2555 1523 colla
2594 1452 2917 1523 subdidisse.

1977 1523 2058 1577 Ex
2086 1522 2324 1591 ejusdem
2355 1538 2503 1591 papa:
2535 1522 2732 1576 Zosimi
2772 1522 3017 1591 epistolis
3056 1522 3316 1577 discimus
3340 1524 3480 1579 alios

1908 1591 2402 1664 aliquotepiscopos
2424 1592 2477 1647 in
2495 1593 2682 1647 Galliis
2698 1594 3017 1647 sententiam
3032 1596 3330 1664 excepisse,
3349 1609 3489 1664 quos

1905 1662 2045 1717 inter
2064 1663 2298 1718 Lazarus
2327 1665 2653 1732 Aquensium
2685 1666 2991 1732 episcopus,
3026 1673 3080 1718 et
3110 1662 3300 1727 Ursus,
3331 1662 3486 1732 cujus

1906 1734 2062 1787 sedes
2094 1736 2293 1801 ignota,
2329 1742 2696 1788 numerantur.
2731 1733 2937 1787 Nullius
2970 1747 3143 1788 tamen
3165 1736 3487 1802 appellatio-

1836 1827 1883 1887 Β
1909 1805 2286 1887 nemlegtmus
2317 1823 2329 1855 :
2357 1813 2562 1858 tantum
2608 1804 2779 1887 abes:
2799 1817 2855 1858 ut
2896 1805 3489 1887 primariuscntentiam

1911 1872 1968 1928 in
1991 1872 2282 1929 illosferre
2311 1890 2593 1944 aggressus
2635 1879 2704 1928 sit
2741 1872 3014 1929 Romanus
3060 1876 3380 1942 episcopus;
3414 1876 3491 1931 ita

1912 1954 1970 1999 ut
1996 1944 2227 2000 Patrocli
2273 1944 2599 2012 improbitati
2640 1960 2701 1999 ac
2744 1945 2981 1999 audacia:
3010 1944 3350 1999 tribuendum
3396 1948 3490 2015 sit,

1912 2015 2053 2096 quod
2086 2015 2423 2096 (bjiprimum
2466 2016 2524 2096 in
2563 2015 2771 2096 Proculi
2810 2016 3025 2096 negotio
3070 2024 3332 2094 tentatum
3368 2025 3486 2096 est.

1912 2085 2043 2141 Nam
2074 2084 2276 2141 veritus
2302 2102 2369 2141 ne
2412 2086 2804 2140 ordinationem
2850 2084 2965 2153 ejus
2994 2084 3162 2139 sacris
3189 2086 3488 2141 canonibus

1913 2156 2238 2211 contrariam
2269 2158 2321 2211 in
2354 2159 2561 2210 irritum
2591 2159 2864 2211 mitterent
2890 2155 3150 2210 Gallicani
3183 2156 3493 2225 pontifices,

1915 2226 2144 2281 Romani
2169 2228 2392 2296 gratiam
2420 2236 2476 2282 et
2501 2227 2735 2281 favorem
2764 2225 2868 2280 sibi
2896 2227 3055 2279 variis
3076 2228 3280 2281 artibus
3311 2230 3494 2281 conci-

1919 2298 2108 2366 liavit,
2154 2311 2410 2366 spemque
2454 2297 2579 2352 fecit
2623 2298 2862 2351 maxime
2907 2298 3239 2351 auctoritatis
3282 2301 3397 2366 ejus
3437 2297 3493 2352 in

1921 2365 2111 2422 Galliis
2129 2367 2297 2436 magis
2328 2365 2739 2435 promovenda;
2759 2383 2915 2434 quam
2957 2366 3293 2422 occasionem
3316 2365 3493 2423 avide

1916 2439 2141 2507 arripuit
2170 2436 2415 2491 Zosimus
2447 2449 2502 2491 ut
2534 2438 2845 2505 impervium
2889 2438 3145 2491 hactenus
3185 2438 3492 2506 hujusmodi

1916 2508 2289 2578 consuetudini
2320 2523 2385 2562 ac
2414 2508 2652 2562 moribus
2678 2507 2904 2562 Galliam
2940 2511 3080 2561 circa
3112 2509 3492 2578 episcoporum

1912 2577 2113 2646 judicia
2138 2579 2465 2646 aliarumque
2495 2592 2672 2633 rerum
2701 2577 3244 2643 administrationem,
3276 2580 3493 2634 tandem

1917 2648 2207 2716 aliquando
2241 2649 2409 2720 838
2437 2653 2675 2717 perviam
2719 2650 2973 2716 haberet;
3014 2648 3157 2718 quod
3204 2659 3382 2705 tamen
3430 2664 3499 2705 eo

1918 2733 2075 2787 quem
2108 2721 2326 2787 optabat
2346 2722 2491 2773 exitu
2516 2720 2709 2774 caruit.

1992 2788 2105 2845 Sub
2152 2789 2408 2843 Boiiifacii
2456 2789 2800 2857 pontificatu,
2851 2789 2943 2859 qui
2989 2789 3208 2845 Zosimo
3254 2791 3500 2858 proxime

1920 2859 2204 2921 successit,
2248 2862 2401 2912 unica
2445 2862 2679 2914 occurrit
2718 2860 2934 2913 Maximi
2967 2859 3231 2913 Valentini
3258 2860 3500 2927 episcopi

1922 2940 2104 2993 causa,
2131 2929 2388 2982 adversus
2414 2944 2574 2997 quem
2607 2944 2778 2982 cuma
2809 2929 3104 2982 Valentina:
3134 2930 3363 2982 civitatis
3384 2930 3503 2982 cle-

1924 2999 2051 3053 ricis
2076 3010 2372 3051 conventus
2398 3010 2560 3061 esset,
2586 2998 2661 3066 (c)
2694 3011 2797 3050 non
2838 2997 2904 3050 ad
2932 3012 2991 3051 se
3019 3012 3197 3051 causa:
3231 2999 3498 3065 cognitio-

1930 3084 2050 3121 nem
2081 3069 2357 3135 pertraxit,
2404 3066 2497 3120 sed
2536 3068 2743 3120 monuit
2779 3082 2807 3118 a
2850 3066 3391 3135 comprovincialibus
3422 3069 3505 3121 in-

1930 3137 2243 3191 struendum
2273 3150 2391 3190 esse
2414 3135 2697 3203 judicium.
2726 3135 3069 3197 Decrevimns.
3100 3136 3272 3205 inquit
3294 3138 3502 3203 episco-

1930 3221 2027 3276 pos
2052 3205 2238 3261 Gallite
2264 3206 2563 3273 alloquens,
2585 3216 2801 3259 vestrum
2823 3204 3003 3259 debere
3022 3207 3156 3259 intra
3178 3204 3502 3274 provinciam

1928 3293 2033 3330 esse
2047 3276 2328 3347 judicium,
2350 3285 2394 3329 et
2424 3277 2721 3347 congregari
2741 3276 2997 3347 synodum
3022 3286 3139 3331 ante
3167 3277 3301 3329 diem
3325 3276 3505 3331 kalen-

1929 3348 2112 3418 darum
2146 3346 2533 3418 Novembrium,
2556 3358 2611 3400 ut
2646 3348 2691 3400 si
2718 3346 2893 3401 adesse
2925 3348 3139 3400 voluerit
3178 3362 3422 3418 praesens,
3459 3349 3506 3401 si

1930 3417 2161 3485 conﬁdit,
2192 3418 2260 3469 ad
2288 3416 2481 3487 objecta
2529 3417 2867 3487 respondeat;
2902 3419 2947 3471 si
2971 3434 3089 3471 vero
3120 3416 3296 3471 adesse
3326 3420 3504 3488 negle-

1928 3492 2082 3551 xerit,
2124 3488 2417 3540 dilationem
2464 3489 2724 3541 sententia:
2763 3489 2826 3541 de
2867 3488 3096 3542 absentia
3141 3506 3242 3541 non
3280 3488 3506 3543 lucretur

1931 3558 2211 3630 (Bonifacii
2238 3572 2388 3628 papa:
2416 3560 2562 3625 epist.
2594 3559 2627 3611 2
2648 3560 2716 3611 ad
2743 3560 3003 3630 episcOpos
3036 3559 3264 3630 Galliis).

1999 3629 2322 3684 leestinus
2353 3643 2509 3696 papa,
2552 3630 2641 3695 qui
2672 3640 2789 3698 post
2831 3628 3165 3683 Bonil'acium
3208 3630 3367 3693 sedit,
3402 3628 3507 3683 Da-

1930 3699 2123 3753 nielem
2151 3698 2433 3767 quemdam
2462 3699 2526 3752 ad
2550 3715 2704 3753 suum
2726 3699 2954 3753 tribunal
2980 3701 3191 3755 videtur
3213 3715 3505 3765 evocasse;

1931 3772 2023 3824 Sed
2058 3772 2324 3825 hominem
2358 3784 2569 3838 vagum,
2596 3769 2687 3840 qui
2713 3769 2780 3823 ab
2799 3770 3185 3837 Orientalibus,
3210 3774 3347 3839 apud
3370 3786 3507 3840 quos

1934 3841 2094 3893 multa
2127 3840 2320 3910 ﬂagitia
2348 3848 2699 3908 perpetrarat,
2730 3850 3010 3893 accusatus
3040 3842 3179 3907 apud
3206 3841 3509 3895 Romanum

1934 3911 2262 3979 pontificem,
2314 3913 2469 3980 eique
2506 3912 2655 3979 quasi
2711 3910 2955 3973 traditus,
3000 3910 3137 3975 apud
3179 3910 3376 3963 Gallias
3416 3912 3510 3963 diu

1932 3983 2188 4048 quaesitus
2206 3991 2288 4035 cst
2309 3982 2373 4033 ad
2398 3981 2676 4048 judicium.
2698 3980 2803 4033 Sed
2830 3980 3122 4048 taliscausa
3146 3988 3296 4048 extra
3326 3994 3511 4033 exem-

1932 4047 2076 4119 plum
2122 4060 2225 4115 est,
2273 4065 2371 4103 nec
2402 4047 2489 4116 jus
2536 4050 2717 4119 ullum_
2742 4049 2919 4119 simile
2959 4047 3077 4119 sibi_
3107 4047 3411 4119 attribuisse
3454 4049 3512 4119 in

1932 4115 2240 4175 CalliCanos
2276 4115 2560 4187 episcOpos
2593 4117 2895 4187 credendus
2923 4127 3006 4169 est
3038 4115 3391 4187 leestinus,
3400 4118 3511 4187 qui

1936 4193 1987 4243 in
2005 4190 2109 4265 fine
2127 4183 2365 4265 ejusdem
2392 4183 2636 4265 epistolae
2654 4187 2719 4239 ad
2733 4185 3016 4265 episcopos
3036 4185 3325 4265 provincia:
3344 4183 3513 4265 .Vien:

1936 4261 2119 4313 nensis
2147 4254 2201 4312 et
2231 4254 2614 4319 Narbonensis,
2645 4269 2857 4309 causam
2891 4254 3240 4308 Massiliensis
3271 4254 3513 4324 episcopi

1939 4329 2222 4397 provincia:
2246 4342 2360 4381 Sua:
2386 4328 2618 4395 collegio
2656 4324 2975 4379 audiendam
3010 4338 3108 4394 pro
3128 4325 3515 4381 consuetudine

1937 4414 2000 4453 ac
2026 4401 2149 4467 jure
2170 4398 2406 4467 dimittit.

2008 4464 2054 4522 Ᾱ
2077 4470 2234 4523 Sixto
2264 4466 2351 4532 lll,
2382 4466 2474 4535 qui
2513 4464 2862 4521 Caelestinum
2904 4464 3120 4536 excipit,
3150 4466 3351 4519 nullum
3384 4466 3516 4536 legi-
3558 4466 3561 4471 ’

1942 4554 2059 4593 mus
2088 4534 2419 4592 sacerdotem
2451 4538 2513 4591 ad
2545 4537 2798 4589 ltoinanae
2836 4535 2981 4589 sedis
3020 4534 3245 4589 tribunal
3274 4534 3510 4591 accersii-

1943 4620 2075 4665 tum.
2112 4609 2215 4663 Sed
2246 4619 2461 4662 econtra
2492 4607 2733 4661 videmus
2778 4606 3198 4677 Armentarium,
3228 4610 3316 4677 qni
3359 4609 3524 4661 Ebre-

1935 4680 2161 4736 dunensi
2189 4680 2458 4733 cathedra:
2502 4677 2792 4747 praefectus
2834 4676 3032 4740 fuerat,
3068 4690 3099 4730 a
3129 4676 3360 4731 conc-ilio
3413 4678 3519 4731 lie-

1936 4751 2087 4821 gensi
2126 4765 2247 4805 esse
2274 4746 2595 4817 depositum,
2630 4748 2744 4821 ipso
2776 4761 2873 4821 nec
2916 4763 3010 4815 per
3040 4748 3414 4821 appellationis
3452 4748 3519 4799 li-
3557 4746 3573 4773 ³

1939 4816 2135 4877 bellum
2167 4816 2513 4884 reclamante,
2548 4834 2648 4874 nec
2668 4818 3019 4874 Sardicenses
3055 4816 3259 4873 aliosve
3286 4830 3521 4872 canones

1940 4895 1996 4947 in
2024 4892 2378 4963 patrocinium
2406 4901 2652 4946 vocante.

1314 5031 1872 5090 BALLERINIORUM
1910 5028 2460 5089 ANNOTATIONES.

334 5148 419 5220 (α)
436 5146 821 5220 GurProculns
844 5145 1001 5220 initio
1027 5161 1134 5201 non
1163 5146 1436 5220 paruerit,
1456 5160 1524 5201 ex
1546 5146 1650 5220 alia
1672 5145 1841 5200 ratio-

251 5216 684 5289 ne’cbllegimus
725 5218 787 5283 in,
805 5217 1022 5289 observ.
1055 5228 1191 5289 part.
1223 5232 1281 5283 ιι,
1310 5231 1359 5271 c.
1407 5216 1474 5280 6.
1509 5217 1648 5289 n.5,
1692 5224 1751 5270 ut
1777 5229 1844 5269 ne

247 5286 621 5362 apostolicum
645 5288 732 5357 jus
764 5290 815 5341 in
846 5288 993 5362 hisce
1035 5286 1210 5362 causis
1245 5302 1350 5341 non
1394 5288 1679 5356 agnovisse
1724 5301 1842 5362 cre-

248 5356 446 5418 datur.
474 5359 608 5414 Num
635 5373 764 5412 vero
792 5367 913 5427 post
937 5357 1322 5425 depositionem
1352 5372 1411 5411 se
1438 5368 1705 5424 tamquam
1731 5356 1843 5425 epi-

249 5446 489 5495 sc0pum
516 5430 765 5498 gesserit,
795 5444 898 5482 non
932 5428 1005 5481 ita
1024 5439 1227 5484 certum
1256 5428 1453 5483 ibidem
1486 5427 1841 5493 ostendimus,

243 5513 313 5558 ut
342 5500 671 5568 Quesuellus
700 5500 991 5554 contendit.

330 5566 419 5639 (ὁ)
443 5569 642 5625 Confer
672 5569 884 5622 observ.
927 5576 1062 5638 part.
1104 5584 1159 5639 1,4
1184 5583 1234 5623 c.
1264 5567 1317 5631 5,
1360 5584 1415 5622 ιι.
1448 5566 1845 5639 Πενιιιιιειίο-

242 5636 383 5699 reris
399 5636 821 5709 appellationum
848 5636 1288 5709 consuetudinem
1306 5640 1359 5691 in
1380 5639 1508 5706 ipsis
1529 5636 1717 5709 Galliis
1743 5637 1846 5709 ibi_-_

180 5744 187 5759 ›
238 5715 391 5769 dem
426 5705 770 5778 probavimus
814 5725 868 5762 n.
898 5709 967 5765 18
1012 5720 1068 5765 et
1094 5708 1184 5763 20.
1224 5708 1499 5778 Patroclus
1525 5705 1847 5778 reprehendi

239 5784 387 5855 jure
418 5775 615 5850 potest,
646 5794 753 5833 non
784 5778 926 5847 quod
948 5779 1086 5834 hanc
1116 5791 1329 5834 causam
1367 5776 1434 5832 ad
1464 5775 1737 5832 Zosimum
1760 5776 1848 5832 de-

553 5874 829 5933 ΡΑτιιοι.
874 5869 1001 5929 LV.

1952 5145 2158 5208 tulerit,
2190 5143 2283 5197 sed
2312 5144 2453 5213 quod
2494 5156 2617 5195 eum
2656 5155 2750 5213 per
2776 5138 3193 5213 subreptionem
3230 5135 3523 5213 deceperit.

1954 5215 2086 5269 Vide
2108 5204 2493 5281 obscrvfpart.
2522 5226 2581 5276 Il,
2611 5204 2741 5281 θέε.
2776 5209 2852 5264 De
2882 5204 3076 5281 injusta
3107 5204 3525 5281 reprehensione

1951 5283 2153 5339 Zosimi
2182 5276 2373 5338 confer
2397 5292 2506 5335 not.
2540 5284 2573 5333 3
2610 5277 2806 5349 (Infra,
2833 5280 2933 5331 col.
2967 5278 3095 5342 615,
3118 5293 3171 5328 η.
3202 5276 3283 5344 a).

2025 5355 2098 5423 (c)
2144 5354 2354 5408 Poterat
2393 5346 2695 5423 Bonifacius
2727 5349 2965 5423 ΔΜῃὶιιιι
2994 5361 3207 5423 causam
3246 5346 3519 5423 recipere;

1953 5415 2046 5479 scd
2083 5415 2213 5477 'eam
2262 5425 2327 5477 ad
2380 5418 2905 5487 comprovincialium
2950 5415 3205 5487 judicium
3250 5416 3527 5470 remittere

1955 5498 2159 5558 maluit,
2192 5503 2248 5546 ut
2278 5509 2343 5548 ne
2367 5484 2634 5547 BOnil'ncio
2657 5488 2744 5557 jus
2769 5486 3002 5558 defuisse
3020 5484 3227 5558 exinde
3249 5496 3526 5558 sequatur.

1952 5565 2085 5621 Cum
2134 5556 2312 5619 causa:
2360 5561 2501 5631 apud
2546 5556 2914 5631 duosjudices
2948 5557 3032 5626 agi
3076 5562 3329 5631 possunt,
3370 5556 3415 5610 si
3446 5556 3529 5631 ad

1954 5650 2121 5690 unum
2150 5626 2445 5695 deferatur,
2468 5644 2571 5685 non
2597 5627 2797 5681 idcirco
2820 5626 2953 5695 alter
2983 5641 3048 5681 eo
3070 5627 3191 5695 jure
3221 5638 3414 5693 expers
3445 5626 3529 5680 in-

1954 5703 2081 5761 ferri
2125 5704 2340 5773 poterit.
2372 5694 2467 5757 lus
2508 5700 2763 5753 Romana:
2802 5694 2950 5751 sedis
2996 5698 3053 5753 in
3074 5694 3298 5765 ’observ.
3327 5698 3529 5754 consti-

1954 5786 2173 5832 tuimus.

2922 5828 3062 5924 ‘ts
