3984 6306
333 300 440 357 Β95

1008 295 1315 358 DISSEHT.
1363 300 1422 355 V.
1464 298 1806 355 APOLOGIA
1847 295 1980 352 PRO
2021 297 2080 352 Β.
2125 292 2404 350 HlLAHlO
2443 293 2894 351 ARELATENSI.

3480 293 3587 355 494

403 421 606 487 Quarto
626 412 854 482 denique
883 412 1232 487 ecclesiastici
1260 410 1439 487 moris
1459 425 1566 465 non
1594 410 1740 487 nihil
1767 410 1906 464 obli-
1935 413 1985 473 Α
2010 409 2209 487 ﬁciens,
2241 417 2298 487 et
2314 425 2401 477 per
2427 410 3032 487 longinquas-provincias
3051 412 3212 484 843
3244 415 3590 487 tantaimma-

335 482 689 546 ιιιςἰεἰι1ι·ιυι·.
727 501 844 538 cum
881 485 956 554 (tt)
999 499 1092 550 per
1136 482 1531 554 imperatoriam
1573 482 1904 554 sanctionem

335 561 625 618 Gallicanae
678 555 930 609 Ecclesia:
979 553 1350 606 consuetudini
1399 553 1659 622 derogare
1705 553 1908 619 primus

339 629 583 688 tentavit.
617 627 851 691 illudque
874 641 902 678 a
936 623 1306 677 Valentiniano
1335 623 1401 675 lIl
1429 624 1662 677 edictum
1694 622 1906 678 elicuit:

339 702 422 756 Ne
457 698 579 771 quid
624 709 725 771 tam
759 693 1327 771 episc0pis_Gallicanis_
1348 710 1502 763 quam
1537 694 1758 771 eliurum
1791 709 1912 766 pro.

337 763 618 826 vinciarum
643 763 796 820 liceat
813 769 919 820 sine
933 767 1029 819 viri
1057 763 1356 817 venerabilis
1379 781 1526 833 pupis
1540 763 1691 820 Urbis
1709 763 1913 819 (eterna

339 842 639 897 auctoritate
668 847 888 899 tentare;
933 838 1020 889 sed
1059 835 1165 888 illis
1212 835 1542 904 omnibusque
1569 851 1664 904 pro
1703 836 1811 905 lege
1849 836 1914 890 sit

341 914 584 984 quidquid
602 909 868 984 sumitve!
894 906 1118 984 sanxerit
1141 906 1438 984 apostolicae
1453 907 1586 959 sedis
1612 908 1912 984 auctoritas.

412 976 540 1051 Quis
572 980 885 1051 non_videat
915 978 1406 1051 Leonetn_nos_trum
1426 976 1496 1031 ita
1519 987 1765 1046 agentem
1787 976 1915 1051 Gal-

343 1047 654 1115 licanarum,
685 1049 852 1104 immo
881 1049 1115 1101 omnium
1147 1047 1745 1113 Ecclesiarum,statum
1764 1048 1920 1100 aliter

343 1141 501 1196 quam
535 1136 683 1196 more
709 1120 871 1174 solito
900 1119 1198 1196 ordinasse,
1229 1128 1285 1171 ut
1307 1117 1631 1196 querebatur
1652 1115 1922 1170 Hilarius?

343 1187 502 1259 Dum,
548 1195 786 1261 inquam,
819 1188 1251 1243 communionem
1294 1202 1448 1261 suam
1476 1187 1732 1261 episcopo
1761 1199 1925 1261 cano-

346 1267 465 1320 nice
487 1257 1079 1330 depositojirretractata
1096 1271 1256 1330 causa
1280 1257 1823 1330 ultroimpertit,_dum
1841 1258 1927 1326 ju-

347 1337 473 1391 dicii
499 1327 776 1404 syiiodalis
800 1329 1121 1404 sententiam
1149 1328 1201 1381 in
1224 1327 1536 1404 episcopum
1568 1327 1922 1404 legitiine‘ac-

347 1395 594 1462 cusatu'm
644 1412 699 1455 et
739 1401 1043 1453 convictum
1085 1397 1480 1464 pronuntiatam
1511 1395 1768 1467 infringit,
1801 1395 1926 1452 dum

349 1489 570 1531 causam
609 1478 768 1526 extra
805 1468 1134 1537 provinciam
1175 1468 1370 1522 iterato
1409 1468 1639 1521 examini
1688 1468 1925 1535 subjicit,

353 1547 484 1600 dum
507 1544 739 1607 denique
769 1539 1052 1593 saeculares
1075 1545 1364 1604 potestates
1387 1537 1644 1591 adversus
1670 1537 1923 1591 Hilarium

358 1626 635 1682 totamque
666 1611 959 1664 Ecclesium
1001 1608 1659 1682 Gallicanamcommovit.
1698 1608 1925 1682 Econl'ra

358 1702 488 1741 vero
535 1676 748 1747 planum
795 1689 878 1733 est
914 1689 1153 1732 sanctum
1190 1678 1466 1740 Hilarium,
1507 1691 1628 1732 cum
1661 1676 1926 1747 pontiﬁcis

362 1754 588 1811 consilio
608 1750 952 1812 contradixit,
967 1763 1109 1811 cum,
1126 1763 1228 1800 non
1253 1756 1553 1814 exspectata
1575 1749 1692 1817 ejus
1711 1758 1929 1802 senten-

363 1827 456 1890 tia,
484 1837 696 1893 gregetn
727 1833 878 1873 suum
907 1818 1074 1893 bonus
1099 1819 1622 1893 pastorquantocius
1652 1819 1926 1873 revisurus

359 1887 648 1955 abscessit;
673 1901 794 1944 cum
821 1887 1163 1941 communioni
1193 1887 1472 1954 Celidonii,
1499 1903 1648 1955 quem
1677 1905 1790 1943 cum
1815 1900 1929 1942 tan-

357 1965 422 2017 tis
453 1964 571 2016 viris
603 1962 948 2024 damnaverat,
980 1959 1225 2028 conjungi
1254 1958 1545 2013 nullatenus
1575 1961 1838 2028 acquievit,
1875 1968 1934 2013 ut

354 2034 543 2089 scribit
567 2031 700 2086 Viue
727 2030 846 2098 ejus
877 2039 1085 2094 auctor,
1123 2031 1275 2081 etiam
1311 2030 1574 2098 cunteitte
1609 2033 1933 2094 discrimine;

357 2120 464 2158 non
502 2103 653 2157 novis
695 2097 1202 2170 priesutnptionibus
1245 2097 1604 2155 Ecclesiarutn
1643 2112 1841 2156 statum
1880 2105 1938 2156 et

357 2169 704 2230 concordiam
744 2169 1083 2225 sacerdotum
1116 2172 1381 2234 turbasse,
1418 2171 1512 2226 sed
1543 2172 1791 2240 religiose
1818 2186 1937 2227 scre

356 2259 534 2312 vasse,
582 2257 682 2298 nec
723 2257 846 2296 eum
896 2241 1199 2295 deseruisse
1239 2241 1505 2295 tramitem
1546 2257 1757 2310 semper
1798 2243 1939 2297 inter

356 2316 592 2384 majores
639 2323 692 2367 et
742 2313 878 2367 bene
924 2322 1123 2384 lentum
1177 2321 1231 2384 et
1279 2312 1566 2384 salubriter
1614 2314 1938 2384 custoditum

363 2381 531 2456 (quod
557 2384 743 2453 objicit
773 2390 990 2438 sanctus
1005 2381 1169 2453 842
1201 2382 1352 2456 Leo),
1386 2382 1632 2456 sedeam
1666 2384 1842 2454 potius
1870 2383 1938 2438 ab

361 2453 480 2513 aliis
509 2457 784 2512 desertum
815 2456 998 2522 vigore
1028 2454 1326 2522 apostolico
1356 2453 1677 2510 vindicasse;

880 2541 1056 2601 PARS
1094 2544 1313 2601 SECUN
1323 2545 1428 2602 DA.

716 2655 784 2695 os
814 2653 1061 2693 PROJECTI
1087 2653 1317 2693 EPISCOPI
1342 2654 1586 2695 NEGOTIO.

436 2734 567 2788 Car.
594 2730 639 2785 l.
671 2730 850 2785 Status
871 2730 1163 2802 qugstionis
1191 2732 1441 2801 aperitur,
1473 2739 1521 2784 et
1565 2733 1711 2797 cujus
1739 2732 1946 2802 provin-

369 2806 463 2861 ciae
477 2804 741 2874 episcopus
760 2805 912 2874 fuerit
931 2798 1947 2874 Proiectus,inquirituL-ei’ertt‘actato

370 2871 899 2940 CG‘ldOHllHBgulitl,
943 2871 1278 2925 discutienda
1305 2873 1542 2926 occurrit
1586 2873 1816 2939 Projecti
1847 2888 1945 2941 ρει

370 2950 504 3002 riter
541 2943 778 3012 episcopi
808 2956 1003 2996 causa:
1043 2941 1110 2996 de
1147 2957 1253 3010 quo
1289 2957 1408 2996 cum
1447 2944 1572 2997 alibi
1614 2957 1774 3011 quam
1806 2941 1950 3012 apud

372 3026 616 3072 sanctum
658 3013 888 3068 Leonem
936 3012 1079 3066 nulla
1122 3013 1192 3064 sit
1231 3014 1453 3076 mentio,
1503 3016 1751 3080 pauciora
1798 3018 1953 3070 nobis

376 3086 602 3143 dicenda
634 3086 1005 3150 relinquuntur
1030 3097 1187 3152 quam
1217 3083 1285 3136 de
1309 3083 1604 3137 Celidonio.
1656 3082 1770 3136 Hoc
1794 3099 1952 3151 porro

2013 480 2220 533 luritate
2247 480 2636 551 discurrens,_ut
2660 483 2887 534 videatur
2910 480 3207 551 gloria—mile
3232 485 3430 538 scurrili
3456 488 3590 540 velo-

2011 551 2182 626 eitate,
2204 552 2526 626 potiusquam
2552 547 2614 602 de
2635 547 2935 626 sacerdotali
2952 555 3308 626 moderatione
3334 563 3587 626 captasse;

2012 619 2122 674 Ita'c
2151 619 2287 673 enim
2317 619 2633 672 directarum
2666 621 2730 674 ad
2758 641 2846 675 nos
2870 625 3051 679 civium
3083 626 3229 679 verba
3253 637 3370 680 sunt
3396 619 3592 680 littera}

2011 707 2159 762 runt;
2201 700 2326 762 ante
2363 687 2629 762 abscessit
2674 707 2826 762 quam
2865 710 2982 748 eum
3025 698 3238 751 venisse
3291 713 3593 752 nossemus.

2015 760 2138 834 Non
2169 770 2241 834 est
2263 759 2360 813 Itoc-
2388 761 2577 824 redire,
2605 759 2702 834 sed
2715 767 2910 834 fugere,
2938 773 3038 820 etc.
3063 768 3263 833 Quibus
3289 770 3594 834 recensitis,

2017 833 2134 886 hate
2175 831 2390 903 demum
2437 829 2722 903 sententia
2749 829 2792 888 ι’
2819 833 2994 903 Leone
3040 829 3410 903 pronuntiatur
3443 858 3454 892 :
3491 829 3599 891 Nos

2016 910 2210 966 tamen,
2241 899 2377 970 quod
2402 901 2540 974 vobis
2570 902 2824 974 credimus
2855 901 2962 956 Deo
2969 899 3158 974 judice
3187 912 3512 974 placiturum,
3547 913 3598 962 in

2019 989 2284 1026 commune
2309 973 2506 1024 cunctis
2531 971 2776 1040 fratribus
2798 971 3139 1038 consulentes,
3165 971 3207 1029 et
3229 979 3357 1032 male
3383 980 3596 1032 ordina-

2023 1051 2132 1114 tum
2156 1043 2462 1105 submoveri,
2496 1052 2548 1114 et
2567 1043 2857 1111 episcopum
2897 1041 3195 1114 Projectum
3223 1047 3274 1101 in
3303 1066 3392 1103 suo
3424 1067 3596 1104 sacer-

2029 1113 2170 1166 dotio
2201 1128 2495 1183 permanere
2518 1109 2712 1183 debere,
2741 1109 3073 1183 decrevimus.

2095 1183 2178 1238 Ex
2203 1181 2286 1238 itis
2313 1181 2511 1253 Leonis
2533 1181 2709 1238 verbis
2737 1195 2882 1253 patet
2910 1185 2979 1240 de
3011 1181 3248 1252 pluribus
3279 1181 3329 1242 in
3361 1188 3464 1245 hoc
3496 1207 3592 1247 ne-

2025 1253 2173 1334 gotio
2203 1253 2460 1306 Hilarium
2493 1251 2655 1307 fuisse
2683 1251 2990 1334 accusatum
3013 1251 3030 1308 7:
3059 1253 3114 1310 i'
3144 1257 3606 1334 quoddtegrotanti

2027 1319 2281 1396 Episcopo
2311 1336 2674 1396 successorem
2708 1319 3234 1394 superordinaverit;
3267 1319 3330 1396 ‘2‘_
3369 1319 3519 1396 Quod
3554 1333 3607 1387 in

2026 1393 2200 1466 aliena
2249 1393 2555 1466 provinci?”
2611 1395 2674 1449 3°
2706 1393 2847 1463 quod
2899 1412 3004 1450 non
3046 1393 3610 1466 exspectatis-civium

2029 1465 2189 1538 votis,
2225 1463 2543 1538 testimoniis
2571 1466 2912 1538 populorum,
2943 1463 3324 1524 honoratorum
3357 1471 3605 1538 arbitrio.

2027 1525 2294 1608 electione
2323 1525 2678 1608 clericorum}
2705 1525 2768 1592 ιο
2791 1525 2944 1603 Quod
2984 1538 3287 1608 insperatus
3319 1525 3610 1597 nescienti:

2026 1602 2127 1730 bis;
2156 1604 2550 1725 supervenit,“
2578 1602 2899 1675 improvisus
2920 1602 3302 1667 velut'scurrili
3326 1614 3610 1670 velocitate

2026 1689 2053 1727 a
2129 1689 2238 1727 esst
2267 1709 2282 1726 .

2026 1689 2282 1727 δυεεεειι.

1959 1782 2004 1844 Β
2103 1744 2307 1814 Duplex
2347 1762 2509 1828 porro
2538 1748 2893 1804 accusationis
2932 1766 3103 1820 genus
3148 1752 3230 1807 his
3277 1755 3604 1812 continetur.

2033 1814 2208 1872 Unum
2232 1819 2373 1872 nuod
2407 1818 2481 1872 llll
2501 1832 2622 1872 cum
2656 1817 2927 1872 Honorato
2953 1834 3006 1872 et
3036 1823 3155 1872 aliis
3176 1823 3293 1872 eius
3310 1827 3604 1872 nrmdemg.

2083 1831 2208 1893 num
2232 1819 2373 1887 quod
2407 1818 2481 1872 illi
2501 1832 2622 1872 cum
2656 1817 3006 1893 Honoratowet
3036 1823 3155 1877 aliis
3176 1823 3293 1892 ejus
3310 1827 3614 1893 prtedeces-

2032 1888 2244 1944 scribus
2273 1904 2556 1943 comtnttne
2579 1901 2698 1944 esse
2720 1892 2910 1958 potuit,
2935 1893 3003 1948 de
3036 1888 3232 1948 tentata
3267 1888 3517 1951 nimirum
3553 1897 3608 1952 in

2034 1961 2208 2035 aliena
2239 1959 2510 2035 provincia
2539 1959 2876 2035 ordinatione
2902 1967 3148 2035 querela.
3171 1964 3436 2030 Alterura,
3463 1967 3609 2035 quod

2036 1978 2208 2013 auena
2239 1978 2510 2028 provutcm
2539 1978 2876 2016 ordinatione
2902 1978 3141 2086 Ίυθΐθιει
3171 1978 3436 2030 Alterum,
3463 1978 3609 2035 quod

2036 2029 2240 2085 Hilario
2261 2030 2540 2106 proprium
2564 2040 2665 2106 est,
2691 2032 2862 2106 tribus
2885 2048 2912 2084 a
2941 2033 3006 2106 iis
3034 2034 3321 2106 capitibus,
3348 2036 3401 2103 l,
3425 2035 3459 2090 3
3485 2049 3538 2091 et
3559 2033 3614 2106 tl,

2037 2100 2530 2166 comprehenditur.
2589 2101 2661 2154 De
2715 2103 2907 2169 quibus
2951 2100 3233 2177 judicium
3263 2100 3611 2177 animumque

2039 2179 2356 2248 suspensum
2386 2181 2567 2248 tenere
2594 2186 2804 2248 (equum
2826 2183 3066 2248 est,cum
3095 2175 3290 2248 a__solis
3318 2177 3504 2231 Hilarii
3523 2173 3618 2248 '(b)

2040 2241 2368 2316 adversariis
2380 2239 2503 2316 haec
2539 2250 2728 2295 testata
2763 2239 3073 2316 habeamus.
3107 2244 3221 2299 Non
3267 2247 3312 2300 is
3341 2262 3457 2302 sum
3492 2239 3616 2316 pro;

2044 2311 2185 2384 fectu
2215 2313 2303 2380 qui
2327 2311 2587 2366 Hilarium
2607 2312 2806 2367 erroris
2835 2323 2889 2368 et
2920 2318 3092 2384 culpa:
3117 2316 3294 2372 omnis
3325 2311 3617 2374 immunem

2043 2381 2203 2437 velim
2244 2397 2524 2446 asserere;
2570 2397 2669 2438 nec
2698 2397 2783 2438 me
2821 2384 2950 2440 latet
2975 2381 3133 2454 quam
3163 2387 3319 2442 facile
3367 2392 3491 2444 sita
3520 2406 3620 2444 suo

2045 2467 2310 2522 quemque
2333 2454 2546 2522 ingenio
2571 2455 2732 2508 etiam
2761 2455 2925 2522 pium,
2953 2458 3115 2512 etiam
3136 2468 3379 2513 sanctum
3404 2457 3618 2514 seduci:

2043 2526 2342 2598 praesertim
2373 2540 2492 2598 cum
2523 2540 2628 2598 non
2660 2531 2765 2578 tam
2791 2528 3010 2598 propria
3035 2544 3193 2598 quam
3224 2529 3480 2584 Ecclesiae
3497 2530 3622 2598 jura

2047 2593 2340 2670 defendere
2367 2596 2468 2649 sibi
2503 2593 2912 2670 videtur.thi;e
2938 2593 3118 2670 tamen
3148 2599 3232 2653 hic
3266 2599 3464 2654 Hilario
3491 2593 3623 2670 obji-

2047 2667 2282 2740 eiuntur,
2307 2674 2586 2740 tantopere
2609 2667 2674 2740 ab
2702 2665 3106 2740 illiusmoribus
3126 2671 3299 2724 aliena
3322 2679 3468 2738 sunt,
3492 2665 3625 2740 qua-

2047 2735 2128 2790 les
2155 2750 2186 2790 a
2217 2745 2402 2790 sancto
2447 2736 2731 2806 Eucherio,
2769 2751 2800 2790 a
2843 2737 3057 2793 Juliano
3095 2740 3361 2806 Pomerio,
3399 2756 3428 2794 a
3454 2735 3624 2796 'C’on-

2049 2809 2244 2860 etantio
2274 2807 2586 2875 presbytero
2611 2805 2662 2859 in
2697 2807 2812 2859 Vita
2846 2811 3014 2863 sancti
3053 2809 3326 2874 Germani,
3349 2805 3425 2866 ab
3454 2809 3621 2864 Auxi-

2053 2876 2170 2929 liari
2210 2877 2480 2942 praefecto,
2523 2891 2552 2928 a
2597 2876 2862 2942 Prospero
2891 2887 2944 2930 et
2989 2879 3211 2940 Hilario,
3242 2880 3310 2934 ab
3355 2880 3626 2935 Honorato

2054 2945 2286 3013 denique
2315 2945 2632 2999 Massiliensi
2657 2945 3035 3000 describuntur
3059 2949 3113 3000 in
3143 2949 3260 3015 ejus
3284 2948 3432 3012 Vita;
3462 2947 3629 3004 immo

2058 3025 2166 3068 tam
2199 3015 2411 3082 indigna
2432 3024 2554 3068 sunt
2577 3015 2866 3083 episcOpali
2894 3018 3030 3077 viro,
3055 3031 3332 3070 sacrorum
3361 3032 3629 3074 canonum

2056 3084 2461 3154 disciplinaeque
2507 3085 2884 3138 ecclesiasticae
2923 3087 3187 3151 studieso,
3226 3087 3440 3154 qualem
3487 3089 3630 3144 Hila-

377 3159 552 3229 primo
572 3156 700 3229 loco
725 3153 1120 3229 observandum
1160 3154 1326 3229 venit,
1363 3153 1502 3207 istud
1544 3154 1814 3222 negotium
1846 3171 1951 3210 non
1976 3159 2023 3225 ο
2054 3156 2192 3211 rium
2223 3153 2479 3229 exhibent
2509 3162 2587 3229 tot
2608 3154 2896 3209 Gallicanae
2920 3156 3130 3229 synodi,
3159 3153 3278 3229 quae
3303 3158 3635 3229 ipsosgeute

380 3223 510 3282 inihi
534 3225 703 3280 videri
735 3239 914 3279 coram
955 3223 1160 3277 Hilario
1191 3223 1353 3278 fuisse
1381 3233 1783 3292 pertractatum,
1829 3241 1951 3281 cum

381 3307 567 3353 auctor
597 3295 712 3365 ejus
745 3295 895 3360 Vitae,
928 3298 1016 3363 qui
1050 3295 1342 3349 Romanam
1375 3295 1760 3364 profectionem
1797 3311 1957 3352 accu-

382 3376 497 3423 rate
520 3366 793 3427 describit,
815 3382 881 3418 ne
905 3365 1128 3426 verbum
1151 3366 1364 3434 quidem
1387 3367 1455 3420 de
1473 3365 1718 3433 Projecto
1739 3369 1952 3423 habeat.

383 3439 466 3494 Ex
507 3451 614 3507 quo
659 3435 924 3507 conjicere
955 3436 1078 3490 licet
1121 3435 1350 3506 Projecti
1400 3436 1626 3500 litteras,
1655 3437 1956 3506 civiumque

386 3511 502 3579 ejus
527 3505 818 3579 querelas
844 3505 1068 3579 Romam
1109 3505 1231 3579 non
1263 3508 1426 3579 fuisse
1465 3508 1670 3572 allatas,
1706 3509 1806 3562 nisi
1840 3505 1958 3576 pust

386 3577 617 3634 reditum
639 3577 842 3637 Hilarii,
859 3578 943 3630 cui
969 3591 1088 3629 cum
1111 3577 1385 3631 audissent
1409 3578 1640 3632 Leonem
1671 3579 1956 3645 infensum,

387 3649 778 3716 Celidonioque
805 3648 990 3719 etunia
1030 3661 1092 3701 ex
1132 3652 1392 3702 sententia
1447 3650 1775 3705 successisse
1819 3651 1961 3719 apud

389 3722 573 3775 sedem
614 3716 984 3787 apostolicam,
1023 3733 1171 3770 suam
1213 3733 1426 3773 causam
1464 3721 1684 3775 Romam
1715 3736 1836 3775 esse
1857 3716 1960 3775 de-

391 3791 671 3846 ferendam
698 3799 1048 3842 cenSueruut:
1081 3789 1222 3857 quod
1249 3790 1384 3843 intra
1417 3791 1623 3845 illorum
1649 3807 1748 3846 sex
1770 3791 1835 3846 ad
1863 3792 1965 3845 mi-

391 3877 494 3916 nus
521 3861 785 3930 mensium
808 3858 1033 3926 spatium
1062 3861 1299 3928 contigit,
1327 3863 1467 3930 quod
1499 3864 1565 3915 ab
1589 3863 1770 3916 Hilarii
1792 3862 1966 3918 reditu

394 3930 663 4002 usquead
694 3929 1111 4002 bujnsepistoiae
1133 3929 1475 4002 scriptionem
1509 3933 1820 3987 interituxit.

465 4000 548 4056 Ad
581 4000 811 4072 Leonem
854 4000 1014 4072 igitur
1042 4000 1272 4072 Projecti
1309 4003 1542 4071 episcopi
1575 4005 1754 4056 litterae
1795 4002 1966 4072 lact-g-

397 4072 611 4127 mobiles
635 4079 681 4156 et
706 4068 960 4156 delendae,
987 4080 1042 4152 ut
1072 4070 1179 4125 Leo
1206 4073 1318 4156 ipse
1339 4068 1523 4156 scribit
1557 4073 1746 4156 (libi-st.
1778 4068 1972 4156 inﬁde

400 4142 793 4215 superordinato
819 4141 912 4215 sibi
923 4142 1174 4215 episcopo
1203 4151 1318 4194 sunt
1344 4143 1569 4195 directae.
1589 4141 1825 4215 Epistola
1849 4157 1975 4215 quo-

401 4212 500 4286 que
521 4216 716 4286 ingesta
737 4222 808 4286 est
838 4212 1020 4264 civium
1050 4212 1212 4286 ipsius
1242 4222 1289 4286 et
1311 4228 1576 4286 numerosa
1606 4213 1976 4286 subscriptione

402 4281 724 4354 singularum
767 4283 1002 4350 ﬁrmata,
1044 4283 1447 4354 invidiosissimis
1485 4293 1661 4336 contra
1712 4281 1978 4335 Hilarium

404 4350 560 4426 plena
585 4354 933 4421 querimoniis,
977 4354 1118 4426 quod
1149 4350 1386 4421 Projecto
1425 4356 1657 4426 episcopo
1686 4367 1778 4426 suo
1819 4365 1980 4426 τεαῖσι

407 4424 516 4479 tare
545 4427 757 4478 liberum
781 4439 879 4475 non
909 4424 1105 4489 fuisset,
1132 4427 1336 4494 ejusque
1367 4424 1700 4476 sacerdotium
1740 4425 1793 4475 in
1823 4425 1983 4494 alium

408 4504 596 4566 prceter
625 4505 770 4546 suam
793 4494 1022 4546 notitiam
1050 4493 1158 4566 esse
1188 4493 1514 4566 tganslntum,
1559 4504 1605 4546 et
1642 4502 1904 4566 tamquam
1930 4493 1984 4566 in

2056 3241 2119 3282 ac
2142 3224 2367 3295 pra-side
2396 3225 2679 3295 celebratae
2705 3234 2851 3290 sunt,
2889 3224 2962 3280 ut'
2979 3224 3189 3281 merito‘
3214 3224 3354 3282 inter
3380 3224 3636 3284 adversa-

2056 3294 2259 3353 riorum
2286 3294 2690 3364 invidorumque
2716 3295 3007 3352 calumnias
3032 3298 3358 3352 numeranda
3386 3301 3511 3354 sint.
3537 3300 3631 3356 His

2058 3377 2236 3440 autem
2283 3368 2563 3440 operosius
2597 3366 2840 3440 eluendis
2883 3370 3320 3438 supersedeintts,
3374 3374 3631 3440 quoniam

2059 3437 2215 3510 hujus
2234 3438 2409 3510 sancti
2440 3436 2849 3510 episcOinita,
2890 3436 3048 3507 quam
3089 3441 3139 3494 in
3170 3441 3320 3496 calce
3352 3436 3507 3510 hujus
3543 3457 3637 3510 vo-

2060 3509 2275 3564 luminis
2304 3509 2492 3563 excudi
2522 3508 2846 3574 curabimus,
2889 3511 3058 3565 vicem
3095 3508 3434 3579 apologetici
3461 3508 3632 3568 libelli

2061 3580 2355 3649 praestabit.
2408 3580 2514 3633 Hac
2569 3580 2725 3648 igitur
2769 3583 3006 3636 secunda
3052 3581 3445 3638 dissertationis
3487 3591 3638 3650 parte

2061 3652 2237 3724 solum
2261 3651 2361 3724 hoc
2383 3651 2985 3724 caputAexaminandum
3022 3653 3364 3723 suscipimus,
3414 3653 3555 3724 quod
3586 3661 3647 3708 et

2064 3722 2128 3773 ad
2149 3721 2411 3791 Ecclesia:
2440 3720 2770 3775 Arelatensis
2789 3722 2908 3790 jura
2932 3720 3183 3791 pertinet,
3231 3734 3285 3779 et
3313 3720 3635 3778 illustratum

2063 3790 2232 3862 ω
2255 3792 2319 3844 ad
2347 3791 2584 3864 hietoria:
2607 3790 2988 3848 ecclesiastica:
3032 3795 3272 3848 uetitiatn
3308 3809 3417 3849 non
3453 3808 3643 3864 parum

2069 3861 2314 3916 conferre
2342 3861 2566 3916 videtur.

2141 3932 2280 3986 Ante
2324 3933 2505 3985 omnia
2546 3938 2723 3984 autem
2774 3929 3197 4000 investigandum
3253 3940 3353 3996 est,
3393 3942 3649 4000 quantum

2071 4002 2379 4068 conjectura
2409 4001 2620 4068 assequi
2641 4001 2884 4066 datur,in
2911 4017 3143 4070 quanam
3169 4001 3354 4055 Galliae
3376 4005 3648 4068 provincia

2075 4072 2352 4138 Projectus
2381 4071 2700 4124 censtitutus
2732 4082 2875 4125 esset
2901 4072 3203 4137 episcopus.
3233 4073 3402 4134 Quam
3431 4073 3649 4136 quidem

2075 4142 2202 4196 dum
2229 4139 2450 4192 alienam
2478 4149 2630 4194 vocat
2659 4151 2874 4194 sanctus
2917 4141 3047 4203 Leo,
3095 4141 3226 4192 satis
3276 4141 3481 4194 monuit
3509 4157 3659 4209 qua:-

2080 4211 2302 4266 rendum
2327 4225 2447 4262 eum
2471 4224 2590 4264 esse
2619 4219 2769 4264 extra
2795 4209 3172 4275 Viennensem,
3203 4223 3360 4276 quam
3385 4213 3654 4278 propriam

2082 4281 2247 4334 fuisse
2276 4279 2474 4333 Hilario
2498 4295 2595 4334 nec
2622 4281 2736 4348 ipse
2758 4279 3016 4334 diflltetur
3036 4279 3089 4333 in
3119 4294 3210 4332 sua
3235 4278 3481 4346 epistola.
3506 4281 3661 4340 Unde

2082 4360 2138 4405 et
2172 4349 2519 4419 corrigendos
2557 4351 3010 4404 eminentissimus
3061 4349 3343 4403 Annalium
3393 4353 3661 4418 conditor,

2087 4421 2152 4475 ad
2182 4436 2381 4474 annum
2420 4419 2544 4484 445,
2588 4436 2734 4475 num.
2773 4422 2863 4486 l3,
2909 4419 2999 4474 ubi
3041 4421 3340 4487 Proiectum
3379 4424 3454 4476 ait
3498 4425 3658 4490 perti-

2090 4492 2271 4547 nuisse
2300 4491 2366 4545 ad
2397 4490 2716 4546 Viennensis
2735 4492 2971 4561 episcopi
2994 4491 3409 4557 ordinationem,
3431 4496 3583 4562 cujus
3609 4495 3666 4550 in

408 4543 643 4621 32.3.;5'...‘
657 4543 1028 4631 ‘,‘.‘5.‘...‘.‘.-...‘...
1054 4543 1148 4616 ἐἷθ’
1183 4543 1395 4616 mima
1411 4543 1985 4631 sa;...'..;'i.'.....i...i
2013 4543 2066 4602 D
2091 4543 2365 4633 snt-iis;
2385 4543 2905 4633 ..;.'.i5i.'n.‘ié.;ns¢
2923 4543 3053 4616 Eunt
3068 4543 3248 4617 sui...
3264 4543 3454 4618 Leodis
3474 4543 3663 4620 verba;

407 4637 624 4690 viventis
651 4635 932 4687 inductum.
961 4635 1023 4686 Et
1045 4641 1260 4702 postea:
1297 4635 1433 4700 Quid
1459 4635 1554 4687 sibi
1583 4634 1820 4687 Hilarius
1845 4649 1990 4704 qua:-

411 4707 480 4760 rit
505 4708 559 4760 in
593 4705 764 4758 aliena
791 4705 1070 4773 provincia,
1105 4713 1152 4756 et
1192 4704 1244 4757 id
1281 4707 1416 4774 quod
1458 4706 1630 4758 nullus
1673 4706 1991 4760 decesserum

413 4779 528 4847 ejus
558 4783 676 4830 ante
720 4774 1019 4847 Pagoclum
1048 4774 1244 4840 habuit,
1273 4792 1363 4828 cur
1391 4777 1642 4846 usurpat?
1684 4775 1752 4829 Et
1777 4777 1993 4844 subjicit

418 4843 540 4918 post
565 4859 732 4918 pauca
755 4862 766 4897 :
793 4843 1224 4912 Ezspectarentur
1249 4855 1378 4918 certe
1399 4843 1740 4908 eota'cieium,
1768 4843 1992 4918 testimo-

417 4916 506 4970 nia
553 4917 882 4987 populorum,
931 4926 1242 4984 quaereretur
1292 4916 1655 4987 honoratorum
1702 4916 1990 4987 arbitrium,

417 4985 602 5042 electio
621 4985 1072 5054 clericorum,quce
1092 4987 1143 5038 in
1173 4987 1493 5040 sacerdotum
1517 4985 1676 5039 solent
1707 4986 1993 5039 ordinatio-

419 5059 574 5111 nibus
592 5057 654 5110 ab
685 5055 764 5109 Itis
791 5057 876 5125 qui
903 5066 1088 5108 norunt
1111 5055 1330 5110 Patrum
1359 5056 1564 5125 regulas
1591 5056 1857 5121 custodiri,
1888 5064 1993 5110 etc.

422 5127 530 5182 Sed
568 5127 857 5197 insperatus
897 5126 1228 5197 nescientibus
1266 5129 1572 5197 supervenit,
1609 5135 1658 5180 et
1697 5127 1996 5197 improvisus

421 5196 685 5264 abscessit,
709 5209 861 5253 carsit
884 5197 963 5268 (ut
982 5196 1279 5267 didicimus)
1305 5196 1454 5253 celeri
1480 5199 1665 5252 itinera
1692 5196 1853 5251 multa
1873 5212 1994 5251 cen-

2096 4632 2234 4700 Quid
2266 4634 2359 4686 sibi
2422 4632 2659 4687 Hilarius
2695 4633 2874 4702 quaerit
2913 4634 2968 4686 in
3007 4633 3174 4703 qliena
3219 4636 3495 4704 provincia,
3541 4648 3586 4689 et
3616 4635 3670 4689 id
3739 4699 3742 4701 _

2090 4705 2226 4774 quod
2259 4705 2432 4758 nullus
2459 4705 2779 4758 decesserunt
2816 4705 2976 4770 ipsius
3010 4720 3111 4759 aur
3143 4707 3453 4760 l‘srnocws
3482 4707 3674 4760 habue-

2092 4771 2181 4838 rit,
2211 4789 2300 4828 cur
2334 4776 2578 4844 usurpat?
2609 4791 2721 4826 cum
2749 4786 2796 4828 et
2840 4775 3009 4842 ipsum
3049 4776 3182 4844 quod
3219 4777 3460 4828 Patroclo
3487 4794 3518 4828 τι
3558 4779 3675 4830 sedc
3743 4771 3758 4839 θ

2094 4845 2378 4914 apostolica
2400 4845 2742 4915 temporaliter
2770 4844 3030 4898 ridebatur
3063 4862 3168 4898 esse
3191 4861 3504 4908 concessum,
3535 4857 3672 4912 post-
3748 4861 3760 4906 ζ

2096 4916 2301 4968 modum
2322 4917 2385 4969 sit
2407 4915 2654 4968 sententia
2675 4915 2880 4968 meliore
2900 4916 3173 4967 sublatum.
3225 4915 3299 4967 ita
3330 4915 3532 4982 priores
3559 4929 3676 4968 om-
3745 4919 3760 4978 ἐ

2098 4999 2192 5038 nes
2219 4985 2480 5038 editiones
2505 4985 2660 5049 huius
2683 4985 2944 5052 epistolze,
2971 5000 3030 5038 ea
3056 4993 3276 5050 excepta
3299 4981 3457 5051 quam
3485 4999 3676 5051 procu«
3751 4981 3762 5046 ’ξ

2103 5055 2238 5109 ravit
2265 5055 2313 5110 1.
2347 5041 2663 5109 Sirmondus
2691 5041 2818 5108 tom.
2849 5055 2866 5107 l
2895 5041 3102 5107 (J'oncil.
3127 5041 3335 5114 Galliae;
3357 5054 3441 5104 cui
3471 5041 3522 5106 et
3547 5069 3678 5107 mss.
3757 5041 3760 5046 ’

2103 5126 2224 5180 cod.
2257 5126 2364 5180 duo
2394 5125 2682 5180 Thuaneus
2712 5132 2767 5179 et
2812 5124 3152 5177 L‘orbciensis
3184 5122 3561 5192 suliraganlur,
3594 5125 3682 5192 qui

2102 5208 2222 5251 cum
2252 5196 2539 5252 Sirmondo
2569 5196 2642 5251 ita
2671 5195 2902 5251 habent:
2936 5193 3074 5260 Quid
3101 5193 3196 5247 sibi
3241 5191 3479 5248 Hilarius
3505 5191 3684 5264 quwrit

1493 5330 2049 5390 BALLEHINIORUM
2088 5332 2632 5390 ANNOTATIONES.

524 5448 576 5518 a)
607 5447 751 5518 Lege
781 5446 881 5502 hac
908 5447 974 5503 de
994 5463 1052 5504 re
1077 5448 1216 5503 idem
1241 5463 1287 5503 c.
1324 5449 1378 5514 8,
1407 5464 1461 5502 n.
1490 5447 1544 5502 4.

524 5469 552 5502 a
607 5451 751 5518 Lege
781 5451 881 5502 hac
908 5451 974 5503 de
994 5463 1052 5504 re
1077 5451 1216 5503 idem
1241 5463 1287 5503 c.
1324 5451 1378 5514 8,
1407 5464 1461 5502 n.
1490 5451 1544 5502 4.

501 5451 577 5590 ibi
600 5519 712 5590 Nisi
737 5518 796 5574 S.
811 5518 1043 5590 leonem
1059 5519 1294 5590 judicem
1317 5527 1584 5590 tamquam
1612 5519 1795 5574 Hilarii
1817 5519 2005 5575 adves-

427 5589 634 5648 sarium
655 5589 974 5656 Quesnellus
999 5589 1278 5644 traducere
1296 5589 1482 5654 voluit,
1497 5598 1640 5644 certe
1659 5606 1752 5658 pro
1777 5591 2005 5646 inimicis

428 5664 552 5732 ejus
577 5659 778 5732 habuit-
794 5659 1094 5732 Proiectum
1122 5663 1441 5732 episcopum
1469 5668 1524 5712 et
1542 5668 1820 5732 quotquot
1855 5659 2000 5732 cives

431 5727 687 5802 querulas
714 5727 782 5788 ad
809 5727 1055 5790 eumdem
1077 5727 1382 5796 pontiﬁcem
1412 5727 1733 5786 detulerunt.
1764 5729 1898 5786 Nunt
1931 5731 1999 5786 de

2021 5456 2029 5463 '
2113 5449 2195 5505 his
2227 5450 2457 5505 testibus
2485 5464 2598 5504 rem
2629 5446 2893 5516 publicam
2926 5441 3269 5516 narrantibus
3293 5445 3526 5511 suspicio
3557 5447 3690 5502 obo-

2115 5521 2208 5575 riri
2239 5531 2397 5589 queat
2425 5513 2697 5589 omnesjn
2722 5513 3046 5589 calumniam
3069 5513 3428 5589 eonSpirasse,
3462 5517 3690 5587 quisque

2114 5582 2348 5659 prudens
2365 5588 2588 5714 judiicet.
2622 5587 2700 5642 De
2721 5586 2843 5661 ipso.
2871 5591 3048 5639 autem
3078 5582 3220 5639 facto
3248 5588 3434 5644 eonl‘er
3463 5582 3684 5647 observ.

2114 5670 2246 5714 oart.
2280 5677 2341 5714 ll.
2365 5675 2414 5714 c.
2486 5695 2500 5711 .

2114 5670 2246 5717 oart.
2280 5677 2341 5726 tt,
2365 5675 2414 5715 c.
2451 5670 2500 5714 ι.
