3984 6306
290 374 387 431 497

966 368 1270 426 DISSERT.
1315 371 1377 427 ν.
1417 372 1766 431 APOLOGIA
1810 376 1948 431 PRO
1985 376 2042 432 S.
2087 374 2361 430 lllLARlO
2399 376 2845 433 ARELATENSI.

3441 377 3544 435 498

286 492 477 548 vinciis
505 505 609 547 una
638 489 958 545 Viennensis
988 495 1066 541 tot
1100 489 1229 562 olim
1269 490 1702 545 contentionibus
1728 505 1863 545 con-
1890 492 1944 550 Α
1975 504 2129 562 cessu
2156 491 2413 562 temporis
2438 492 2718 562 subdivisae
2757 502 2885 549 sunt
2922 509 3019 562 pro
3048 496 3204 549 variis
3242 501 3541 554 occasioni-

286 579 441 619 cussa
473 562 651 625 fuerit,
681 570 740 615 ut
778 558 1162 615 controversiis
1201 575 1320 630 quae
1351 562 1490 615 inter
1518 562 1661 615 illius
1688 562 1859 630 regio-

234 654 256 700 .g
287 637 367 690 nis
405 632 845 700 metropolitanos
883 630 1085 685 aliosve
1131 632 1411 699 episcopos
1452 633 1611 685 variis
1654 633 1861 687 saeculis

223 692 260 771 λ
284 718 557 768 exarsere,
578 692 669 755 vix
690 702 903 756 tandem
926 692 1252 771 synodorum
1270 692 1709 771 summorumque
1731 719 1859 770 pon-

248 764 487 852 itiflcum
519 764 811 852 auctoritas
842 764 997 852 linem
1033 772 1371 852 imposuerit,
1414 775 1592 826 statim
1624 764 1777 852 venit
1807 774 1856 826 in

246 841 519 910 fmentem
542 842 933 897 dissensionum
956 841 1260 909 bujusmodi
1287 856 1501 896 causam
1524 852 1577 896 et
1600 843 1857 910 originem

251 887 540 1021 gexvvariis
572 914 964 982 provinciarum
1001 887 1208 965 iliarum
1240 914 1591 965 divisionibus
1630 887 1749 966 θεῖε
1776 929 1860 966 re-

252 996 259 1021 i
286 985 570 1021 natandum
623 982 911 1021 Rnimvnrn
930 983 1052 1021 nnis
1081 979 1315 1021 Ronlnein
1345 992 1424 1021 ne!
1450 984 1501 1021 in
1536 985 1759 1021 intnnrin
1805 993 1856 1021 nl

206 998 215 1003 ‘
252 979 593 1054 ipetendam'.
623 982 911 1037 Enimvero
930 979 1317 1054 quiarEcclesia
1345 992 1428 1054 est
1450 984 1503 1036 in
1536 985 1789 1054 imperio,
1805 993 1861 1037 et

251 1058 261 1097 ³
288 1052 522 1126 aequitati
562 1063 989 1126 consentaneum,
1021 1053 1149 1126 olim
1179 1054 1347 1126 visum
1380 1052 1708 1126 fuituprimis
1755 1052 1857 1126 Ec-

287 1122 465 1181 clesia:
499 1124 945 1196 fundatoribusut
972 1123 1046 1196 (α)
1068 1122 1618 1196 secundumcivilium
1652 1122 1863 1188 provin-

283 1198 485 1251 ciarum
532 1193 1048 1249 administrationem
1090 1193 1463 1247 ecelesiasticze
1495 1206 1709 1260 quoque
1739 1206 1864 1261 pro-

283 1268 472 1320 vinciae
518 1266 916 1328 ordinarentur,
946 1264 1036 1317 ubi
1064 1263 1295 1330 aliquam
1334 1276 1403 1315 ex
1445 1261 1551 1314 illis
1600 1276 1761 1315 unam
1809 1262 1859 1313 in

281 1337 463 1406 plures
500 1334 774 1403 dispertiri
812 1333 1453 1406 contigit‘imperatorum
1494 1331 1703 1395 edicto,
1739 1340 1862 1406 tunc

279 1402 373 1476 qui
399 1402 691 1476 episcopus
710 1413 830 1458 erat
854 1404 996 1476 illius
1020 1402 1287 1476 civitatis,
1305 1416 1435 1476 quae
1462 1417 1613 1455 novre
1645 1403 1862 1476 provin-

279 1470 378 1531 c'iaa
410 1470 723 1539 metropolis
752 1476 892 1527 facta
932 1470 1103 1527 fuerat
1133 1472 1184 1525 in
1215 1472 1477 1535 civilibus,
1511 1474 1862 1541 metrOpoliti-

280 1561 399 1601 cam
442 1544 622 1598 statim
662 1550 981 1612 potestatem
1030 1543 1079 1595 in
1124 1556 1239 1596 eam
1284 1542 1525 1612 arripuit,
1560 1551 1613 1595 et
1657 1544 1858 1610 antiqui

279 1610 682 1680 metrOpolitani
750 1613 988 1667 excussit
1041 1613 1223 1682 jugum
1278 1610 1504 1682 propria:
1568 1613 1857 1679 provinciae

279 1688 538 1754 princeps
560 1685 747 1738 factus.
781 1686 910 1737 Cum
931 1680 1301 1754 autem’nullaa
1331 1680 1534 1754 uspiam
1568 1683 1855 1749 provinciae

284 1752 362 1810 tot
400 1752 718 1809 divisionum
762 1752 1155 1807 vicissitudines
1198 1766 1365 1817 passa:
1409 1752 1535 1815 sint,
1578 1760 1708 1819 quot
1749 1754 1854 1808 illa:

284 1827 518 1894 antiquae
539 1824 1092 1894 Narbonensisgpartes
1108 1820 1407 1887 subierunt,
1433 1820 1560 1875 hinc
1585 1833 1851 1879 tantarum

278 1891 673 1948 dissensionum
703 1893 855 1960 origo
884 1891 1001 1946 fuit.

348 1964 454 2019 Sed
479 1963 645 2017 altera
673 1977 739 2015 ex
768 1971 920 2030 parte
946 1960 1283 2030 antiquorum
1316 1962 1851 2030 metropolitanorum

267 2033 437 2087 menti
467 2034 575 2087 alte
604 2032 873 2086 insederat
899 2034 1057 2102 etiam
1091 2040 1215 2086 ante
1244 2030 1539 2085 Innocentii
1585 2044 1851 2102 tempora,

264 2103 414 2173 quod
458 2104 558 2157 iste
602 2102 838 2169 pontifex
867 2118 931 2157 ex
962 2101 1105 2176 sedis
1130 2118 1241 2155 snze
1274 2101 1577 2176 traditione,
1606 2101 1855 2176 antiquo-

263 2187 499 2245 rumque
525 2176 739 2227 Patrum
764 2174 1031 2245 sententia
1061 2174 1398 2241 postmodum
1428 2176 1644 2241 scripsit
1672 2193 1683 2227 :
1710 2174 1851 2245 quod

260 2243 523 2297 nimirum
584 2244 860 2298 secundum
907 2245 1178 2310 pristinum
1242 2244 1619 2312 provinciarum
1664 2243 1853 2302 morem

258 2313 687 2385 metropolitanns
716 2316 974 2385 episcopos
1004 2316 1232 2367 convenit
1262 2314 1520 2378 ordinari;
1548 2316 1688 2384 quod
1717 2317 1851 2372 divi-

257 2384 333 2439 sis
357 2385 612 2457 imperiali
634 2386 838 2457 judicio
860 2384 1151 2455 provinciis,
1173 2395 1226 2438 ut
1247 2386 1360 2439 dum
1381 2387 1682 2457 metr0p_oles
1701 2389 1849 2457 fiant,

255 2471 374 2508 non
415 2456 529 2527 duo
558 2456 938 2527 metropolitani
985 2456 1195 2508 debeant
1236 2457 1493 2527 nominari
1534 2455 1849 2527 (Innocent.,

252 2527 419 2595 epist.
450 2524 570 2594 20);
600 2527 743 2595 quod
785 2525 1014 2594 denique
1044 2526 1295 2579 Ecclesia:
1324 2527 1563 2593 dignitati
1592 2543 1697 2581 non
1720 2524 1849 2583 con;

290 2598 409 2649 ruit
452 2598 520 2649 ad
561 2597 893 2649 mobilitatem
939 2597 1291 2649 necessitatum
1335 2598 1712 2651 mundanorum
1753 2600 1850 2654 Dei

308 2668 555 2721 cclesiam
583 2670 902 2731 commutari,
929 2667 1096 2738 848
1121 2666 1431 2739 honoresque
1459 2678 1549 2720 aut
1577 2669 1850 2726 divisiones

249 2741 498 2805 perpeti,
526 2754 653 2808 quas
693 2754 783 2805 pro
823 2740 927 2791 suis
968 2740 1135 2790 causis
1169 2738 1429 2806 faciendas
1458 2740 1659 2793 duxerit
1690 2742 1848 2811 impe-

252 2817 432 2860 rator.

328 2877 455 2935 Hoc
474 2879 655 2940 procul
679 2879 841 2934 dubio
866 2878 1212 2933 fundamento
1232 2879 1543 2934 nitebantur
1566 2880 1847 2937 Arelaten-

248 2961 348 3003 ses
400 2949 660 3019 episcopi,
712 2960 765 3002 ut
806 2965 899 3003 eas
939 2965 1125 3003 omnes
1171 2950 1471 3015 provincias
1514 2964 1625 3003 suae
1659 2954 1846 3008 dltioni

253 3019 625 3083 vindicarent,
648 3034 780 3089 quas
811 3019 885 3089 (ὁ)
915 3020 1039 3072 olim
1072 3020 1340 3086 subjectas
1373 3020 1687 3085 habuerant,
1726 3038 1845 3076 cum

249 3103 323 3145 ex
354 3088 461 3142 illis
488 3092 641 3144 unica
670 3088 1031 3144 Narbonensis
1065 3090 1233 3141 solida
1267 3089 1495 3143 conﬂata
1527 3099 1660 3144 erat.
1694 3091 1846 3158 Quod

249 3169 310 3213 ut
339 3160 699 3215 Ecclesiarum
729 3159 920 3226 origini
960 3159 1124 3226 magis
1150 3161 1518 3225 conveniebat,
1566 3160 1635 3212 ita
1682 3164 1843 3217 etiam

1972 561 2072 635 bus
2099 576 2162 614 ac
2189 561 2451 614 consiliis.
2488 560 2561 614 De
2589 563 2751 635 tribus
2785 560 3171 631 posterioribus
3202 572 3439 635 partibus
3464 574 3543 624 in-

1965 633 2176 699 quirere
2207 646 2311 684 non
2347 640 2430 684 est
2471 633 2635 685 nostri
2674 636 2929 695 instituti;
2962 636 3025 688 de
3054 638 3163 689 sola
3205 633 3539 694 Narlmtten-i

1962 702 2539 779 agim-us._lla:c_igitur
2570 701 2641 771 (c)
2677 705 2866 779 itert_t_m
2909 706 3072 759 divisa
3102 719 3181 760 est
3229 710 3278 762 in
3316 722 3544 779 quatuor

1963 774 2293 847 provincias,
2321 771 2747 847 Narbonensem:
2780 774 3153 847 Viennensem,
3187 771 3347 847 Alpes
3386 783 3542 834 Mari-

1966 840 2150 907 titnas,
2184 853 2238 895 et
2271 843 2435 909 Alpes
2466 843 2675 896 Graias.
2707 842 2891 895 ’l‘ertio
2924 845 3231 900 Viennensis
3259 840 3427 903 scissa
3461 862 3540 905 est

1963 911 2015 965 in
2043 913 2198 977 duas,
2228 912 2589 965 Viennensem
2614 912 2817 965 scilicet
2846 922 2899 965 et
2920 918 3201 970 secundam
3229 919 3540 974 Narbonen-

1960 994 2097 1042 sem.
2131 998 2193 1037 ex
2230 983 2423 1053 quibus
2452 991 2506 1035 et
2539 982 2707 1036 tribus
2747 982 2863 1053 aliis
2890 984 3116 1053 quinque
3149 992 3536 1053 provinciarum

1961 1066 2158 1127 corpus
2185 1052 2432 1106 effectum
2458 1063 2559 1105 est.
2590 1054 2794 1127 Quarto
2825 1051 3045 1106 demum
3076 1051 3286 1111 remotis
3320 1062 3539 1127 Alpibus

1962 1120 2164 1197 Graiis,
2205 1138 2271 1175 ex
2310 1131 2537 1197 quatuor
2568 1123 2803 1197 reliquis
2855 1131 2909 1197 et
2954 1132 3173 1197 utraque
3228 1120 3535 1197 Aquitanica

1962 1193 2634 1266 cumNovempopulania,
2682 1191 2975 1266 Petronius
3019 1191 3305 1260 prrefectus'
3337 1209 3536 1266 septem

1964 1261 2357 1325 provinciarum
2374 1278 2568 1331 corpus
2591 1261 2727 1315 confl
2750 1264 2864 1325 wit,
2893 1264 3044 1330 cujus
3067 1275 3379 1319 conventum
3400 1261 3536 1322 'Are-

1964 1331 2070 1385 late
2095 1334 2176 1401 agi
2201 1333 2473 1402 praecepit,
2496 1332 3140 1402 accedentepostmodum
3170 1334 3388 1390 Honorii
3408 1352 3537 1391 con-

1963 1404 2238 1455 Stitutione
2264 1418 2351 1454 an.
2382 1402 2508 1455 418.

2034 1472 2283 1535 Qutenam
2323 1487 2480 1548 porro
2508 1480 2737 1548 quatuor
2774 1472 2981 1548 illarum
3023 1474 3545 1548 divisionumgm

1959 1552 2223 1613 regnaret,
2244 1557 2362 1593 cum
2392 1544 2618 1613 primum
2648 1544 2920 1609 religionis
2942 1558 3002 1597 ac
3023 1544 3319 1613 disciplina:
3351 1544 3542 1600 fu'ndav—

1959 1620 2136 1663 menta
2163 1612 2212 1664 in
2244 1614 2323 1664 bis
2355 1612 2664 1677 regionibus
2684 1613 2823 1680 jaeta
2846 1623 2990 1679 sunt,
3026 1631 3130 1668 non
3166 1612 3241 1669 ita
3278 1616 3433 1669 facile
3464 1626 3544 1671 est

1956 1680 2273 1735 decernere.
2305 1682 2518 1736 Certum
2549 1692 2631 1735 est
2661 1684 2897 1736 exprdiis
2932 1684 3053 1739 lidei
3097 1686 3252 1755 longe
3289 1690 3543 1755 posterio~

1956 1765 2070 1804 rem
2114 1755 2323 1806 tertiam
2355 1765 2407 1806 et
2438 1762 2680 1822 quartam
2729 1754 2891 1806 fuisse
2921 1773 2932 1806 :
2967 1764 3074 1808 tota
3108 1754 3542 1810 atttetn’dillicul-

1958 1831 2040 1894 tas
2069 1832 2152 1875 est
2179 1823 2245 1876 de
2278 1824 2444 1889 prima
2470 1833 2523 1877 et
2549 1825 2800 1877 secunda.
2839 1824 3005 1879 Immo
3034 1829 3119 1894 qui
3153 1826 3351 1880 Christi
3383 1829 3538 1881 ﬁdem

1951 1892 2059 1961 jam
2090 1894 2160 1947 ab
2187 1895 2492 1958 apostolicis
2515 1897 2845 1963 temporibus
2871 1892 3209 1963 przedicatam
3241 1913 3361 1952 esse
3384 1898 3433 1949 in
3459 1897 3541 1951 his

1954 1964 2247 2036 provinciis
2288 1965 2618 2036 existimant,
2675 1966 2921 2020 dubitare
2972 1983 3076 2019 non
3136 1978 3357 2036 posmnt
3410 1969 3537 2036 quin

1954 2036 2120 2100 prima
2143 2034 2334 2089 divisio
2361 2034 2650 2105 Galliarum
2674 2038 2740 2087 ab
2774 2038 3012 2105 Angusto
3038 2034 3171 2090 facta
3199 2039 3371 2091 adhuc
3398 2034 3543 2092 esset

1953 2105 2004 2157 in
2029 2106 2255 2171 integro,
2283 2120 2402 2158 cum
2429 2104 2769 2171 Ptolemaeus,
2800 2104 2886 2171 qui
2916 2107 3015 2159 sub
3039 2108 3274 2161 Adriano
3300 2119 3353 2162 et
3374 2110 3541 2161 Anto-

1955 2176 2081 2228 nino
2112 2175 2521 2243 imperatoribns
2553 2175 2729 2227 floruit
2762 2188 2881 2242 post
2915 2192 3109 2229 annum
3145 2180 3266 2241 l50,
3307 2194 3423 2231 eam
3455 2194 3541 2231 se-

1952 2255 2148 2315 quatur
2172 2246 2494 2300 divisionem
2530 2247 2579 2299 in
2612 2247 2970 2314 descriptione
3010 2248 3213 2302 Gallae.
3266 2250 3373 2303 Sed
3404 2264 3537 2317 quo-

1954 2318 2099 2388 niam
2137 2318 2301 2388 longe
2340 2317 2664 2388 probabilior
2709 2327 2790 2370 est
2823 2319 3045 2371 aliorum
3098 2321 3382 2381 sententia,
3442 2319 3532 2388 qui

1954 2386 2165 2457 Sulpitii
2217 2390 2398 2441 Severi
2454 2396 2506 2441 et
2554 2387 2796 2453 Gregorii
2840 2389 3166 2443 Turonensis
3217 2386 3535 2443 auctoritate

1953 2458 2122 2523 ducti,
2160 2458 2517 2512 Ecclesiarum
2550 2460 2599 2511 in
2633 2460 2900 2527 provincia
2930 2458 3165 2513 Romana
3196 2462 3537 2514 constitutio-

1953 2544 2073 2581 nem
2104 2529 2196 2597 (de
2224 2530 2561 2595 Lugdunensi
2593 2531 2733 2582 enim
2765 2537 2935 2582 tractu
2981 2531 3139 2583 aliter
3165 2531 3533 2597 sentiendum)

1950 2600 2015 2652 ad
2052 2600 2193 2653 Decii
2222 2610 2460 2668 tempora
2494 2600 2635 2654 circa
2660 2616 2747 2653 an.
2779 2599 2905 2654 Cbr.
2939 2600 3047 2655 ’250
3068 2602 3324 2669 referunt,
3360 2602 3535 2668 inqui-

1951 2672 2173 2724 rendum
2220 2671 2537 2740 relinquitur
2583 2686 2648 2724 an
2693 2688 2757 2722 eo
2810 2680 3047 2739 tempore
3098 2673 3273 2727 adhuc
3327 2673 3531 2739 vigeret

1950 2740 2123 2808 prima
2164 2742 2387 2810 Augusti
2422 2742 2633 2803 divisio,
2668 2757 2787 2809 qua:
2820 2740 3219 2796 Narbonensem
3271 2745 3528 2810 integram

1950 2811 2317 2879 relinquebat;
2340 2827 2406 2865 an
2434 2813 2597 2865 altera
2628 2813 2996 2878 successisset,
3020 2828 3141 2881 quae
3163 2814 3302 2866 illam
3327 2814 3377 2867 in
3402 2828 3532 2881 qua-

1954 2890 2076 2934 tuor
2102 2892 2279 2947 partes
2308 2882 2672 2949 dispertierat.

2024 2951 2228 3003 Incerta
2255 2961 2339 3005 est
2364 2952 2648 3004 admodum
2679 2952 2836 3018 hujus
2873 2952 3150 3005 divisionis
3182 2952 3382 3021 epocha
3413 2966 3533 3019 pro-

1950 3028 2068 3089 pter
2098 3030 2337 3073 veterum
2364 3021 2681 3090 scriptorum
2707 3022 2998 3073 silentium.
3041 3023 3169 3073 Eam
3195 3022 3433 3073 nonnulli
3464 3021 3532 3073 ad

1951 3090 2240 3142 Adrianum
2292 3089 2550 3152 referunt,
2607 3092 2694 3141 alii
2754 3089 2821 3141 ad
2862 3090 3270 3143 Constantinum
3327 3091 3410 3144 vel
3462 3091 3530 3143 ad

1952 3158 2337 3215 TheodOsium.
2374 3162 2607 3212 Adriano
2633 3163 2715 3211 vix
2757 3168 2928 3225 potest
2968 3159 3151 3223 tribui,
3190 3175 3310 3213 cum
3354 3160 3531 3213 Ptole-

248 3231 459 3283 rationi
493 3246 710 3298 prorsus
738 3221 1151 3285 consentaneum
1177 3244 1297 3283 esse
1327 3221 1708 3293 posterioribus
1740 3231 1841 3287 Ec.
1871 3221 1917 3283 C
1949 3244 2137 3294 nimus,
2170 3233 2256 3297 qtti
2285 3230 2385 3283 sub
2418 3233 2531 3297 ipso
2562 3238 2616 3283 et
2645 3221 2911 3281 Antonino
2948 3221 3151 3290 ﬂoruit,
3195 3230 3416 3299 Augusti
3448 3229 3531 3282 di-

246 3301 445 3355 clesiae
472 3302 837 3356 sanctionibus
861 3304 1138 3369 probatum
1168 3311 1269 3354 est.
1307 3299 1471 3368 llujus
1498 3301 1640 3354 enim
1669 3304 1839 3369 gratia

245 3384 521 3425 canonem
558 3372 623 3425 12
644 3373 997 3426 condiderunt
1021 3370 1469 3424 Chalcedonensis
1497 3373 1706 3425 concilii
1736 3374 1837 3426 Pa-

245 3450 392 3505 tres,
432 3456 502 3495 ne
528 3445 695 3498 scissa
728 3446 777 3495 in
809 3443 943 3495 duas
970 3441 1143 3495 civilis
1184 3442 1450 3508 provincia
1498 3442 1835 3506 imperatoria

244 3515 560 3578 sanctione,
596 3514 647 3566 in
678 3515 813 3568 duos
854 3514 1052 3577 pariter
1093 3513 1531 3580 metropolitanos
1574 3513 1839 3568 dividere-

243 3590 362 3653 tur.
399 3584 553 3646 llinc,
584 3592 642 3637 ut
665 3583 905 3637 Gelasius
943 3597 1079 3652 papa
1122 3582 1435 3653 lgepistriS
1461 3584 1526 3636 ad
1555 3583 1837 3653 episeopos

242 3651 543 3708 Dardaniae
573 3654 829 3707 adversus
857 3651 1109 3709 Aracium
1142 3651 1243 3706 (ΣΡ.
1273 3652 1581 3721 episcopum
1622 3651 1832 3721 asserit,

239 3728 385 3777 urbs
416 3724 502 3777 illa
532 3728 675 3793 regia
707 3741 810 3777 non
844 3727 1008 3777 solum
1047 3725 1181 3776 inter
1204 3724 1346 3776 sedes
1374 3725 1578 3776 minime
1605 3741 1837 3779 numera-

239 3802 350 3858 tur,
379 3794 472 3848 sed
500 3811 591 3848 nec
615 3796 745 3847 inter
766 3794 1264 3864 metropolitanorum
1276 3796 1401 3864 jura
1422 3805 1669 3848 censetur.
1692 3800 1834 3862 Quo-

239 3868 420 3923 niam.
478 3863 665 3934 inquit,
709 3865 811 3918 alia
856 3863 1075 3933 potestas
1114 3873 1186 3918 est
1240 3863 1382 3933 regni
1418 3867 1701 3932 saecularis,
1730 3870 1834 3923 alia

236 3934 715 3988 ecclesiasticarum
744 3936 1035 3988 distributio
1062 3936 1384 4004 dignitatum.

310 4005 379 4060 Si
413 4007 575 4073 igitur
600 4009 763 4059 semel
798 4007 1075 4072 probatum
1110 4006 1266 4060 fuerit
1303 4008 1613 4074 episcopum
1648 4010 1833 4063 Arela-

238 4085 462 4130 tensem
496 4090 589 4143 per
607 4091 668 4130 ea
694 4084 930 4144 tempora
964 4078 1244 4143 primatum
1279 4080 1325 4128 in
1348 4077 1531 4130 Galliis
1562 4078 1830 4142 habuisse,

236 4157 291 4201 et
323 4146 733 4214 metropolitani
768 4149 970 4200 llOttOre
1007 4146 1171 4200 fuisse
1200 4147 1528 4212 decoratum,
1568 4163 1688 4200 cum
1740 4151 1835 4202 ad-

239 4216 348 4271 huc
397 4216 607 4285 integra
636 4226 750 4271 erat
789 4219 1003 4286 antiqua
1042 4216 1401 4270 Narbonensis
1449 4219 1742 4285 provincia,
1781 4228 1835 4274 et

237 4288 663 4355 metropoliticis
689 4286 865 4342 adhuc
898 4287 1108 4354 juribns
1135 4302 1184 4338 tn
1217 4288 1335 4355 ejus
1370 4298 1567 4354 partes,
1603 4297 1723 4355 post
1751 4289 1833 4342 di-

239 4354 515 4426 visionem
548 4356 763 4420 factam,
792 4360 1010 4426 potitum
1044 4354 1228 4421 fuisse,
1266 4358 1375 4423 jam
1417 4372 1520 4409 non
1553 4354 1654 4411 erit
1690 4361 1832 4426 quod

237 4425 455 4482 Hilario
487 4428 794 4492 cupiditatis
820 4439 943 4481 nota
975 4427 1237 4489 inuratur,
1269 4436 1360 4479 aut
1392 4428 1538 4479 velut
1564 4425 1722 4480 alieni
1746 4430 1829 4497 ju-

236 4500 317 4551 ris
347 4498 572 4551 invasor
603 4498 904 4553 infametur.
935 4498 1085 4562 Quod
1114 4498 1421 4566 priusquam
1451 4508 1712 4550 tentemus
1744 4514 1828 4551 as-

1949 3302 2212 3354 visionem
2254 3312 2508 3369 sequatur
2541 3303 2589 3353 in
2632 3301 2920 3353 Galliarum
2962 3300 3344 3368 descriptione.
3401 3300 3528 3354 Eam

1943 3372 2296 3424 Constantino
2324 3373 2478 3438 longe
2507 3370 2853 3424 vetustiorem
2886 3373 3191 3439 pronuntiat
3238 3371 3429 3425 Petrus
3458 3371 3526 3424 dc

1943 3440 2117 3495 Marca
2143 3443 2192 3493 in
2218 3442 2593 3513 dissertatione
2615 3444 2680 3495 de
2708 3442 3026 3495 Primatibtts
3047 3442 3123 3513 (η.
3160 3441 3305 3511 115),
3342 3443 3523 3513 deto-

1943 3512 2049 3565 tius
2077 3513 2318 3581 corporis
2338 3512 2631 3568 Galliarum
2659 3513 2924 3567 divisione
2950 3512 3241 3567 disserens.
3268 3515 3393 3567 Esto
3418 3512 3521 3566 hoc

1940 3598 2127 3637 verum
2177 3588 2244 3637 sit
2272 3583 2339 3637 de
2368 3585 2682 3652 quibusdam
2722 3583 3010 3636 Galliarum
3059 3586 3363 3653 provinciis,
3399 3598 3519 3653 quae

1939 3655 2005 3706 ad
2030 3669 2141 3707 rem
2173 3664 2407 3707 nostram
2445 3671 2547 3705 non
2592 3657 2791 3708 faciunt
2821 3656 3043 3723 (fatetur
3070 3657 3213 3709 enim
3260 3657 3371 3724 ipse
3416 3669 3521 3707 non

1939 3740 2046 3777 uno
2077 3725 2374 3795 eodemque
2414 3735 2654 3791 tempore
2700 3728 2753 3779 in
2794 3741 2980 3779 omnes
3024 3727 3323 3793 provincias
3367 3726 3524 3779 indu-

1939 3806 2079 3849 ctam
2103 3797 2266 3865 esse),
2300 3807 2352 3849 at
2373 3796 2440 3849 de
2470 3796 2801 3851 Narbonensi
2826 3798 3029 3849 nullum
3073 3806 3253 3850 exstat
3285 3804 3523 3851 veterum

1940 3868 2327 3928 testimonium,
2374 3883 2437 3919 ex
2472 3884 2576 3935 quo
2624 3884 2740 3919 eam
2786 3876 2910 3919 ante
2944 3868 3355 3920 Constantinum
3403 3881 3526 3919 esse

1938 3937 2163 3990 divisam
2193 3938 2275 3990 vel
2318 3939 2578 4001 sustticart
2616 3939 2789 3991 liceat.
2827 3937 2978 4000 Quod
3016 3938 3158 3988 enim
3202 3939 3471 4001 profertur
3495 3950 3525 3986 a

1935 4008 2237 4061 clarissimo
2264 4009 2491 4072 prtesule
2514 4009 2593 4074 (ά)
2618 4023 2679 4059 es
2706 4006 3189 4071 subscriptionibus
3213 4006 3371 4071 primi
3394 4020 3526 4057 con-

1936 4079 2043 4131 cilii
2075 4078 2424 4139 Arelatensis,
2451 4079 2537 4129 ubi
2568 4078 2767 4128 mentio
2791 4078 2845 4127 lit
2869 4076 3161 4143 provincia:
3180 4074 3525 4139 Viennensis,

1938 4157 1995 4200 ut
2026 4150 2215 4215 probet
2236 4148 2345 4214 jam
2381 4156 2504 4198 tunc
2530 4148 2803 4210 temporis.
2838 4146 2936 4215 hoc
2965 4154 3046 4195 est
3075 4160 3162 4196 an.
3193 4143 3334 4215 1511,Δ
3355 4143 3523 4196 Vien-

1939 4212 2159 4271 nensem
2199 4212 2603 4268 a‘Narltonensi
2662 4216 2826 4267 fuisse
2873 4213 3156 4271 divulsam,
3207 4212 3403 4264 nullius
3444 4223 3527 4267 est

1936 4286 1957 4358 (
1974 4304 2087 4340 mea
2119 4286 2332 4358 quidem
2358 4284 2659 4358 sententia)
2693 4283 2961 4358 ponderisf
2990 4282 3153 4334 Valde
3177 4283 3325 4358 enim
3350 4285 3526 4348 suspi-

1937 4352 2032 4410 cor
2062 4352 2154 4410 eas
2176 4355 2596 4418 subscriptiones
2620 4368 2723 4406 non
2753 4367 2818 4405 eo
2840 4353 2998 4404 modo
3019 4366 3189 4417 eoque
3212 4352 3398 4404 ordine
3420 4367 3527 4421 quo

1939 4443 2081 4481 ttunc
2109 4426 2429 4480 exhibentur
2460 4424 2526 4479 ab
2560 4423 2828 4492 episcopis
2863 4424 2987 4490 ipsis
3020 4422 3375 4490 praesentibus
3405 4438 3527 4477 esse

1934 4498 2135 4562 factas;
2167 4498 2258 4550 sed
2286 4496 2490 4563 aliquot
2532 4504 2649 4561 post
2690 4495 2845 4546 annis
2888 4496 2958 4545 ita
2984 4509 3103 4547 esse
3132 4493 3409 4547 ordinatas
3436 4509 3527 4548 se-

234 4580 452 4648 serere,
492 4570 785 4648 revocanda
821 4576 903 4622 est
943 4570 994 4622 in
1030 4564 1337 4621 memoriam
1374 4568 1666 4648 _tttttltiplex
1708 4568 1832 4624 Gal-
1863 4580 1909 4639 ο
1936 4569 2167 4622 cundum
2218 4566 2609 4646 provinciarum
2654 4580 2717 4617 ex
2749 4564 3216 4648 quibus-episcopi
3246 4580 3524 4648 convene-

233 4637 441 4693 liarum
491 4638 701 4703 divisio,
727 4656 828 4707 qua
856 4654 1039 4693 earum
1079 4647 1247 4692 status
1279 4638 1619 4692 creberrimis
1660 4649 1828 4694 muta-

233 4708 489 4763 tionibus
514 4711 1107 4778 perturbationibusque
1137 4710 1397 4763 obnoxius
1428 4708 1597 4763 factus
1620 4720 1721 4764 est.

310 4779 641 4835 Universum
666 4780 952 4835 Galliarum
984 4795 1177 4847 corpus
1226 4780 1279 4833 in
1320 4792 1545 4847 quatuor
1589 4782 1831 4838 m‘embra

226 4853 479 4975 Rat-titus
524 4860 606 4905 est
654 4851 879 4919 primum
918 4852 1095 4905 Caesar
1136 4854 1427 4920 Augustus,
1478 4851 1725 4906 videlicet
1780 4856 1829 4909 in

279 4920 681 4975 arbonensem.
714 4921 1105 4975 Aquitanicam.
1132 4922 1540 4975 Lugdunensem
1572 4932 1627 4975 et
1660 4924 1829 4975 Belgi-

279 4920 681 4986 arbonensem,
714 4921 1105 4990 Aquitanicam,
1132 4922 1540 4989 Lugdunensem
1572 4932 1627 4975 et
1660 4924 1832 4992 Belgi-

227 5005 386 5058 cam,
414 5007 642 5062 quarunt
666 4994 888 5061 singulae
916 4993 971 5047 in
994 4994 1127 5046 alias
1148 4992 1485 5061 postmodum
1508 5002 1687 5061 partes
1710 5009 1832 5049 suc-

1938 4650 2058 4693 rant
2085 4652 2399 4701 numerum;
2426 4646 2478 4689 ut
2519 4636 2749 4702 primum
2780 4635 3211 4690 describerentur
3246 4634 3296 4687 hi
3324 4636 3415 4705 qui
3456 4651 3524 4693 ex

1936 4711 2174 4765 Romana
2207 4709 2446 4771 dimeesi,
2481 4717 2589 4760 tum
2620 4707 2709 4775 qui
2751 4722 2815 4759 ex
2860 4708 3059 4769 Italica,
3093 4708 3289 4761 deinde
3328 4707 3418 4775 qui
3455 4721 3521 4760 ex

1938 4780 2229 4844 Gallicma,
2266 4787 2323 4833 et
2354 4779 2425 4832 ita
2456 4786 2847 4847 coosequenter
2876 4777 2943 4829 de
2990 4778 3141 4841 aliis;
3193 4780 3276 4830 eui
3324 4779 3529 4829 descri-

1945 4854 2113 4921 ptioni
2139 4852 2449 4905 ordinanda:
2487 4858 2761 4915 assumpta
2799 4857 2928 4921 sunt
2954 4859 3061 4921 tum
3105 4850 3204 4901 alia
3236 4860 3358 4921 quae
3400 4855 3526 4899 tunc

1938 4917 2256 4991 supererant
2286 4928 2650 4991 monumenta,
2708 4930 2816 4991 tum
2848 4919 3072 4991 epistola
3095 4917 3372 4987 synodica,
3407 4930 3527 4982 qua:

1937 4989 2307 5063 episcoporum
2336 4990 2646 5045 eorumdem
2675 4990 2891 5043 nomina
2914 4989 3171 5042 continet.

1295 5130 1857 5189 BALLERINIORUM
1895 5131 2438 5189 ANNOTATIONES.

298 5238 394 5364 (ιζ)
414 5238 543 5363 Et];
561 5238 741 5364 idsngn
766 5238 1049 5365 gemimus
1067 5257 1255 5298 verum
1287 5245 1489 5313 patebit
1517 5261 1583 5302 ex
1613 5247 1827 5304 observ.

301 5328 331 5365 Γ
368 5349 384 5362 .
464 5354 479 5365 .
549 5350 561 5361 .
633 5350 647 5365 .
716 5349 733 5364 .
837 5350 851 5364 .

219 5319 384 5381 part.
414 5323 479 5381 tt,
513 5323 561 5363 c.
594 5319 647 5370 5.
677 5325 733 5364 n.
766 5319 851 5365 1‘2.

302 5380 393 5450 (ὑ)
429 5379 533 5453 Hic
558 5381 1233 5453 praesumiturepiscopum
1267 5387 1631 5441 Arelatensem
1665 5388 1829 5444 fuisse

215 5450 655 5527 metropolitam
681 5452 843 5527 totius
882 5450 1247 5509 Narbonensis
1283 5458 1489 5523 solidae,
1541 5469 1826 5527 antequam

214 5524 507 5593 quinque,
538 5536 600 5593 ac
624 5520 748 5575 dein
776 5535 979 5591 septem
1013 5527 1402 5592 provinciarum
1434 5520 1624 5583 divisio
1654 5520 1828 5584 ﬁeret.

214 5594 281 5650 Μ
322 5601 519 5667 autem
544 5592 731 5646 falsum
760 5596 1007 5649 ostendet
1034 5604 1142 5649 tum
1171 5599 1440 5667 antiquior
1471 5600 1834 5656 Narbonensis

211 5665 466 5727 divisio,
494 5676 657 5737 quam
675 5672 973 5737 statuemus
999 5669 1051 5723 in
1076 5665 1457 5735 obseerpart.
1480 5685 1539 5737 tt,
1560 5683 1611 5724 c.
1642 5672 1696 5733 5,
1722 5680 1831 5725 tum

207 5750 358 5792 sera
393 5733 764 5811 metropoleon
795 5738 847 5789 in
882 5736 1069 5793 Galliis
1097 5733 1381 5805 institutio,
1410 5740 1478 5796 de
1506 5733 1610 5811 qua
1638 5740 1832 5799 ibidem

204 5814 443 5879 agetur
474 5816 524 5858 c.
549 5802 606 5875 5,
631 5820 688 5859 n.
715 5806 741 5859 1
765 5814 819 5861 et
840 5822 993 5875 seqq.

2015 5248 2086 5316 (c)
2114 5247 2300 5301 Varias
2332 5246 2699 5301 Narbonensis
2740 5244 2926 5316 solida}
2958 5240 3526 5316 divisiones_exa_e_tius

1943 5310 2270 5387 exponemus
2320 5317 2515 5371 ibidem
2556 5331 2604 5370 c.
2657 5317 2709 5379 5,
2744 5325 2797 5369 et
2844 5310 3330 5387 exinde_nonnnlla
3377 5311 3463 5365 hic
3496 5330 3525 5365 a

1934 5382 2226 5457 Quesnello
2257 5403 2537 5456 perperam
2563 5394 2765 5457 asserta
2790 5382 3101 5457 corrigenda
3129 5392 3305 5457 erunt.

2009 5459 2090 5541 ςά)
2123 5459 2197 5512 De
2228 5451 2308 5512 his
2338 5451 2841 5541 subscriptionibus,
2871 5468 2964 5541 seu
2988 5451 3252 5541 potius‘de
3279 5453 3526 5519 catalogo

1939 5522 2314 5599 episcoporum
2350 5529 2535 5595 prima:
2556 5522 2750 5599 synodi
2780 5522 3131 5599 Arelatensis,
3162 5524 3279 5575 luse
3307 5537 3527 5599 agemus

1938 5591 1991 5655 iu
2032 5591 2245 5655 observ.
2292 5591 2429 5666 part.
2461 5614 2517 5661 ll,
2548 5591 2606 5649 cf
2631 5598 2683 5659 5,
2714 5610 2770 5647 n.
2806 5594 2888 5666 11,
2925 5591 3103 5666 ibique
3134 5605 3322 5666 omnes
3348 5592 3530 5666 Ques-

1940 5660 2451 5727 nellicavillationes
2473 5660 2827 5741 disjieientur.
2857 5660 2983 5715 lude
3007 5662 3164 5741 etiam
3187 5662 3383 5741 patebit
3406 5680 3529 5729 pro-

1940 5742 2170 5796 vinciam
2214 5729 2576 5795 Viennensem
2613 5736 2714 5791 hoc
2743 5744 2986 5802 tempore
3026 5731 3187 5788 luisse
3238 5729 3525 5789 disseCtam

1945 5828 1973 5866 ο
1999 5811 2352 5866 Narbonensi.
