3984 6306
446 363 553 421 505

907 362 1127 419 PASCH
1188 360 1574 430 QUESNELLI
1612 360 2203 418 DlSSERTATlONES
2239 360 2306 415 1N
2345 358 2405 416 S.
2442 357 2684 413 LEUNIS
2719 355 2937 412 MAGM
2974 358 3229 416 OPERA.

3617 361 3714 422 504

441 475 669 557 {nissum
717 473 780 557 in_
826 472 1029 557 Gallias
1059 490 1155 557 per
1196 475 1566 557 illagtempora
1610 474 1806 557 quibus
1855 474 2023 529 solida
2052 476 2099 535 Α
2130 474 2214 528 nis
2257 481 2429 557 parte.
2469 473 2728 557 superest
2755 473 2927 557 _modo
2970 482 3031 557 ut
3070 473 3325 557 Bonifacii
3370 476 3727 557 sententiam}

442 545 810 602 Narbonensis
840 544 1074 600 nondum
1107 546 1159 600 in
1204 555 1380 611 partes
1409 546 1687 612 distracta,
1719 544 1879 600 unico
1909 560 2023 600 me-

443 616 769 681 tropolitano
826 615 1067 682 subjecta
1118 626 1253 671 erat.
1309 616 1451 671 Satis
1505 618 1770 681 constitit,
1830 616 2020 685 inquit,

444 687 759 742 Arelatensis
810 685 1054 740 Ecclesiae
1098 686 1351 740 sacerdoti
1389 689 1560 758 prisca
1605 687 1660 758 id
1704 686 2023 741 institutione

443 773 761 826 concessum,
789 768 844 809 ut
871 774 975 811 non
1001 758 1167 811 solum
1206 758 1259 810 in
1305 757 1566 826 pravincia
1610 757 1906 823 Viennensi,
1933 758 2023 811 sed

443 830 598 882 etiam
640 845 731 898 per
776 830 904 900 duas
951 828 1305 900 Narbonenses
1348 831 1612 900 episcopos
1654 829 1836 893 faciat.
1881 826 2022 882 Nam

439 908 633 953 sanctis
683 899 939 953 memoria:
991 898 1297 970 Trophimus
1348 898 1586 955 sacerdos
1639 902 1900 968 quondam
1951 900 2020 953 ad

440 969 795 1041 Arelatensem
822 970 992 1022 urbem
1018 969 1393 1041 abapostolica
1426 971 1545 1024 sede
1576 972 1924 1032 transmissus.
1953 970 2021 1024 ad

440 1040 562 1111 illas
600 1042 828 1111 regiones
869 1041 1009 1111 tanti
1040 1042 1257 1111 nominis
1282 1042 1611 1111 reverentiam
1638 1041 1833 1110 printus
1871 1041 2017 1094 exhi-

360 1142 375 1192 ἓ
440 1109 571 1177 buit,
603 1109 742 1163 etin
776 1112 906 1163 alios
932 1110 1039 1192 [ΑΙ.
1076 1110 1128 1192 in
1165 1109 1740 1192 alias]..n0tt_imnterito
1775 1128 1834 1192 ea
1863 1126 2020 1192 quam

354 1188 369 1251 ξ
440 1192 706 1252 acceperat
751 1181 1055 1234 auctoritate
1100 1181 1399 1250 transfudit.
1447 1182 1684 1252 Habebat
1730 1181 1903 1235 adhuc
1947 1182 2018 1237 0b

439 1251 628 1307 oculos
666 1253 879 1321 antiqua
923 1252 1229 1320 apostolicae
1260 1254 1401 1306 sedis
1440 1251 1677 1317 decreta,
1722 1268 1838 1320 qua:
1867 1267 2009 1306 com-

437 1331 727 1389 memorat,
774 1320 828 1377 et
872 1324 1034 1376 modo
1077 1321 1409 1376 exciderunt.
1444 1321 1684 1377 Habebat
1712 1320 2013 1378 Innocentii

438 1392 852 1461 prazdecessoris
885 1391 967 1446 sui
1005 1393 1327 1447 sententiam
1371 1394 1422 1446 in
1456 1393 1566 1460 ipsa
1595 1393 1872 1461 [dignitate
1916 1394 2016 1447 Ec-

437 1462 618 1517 clesiae
639 1463 934 1527 fundatam,
954 1479 1095 1532 qttu',
1115 1475 1169 1517 ut
1189 1463 1466 1517 retulimus
1481 1478 1662 1529 supra.
1685 1478 1802 1517 eam
1819 1464 1887 1515 ad
1908 1480 2017 1517 mo-

437 1533 681 1589 bilitatem
701 1536 1057 1588 necessitatum
1081 1534 1458 1587 mundanarum
1483 1534 1782 1586 commutari
1796 1534 2012 1590 vetabat.

435 1603 685 1659 Habebat
711 1606 939 1671 denique
960 1604 1173 1658 Nicaena
1198 1606 1311 1673 ipsa
1334 1605 1570 1658 decreta.
1600 1605 1738 1670 Quid
1759 1605 1908 1665 illud,
1931 1605 2017 1659 in-

434 1675 573 1743 quit,
605 1677 762 1739 quod,
788 1676 954 1746 856
984 1677 1324 1742 prwtermisso
1351 1673 1597 1727 Patroclo
1621 1676 2014 1743 metropolitano

435 1745 673 1815 episc0po
701 1745 1072 1799 Arelatensium
1101 1748 1339 1808 civitatis,
1374 1747 1484 1799 sine
1509 1748 1659 1816 cujus
1689 1750 2006 1812 auctoritate,

433 1818 584 1887 iuxta
611 1820 865 1887 majorum
889 1833 1128 1882 canones,
1150 1817 1295 1869 nulla
1318 1817 1517 1887 penitus
1547 1816 1711 1887 potuit
1751 1818 2009 1870 ordinatio

432 1885 710 1952 celebrari,
759 1888 1065 1942 tumultuose
1106 1896 1153 1941 et
1198 1886 1399 1939 turbide
1440 1885 1677 1939 indebitis
1722 1888 2010 1941 sacerdotia

432 1957 824 2027 impinguntur?
859 1959 1095 2013 Tandem
1137 1957 1409 2013 concludit
1453 1956 1735 2023 epistolam
1761 1958 1827 2010 ad
1860 1957 2003 2011 Ilila-

430 2028 569 2081 rium
610 2029 1011 2083 Narbonensem
1061 2028 1401 2096 congerendo
1438 2035 1667 2094 quatuor
1712 2028 1893 2082 titulos
1946 2044 2009 2084 ac

430 2096 776 2152 fundamenta
809 2099 1001 2163 quibus
1047 2114 1107 2152 ea
1143 2107 1375 2166 potestas
1403 2096 1706 2151 Arelatensi
1755 2099 2009 2167 episcopo

430 2168 790 2222 asserebatur.
824 2169 952 2222 Cum
980 2168 1076 2221 hoc
1104 2170 1293 2231 videas,
1329 2167 1516 2238 inquit,
1551 2167 1859 2221 Arelatensis
1897 2172 2007 2238 epi-

430 2254 584 2309 scOpo
612 2240 827 2292 civitatis
856 2250 903 2292 et
936 2255 1025 2304 per
1050 2238 1379 2309 apostolicam
1408 2237 1599 2301 sedem,
1646 2248 1693 2291 et
1732 2254 1820 2306 per
1846 2241 2011 2293 sancti

429 2307 474 2361 Τ
479 2308 702 2376 rophimi
730 2307 1091 2371 reverentiam,
1113 2318 1160 2362 et
1201 2326 1289 2377 per
1328 2318 1541 2361 veterem
1569 2311 2004 2378 consuetudinem,

431 2386 479 2432 et
510 2389 682 2449 nostra
708 2382 893 2433 recenti
924 2381 1295 2432 evidentissima
1323 2379 1621 2443 deﬁnitione
1649 2380 1857 2449 deferri.

504 2448 620 2531 Non
669 2450 959 2531 diffitemur
1003 2452 1310 2531 episcOpum
1360 2448 1759 2531 Narbonensem
1804 2450 2009 2531 aliquot

431 2522 587 2573 annis
614 2522 1007 2587 metmpolitico
1033 2520 1153 2587 jure
1185 2520 1404 2586 potitum
1451 2534 1573 2574 esse
1613 2521 1661 2573 in
1694 2520 2009 2576 Narbonen-

429 2604 545 2645 sem
602 2592 926 2658 provinciam
987 2590 1242 2658 primam;
1303 2590 1397 2644 sed
1452 2590 1554 2644 hoc
1606 2600 1665 2645 ut
1711 2591 2007 2658 subreptitie

430 2660 709 2715 obtentum
742 2662 913 2716 fuerat
959 2664 1239 2716 occasiOne
1281 2662 1353 2729 (a)
1388 2676 1539 2715 novae
1584 2661 1887 2727 divisionis,
1936 2663 2005 2717 ita

430 2741 486 2785 et
515 2747 672 2798 quam
707 2732 934 2800 primum
979 2742 1278 2787 correctum
1324 2741 1405 2785 est
1442 2747 1471 2783 a
1519 2731 1648 2786 sede
1677 2732 2003 2798 apostolica;

429 2810 485 2856 et
517 2802 589 2857 ita
622 2816 809 2857 recens
838 2812 954 2857 erat
995 2801 1193 2856 Zosimi
1235 2810 1478 2871 tempore
1519 2801 1607 2855 illa
1650 2801 2007 2857 Narbonensis

427 2874 827 2941 metropolitani
858 2873 1139 2939 institutio,
1172 2881 1231 2927 ut
1264 2877 1497 2942 priorem
1539 2874 2000 2939 consuetudinem,

429 2956 532 3013 qua
563 2953 671 2998 tres
703 2944 819 2999 illas
862 2944 1164 3013 provincias
1194 2945 1463 3009 subiectas
1490 2943 1589 2997 sibi
1622 2943 1849 2997 habebat
1876 2946 2009 2998 Are-

428 3012 649 3069 latcnsis
680 3012 981 3084 episcopus,
1035 3029 1202 3084 usque
1242 3013 1309 3069 ad
1358 3014 1659 3083 proximum
1689 3016 1866 3084 aetatis
1895 3029 2005 3069 sua:

427 3091 640 3153 tempus
671 3083 987 3153 perdurasse
1007 3083 1216 3139 asserat
1237 3086 1350 3154 ipse
1374 3085 1633 3152 pontifex.
1668 3085 1829 3154 Atque
1848 3083 2001 3154 hanc,

426 3154 602 3225 inquit
629 3155 820 3227 (Epist.
850 3156 928 3227 8),
960 3155 1234 3227 ordinandi
1262 3156 1678 3209 consuetudinem
1723 3165 1767 3207 et
1797 3156 2007 3227 pontifi-

2127 560 2286 613 quam
2331 544 2441 599 Leo
2469 554 2525 600 et
2550 544 2636 598 alii
2667 544 2943 599 meliorem
2974 547 3181 608 dicunt,
3213 561 3334 599 cum
3371 544 3575 600 Zosimi
3622 550 3713 603 de-

2123 626 2273 669 creto
2300 630 2365 669 ac
2392 615 2635 683 epistolis
2660 615 3021 681 conferamus,
3050 625 3107 670 et
3134 626 3254 670 uter
3295 630 3357 671 se
3408 617 3708 673 circumve~

2124 684 2231 740 niri
2255 700 2319 741 ac
2347 686 2448 756 sibi
2478 687 2676 756 imponi
2706 700 2896 755 passus
2922 687 3013 752 sit,
3041 686 3419 753 dijudicemus.

2192 756 2319 811 Car.
2345 755 2432 812 IV.
2454 755 2710 826 Bonifacii
2731 758 2990 812 decretum
3016 758 3343 826 expenditur,
3373 774 3491 811 cum
3516 758 3711 812 Zosimi

2122 828 2348 899 epistolis
2380 832 2681 899 confertur,
2734 836 2780 882 et
2823 829 2935 899 istae
2980 845 3010 880 a
3033 828 3379 899 -subreptione
3436 830 3704 882 vindican-

2122 898 2225 969 tur.
2261 926 2332 937 -ο
2374 898 2613 969 Hilarius
2650 905 2867 968 accepta
2899 898 3097 953 Zosimi
3150 898 3377 967 episutla
3436 899 3704 969 quievisse

2121 967 2336 1040 videtur
2363 969 2431 1022 ab
2460 968 2708 1040 omnibus
2754 970 3164 1040 metropoliticis
3192 970 3410 1040 muniis,
3435 967 3537 1025 nec
3567 972 3703 1027 ultra

2121 1038 2371 1093 Patroclo
2392 1038 2690 1093 molestiam
2716 1038 2952 1095 creasse.
2971 1039 3248 1095 Patroclus
3276 1039 3477 1106 pariter
3497 1040 3702 1097 Narbo-

2122 1109 2308 1163 nensis
2342 1109 2631 1177 provinciae
2664 1109 3185 1165 administrationem
3226 1108 3478 1177 indeptus
3508 1121 3620 1177 est,
3647 1124 3702 1168 et

2120 1180 2512 1253 interveniente
2544 1178 2882 1253 _Lut_eve_nsis
2924 1182 2978 1236 in
3024 1196 3086 1235 ea
3136 1182 3409 1253 provincia
3457 1184 3697 1253 episcopi

2119 1258 2314 1315 morte,
2349 1251 2511 1305 alium
2543 1250 2595 1304 in
2623 1250 2740 1319 ejus
2761 1250 2935 1306 locum
2958 1253 3073 1316 ipse
3097 1252 3457 1306 consecravit.
3479 1252 3563 1307 Ad
3589 1250 3700 1311 haec

2118 1319 2355 1391 Hilarius
2386 1320 2751 1391 Narbonensis
2781 1336 2849 1377 ne
2878 1322 3179 1377 mussitavit
3200 1322 3439 1391 quidem,
3472 1338 3570 1377 nec
3597 1327 3697 1379 sibi

2113 1390 2203 1459 jus
2221 1390 2473 1462 debitum
2505 1405 2534 1462 a
2566 1389 2814 1446 Patroclo
2847 1392 3062 1462 praeripi
3100 1389 3426 1462 conquestus
3469 1403 3583 1459 est,
3626 1397 3697 1451 ita

2119 1469 2178 1515 ut
2202 1460 2290 1533 de;
2314 1461 2695 1533 ejus__silentio
2746 1477 2811 1517 ac
2848 1460 3023 1533 quasi
3050 1460 3277 1532 segnitie
3306 1466 3697 1533 expostularet

2190 1530 2375 1586 ntil‘ex.
2422 1531 2537 1585 Non
2577 1533 2647 1586 ita
2698 1530 2962 1600 patienter
3012 1530 3169 1587 istam
3222 1531 3619 1589 ordinationem
3662 1552 3693 1591 a

2163 1602 2365 1655 atroclo
2396 1600 2588 1656 factam
2621 1606 2857 1658 tulerunt
2884 1602 3217 1658 Lutevenses
3241 1604 3388 1659 cives
3412 1613 3468 1658 et
3503 1608 3693 1661 clerus.

2120 1670 2266 1743 Ecce
2279 1672 2411 1725 enim
2431 1718 2444 1741 ,
2471 1673 2642 1743 inquit
2675 1673 2981 1728 Bonifacius
3010 1674 3254 1729 scribens
3284 1673 3349 1726 ad
3390 1674 3650 1729 Hilarium
3676 1720 3693 1743 ,

2117 1750 2172 1814 n_t
2219 1741 2441 1814 charitas
2490 1741 2581 1796 tua
2623 1745 2933 1814 recognoscit
2976 1760 3041 1797 ea:
3093 1744 3339 1806 subditis,
3391 1741 3694 1801 Lutubensis

2116 1810 2363 1866 Ecclesia:
2385 1814 2508 1866 cleri
2547 1815 2672 1867 ordo
2701 1810 2779 1868 vel
2808 1815 2965 1884 plebis
3007 1831 3178 1883 preces
3211 1831 3332 1868 suas
3358 1825 3405 1867 et
3440 1816 3693 1884 lacrymas

2112 1883 2183 1955 ad
2216 1899 2308 1937 nos
2328 1926 2341 1949 ,
2371 1892 2619 1955 quantum
2651 1883 2814 1937 datur
2837 1884 3087 1954 intelligi,
3124 1900 3310 1955 magno
3334 1901 3451 1955 cum
3478 1883 3649 1941 dolore
3671 1928 3686 1954 ,

2114 1954 2390 2020 miserunt,
2423 1954 2645 2007 dicentes
2682 1957 3036 2026 coepiscopum
3072 1953 3301 2009 nostrum
3346 1953 3688 2024 Patroclum,

2110 2038 2207 2076 sua
2235 2025 2507 2099 _petitione_
2527 2034 2787 2099 cessante,
2825 2026 2880 2099 in
2919 2025 3087 2080 locum
3132 2026 3417 2099 decedentis
3470 2030 3691 2099 episcopi

2111 2095 2280 2147 nescio
2303 2110 2450 2163 quem
2490 2096 2542 2168 in
2575 2096 2680 2148 alia
2708 2097 2971 2168 provincia
2988 2136 3002 2161 ,
3030 2097 3371 2168 praetermisso
3397 2095 3691 2162 meti-apali-

2110 2172 2263 2229 lano,
2303 2175 2481 2219 contra
2502 2163 2722 2237 Patrum
2756 2164 2961 2236 regulas
2996 2163 3295 2232 ordinasse;
3332 2168 3470 2237 quod
3508 2184 3690 2235 nequa-

2110 2249 2268 2304 quam
2294 2251 2563 2309 possumus
2602 2236 2734 2304 ferre
2760 2239 3036 2309 patienter,
3068 2239 3188 2307 quia
3215 2240 3574 2309 convenitnos
3602 2257 3689 2309 pa-

2111 2306 2718 2379 ternaiumsattctionum
2748 2305 3015 2379 diligentes
3042 2305 3149 2361 esse
3175 2309 3433 2362 custodes.
3460 2308 3537 2362 Ita
3565 2305 3688 2364 scri-

2112 2376 2220 2444 psit
2252 2374 2565 2447 Bonifacius
2586 2374 3197 2443 adversus'Patroclum,
3228 2393 3388 2447 quem
3417 2389 3476 2432 ut
3503 2379 3687 2436 aliena:

2110 2446 2401 2517 provinciae
2431 2446 2735 2517 invasorem
2767 2447 3187 2517 violatoremth
3215 2446 3493 2503 sacrorum
3523 2465 3682 2505 cano-

2112 2531 2240 2570 num
2268 2516 2617 2588 traduxerant
2642 2516 3006 2583 Lutevenses;
3038 2516 3301 2588 quemque
3329 2528 3390 2572 ut
3430 2519 3559 2574 talia
3581 2531 3689 2575 ten-

2112 2596 2313 2640 tantem
2346 2587 2691 2654 reprimeret,
2719 2588 2830 2643 haec
2869 2588 3018 2643 addit
3046 2587 3067 2640 ξ
3097 2587 3246 2643 Nulli
3285 2590 3473 2643 etenim
3500 2592 3688 2645 videtur

2109 2656 2373 2733 incognita
2401 2656 2592 2733 synodi
2618 2660 2911 2733 constitutio
2939 2658 3194 2724 Nicaznte,
3220 2674 3337 2727 qute
3362 2662 3439 2714 ita
3464 2664 3688 2733 pracipit

2110 2736 2169 2780 ut
2197 2730 2372 2802 eadem
2415 2728 2619 2802 proprie
2646 2729 3080 2802 verbaponamus
3101 2773 3115 2796 ,
3151 2746 3241 2802 per
3279 2728 3688 2802 unamquamque

2112 2798 2428 2871 provinciam
2454 2800 2536 2871 ius
2570 2800 2984 2866 metropolitanos
3013 2798 3241 2871 singulos
3270 2798 3462 2855 habere
3484 2798 3678 2869 debere,

2111 2882 2203 2941 nec
2217 2870 2471 2941 cuiquam
2497 2870 2626 2923 duas
2647 2886 2757 2924 esse
2782 2869 3117 2941 sujectas....'.
3154 2869 3329 2938 Unde,
3373 2875 3538 2941 frater
3572 2874 3687 2927 cita-

2109 2938 2328 3014 rissime,
2353 2939 2397 2991 si
2422 2939 2495 3014 ita
2525 2955 2607 2994 res
2622 2938 2857 3014 _sunt,_et
2883 2940 3168 2995 Ecclesiam
3196 2938 3549 3013 supradictam
3573 2960 3685 3014 pro-

2108 3009 2288 3063 vincia:
2315 3020 2416 3063 tute
2440 3009 2583 3063 limes
2615 3011 2856 3077 includit,
2887 3022 3061 3066 nostra
3085 3009 3391 3066 auctoritate
3410 3009 3683 3068 commoni-

2110 3086 2224 3147 tus,
2256 3081 2395 3154 quod
2439 3080 2641 3142 quidem
2676 3083 2863 3154 facere
2906 3093 3086 3154 sponte
3139 3082 3377 3149 deberes,
3427 3086 3682 3140 desideriis

2110 3152 2493 3227 supplicantum
2529 3159 2579 3203 et
2602 3152 3131 3227 voluntatem—specta,
3157 3163 3288 3219 etc.,
3318 3168 3481 3227 cesset
3503 3156 3680 3227 hujus:

426 3214 601 3297 cgt'um
635 3214 748 3280 ‘loci
766 3296 769 3297 ν
791 3214 954 3292 illius,
1000 3243 1151 3297 quem
1178 3226 1459 3279 obtinuerat
1507 3227 1703 3295 primus
1742 3214 1808 3278 et'
1826 3214 2004 3294 justus
2033 3214 2080 3278 C
2112 3214 2251 3297 modi
2275 3238 2448 3297 pressa
2475 3231 2663 3297 nostra
2682 3214 2982 3297 auctoritate
3028 3214 3358 3297 Ρνῖιέδυηιρτίο
3395 3214 3680 3297 εοΐωηήιιὲ

425 3293 805 3367 (Trophimus),
838 3293 1147 3351 custoditum
1184 3312 1344 3367 usque
1380 3300 1434 3348 in
1471 3293 1757 3367 proximum
1783 3293 2003 3363 tempus,

424 3367 579 3434 gestis
605 3369 744 3435 apud
775 3384 866 3419 nos
890 3368 1091 3430 habitis,
1120 3366 1397 3418 multorum
1424 3366 1840 3418 consacerdotum
1868 3370 2009 3419 testi-

425 3437 611 3507 moniis
641 3437 975 3507 approbatur.
1009 3436 1208 3490 Eadem
1247 3436 1363 3490 fere
1404 3435 1563 3507 habet
1592 3436 1729 3507 idem
1762 3436 2006 3507 pontifex

424 3504 481 3574 in
519 3504 743 3573 epistola
776 3508 803 3561 1
838 3507 904 3561 ad
934 3508 1217 3574 episcOpos
1259 3504 1557 3574 provinciae
1600 3505 1917 3560 Viennensis
1952 3519 2007 3563 et

428 3572 797 3631 Narbonensis
826 3572 1096 3641 secundat,
1122 3572 1221 3630 ubi
1262 3572 1526 3645 pmcipue
1566 3575 1848 3630 Proculum
1879 3592 2007 3630 exa-

424 3646 562 3715 gitat
611 3656 878 3715 tamquam
936 3650 1097 3701 totius
1159 3646 1300 3701 illius
1364 3647 1659 3700 ambitiosae
1710 3647 2005 3702 molitionis

424 3716 801 3787 architectum,
833 3717 923 3787 qui
970 3733 1091 3770 cum
1141 3716 1206 3769 ad
1251 3731 1310 3770 se
1353 3718 1710 3787 Narbonensis
1756 3719 2005 3774 secunde

424 3785 795 3841 ordinationes
822 3785 1034 3842 trahere
1065 3789 1345 3853 niteretur,
1368 3786 1701 3853 Simplicium
1732 3787 2006 3843 Viennen-

423 3869 555 3929 sem,
589 3858 886 3926 impulerat,
928 3867 982 3911 ut
1014 3858 1109 3911 sibi
1152 3874 1353 3929 quoque
1394 3859 1447 3911 in
1484 3858 1843 3929 Viennensium
1886 3875 2007 3928 pro-

422 3927 588 3979 vincia
608 3930 942 3983 creandorum
962 3927 1283 3982 sacerdotum
1303 3930 1675 3997 permitteretur
1696 3927 2003 3995 arbitrium;

421 3998 564 4066 quod
596 4009 649 4051 et
682 4000 1026 4069 impudentia:
1053 4000 1293 4068 deputat,
1319 4008 1373 4052 et
1401 4014 1558 4053 aurea
1606 3999 1695 4053 illa
1739 4001 2002 4054 sententia

421 4071 771 4139 resecandum
821 4069 1025 4125 definit.
1082 4069 1331 4123 Indecens
1386 4086 1561 4133 ausus,
1616 4071 1907 4139 inquit..et
1951 4072 2004 4124 in

420 4138 532 4207 ipso
561 4142 800 4195 vestibulo
845 4140 1172 4206 resecandus,
1220 4141 1315 4193 hoc
1361 4140 1422 4193 ab
1472 4141 1722 4210 epist-apis
1752 4139 1813 4191 ob
1843 4149 2005 4195 certas

420 4223 602 4264 causas
628 4214 901 4282 concilium
930 4212 1248 4282 agitantibus
1281 4221 1601 4282 extorquere,
1645 4213 1784 4282 quod
1829 4220 2005 4264 contra

418 4286 611 4334 statuta
643 4281 883 4346 Patrum,
919 4280 976 4334 et
997 4284 1161 4336 sancti
1208 4280 1476 4351 Trapltimi
1523 4281 1880 4351 reverentiam,
1916 4284 2005 4350 qui

420 4352 617 4424 primus
678 4350 1457 4424 metropolitanusArelatensis
1515 4350 1730 4424 civitatis
1774 4365 1849 4424 ea:
1908 4351 2005 4424 hac

418 4422 539 4474 sede
569 4423 791 4476 directus
821 4421 916 4483 est,
946 4423 1216 4477 concedere
1242 4425 1317 4475 vel
1346 4430 1562 4484 mutare,
1602 4435 1665 4472 ne
1693 4421 1847 4484 huius
1888 4423 2002 4491 qui-

421 4491 537 4543 dem
564 4494 697 4544 sedis
728 4494 888 4559 possit
918 4493 1215 4545 auctoritas.
1266 4491 1415 4560 Apud
1443 4507 1535 4544 nos
1563 4492 1695 4543 enim
1736 4492 2002 4545 inconvul-

2112 3289 2248 3343 ultra
2277 3292 2606 3362 licitumsute
2627 3292 2833 3347 limitem
2857 3295 3119 3362 dignitatis
3146 3289 3446 3360 extendunt,
3474 3309 3579 3353 etc.

2155 3362 2349 3428 -Quam
2389 3361 2555 3415 multa
2584 3372 2707 3416 sunt
2743 3379 2862 3432 qua:
2894 3361 3007 3419 haec
3046 3380 3169 3419 cum
3216 3364 3415 3419 Zosimi
3453 3366 3681 3422 decretis

2110 3432 2457 3505 componenti
2486 3434 2828 3505 persuadent.
2855 3435 3009 3505 longe
3040 3437 3230 3503 potiori
3254 3436 3377 3504 jure
3401 3451 3461 3491 ea
3494 3439 3677 3505 przeci-

2110 3501 2342 3575 pilanter
2372 3517 2436 3575 ac
2471 3502 2549 3571 (b)
2597 3518 2693 3568 per
2737 3501 3136 3575 subreptionem
3182 3501 3304 3562 esse
3345 3521 3374 3559 a
3405 3501 3672 3560 Bonifacio

2108 3573 2290 3626 elicita
2337 3573 2671 3640 existimari,
2732 3573 3000 3643 quamque
3049 3591 3082 3630 a
3125 3575 3337 3632 Zosimo
3373 3575 3560 3634 eadem
3606 3577 3674 3632 de

2109 3644 2479 3714 controversia
2509 3644 2836 3714 promulgata
2870 3654 3013 3701 sunt.

2177 3712 2345 3784 858
2371 3713 2611 3788 Primum
2634 3712 2775 3788 enim
2805 3716 2920 3771 lucc
2950 3718 3227 3772 notissima
3247 3727 3331 3773 est
3356 3718 3493 3788 juris
3518 3732 3674 3772 cano-

2108 3782 2779 3857 tticiregula,httjtismodi
2833 3789 3093 3856 rescripta
3142 3802 3241 3857 pro
3283 3782 3445 3842 nullis
3498 3788 3678 3843 haberi

2108 3852 2318 3909 debere
2335 3868 2398 3908 ac
2419 3852 2732 3928 subreptitia
2762 3852 3159 3928 censeri,'cum'
3188 3858 3391 3928 aliquid
3425 3861 3549 3913 novi
3578 3870 3681 3912 sta-

2109 3932 2285 3998 tuunt,
2309 3925 2556 3998 quodque
2580 3928 2940 3983 anterioribus
2961 3925 3308 3983 conciliorum
3337 3930 3676 3998 pontiﬁcum-

2107 4008 2211 4063 que
2256 3994 2489 4065 decretis
2517 3998 2843 4051 contrarium
2874 4000 2972 4065 sit,
3004 4013 3102 4054 nec
3131 4008 3309 4053 tamen
3337 3994 3411 4054 de
3440 4001 3551 4054 illis
3578 3999 3680 4053 ulla

2107 4064 2310 4118 mentio
2351 4064 2599 4119 habetur.
2631 4064 3016 4136 Argumentum
3059 4070 3202 4124 enim
3228 4079 3311 4123 est
3338 4071 3679 4125 evidentissi-

2106 4150 2252 4188 mum
2282 4144 2372 4188 aut
2398 4150 2510 4189 rem
2538 4136 2876 4206 indiligenter
2910 4140 3196 4193 admodum
3228 4147 3513 4194 tractatam
3545 4155 3680 4203 esse,

2105 4214 2200 4258 aut
2228 4205 2476 4280 fraudem
2499 4205 2961 4280 factam’pontiﬁci
2984 4251 2999 4276 ,
3038 4210 3121 4264 vel
3156 4209 3355 4280 aliquid
3386 4211 3439 4265 ei
3468 4211 3679 4264 humani

2106 4276 2417 4350 contigisse.
2436 4276 2583 4350 'l‘alis
2602 4288 2684 4331 εει
2707 4278 2961 4333 Bonifacii
2988 4276 3273 4350 sententia,
3290 4295 3412 4350 qua:
3437 4280 3508 4335 de
3538 4281 3685 4335 Zosi—

2106 4346 2179 4398 mi
2219 4347 2497 4415 rescriptis
2546 4361 2764 4415 prorsus
2810 4351 2952 4403 silet.
3003 4349 3150 4404 Talia
3195 4346 3455 4405 non'sunt
3486 4350 3680 4405 Zosimi

2105 4415 2343 4488 decreta,
2362 4432 2483 4486 qua:
2506 4419 2889 4487 rescriptorum
2915 4421 3368 4487 praedecessorum
3393 4422 3513 4488 ejus
3539 4438 3685 4477 men-

2107 4485 2304 4540 tionem
2332 4485 2552 4562 faciunt,
2580 4485 2836 4544 etsi'nihil
2863 4485 2942 4545 eis
2970 4491 3317 4558 contrarium,
3342 4485 3438 4546 sed
3463 4505 3683 4562 prorsus

418 4561 492 4612 sis
546 4557 803 4615 radicibus
849 4564 968 4641 vivit
1018 4557 1355 4641 att-tiquitas,’
1387 4561 1469 4641 cui
1497 4562 1732 4641 “decreta
1783 4560 2000 4615 Patrum
2026 4580 2081 4641 ι)
2106 4569 2399 4641 configunt
2424 4557 2757 4641 depertteret.

417 4645 637 4684 sanxere
671 4632 999 4686 reverentiam
1040 4628 1231 4701 (Epist.
1259 4633 1289 4684 7
1313 4628 1552 4701 Zosimi).

498 4701 880 4755 Exscribenda:
922 4700 1119 4755 essent
1143 4715 1362 4769 integra:
1391 4700 1633 4768 epistola:
1663 4710 1865 4769 septem
1895 4700 1991 4754 Zo.

419 4770 569 4829 zimi.
602 4787 721 4838 qum
761 4787 823 4826 ea
853 4772 920 4825 de
963 4787 1021 4825 re
1062 4773 1274 4840 scripta:
1313 4777 1459 4835 sunt,
1490 4784 1727 4838 quasque
1770 4772 1836 4825 ab
1875 4771 1998 4827 aliis

418 4841 648 4912 seorsim
679 4842 847 4896 editas
877 4842 1109 4909 reperiet
1134 4842 1301 4895 lector
1343 4851 1485 4895 torno
1514 4840 1535 4894 Ι
1566 4840 1779 4912 Αϐοῃοίι.
1827 4843 1994 4912 antiq.

334 4905 365 4943 ’ῖ
417 4910 608 4966 Gallia:
634 4927 760 4967 cura
787 4913 900 4966 Jac.
932 4905 1219 4968 Sirmondi.
1252 4912 1356 4967 Sed
1382 4914 1519 4965 sicut
1547 4910 1613 4965 de
1642 4910 1837 4966 Zosimi
1864 4905 1997 4967 seti-

418 4985 580 5035 tentia
614 4998 773 5037 nemo
798 4983 1024 5047 dubitat,
1055 4984 1123 5036 ita
1153 4985 1389 5051 plerique
1414 4986 1509 5035 ista
1537 4997 1721 5049 parum
1752 4983 1996 5038 consulte

414 5052 485 5105 ab
528 5067 593 5107 eo
642 5052 806 5107 fuisse
855 5052 1049 5121 scripta
1098 5064 1377 5117 asserunt,
1422 5061 1478 5106 et
1519 5053 1853 5122 privnlegium
1900 5051 1998 5105 hoc

452 5123 553 5175 uad
606 5126 954 5192 temporaliter
1006 5123 1267 5176 videbatur
1323 5138 1431 5176 esse
1485 5138 1776 5177 concessum
1802 5163 1817 5186 ,
1875 5136 1997 5177 cum

530 5208 598 5246 ne
642 5205 825 5247 nostro
868 5193 1194 5247 cootendunt
1242 5194 1563 5261 postmodum
1602 5209 1708 5247 esse
1749 5194 1998 5245 sententia

412 5263 626 5316 meliore
662 5263 939 5317 sublatunt.
990 5264 1143 5331 Quod
1188 5265 1330 5317 enim
1381 5263 1448 5317 de
1496 5263 1863 5332 suppositione
1904 5262 1998 5316 ba-

412 5345 532 5388 rum
562 5332 758 5407 Zosimi
786 5335 947 5405 857
988 5335 1309 5407 ltttettarum,
1340 5344 1394 5407 et
1423 5335 1585 5388 nimia
1611 5335 1726 5407 ejus
1755 5334 1992 5407 creduli-

415 5410 529 5460 tate
554 5403 826 5474 objicitur',
854 5403 964 5473 jam
1004 5403 1346 5459 dissolvimus
1376 5405 1429 5458 in
1463 5404 1626 5473 priori
1656 5405 1994 5458 dissertatio.

2176 4626 2552 4702 2'_Sent_entia_
2579 4627 2834 4702 Bonifacii
2866 4629 2973 4683 lata
3009 4640 3091 4685 est
3121 4632 3430 4702 ingratiam
3474 4632 3683 4686 Narbo-

2107 4697 2290 4769 nensis
2318 4699 2751 4769 episcopialtera
2784 4709 2933 4769 parte
2962 4716 3068 4753 non
3089 4697 3290 4765 audita,
3310 4716 3411 4757 nec
3430 4703 3559 4757 dato
3589 4717 3685 4757 sua

2100 4766 2221 4835 jura
2258 4765 2579 4821 defendendi
2611 4768 2757 4834 loco;
2784 4765 2845 4823 at
2885 4785 3005 4824 cum
3056 4770 3300 4826 Zosimus
3342 4773 3543 4827 litteris
3570 4774 3685 4827 suis

2107 4836 2410 4890 Arelatensi
2464 4838 2739 4907 privilegia
2784 4854 2879 4893 sua
2932 4846 3246 4895 conﬁrmata
3295 4856 3419 4897 esse
3468 4842 3682 4907 voluit,

2104 4907 2383 4975 utriusque
2425 4908 2592 4980 partis
2622 4911 2867 4977 pensavit
2891 4912 3257 4980 allegationes,
3289 4924 3343 4967 et
3371 4913 3436 4966 ad
3468 4913 3683 4967 Narbo-

2107 4991 2325 5053 nensem
2354 4979 2662 5053 epi_sc0pum
2703 4980 2908 5053 litteras
2940 4979 3108 5044 dedit,
3139 4986 3333 5053 quibus
3361 4998 3486 5037 eum
3518 4985 3682 5038 etiam

2102 5049 2280 5120 arguit
2302 5049 2478 5120 quod,
2520 5052 2860 5120 prietermissa
2898 5054 3000 5105 veri
3027 5049 3172 5120 ﬁde,
3212 5054 3509 5109 relationem
3535 5070 3689 5109 suam

2102 5120 2196 5171 sub
2216 5118 2505 5188 ilionestatis
2534 5118 2702 5173 solum
2728 5123 2891 5188 specie
2918 5118 3183 5177 coloravit.

2173 5187 2232 5261 β’
2261 5187 2451 5254 Liquet
2478 5203 2545 5243 ex
2578 5187 2831 5244 Bonifacii
2854 5193 3078 5261 cpistola
3110 5209 3223 5249 rem
3250 5194 3319 5248 ab
3339 5208 3408 5249 eo
3435 5195 3569 5249 satis
3604 5195 3689 5248 in-

2100 5259 2387 5329 diligenter
2410 5273 2535 5329 esse
2567 5259 2925 5315 examinatam
2945 5305 2959 5329 ,
2994 5279 3093 5317 nec
3119 5279 3303 5319 earum
3330 5280 3510 5319 rerum
3545 5267 3693 5320 noti-

2102 5330 2228 5404 tiam
2261 5328 2533 5404 habuisse,
2554 5345 2675 5404 qua:
2704 5332 2781 5385 liti
2831 5328 2954 5387 huic
2981 5334 3297 5389 dirimendas
3325 5336 3527 5404 pravis
3565 5350 3693 5390 esse

2100 5400 2377 5455 debuerat.
2409 5397 2520 5454 Nec
2544 5400 2687 5455 enim
2724 5412 3062 5473 perspectum
3087 5406 3271 5461 habuit
3298 5397 3694 5462 controversia

1483 5515 2040 5572 BALLERINIORUM
2076 5510 2618 5572 ANNOTATIONES.

484 5614 560 5685 (a)
599 5615 713 5669 Non
760 5615 1040 5685 occasione
1068 5627 1223 5685 novae
1260 5611 1564 5685 divisionis,
1592 5612 1686 5685 sed
1717 5610 1842 5685 quia
1888 5609 1988 5662 sub

414 5680 521 5740 hoc
540 5680 757 5755 tempus
782 5684 1159 5755 ecclesiasticas
1189 5682 1514 5755 metropoles
1556 5680 1759 5733 institui
1806 5692 1990 5755 crepe-

415 5762 563 5815 runt.
594 5749 951 5809 Narbonensis
973 5754 1250 5821 episcopus
1279 5753 1611 5822 privilegium
1635 5749 1991 5822 apostolicum

415 5825 677 5895 obtinuit;
709 5825 847 5898 quod
877 5817 1025 5880 omni
1057 5817 1404 5891 subi-optione
1431 5817 1705 5891 cipcrtetn
1738 5817 1993 5874 ostende-

2098 5604 2309 5683 mus‘itl
2327 5604 2541 5683 observ.
2574 5617 2711 5683 part.
2745 5625 2782 5663 ll
2802 5651 2816 5675 ,
2845 5624 2895 5664 c.
2927 5609 2983 5675 2,
3012 5628 3065 5664 n.
3095 5611 3131 5663 2
3159 5622 3211 5667 et
3244 5628 3396 5683 seqq.

2169 5674 2243 5747 (b)
2273 5673 2475 5750 Zosimi
2494 5673 2764 5750 rescripta
2802 5673 2895 5747 per
2923 5673 3331 5750 subreptioneni
3358 5673 3386 5737 Ξι
3432 5685 3695 5741 Patroclo

2100 5745 2381 5825 impetrata
2424 5745 2721 5825 videbimus
2767 5745 3182 5825 locotallega'to:
3217 5754 3395 5825 ibique
3433 5771 3488 5810 n.
3522 5757 3555 5810 7
3585 5757 3699 5813 Bo-

2099 5815 2278 5871 nifacii
2307 5828 2455 5884 papae
2485 5818 2759 5875 decretum
2790 5815 3165 5877 vindicabitur.
