  <div class='ocr_page' id='page_1' title='image "/cluster/home/n/w/nwhite01/storage/ocr_20150623/55/hvd.32044015471592/258.png"; bbox 0 0 3984 6306; ppageno 0'>
   <div class='ocr_carea' id='block_1_1' title="bbox 240 400 347 459">
    <p class='ocr_par' dir='ltr' id='par_1_1' title="bbox 240 400 347 459">
     <span class='ocr_line' id='line_1_1' title="bbox 240 400 347 459; baseline -0.019 0"><span class='ocrx_word' id='word_1_1' title='bbox 240 400 347 459; x_wconf 76' lang='lat'><strong>505</strong></span> 
     </span>
    </p>
   </div>
   <div class='ocr_carea' id='block_1_2' title="bbox 932 397 2826 466">
    <p class='ocr_par' dir='ltr' id='par_1_2' title="bbox 932 397 2826 466">
     <span class='ocr_line' id='line_1_2' title="bbox 932 397 2826 466; baseline 0.004 -7"><span class='ocrx_word' id='word_1_2' title='bbox 932 400 1239 460; x_wconf 56' lang='lat' dir='ltr'><strong>DI$ERT.</strong></span> <span class='ocrx_word' id='word_1_3' title='bbox 1280 403 1346 459; x_wconf 74' lang='grc' dir='ltr'><strong>γ.</strong></span> <span class='ocrx_word' id='word_1_4' title='bbox 1387 400 1729 459; x_wconf 74' lang='lat' dir='ltr'><strong>APOLOGIA</strong></span> <span class='ocrx_word' id='word_1_5' title='bbox 1775 397 1909 455; x_wconf 78' lang='lat' dir='ltr'><strong>PRO</strong></span> <span class='ocrx_word' id='word_1_6' title='bbox 1950 399 2008 456; x_wconf 88' lang='lat' dir='ltr'><strong>S.</strong></span> <span class='ocrx_word' id='word_1_7' title='bbox 2050 398 2330 458; x_wconf 77' lang='lat' dir='ltr'><strong>HlLABIO</strong></span> <span class='ocrx_word' id='word_1_8' title='bbox 2372 403 2826 466; x_wconf 68' lang='lat' dir='ltr'><strong>ARELATENSI.</strong></span> 
     </span>
    </p>
   </div>
   <div class='ocr_carea' id='block_1_3' title="bbox 3412 412 3518 469">
    <p class='ocr_par' dir='ltr' id='par_1_3' title="bbox 3412 412 3518 469">
     <span class='ocr_line' id='line_1_3' title="bbox 3412 412 3518 469; baseline -0.019 0"><span class='ocrx_word' id='word_1_9' title='bbox 3412 412 3518 469; x_wconf 78' lang='lat'><strong>506</strong></span> 
     </span>
    </p>
   </div>
   <div class='ocr_carea' id='block_1_4' title="bbox 241 494 3515 599">
    <p class='ocr_par' dir='ltr' id='par_1_4' title="bbox 241 494 3515 599">
     <span class='ocr_line' id='line_1_4' title="bbox 241 494 3515 599; baseline 0.003 -21"><span class='ocrx_word' id='word_1_10' title='bbox 241 494 464 599; x_wconf 62' lang='lat' dir='ltr'><strong>titatum,</strong></span> <span class='ocrx_word' id='word_1_11' title='bbox 494 540 615 596; x_wconf 66' lang='lat' dir='ltr'><strong>quae</strong></span> <span class='ocrx_word' id='word_1_12' title='bbox 644 540 749 599; x_wconf 84' lang='lat' dir='ltr'><strong>non</strong></span> <span class='ocrx_word' id='word_1_13' title='bbox 776 525 832 599; x_wconf 82' lang='lat' dir='ltr'><strong>in</strong></span> <span class='ocrx_word' id='word_1_14' title='bbox 857 525 959 581; x_wconf 87' lang='lat' dir='ltr'><strong>hoc</strong></span> <span class='ocrx_word' id='word_1_15' title='bbox 986 524 1325 599; x_wconf 75' lang='lat' dir='ltr'><strong>versabatur,</strong></span> <span class='ocrx_word' id='word_1_16' title='bbox 1358 538 1424 599; x_wconf 84' lang='lat' dir='ltr'><strong>an</strong></span> <span class='ocrx_word' id='word_1_17' title='bbox 1455 522 1828 599; x_wconf 81' lang='lat' dir='ltr'><strong>distinctarum</strong></span> <span class='ocrx_word' id='word_1_18' title='bbox 1857 521 1906 579; x_wconf 79' lang='grc' dir='ltr'>Α</span> <span class='ocrx_word' id='word_1_19' title='bbox 1934 518 2236 599; x_wconf 84' lang='lat' dir='ltr'><strong>Romanum</strong></span> <span class='ocrx_word' id='word_1_20' title='bbox 2267 522 2546 599; x_wconf 66' lang='lat' dir='ltr'><strong>adierunt,</strong></span> <span class='ocrx_word' id='word_1_21' title='bbox 2582 538 2819 599; x_wconf 86' lang='lat' dir='ltr'><strong>nontam</strong></span> <span class='ocrx_word' id='word_1_22' title='bbox 2863 530 3088 585; x_wconf 66' lang='lat' dir='ltr'><strong>mola-ste</strong></span> <span class='ocrx_word' id='word_1_23' title='bbox 3118 530 3352 587; x_wconf 79' lang='lat' dir='ltr'><strong>ferentes</strong></span> <span class='ocrx_word' id='word_1_24' title='bbox 3378 547 3515 599; x_wconf 71' lang='lat' dir='ltr'><strong>prte-</strong></span> 
     </span>
    </p>
   </div>
   <div class='ocr_carea' id='block_1_5' title="bbox 241 593 1823 664">
    <p class='ocr_par' dir='ltr' id='par_1_5' title="bbox 241 593 1823 664">
     <span class='ocr_line' id='line_1_5' title="bbox 241 593 1823 664; baseline -0.003 -16"><span class='ocrx_word' id='word_1_25' title='bbox 241 594 311 648; x_wconf 87' lang='lat' dir='ltr'><strong>ab</strong></span> <span class='ocrx_word' id='word_1_26' title='bbox 339 593 557 663; x_wconf 84' lang='lat' dir='ltr'><strong>antiquo</strong></span> <span class='ocrx_word' id='word_1_27' title='bbox 598 595 989 663; x_wconf 82' lang='lat' dir='ltr'><strong>provinciarum</strong></span> <span class='ocrx_word' id='word_1_28' title='bbox 1025 594 1418 664; x_wconf 70' lang='lat' dir='ltr'><strong>metropolitani</strong></span> <span class='ocrx_word' id='word_1_29' title='bbox 1460 593 1697 664; x_wconf 72' lang='lat' dir='ltr'><strong>distincti</strong></span> <span class='ocrx_word' id='word_1_30' title='bbox 1727 609 1823 659; x_wconf 84' lang='lat' dir='ltr'><strong>pa-</strong></span> 
     </span>
    </p>
   </div>
   <div class='ocr_carea' id='block_1_6' title="bbox 239 663 1822 732">
    <p class='ocr_par' dir='ltr' id='par_1_6' title="bbox 239 663 1822 732">
     <span class='ocr_line' id='line_1_6' title="bbox 239 663 1822 732; baseline -0.001 -12"><span class='ocrx_word' id='word_1_31' title='bbox 239 665 375 721; x_wconf 81' lang='lat' dir='ltr'><strong>riter</strong></span> <span class='ocrx_word' id='word_1_32' title='bbox 407 680 526 721; x_wconf 88' lang='lat' dir='ltr'><strong>esse</strong></span> <span class='ocrx_word' id='word_1_33' title='bbox 553 666 899 723; x_wconf 86' lang='lat' dir='ltr'><strong>deberent.et</strong></span> <span class='ocrx_word' id='word_1_34' title='bbox 919 682 986 721; x_wconf 91' lang='lat' dir='ltr'><strong>an</strong></span> <span class='ocrx_word' id='word_1_35' title='bbox 1008 666 1157 720; x_wconf 85' lang='lat' dir='ltr'><strong>alteri</strong></span> <span class='ocrx_word' id='word_1_36' title='bbox 1183 663 1236 719; x_wconf 81' lang='lat' dir='ltr'><strong>in</strong></span> <span class='ocrx_word' id='word_1_37' title='bbox 1264 664 1488 719; x_wconf 84' lang='lat' dir='ltr'><strong>alterius</strong></span> <span class='ocrx_word' id='word_1_38' title='bbox 1517 664 1637 732; x_wconf 83' lang='lat' dir='ltr'><strong>jura</strong></span> <span class='ocrx_word' id='word_1_39' title='bbox 1672 663 1822 718; x_wconf 85' lang='lat' dir='ltr'><strong>invo-</strong></span> 
     </span>
    </p>
   </div>
   <div class='ocr_carea' id='block_1_7' title="bbox 240 735 1819 806">
    <p class='ocr_par' dir='ltr' id='par_1_7' title="bbox 240 735 1819 806">
     <span class='ocr_line' id='line_1_7' title="bbox 240 735 1819 806; baseline -0.004 -16"><span class='ocrx_word' id='word_1_40' title='bbox 240 735 357 791; x_wconf 82' lang='lat' dir='ltr'><strong>lare</strong></span> <span class='ocrx_word' id='word_1_41' title='bbox 384 736 583 792; x_wconf 82' lang='lat' dir='ltr'><strong>licituto</strong></span> <span class='ocrx_word' id='word_1_42' title='bbox 608 748 786 802; x_wconf 84' lang='lat' dir='ltr'><strong>esset;</strong></span> <span class='ocrx_word' id='word_1_43' title='bbox 811 737 912 792; x_wconf 94' lang='lat' dir='ltr'><strong>hoc</strong></span> <span class='ocrx_word' id='word_1_44' title='bbox 937 736 1079 791; x_wconf 89' lang='lat' dir='ltr'><strong>enim</strong></span> <span class='ocrx_word' id='word_1_45' title='bbox 1102 745 1185 791; x_wconf 90' lang='lat' dir='ltr'><strong>est</strong></span> <span class='ocrx_word' id='word_1_46' title='bbox 1205 736 1346 806; x_wconf 88' lang='lat' dir='ltr'><strong>quod</strong></span> <span class='ocrx_word' id='word_1_47' title='bbox 1371 736 1588 789; x_wconf 85' lang='lat' dir='ltr'><strong>decreto</strong></span> <span class='ocrx_word' id='word_1_48' title='bbox 1603 735 1819 788; x_wconf 59' lang='lat' dir='ltr'><strong>Nicaeum</strong></span> 
     </span>
    </p>
   </div>
   <div class='ocr_carea' id='block_1_8' title="bbox 239 806 1819 877">
    <p class='ocr_par' dir='ltr' id='par_1_8' title="bbox 239 806 1819 877">
     <span class='ocr_line' id='line_1_8' title="bbox 239 806 1819 877; baseline 0.001 -18"><span class='ocrx_word' id='word_1_49' title='bbox 239 814 453 861; x_wconf 73' lang='lat' dir='ltr'><strong>vetatur</strong></span> <span class='ocrx_word' id='word_1_50' title='bbox 477 849 493 871; x_wconf 93' lang='lat'><strong>,</strong></span> <span class='ocrx_word' id='word_1_51' title='bbox 522 809 613 862; x_wconf 85' lang='lat' dir='ltr'><strong>sed</strong></span> <span class='ocrx_word' id='word_1_52' title='bbox 645 808 869 877; x_wconf 68' lang='lat' dir='ltr'><strong>qttazstio</strong></span> <span class='ocrx_word' id='word_1_53' title='bbox 910 817 1026 861; x_wconf 87' lang='lat' dir='ltr'><strong>erat</strong></span> <span class='ocrx_word' id='word_1_54' title='bbox 1058 825 1069 858; x_wconf 91' lang='lat'>:</span> <span class='ocrx_word' id='word_1_55' title='bbox 1120 806 1306 861; x_wconf 87' lang='lat' dir='ltr'><strong>Utrum</strong></span> <span class='ocrx_word' id='word_1_56' title='bbox 1352 806 1525 877; x_wconf 75' lang='lat' dir='ltr'><strong>diuisis</strong></span> <span class='ocrx_word' id='word_1_57' title='bbox 1567 806 1819 873; x_wconf 76' lang='lat' dir='ltr'><strong>imperiali</strong></span> 
     </span>
    </p>
   </div>
   <div class='ocr_carea' id='block_1_9' title="bbox 236 876 1815 948">
    <p class='ocr_par' dir='ltr' id='par_1_9' title="bbox 236 876 1815 948">
     <span class='ocr_line' id='line_1_9' title="bbox 236 876 1815 948; baseline 0 -19"><span class='ocrx_word' id='word_1_58' title='bbox 236 878 433 948; x_wconf 75' lang='lat' dir='ltr'><strong>judicio</strong></span> <span class='ocrx_word' id='word_1_59' title='bbox 463 876 734 947; x_wconf 83' lang='lat' dir='ltr'><strong>provinciis</strong></span> <span class='ocrx_word' id='word_1_60' title='bbox 754 920 769 942; x_wconf 93' lang='lat'><strong>,</strong></span> <span class='ocrx_word' id='word_1_61' title='bbox 817 889 868 931; x_wconf 90' lang='lat' dir='ltr'><strong>ut</strong></span> <span class='ocrx_word' id='word_1_62' title='bbox 896 880 1011 931; x_wconf 80' lang='lat' dir='ltr'><strong>dua:</strong></span> <span class='ocrx_word' id='word_1_63' title='bbox 1038 877 1338 947; x_wconf 80' lang='lat' dir='ltr'><strong>metrOpoles</strong></span> <span class='ocrx_word' id='word_1_64' title='bbox 1385 876 1510 948; x_wconf 61' lang='lat' dir='ltr'><strong>[iant</strong></span> <span class='ocrx_word' id='word_1_65' title='bbox 1530 917 1545 941; x_wconf 97' lang='lat'><strong>,</strong></span> <span class='ocrx_word' id='word_1_66' title='bbox 1597 879 1683 948; x_wconf 85' lang='lat' dir='ltr'><strong>sic_</strong></span> <span class='ocrx_word' id='word_1_67' title='bbox 1713 878 1815 929; x_wconf 87' lang='lat' dir='ltr'><strong>duo</strong></span> 
     </span>
    </p>
   </div>
   <div class='ocr_carea' id='block_1_10' title="bbox 240 944 1816 1019">
    <p class='ocr_par' dir='ltr' id='par_1_10' title="bbox 240 944 1816 1019">
     <span class='ocr_line' id='line_1_10' title="bbox 240 944 1816 1019; baseline 0 -20"><span class='ocrx_word' id='word_1_68' title='bbox 240 944 621 1015; x_wconf 72' lang='lat' dir='ltr'><strong>metropolitani</strong></span> <span class='ocrx_word' id='word_1_69' title='bbox 640 951 865 1019; x_wconf 80' lang='lat' dir='ltr'><strong>episcopi</strong></span> <span class='ocrx_word' id='word_1_70' title='bbox 891 949 1101 1002; x_wconf 78' lang='lat' dir='ltr'><strong>debeant</strong></span> <span class='ocrx_word' id='word_1_71' title='bbox 1131 944 1391 1019; x_wconf 83' lang='lat' dir='ltr'><strong>nominari</strong></span> <span class='ocrx_word' id='word_1_72' title='bbox 1416 944 1611 1019; x_wconf 70' lang='lat' dir='ltr'><strong>(Epist.</strong></span> <span class='ocrx_word' id='word_1_73' title='bbox 1655 945 1816 1019; x_wconf 61' lang='lat' dir='ltr'><strong>[nuo-</strong></span> 
     </span>
    </p>
   </div>
   <div class='ocr_carea' id='block_1_11' title="bbox 237 1017 1818 1088">
    <p class='ocr_par' dir='ltr' id='par_1_11' title="bbox 237 1017 1818 1088">
     <span class='ocr_line' id='line_1_11' title="bbox 237 1017 1818 1088; baseline -0.002 -17"><span class='ocrx_word' id='word_1_74' title='bbox 237 1019 390 1071; x_wconf 82' lang='lat' dir='ltr'><strong>centii</strong></span> <span class='ocrx_word' id='word_1_75' title='bbox 409 1035 553 1088; x_wconf 81' lang='lat' dir='ltr'><strong>papa:</strong></span> <span class='ocrx_word' id='word_1_76' title='bbox 590 1017 676 1071; x_wconf 19' lang='lat' dir='ltr'><strong>ad»</strong></span> <span class='ocrx_word' id='word_1_77' title='bbox 706 1020 1051 1073; x_wconf 73' lang='lat' dir='ltr'><strong>Alexandrum</strong></span> <span class='ocrx_word' id='word_1_78' title='bbox 1077 1018 1361 1086; x_wconf 82' lang='lat' dir='ltr'><strong>Antioch.),</strong></span> <span class='ocrx_word' id='word_1_79' title='bbox 1392 1018 1532 1084; x_wconf 93' lang='lat' dir='ltr'><strong>quod</strong></span> <span class='ocrx_word' id='word_1_80' title='bbox 1563 1017 1632 1070; x_wconf 89' lang='lat' dir='ltr'><strong>ab</strong></span> <span class='ocrx_word' id='word_1_81' title='bbox 1660 1017 1818 1071; x_wconf 86' lang='lat' dir='ltr'><strong>luno-</strong></span> 
     </span>
    </p>
   </div>
   <div class='ocr_carea' id='block_1_12' title="bbox 237 1088 1820 1158">
    <p class='ocr_par' dir='ltr' id='par_1_12' title="bbox 237 1088 1820 1158">
     <span class='ocr_line' id='line_1_12' title="bbox 237 1088 1820 1158; baseline -0.004 -15"><span class='ocrx_word' id='word_1_82' title='bbox 237 1090 416 1144; x_wconf 88' lang='lat' dir='ltr'><strong>centio</strong></span> <span class='ocrx_word' id='word_1_83' title='bbox 456 1089 713 1145; x_wconf 78' lang='lat' dir='ltr'><strong>Bonifacii</strong></span> <span class='ocrx_word' id='word_1_84' title='bbox 759 1091 1154 1158; x_wconf 69' lang='lat' dir='ltr'><strong>praedecessore</strong></span> <span class='ocrx_word' id='word_1_85' title='bbox 1183 1088 1556 1143; x_wconf 84' lang='lat' dir='ltr'><strong>sciscitabatur</strong></span> <span class='ocrx_word' id='word_1_86' title='bbox 1585 1088 1820 1158; x_wconf 74' lang='lat' dir='ltr'><strong>Alexan-</strong></span> 
     </span>
    </p>
   </div>
   <div class='ocr_carea' id='block_1_13' title="bbox 235 1157 1819 1229">
    <p class='ocr_par' dir='ltr' id='par_1_13' title="bbox 235 1157 1819 1229">
     <span class='ocr_line' id='line_1_13' title="bbox 235 1157 1819 1229; baseline -0.001 -17"><span class='ocrx_word' id='word_1_87' title='bbox 235 1159 336 1213; x_wconf 87' lang='lat' dir='ltr'><strong>der</strong></span> <span class='ocrx_word' id='word_1_88' title='bbox 378 1157 790 1215; x_wconf 40' lang='lat' dir='ltr'><strong>Antiochenus&#39;:</strong></span> <span class='ocrx_word' id='word_1_89' title='bbox 821 1175 941 1229; x_wconf 63' lang='lat' dir='ltr'><strong>quae</strong></span> <span class='ocrx_word' id='word_1_90' title='bbox 988 1160 1355 1214; x_wconf 81' lang='lat' dir='ltr'><strong>controversia</strong></span> <span class='ocrx_word' id='word_1_91' title='bbox 1406 1157 1702 1229; x_wconf 74' lang='lat' dir='ltr'><strong>secundum</strong></span> <span class='ocrx_word' id='word_1_92' title='bbox 1737 1158 1819 1210; x_wconf 87' lang='lat' dir='ltr'><strong>ln-</strong></span> 
     </span>
    </p>
   </div>
   <div class='ocr_carea' id='block_1_14' title="bbox 235 1226 1816 1293">
    <p class='ocr_par' dir='ltr' id='par_1_14' title="bbox 235 1226 1816 1293">
     <span class='ocr_line' id='line_1_14' title="bbox 235 1226 1816 1293; baseline -0.003 -10"><span class='ocrx_word' id='word_1_93' title='bbox 235 1230 468 1285; x_wconf 87' lang='lat' dir='ltr'><strong>nocentii</strong></span> <span class='ocrx_word' id='word_1_94' title='bbox 528 1232 805 1286; x_wconf 90' lang='lat' dir='ltr'><strong>decretum</strong></span> <span class='ocrx_word' id='word_1_95' title='bbox 842 1226 1161 1284; x_wconf 58' lang='lat' dir='ltr'><strong>&#39;dirimenda</strong></span> <span class='ocrx_word' id='word_1_96' title='bbox 1206 1237 1343 1293; x_wconf 89' lang='lat' dir='ltr'><strong>erat,</strong></span> <span class='ocrx_word' id='word_1_97' title='bbox 1402 1228 1491 1291; x_wconf 92' lang='lat' dir='ltr'><strong>qui</strong></span> <span class='ocrx_word' id='word_1_98' title='bbox 1544 1226 1816 1281; x_wconf 79' lang='lat' dir='ltr'><strong>Niczenum</strong></span> 
     </span>
    </p>
   </div>
   <div class='ocr_carea' id='block_1_15' title="bbox 233 1296 1817 1369">
    <p class='ocr_par' dir='ltr' id='par_1_15' title="bbox 233 1296 1817 1369">
     <span class='ocr_line' id='line_1_15' title="bbox 233 1296 1817 1369; baseline -0.002 -16"><span class='ocrx_word' id='word_1_99' title='bbox 233 1312 498 1355; x_wconf 85' lang='lat' dir='ltr'><strong>canonem</strong></span> <span class='ocrx_word' id='word_1_100' title='bbox 564 1300 970 1369; x_wconf 88' lang='lat' dir='ltr'><strong>interpretando</strong></span> <span class='ocrx_word' id='word_1_101' title='bbox 1010 1299 1293 1369; x_wconf 18' lang='lat' dir='ltr'><strong>isancivit,</strong></span> <span class='ocrx_word' id='word_1_102' title='bbox 1361 1296 1430 1351; x_wconf 90' lang='lat' dir='ltr'><strong>ad</strong></span> <span class='ocrx_word' id='word_1_103' title='bbox 1488 1297 1817 1350; x_wconf 79' lang='lat' dir='ltr'><strong>mobilitatem</strong></span> 
     </span>
    </p>
   </div>
   <div class='ocr_carea' id='block_1_16' title="bbox 232 1368 1818 1425">
    <p class='ocr_par' dir='ltr' id='par_1_16' title="bbox 232 1368 1818 1425">
     <span class='ocr_line' id='line_1_16' title="bbox 232 1368 1818 1425; baseline -0.001 -3"><span class='ocrx_word' id='word_1_104' title='bbox 232 1372 591 1425; x_wconf 70' lang='lat' dir='ltr'><strong>necessitatum</strong></span> <span class='ocrx_word' id='word_1_105' title='bbox 603 1368 982 1424; x_wconf 86' lang='lat' dir='ltr'><strong>mundanorum</strong></span> <span class='ocrx_word' id='word_1_106' title='bbox 998 1368 1092 1421; x_wconf 90' lang='lat' dir='ltr'><strong>Dei</strong></span> <span class='ocrx_word' id='word_1_107' title='bbox 1107 1368 1387 1421; x_wconf 81' lang='lat' dir='ltr'><strong>Ecclesiam</strong></span> <span class='ocrx_word' id='word_1_108' title='bbox 1402 1370 1704 1422; x_wconf 89' lang='lat' dir='ltr'><strong>commutari</strong></span> <span class='ocrx_word' id='word_1_109' title='bbox 1718 1385 1818 1421; x_wconf 87' lang='lat' dir='ltr'><strong>non</strong></span> 
     </span>
    </p>
   </div>
   <div class='ocr_carea' id='block_1_17' title="bbox 232 1438 1815 1497">
    <p class='ocr_par' dir='ltr' id='par_1_17' title="bbox 232 1438 1815 1497">
     <span class='ocr_line' id='line_1_17' title="bbox 232 1438 1815 1497; baseline -0.001 -4"><span class='ocrx_word' id='word_1_110' title='bbox 232 1441 433 1495; x_wconf 85' lang='lat' dir='ltr'><strong>decere.</strong></span> <span class='ocrx_word' id='word_1_111' title='bbox 457 1442 729 1497; x_wconf 67' lang='lat' dir='ltr'><strong>Praeterea</strong></span> <span class='ocrx_word' id='word_1_112' title='bbox 759 1441 827 1494; x_wconf 90' lang='lat' dir='ltr'><strong>de</strong></span> <span class='ocrx_word' id='word_1_113' title='bbox 862 1439 1253 1495; x_wconf 87' lang='lat' dir='ltr'><strong>Gallicanarum</strong></span> <span class='ocrx_word' id='word_1_114' title='bbox 1287 1438 1649 1494; x_wconf 85' lang='lat' dir='ltr'><strong>Ecclesiarum</strong></span> <span class='ocrx_word' id='word_1_115' title='bbox 1676 1449 1815 1493; x_wconf 87' lang='lat' dir='ltr'><strong>statu</strong></span> 
     </span>
    </p>
   </div>
   <div class='ocr_carea' id='block_1_18' title="bbox 232 1508 1815 1579">
    <p class='ocr_par' dir='ltr' id='par_1_18' title="bbox 232 1508 1815 1579">
     <span class='ocr_line' id='line_1_18' title="bbox 232 1508 1815 1579; baseline -0.001 -16"><span class='ocrx_word' id='word_1_116' title='bbox 232 1510 308 1565; x_wconf 90' lang='lat' dir='ltr'><strong>ita</strong></span> <span class='ocrx_word' id='word_1_117' title='bbox 364 1526 552 1579; x_wconf 86' lang='lat' dir='ltr'><strong>parum</strong></span> <span class='ocrx_word' id='word_1_118' title='bbox 593 1513 885 1565; x_wconf 84' lang='lat' dir='ltr'><strong>instructus</strong></span> <span class='ocrx_word' id='word_1_119' title='bbox 924 1510 1019 1563; x_wconf 78' lang='lat' dir='ltr'><strong>fuit</strong></span> <span class='ocrx_word' id='word_1_120' title='bbox 1050 1508 1371 1573; x_wconf 81' lang='lat' dir='ltr'><strong>Bonifacius,</strong></span> <span class='ocrx_word' id='word_1_121' title='bbox 1407 1517 1464 1561; x_wconf 92' lang='lat' dir='ltr'><strong>ut</strong></span> <span class='ocrx_word' id='word_1_122' title='bbox 1497 1508 1815 1579; x_wconf 80' lang='lat' dir='ltr'><strong>dubitanter</strong></span> 
     </span>
    </p>
   </div>
   <div class='ocr_carea' id='block_1_19' title="bbox 231 1577 1814 1650">
    <p class='ocr_par' dir='ltr' id='par_1_19' title="bbox 231 1577 1814 1650">
     <span class='ocr_line' id='line_1_19' title="bbox 231 1577 1814 1650; baseline -0.002 -16"><span class='ocrx_word' id='word_1_123' title='bbox 231 1577 527 1635; x_wconf 82' lang='lat' dir='ltr'><strong>admodum</strong></span> <span class='ocrx_word' id='word_1_124' title='bbox 558 1582 843 1650; x_wconf 85' lang='lat' dir='ltr'><strong>loquatur:</strong></span> <span class='ocrx_word' id='word_1_125' title='bbox 876 1579 938 1636; x_wconf 89' lang='lat' dir='ltr'><strong>Si</strong></span> <span class='ocrx_word' id='word_1_126' title='bbox 964 1581 1037 1633; x_wconf 89' lang='lat' dir='ltr'><strong>ita</strong></span> <span class='ocrx_word' id='word_1_127' title='bbox 1068 1597 1149 1633; x_wconf 89' lang='lat' dir='ltr'><strong>res</strong></span> <span class='ocrx_word' id='word_1_128' title='bbox 1177 1588 1311 1646; x_wconf 80' lang='lat' dir='ltr'><strong>sunt,</strong></span> <span class='ocrx_word' id='word_1_129' title='bbox 1341 1588 1395 1633; x_wconf 92' lang='lat' dir='ltr'><strong>et</strong></span> <span class='ocrx_word' id='word_1_130' title='bbox 1420 1577 1508 1650; x_wconf 85' lang='lat' dir='ltr'><strong>ubi</strong></span> <span class='ocrx_word' id='word_1_131' title='bbox 1537 1579 1648 1650; x_wconf 78' lang='lat' dir='ltr'><strong>sita</strong></span> <span class='ocrx_word' id='word_1_132' title='bbox 1670 1588 1814 1633; x_wconf 87' lang='lat' dir='ltr'><strong>esset</strong></span> 
     </span>
    </p>
   </div>
   <div class='ocr_carea' id='block_1_20' title="bbox 231 1647 1807 1718">
    <p class='ocr_par' dir='ltr' id='par_1_20' title="bbox 231 1647 1807 1718">
     <span class='ocr_line' id='line_1_20' title="bbox 231 1647 1807 1718; baseline -0.002 -12"><span class='ocrx_word' id='word_1_133' title='bbox 231 1647 878 1715; x_wconf 49' lang='lat' dir='ltr'><strong>Lutevensium&#39;civitas,</strong></span> <span class='ocrx_word' id='word_1_134' title='bbox 905 1666 974 1705; x_wconf 90' lang='lat' dir='ltr'><strong>ne</strong></span> <span class='ocrx_word' id='word_1_135' title='bbox 1016 1650 1284 1718; x_wconf 86' lang='lat' dir='ltr'><strong>cognitum</strong></span> <span class='ocrx_word' id='word_1_136' title='bbox 1322 1648 1533 1717; x_wconf 88' lang='lat' dir='ltr'><strong>quidem</strong></span> <span class='ocrx_word' id='word_1_137' title='bbox 1562 1647 1807 1704; x_wconf 86' lang='lat' dir='ltr'><strong>haberet.</strong></span> 
     </span>
    </p>
   </div>
   <div class='ocr_carea' id='block_1_21' title="bbox 236 1719 1804 1791">
    <p class='ocr_par' dir='ltr' id='par_1_21' title="bbox 236 1719 1804 1791">
     <span class='ocr_line' id='line_1_21' title="bbox 236 1719 1804 1791; baseline -0.001 -16"><span class='ocrx_word' id='word_1_138' title='bbox 236 1720 484 1791; x_wconf 89' lang='lat' dir='ltr'><strong>Denique</strong></span> <span class='ocrx_word' id='word_1_139' title='bbox 506 1736 610 1777; x_wconf 91' lang='lat' dir='ltr'><strong>non</strong></span> <span class='ocrx_word' id='word_1_140' title='bbox 632 1723 763 1776; x_wconf 88' lang='lat' dir='ltr'><strong>satis</strong></span> <span class='ocrx_word' id='word_1_141' title='bbox 785 1729 988 1791; x_wconf 70' lang='lat' dir='ltr'><strong>mature</strong></span> <span class='ocrx_word' id='word_1_142' title='bbox 1016 1735 1129 1773; x_wconf 91' lang='lat' dir='ltr'><strong>rem</strong></span> <span class='ocrx_word' id='word_1_143' title='bbox 1156 1733 1273 1773; x_wconf 90' lang='lat' dir='ltr'><strong>esse</strong></span> <span class='ocrx_word' id='word_1_144' title='bbox 1304 1727 1578 1791; x_wconf 81' lang='lat' dir='ltr'><strong>pensatam</strong></span> <span class='ocrx_word' id='word_1_145' title='bbox 1603 1719 1804 1774; x_wconf 89' lang='lat' dir='ltr'><strong>clarum</strong></span> 
     </span>
    </p>
   </div>
   <div class='ocr_carea' id='block_1_22' title="bbox 236 1787 1803 1858">
    <p class='ocr_par' dir='ltr' id='par_1_22' title="bbox 236 1787 1803 1858">
     <span class='ocr_line' id='line_1_22' title="bbox 236 1787 1803 1858; baseline -0.001 -12"><span class='ocrx_word' id='word_1_146' title='bbox 236 1802 345 1858; x_wconf 87' lang='lat' dir='ltr'><strong>est,</strong></span> <span class='ocrx_word' id='word_1_147' title='bbox 379 1787 499 1848; x_wconf 82' lang='lat' dir='ltr'><strong>cum</strong></span> <span class='ocrx_word' id='word_1_148' title='bbox 552 1794 730 1847; x_wconf 86' lang='lat' dir='ltr'><strong>statim</strong></span> <span class='ocrx_word' id='word_1_149' title='bbox 761 1807 823 1845; x_wconf 89' lang='lat' dir='ltr'><strong>ac</strong></span> <span class='ocrx_word' id='word_1_150' title='bbox 867 1788 1242 1845; x_wconf 90' lang='lat' dir='ltr'><strong>Lutevensiutn</strong></span> <span class='ocrx_word' id='word_1_151' title='bbox 1271 1787 1517 1856; x_wconf 87' lang='lat' dir='ltr'><strong>querelas</strong></span> <span class='ocrx_word' id='word_1_152' title='bbox 1548 1791 1803 1856; x_wconf 79' lang='lat' dir='ltr'><strong>excepit,</strong></span> 
     </span>
    </p>
   </div>
   <div class='ocr_carea' id='block_1_23' title="bbox 231 1858 1804 1928">
    <p class='ocr_par' dir='ltr' id='par_1_23' title="bbox 231 1858 1804 1928">
     <span class='ocr_line' id='line_1_23' title="bbox 231 1858 1804 1928; baseline 0.001 -14"><span class='ocrx_word' id='word_1_153' title='bbox 231 1865 558 1918; x_wconf 85' lang='lat' dir='ltr'><strong>sententiam</strong></span> <span class='ocrx_word' id='word_1_154' title='bbox 586 1862 939 1917; x_wconf 89' lang='lat' dir='ltr'><strong>decretoriam</strong></span> <span class='ocrx_word' id='word_1_155' title='bbox 975 1859 1174 1918; x_wconf 87' lang='lat' dir='ltr'><strong>tulerit,</strong></span> <span class='ocrx_word' id='word_1_156' title='bbox 1199 1867 1469 1928; x_wconf 86' lang='lat' dir='ltr'><strong>totamque</strong></span> <span class='ocrx_word' id='word_1_157' title='bbox 1498 1858 1648 1913; x_wconf 87' lang='lat' dir='ltr'><strong>illam</strong></span> <span class='ocrx_word' id='word_1_158' title='bbox 1677 1875 1804 1916; x_wconf 89' lang='lat' dir='ltr'><strong>con-</strong></span> 
     </span>
    </p>
   </div>
   <div class='ocr_carea' id='block_1_24' title="bbox 227 1930 1490 1999">
    <p class='ocr_par' dir='ltr' id='par_1_24' title="bbox 227 1930 1490 1999">
     <span class='ocr_line' id='line_1_24' title="bbox 227 1930 1490 1999; baseline -0.001 -16"><span class='ocrx_word' id='word_1_159' title='bbox 227 1934 550 1987; x_wconf 84' lang='lat' dir='ltr'><strong>troversiam</strong></span> <span class='ocrx_word' id='word_1_160' title='bbox 582 1932 733 1986; x_wconf 91' lang='lat' dir='ltr'><strong>unica</strong></span> <span class='ocrx_word' id='word_1_161' title='bbox 760 1930 986 1999; x_wconf 88' lang='lat' dir='ltr'><strong>epistola</strong></span> <span class='ocrx_word' id='word_1_162' title='bbox 1015 1931 1490 1984; x_wconf 84' lang='lat' dir='ltr'><strong>consummaverit.</strong></span> 
     </span>
    </p>
   </div>
   <div class='ocr_carea' id='block_1_25' title="bbox 298 2000 1807 2073">
    <p class='ocr_par' dir='ltr' id='par_1_25' title="bbox 298 2000 1807 2073">
     <span class='ocr_line' id='line_1_25' title="bbox 298 2000 1807 2073; baseline 0.001 -17"><span class='ocrx_word' id='word_1_163' title='bbox 298 2001 483 2073; x_wconf 86' lang='lat' dir='ltr'><strong>Longe</strong></span> <span class='ocrx_word' id='word_1_164' title='bbox 503 2002 659 2056; x_wconf 91' lang='lat' dir='ltr'><strong>aliter</strong></span> <span class='ocrx_word' id='word_1_165' title='bbox 680 2018 745 2073; x_wconf 86' lang='lat' dir='ltr'><strong>se</strong></span> <span class='ocrx_word' id='word_1_166' title='bbox 768 2009 1009 2073; x_wconf 76' lang='lat' dir='ltr'><strong>gesserat</strong></span> <span class='ocrx_word' id='word_1_167' title='bbox 1033 2000 1275 2073; x_wconf 65' lang='lat' dir='ltr'><strong>lusimus</strong></span> <span class='ocrx_word' id='word_1_168' title='bbox 1299 2018 1311 2052; x_wconf 91' lang='lat'><strong>:</strong></span> <span class='ocrx_word' id='word_1_169' title='bbox 1337 2000 1467 2073; x_wconf 85' lang='lat' dir='ltr'><strong>nihil</strong></span> <span class='ocrx_word' id='word_1_170' title='bbox 1496 2001 1638 2073; x_wconf 88' lang='lat' dir='ltr'><strong>enim</strong></span> <span class='ocrx_word' id='word_1_171' title='bbox 1669 2004 1807 2057; x_wconf 90' lang='lat' dir='ltr'><strong>omi-</strong></span> 
     </span>
    </p>
   </div>
   <div class='ocr_carea' id='block_1_26' title="bbox 220 2070 1806 2143">
    <p class='ocr_par' dir='ltr' id='par_1_26' title="bbox 220 2070 1806 2143">
     <span class='ocr_line' id='line_1_26' title="bbox 220 2070 1806 2143; baseline 0.004 -19"><span class='ocrx_word' id='word_1_172' title='bbox 220 2070 301 2126; x_wconf 92' lang='lat' dir='ltr'><strong>sit</strong></span> <span class='ocrx_word' id='word_1_173' title='bbox 320 2070 509 2127; x_wconf 79' lang='lat' dir='ltr'><strong>eorum</strong></span> <span class='ocrx_word' id='word_1_174' title='bbox 539 2088 657 2140; x_wconf 59' lang='lat' dir='ltr'><strong>quas</strong></span> <span class='ocrx_word' id='word_1_175' title='bbox 684 2072 753 2127; x_wconf 92' lang='lat' dir='ltr'><strong>ad</strong></span> <span class='ocrx_word' id='word_1_176' title='bbox 776 2070 1161 2143; x_wconf 72' lang='lat' dir='ltr'><strong>inquirendam</strong></span> <span class='ocrx_word' id='word_1_177' title='bbox 1200 2071 1276 2143; x_wconf 86' lang='lat' dir='ltr'><strong>rei</strong></span> <span class='ocrx_word' id='word_1_178' title='bbox 1307 2072 1584 2143; x_wconf 76' lang='lat' dir='ltr'><strong>veritatem</strong></span> <span class='ocrx_word' id='word_1_179' title='bbox 1609 2072 1806 2143; x_wconf 87' lang='lat' dir='ltr'><strong>jusque</strong></span> 
     </span>
    </p>
   </div>
   <div class='ocr_carea' id='block_1_27' title="bbox 217 2141 1804 2213">
    <p class='ocr_par' dir='ltr' id='par_1_27' title="bbox 217 2141 1804 2213">
     <span class='ocr_line' id='line_1_27' title="bbox 217 2141 1804 2213; baseline 0.003 -17"><span class='ocrx_word' id='word_1_180' title='bbox 217 2144 460 2213; x_wconf 83' lang='lat' dir='ltr'><strong>partium</strong></span> <span class='ocrx_word' id='word_1_181' title='bbox 508 2142 932 2213; x_wconf 74' lang='lat' dir='ltr'><strong>investigandum</strong></span> <span class='ocrx_word' id='word_1_182' title='bbox 974 2142 1278 2197; x_wconf 88' lang='lat' dir='ltr'><strong>necessaria</strong></span> <span class='ocrx_word' id='word_1_183' title='bbox 1315 2152 1488 2196; x_wconf 89' lang='lat' dir='ltr'><strong>erant.</strong></span> <span class='ocrx_word' id='word_1_184' title='bbox 1528 2141 1666 2213; x_wconf 79' lang='lat' dir='ltr'><strong>Rem</strong></span> <span class='ocrx_word' id='word_1_185' title='bbox 1697 2141 1804 2200; x_wconf 88' lang='lat' dir='ltr'><strong>non</strong></span> 
     </span>
    </p>
   </div>
   <div class='ocr_carea' id='block_1_28' title="bbox 216 2211 1804 2282">
    <p class='ocr_par' dir='ltr' id='par_1_28' title="bbox 216 2211 1804 2282">
     <span class='ocr_line' id='line_1_28' title="bbox 216 2211 1804 2282; baseline 0.004 -17"><span class='ocrx_word' id='word_1_186' title='bbox 216 2211 385 2267; x_wconf 87' lang='lat' dir='ltr'><strong>unica</strong></span> <span class='ocrx_word' id='word_1_187' title='bbox 416 2214 646 2282; x_wconf 85' lang='lat' dir='ltr'><strong>epistola</strong></span> <span class='ocrx_word' id='word_1_188' title='bbox 676 2211 730 2269; x_wconf 77' lang='lat' dir='ltr'><strong>ei</strong></span> <span class='ocrx_word' id='word_1_189' title='bbox 760 2228 867 2268; x_wconf 92' lang='lat' dir='ltr'><strong>uno</strong></span> <span class='ocrx_word' id='word_1_190' title='bbox 896 2213 1056 2267; x_wconf 88' lang='lat' dir='ltr'><strong>veluti</strong></span> <span class='ocrx_word' id='word_1_191' title='bbox 1098 2220 1372 2266; x_wconf 90' lang='lat' dir='ltr'><strong>momento</strong></span> <span class='ocrx_word' id='word_1_192' title='bbox 1408 2212 1642 2267; x_wconf 82' lang='lat' dir='ltr'><strong>confecit</strong></span> <span class='ocrx_word' id='word_1_193' title='bbox 1661 2257 1676 2279; x_wconf 94' lang='lat'><strong>,</strong></span> <span class='ocrx_word' id='word_1_194' title='bbox 1707 2217 1804 2271; x_wconf 91' lang='lat' dir='ltr'><strong>sed</strong></span> 
     </span>
    </p>
   </div>
   <div class='ocr_carea' id='block_1_29' title="bbox 214 2282 1804 2352">
    <p class='ocr_par' dir='ltr' id='par_1_29' title="bbox 214 2282 1804 2352">
     <span class='ocr_line' id='line_1_29' title="bbox 214 2282 1804 2352; baseline 0.003 -15"><span class='ocrx_word' id='word_1_195' title='bbox 214 2294 436 2352; x_wconf 79' lang='lat' dir='ltr'><strong>septem</strong></span> <span class='ocrx_word' id='word_1_196' title='bbox 484 2300 544 2339; x_wconf 91' lang='lat' dir='ltr'><strong>ea</strong></span> <span class='ocrx_word' id='word_1_197' title='bbox 590 2284 660 2339; x_wconf 92' lang='lat' dir='ltr'><strong>de</strong></span> <span class='ocrx_word' id='word_1_198' title='bbox 706 2299 766 2339; x_wconf 91' lang='lat' dir='ltr'><strong>re</strong></span> <span class='ocrx_word' id='word_1_199' title='bbox 805 2282 1127 2352; x_wconf 88' lang='lat' dir='ltr'><strong>conscripsit</strong></span> <span class='ocrx_word' id='word_1_200' title='bbox 1166 2282 1441 2349; x_wconf 82' lang='lat' dir='ltr'><strong>epistolas,</strong></span> <span class='ocrx_word' id='word_1_201' title='bbox 1473 2291 1529 2338; x_wconf 91' lang='lat' dir='ltr'><strong>et</strong></span> <span class='ocrx_word' id='word_1_202' title='bbox 1555 2300 1649 2351; x_wconf 91' lang='lat' dir='ltr'><strong>per</strong></span> <span class='ocrx_word' id='word_1_203' title='bbox 1678 2288 1804 2341; x_wconf 90' lang='lat' dir='ltr'><strong>anni</strong></span> 
     </span>
    </p>
   </div>
   <div class='ocr_carea' id='block_1_30' title="bbox 215 2352 1802 2425">
    <p class='ocr_par' dir='ltr' id='par_1_30' title="bbox 215 2352 1802 2425">
     <span class='ocr_line' id='line_1_30' title="bbox 215 2352 1802 2425; baseline 0.003 -19"><span class='ocrx_word' id='word_1_204' title='bbox 215 2352 423 2425; x_wconf 76' lang='lat' dir='ltr'><strong>integri</strong></span> <span class='ocrx_word' id='word_1_205' title='bbox 454 2356 685 2425; x_wconf 84' lang='lat' dir='ltr'><strong>spatium</strong></span> <span class='ocrx_word' id='word_1_206' title='bbox 713 2358 967 2419; x_wconf 88' lang='lat' dir='ltr'><strong>versavit,</strong></span> <span class='ocrx_word' id='word_1_207' title='bbox 1000 2370 1105 2407; x_wconf 91' lang='lat' dir='ltr'><strong>non</strong></span> <span class='ocrx_word' id='word_1_208' title='bbox 1140 2352 1499 2425; x_wconf 81' lang='lat' dir='ltr'><strong>perfunctorie</strong></span> <span class='ocrx_word' id='word_1_209' title='bbox 1521 2370 1584 2408; x_wconf 91' lang='lat' dir='ltr'><strong>ac</strong></span> <span class='ocrx_word' id='word_1_210' title='bbox 1614 2359 1802 2422; x_wconf 70' lang='lat' dir='ltr'><strong>praeci-</strong></span> 
     </span>
    </p>
   </div>
   <div class='ocr_carea' id='block_1_31' title="bbox 213 2422 1805 2494">
    <p class='ocr_par' dir='ltr' id='par_1_31' title="bbox 213 2422 1805 2494">
     <span class='ocr_line' id='line_1_31' title="bbox 213 2422 1805 2494; baseline 0.003 -17"><span class='ocrx_word' id='word_1_211' title='bbox 213 2422 607 2493; x_wconf 26' lang='lat' dir='ltr'><strong>pitanter,‘sed</strong></span> <span class='ocrx_word' id='word_1_212' title='bbox 652 2425 951 2491; x_wconf 70' lang='lat' dir='ltr'><strong>studiosius,</strong></span> <span class='ocrx_word' id='word_1_213' title='bbox 983 2433 1041 2477; x_wconf 89' lang='lat' dir='ltr'><strong>ttt</strong></span> <span class='ocrx_word' id='word_1_214' title='bbox 1082 2426 1195 2486; x_wconf 85' lang='lat' dir='ltr'><strong>ipse</strong></span> <span class='ocrx_word' id='word_1_215' title='bbox 1226 2424 1476 2492; x_wconf 88' lang='lat' dir='ltr'><strong>loquitur,</strong></span> <span class='ocrx_word' id='word_1_216' title='bbox 1507 2426 1805 2494; x_wconf 80' lang='lat' dir='ltr'><strong>requisivit;</strong></span> 
     </span>
    </p>
   </div>
   <div class='ocr_carea' id='block_1_32' title="bbox 210 2496 1806 2569">
    <p class='ocr_par' dir='ltr' id='par_1_32' title="bbox 210 2496 1806 2569">
     <span class='ocr_line' id='line_1_32' title="bbox 210 2496 1806 2569; baseline 0.001 -20"><span class='ocrx_word' id='word_1_217' title='bbox 210 2509 333 2569; x_wconf 83' lang='lat' dir='ltr'><strong>non</strong></span> <span class='ocrx_word' id='word_1_218' title='bbox 364 2496 531 2569; x_wconf 87' lang='lat' dir='ltr'><strong>solus,</strong></span> <span class='ocrx_word' id='word_1_219' title='bbox 560 2498 665 2569; x_wconf 90' lang='lat' dir='ltr'><strong>sed</strong></span> <span class='ocrx_word' id='word_1_220' title='bbox 685 2512 952 2550; x_wconf 87' lang='lat' dir='ltr'><strong>numerosa</strong></span> <span class='ocrx_word' id='word_1_221' title='bbox 975 2496 1143 2567; x_wconf 73' lang='lat'><strong>859</strong></span> <span class='ocrx_word' id='word_1_222' title='bbox 1166 2496 1455 2565; x_wconf 76' lang='lat' dir='ltr'><strong>coquitione</strong></span> <span class='ocrx_word' id='word_1_223' title='bbox 1478 2511 1569 2548; x_wconf 88' lang='lat' dir='ltr'><strong>seu</strong></span> <span class='ocrx_word' id='word_1_224' title='bbox 1588 2512 1806 2569; x_wconf 59' lang='lat' dir='ltr'><strong>congre-</strong></span> 
     </span>
    </p>
   </div>
   <div class='ocr_carea' id='block_1_33' title="bbox 210 2566 1801 2634">
    <p class='ocr_par' dir='ltr' id='par_1_33' title="bbox 210 2566 1801 2634">
     <span class='ocr_line' id='line_1_33' title="bbox 210 2566 1801 2634; baseline 0.003 -17"><span class='ocrx_word' id='word_1_225' title='bbox 210 2566 435 2634; x_wconf 77' lang='lat' dir='ltr'><strong>gatione</strong></span> <span class='ocrx_word' id='word_1_226' title='bbox 453 2567 726 2633; x_wconf 88' lang='lat' dir='ltr'><strong>discussit;</strong></span> <span class='ocrx_word' id='word_1_227' title='bbox 755 2583 861 2622; x_wconf 91' lang='lat' dir='ltr'><strong>non</strong></span> <span class='ocrx_word' id='word_1_228' title='bbox 888 2566 1181 2621; x_wconf 87' lang='lat' dir='ltr'><strong>secundum</strong></span> <span class='ocrx_word' id='word_1_229' title='bbox 1214 2568 1440 2619; x_wconf 90' lang='lat' dir='ltr'><strong>humana</strong></span> <span class='ocrx_word' id='word_1_230' title='bbox 1478 2566 1652 2620; x_wconf 86' lang='lat' dir='ltr'><strong>studia</strong></span> <span class='ocrx_word' id='word_1_231' title='bbox 1670 2566 1801 2630; x_wconf 52' lang='lat' dir='ltr'><strong>{sed</strong></span> 
     </span>
    </p>
   </div>
   <div class='ocr_carea' id='block_1_34' title="bbox 208 2636 1801 2711">
    <p class='ocr_par' dir='ltr' id='par_1_34' title="bbox 208 2636 1801 2711">
     <span class='ocr_line' id='line_1_34' title="bbox 208 2636 1801 2711; baseline 0.003 -22"><span class='ocrx_word' id='word_1_232' title='bbox 208 2636 333 2711; x_wconf 62' lang='lat' dir='ltr'><strong>sub</strong></span> <span class='ocrx_word' id='word_1_233' title='bbox 354 2637 450 2691; x_wconf 83' lang='lat' dir='ltr'><strong>Dei</strong></span> <span class='ocrx_word' id='word_1_234' title='bbox 481 2640 715 2711; x_wconf 81' lang='lat' dir='ltr'><strong>judicio;</strong></span> <span class='ocrx_word' id='word_1_235' title='bbox 744 2653 851 2692; x_wconf 87' lang='lat' dir='ltr'><strong>non</strong></span> <span class='ocrx_word' id='word_1_236' title='bbox 895 2652 959 2691; x_wconf 76' lang='lat' dir='ltr'><strong>ex</strong></span> <span class='ocrx_word' id='word_1_237' title='bbox 1005 2636 1311 2711; x_wconf 78' lang='lat' dir='ltr'><strong>conjectura</strong></span> <span class='ocrx_word' id='word_1_238' title='bbox 1342 2637 1425 2690; x_wconf 88' lang='lat' dir='ltr'><strong>vel</strong></span> <span class='ocrx_word' id='word_1_239' title='bbox 1476 2638 1801 2711; x_wconf 67' lang='lat' dir='ltr'><strong>praajudiciis</strong></span> 
     </span>
    </p>
   </div>
   <div class='ocr_carea' id='block_1_35' title="bbox 209 2707 1802 2779">
    <p class='ocr_par' dir='ltr' id='par_1_35' title="bbox 209 2707 1802 2779">
     <span class='ocr_line' id='line_1_35' title="bbox 209 2707 1802 2779; baseline 0.003 -18"><span class='ocrx_word' id='word_1_240' title='bbox 209 2707 546 2779; x_wconf 80' lang='lat' dir='ltr'><strong>quibusque,</strong></span> <span class='ocrx_word' id='word_1_241' title='bbox 568 2709 663 2763; x_wconf 86' lang='lat' dir='ltr'><strong>sed</strong></span> <span class='ocrx_word' id='word_1_242' title='bbox 684 2710 795 2779; x_wconf 86' lang='lat' dir='ltr'><strong>ipsa</strong></span> <span class='ocrx_word' id='word_1_243' title='bbox 823 2707 1388 2779; x_wconf 18' lang='lat' dir='ltr'><strong>rerumiinstitutione,</strong></span> <span class='ocrx_word' id='word_1_244' title='bbox 1412 2709 1802 2779; x_wconf 81' lang='lat' dir='ltr'><strong>consuetudine</strong></span> 
     </span>
    </p>
   </div>
   <div class='ocr_carea' id='block_1_36' title="bbox 210 2777 1803 2851">
    <p class='ocr_par' dir='ltr' id='par_1_36' title="bbox 210 2777 1803 2851">
     <span class='ocr_line' id='line_1_36' title="bbox 210 2777 1803 2851; baseline 0.001 -19"><span class='ocrx_word' id='word_1_245' title='bbox 210 2778 419 2851; x_wconf 82' lang='lat' dir='ltr'><strong>veteri,</strong></span> <span class='ocrx_word' id='word_1_246' title='bbox 443 2777 797 2851; x_wconf 64' lang='lat' dir='ltr'><strong>Synodalibus</strong></span> <span class='ocrx_word' id='word_1_247' title='bbox 844 2777 1506 2851; x_wconf 37' lang='lat' dir='ltr'><strong>pontificiisqueudecretis</strong></span> <span class='ocrx_word' id='word_1_248' title='bbox 1527 2791 1803 2851; x_wconf 65' lang='lat' dir='ltr'><strong>accurate</strong></span> 
     </span>
    </p>
   </div>
   <div class='ocr_carea' id='block_1_37' title="bbox 210 2847 1801 2917">
    <p class='ocr_par' dir='ltr' id='par_1_37' title="bbox 210 2847 1801 2917">
     <span class='ocr_line' id='line_1_37' title="bbox 210 2847 1801 2917; baseline 0.002 -14"><span class='ocrx_word' id='word_1_249' title='bbox 210 2847 576 2916; x_wconf 79' lang='lat' dir='ltr'><strong>examiuaiis;</strong></span> <span class='ocrx_word' id='word_1_250' title='bbox 628 2865 735 2905; x_wconf 92' lang='lat' dir='ltr'><strong>non</strong></span> <span class='ocrx_word' id='word_1_251' title='bbox 768 2847 951 2906; x_wconf 81' lang='lat' dir='ltr'><strong>insciis</strong></span> <span class='ocrx_word' id='word_1_252' title='bbox 1000 2860 1057 2904; x_wconf 93' lang='lat' dir='ltr'><strong>et</strong></span> <span class='ocrx_word' id='word_1_253' title='bbox 1098 2847 1351 2903; x_wconf 88' lang='lat' dir='ltr'><strong>inauditis</strong></span> <span class='ocrx_word' id='word_1_254' title='bbox 1401 2848 1675 2917; x_wconf 88' lang='lat' dir='ltr'><strong>partibus,</strong></span> <span class='ocrx_word' id='word_1_255' title='bbox 1705 2851 1801 2906; x_wconf 87' lang='lat' dir='ltr'><strong>sed</strong></span> 
     </span>
    </p>
   </div>
   <div class='ocr_carea' id='block_1_38' title="bbox 209 2919 1801 2981">
    <p class='ocr_par' dir='ltr' id='par_1_38' title="bbox 209 2919 1801 2981">
     <span class='ocr_line' id='line_1_38' title="bbox 209 2919 1801 2981; baseline 0.002 -8"><span class='ocrx_word' id='word_1_256' title='bbox 209 2919 419 2975; x_wconf 83' lang='lat' dir='ltr'><strong>iisdem</strong></span> <span class='ocrx_word' id='word_1_257' title='bbox 445 2933 501 2977; x_wconf 91' lang='lat' dir='ltr'><strong>et</strong></span> <span class='ocrx_word' id='word_1_258' title='bbox 528 2922 721 2977; x_wconf 84' lang='lat' dir='ltr'><strong>auditis</strong></span> <span class='ocrx_word' id='word_1_259' title='bbox 761 2931 816 2977; x_wconf 90' lang='lat' dir='ltr'><strong>et</strong></span> <span class='ocrx_word' id='word_1_260' title='bbox 859 2920 1233 2981; x_wconf 89' lang='lat' dir='ltr'><strong>commonitis,</strong></span> <span class='ocrx_word' id='word_1_261' title='bbox 1266 2921 1444 2973; x_wconf 89' lang='lat' dir='ltr'><strong>omnia</strong></span> <span class='ocrx_word' id='word_1_262' title='bbox 1474 2930 1600 2974; x_wconf 90' lang='lat' dir='ltr'><strong>sunt</strong></span> <span class='ocrx_word' id='word_1_263' title='bbox 1628 2921 1695 2975; x_wconf 89' lang='lat' dir='ltr'><strong>ab</strong></span> <span class='ocrx_word' id='word_1_264' title='bbox 1735 2936 1801 2976; x_wconf 92' lang='lat' dir='ltr'><strong>eo</strong></span> 
     </span>
    </p>
   </div>
   <div class='ocr_carea' id='block_1_39' title="bbox 209 2990 1801 3059">
    <p class='ocr_par' dir='ltr' id='par_1_39' title="bbox 209 2990 1801 3059">
     <span class='ocr_line' id='line_1_39' title="bbox 209 2990 1801 3059; baseline 0.002 -16"><span class='ocrx_word' id='word_1_265' title='bbox 209 2998 423 3045; x_wconf 78' lang='lat' dir='ltr'><strong>statuta</strong></span> <span class='ocrx_word' id='word_1_266' title='bbox 449 3009 463 3045; x_wconf 88' lang='lat'><strong>:</strong></span> <span class='ocrx_word' id='word_1_267' title='bbox 489 3001 548 3047; x_wconf 91' lang='lat' dir='ltr'><strong>ut</strong></span> <span class='ocrx_word' id='word_1_268' title='bbox 574 2992 768 3047; x_wconf 90' lang='lat' dir='ltr'><strong>mirum</strong></span> <span class='ocrx_word' id='word_1_269' title='bbox 796 2993 866 3047; x_wconf 88' lang='lat' dir='ltr'><strong>sit</strong></span> <span class='ocrx_word' id='word_1_270' title='bbox 884 2991 954 3046; x_wconf 90' lang='lat' dir='ltr'><strong>ab</strong></span> <span class='ocrx_word' id='word_1_271' title='bbox 976 2990 1243 3059; x_wconf 85' lang='lat' dir='ltr'><strong>aliquibus</strong></span> <span class='ocrx_word' id='word_1_272' title='bbox 1258 2990 1607 3058; x_wconf 84' lang='lat' dir='ltr'><strong>scriptoribus</strong></span> <span class='ocrx_word' id='word_1_273' title='bbox 1628 2993 1801 3046; x_wconf 88' lang='lat' dir='ltr'><strong>asseri</strong></span> 
     </span>
    </p>
   </div>
   <div class='ocr_carea' id='block_1_40' title="bbox 210 3060 1798 3144">
    <p class='ocr_par' dir='ltr' id='par_1_40' title="bbox 210 3060 1798 3144">
     <span class='ocr_line' id='line_1_40' title="bbox 210 3060 1798 3144; baseline -0.001 -29"><span class='ocrx_word' id='word_1_274' title='bbox 210 3060 625 3144; x_wconf 62' lang='lat' dir='ltr'><strong>subreptionem</strong></span> <span class='ocrx_word' id='word_1_275' title='bbox 656 3062 709 3118; x_wconf 92' lang='lat' dir='ltr'><strong>in</strong></span> <span class='ocrx_word' id='word_1_276' title='bbox 741 3065 842 3144; x_wconf 69' lang='lat' dir='ltr'><strong>hoc</strong></span> <span class='ocrx_word' id='word_1_277' title='bbox 872 3060 1085 3144; x_wconf 81' lang='lat' dir='ltr'><strong>negoﬁo</strong></span> <span class='ocrx_word' id='word_1_278' title='bbox 1114 3074 1328 3144; x_wconf 86' lang='lat' dir='ltr'><strong>passum</strong></span> <span class='ocrx_word' id='word_1_279' title='bbox 1352 3074 1473 3144; x_wconf 72' lang='lat' dir='ltr'><strong>esse</strong></span> <span class='ocrx_word' id='word_1_280' title='bbox 1502 3060 1798 3115; x_wconf 83' lang='lat' dir='ltr'><strong>Zoslmum.</strong></span> 
     </span>
    </p>
   </div>
   <div class='ocr_carea' id='block_1_41' title="bbox 284 3130 1801 3203">
    <p class='ocr_par' dir='ltr' id='par_1_41' title="bbox 284 3130 1801 3203">
     <span class='ocr_line' id='line_1_41' title="bbox 284 3130 1801 3203; baseline -0.001 -17"><span class='ocrx_word' id='word_1_281' title='bbox 284 3132 353 3186; x_wconf 68' lang='grc'><strong>4⁸</strong></span> <span class='ocrx_word' id='word_1_282' title='bbox 380 3133 513 3199; x_wconf 87' lang='lat' dir='ltr'><strong>Quis</strong></span> <span class='ocrx_word' id='word_1_283' title='bbox 545 3149 751 3203; x_wconf 67' lang='lat' dir='ltr'><strong>mquam</strong></span> <span class='ocrx_word' id='word_1_284' title='bbox 791 3130 990 3189; x_wconf 75' lang='lat' dir='ltr'><strong>dixerit</strong></span> <span class='ocrx_word' id='word_1_285' title='bbox 1013 3146 1130 3203; x_wconf 83' lang='lat' dir='ltr'><strong>eam</strong></span> <span class='ocrx_word' id='word_1_286' title='bbox 1162 3130 1483 3203; x_wconf 83' lang='lat' dir='ltr'><strong>sententiam</strong></span> <span class='ocrx_word' id='word_1_287' title='bbox 1528 3145 1649 3203; x_wconf 88' lang='lat' dir='ltr'><strong>esse</strong></span> <span class='ocrx_word' id='word_1_288' title='bbox 1679 3146 1801 3202; x_wconf 73' lang='lat' dir='ltr'><strong>quae</strong></span> 
     </span>
    </p>
   </div>
   <div class='ocr_carea' id='block_1_42' title="bbox 209 3199 1800 3269">
    <p class='ocr_par' dir='ltr' id='par_1_42' title="bbox 209 3199 1800 3269">
     <span class='ocr_line' id='line_1_42' title="bbox 209 3199 1800 3269; baseline -0.001 -12"><span class='ocrx_word' id='word_1_289' title='bbox 209 3215 284 3257; x_wconf 85' lang='lat' dir='ltr'><strong>ex</strong></span> <span class='ocrx_word' id='word_1_290' title='bbox 316 3204 431 3259; x_wconf 85' lang='lat' dir='ltr'><strong>sola</strong></span> <span class='ocrx_word' id='word_1_291' title='bbox 462 3199 751 3259; x_wconf 83' lang='lat' dir='ltr'><strong>testimonii</strong></span> <span class='ocrx_word' id='word_1_292' title='bbox 773 3201 1199 3258; x_wconf 87' lang='lat' dir='ltr'><strong>adversariorum</strong></span> <span class='ocrx_word' id='word_1_293' title='bbox 1222 3199 1556 3269; x_wconf 86' lang='lat' dir='ltr'><strong>inspectione</strong></span> <span class='ocrx_word' id='word_1_294' title='bbox 1582 3199 1800 3257; x_wconf 80' lang='lat' dir='ltr'><strong>decreta</strong></span> 
     </span>
    </p>
   </div>
   <div class='ocr_carea' id='block_1_43' title="bbox 211 3271 1799 3339">
    <p class='ocr_par' dir='ltr' id='par_1_43' title="bbox 211 3271 1799 3339">
     <span class='ocr_line' id='line_1_43' title="bbox 211 3271 1799 3339; baseline 0.001 -13"><span class='ocrx_word' id='word_1_295' title='bbox 211 3283 337 3339; x_wconf 89' lang='lat' dir='ltr'><strong>est,</strong></span> <span class='ocrx_word' id='word_1_296' title='bbox 369 3284 427 3328; x_wconf 92' lang='lat' dir='ltr'><strong>et</strong></span> <span class='ocrx_word' id='word_1_297' title='bbox 472 3275 558 3331; x_wconf 90' lang='lat' dir='ltr'><strong>ubi</strong></span> <span class='ocrx_word' id='word_1_298' title='bbox 588 3284 841 3330; x_wconf 90' lang='lat' dir='ltr'><strong>accusato</strong></span> <span class='ocrx_word' id='word_1_299' title='bbox 875 3271 1196 3328; x_wconf 78' lang='lat' dir='ltr'><strong>defendendi</strong></span> <span class='ocrx_word' id='word_1_300' title='bbox 1237 3284 1298 3326; x_wconf 84' lang='lat' dir='ltr'><strong>se</strong></span> <span class='ocrx_word' id='word_1_301' title='bbox 1327 3271 1477 3325; x_wconf 89' lang='lat' dir='ltr'><strong>locus</strong></span> <span class='ocrx_word' id='word_1_302' title='bbox 1506 3286 1613 3325; x_wconf 93' lang='lat' dir='ltr'><strong>non</strong></span> <span class='ocrx_word' id='word_1_303' title='bbox 1645 3272 1799 3329; x_wconf 87' lang='lat' dir='ltr'><strong>datus</strong></span> 
     </span>
    </p>
   </div>
   <div class='ocr_carea' id='block_1_44' title="bbox 210 3341 1797 3410">
    <p class='ocr_par' dir='ltr' id='par_1_44' title="bbox 210 3341 1797 3410">
     <span class='ocr_line' id='line_1_44' title="bbox 210 3341 1797 3410; baseline 0 -14"><span class='ocrx_word' id='word_1_304' title='bbox 210 3341 416 3401; x_wconf 74' lang='lat' dir='ltr'><strong>fuerit?</strong></span> <span class='ocrx_word' id='word_1_305' title='bbox 442 3346 517 3400; x_wconf 89' lang='lat' dir='ltr'><strong>lta</strong></span> <span class='ocrx_word' id='word_1_306' title='bbox 550 3347 746 3401; x_wconf 78' lang='lat' dir='ltr'><strong>factum</strong></span> <span class='ocrx_word' id='word_1_307' title='bbox 775 3356 859 3400; x_wconf 87' lang='lat' dir='ltr'><strong>est</strong></span> <span class='ocrx_word' id='word_1_308' title='bbox 885 3359 917 3398; x_wconf 91' lang='lat' dir='ltr'><strong>a</strong></span> <span class='ocrx_word' id='word_1_309' title='bbox 956 3342 1256 3407; x_wconf 82' lang='lat' dir='ltr'><strong>Bonifacio,</strong></span> <span class='ocrx_word' id='word_1_310' title='bbox 1294 3356 1451 3396; x_wconf 88' lang='lat' dir='ltr'><strong>secus</strong></span> <span class='ocrx_word' id='word_1_311' title='bbox 1491 3358 1520 3396; x_wconf 91' lang='lat' dir='ltr'><strong>a</strong></span> <span class='ocrx_word' id='word_1_312' title='bbox 1552 3342 1797 3410; x_wconf 86' lang='lat' dir='ltr'><strong>Zosimo,</strong></span> 
     </span>
    </p>
   </div>
   <div class='ocr_carea' id='block_1_45' title="bbox 210 3413 1795 3482">
    <p class='ocr_par' dir='ltr' id='par_1_45' title="bbox 210 3413 1795 3482">
     <span class='ocr_line' id='line_1_45' title="bbox 210 3413 1795 3482; baseline -0.001 -13"><span class='ocrx_word' id='word_1_313' title='bbox 210 3416 313 3481; x_wconf 87' lang='lat' dir='ltr'><strong>qui</strong></span> <span class='ocrx_word' id='word_1_314' title='bbox 358 3428 414 3471; x_wconf 90' lang='lat' dir='ltr'><strong>et</strong></span> <span class='ocrx_word' id='word_1_315' title='bbox 462 3417 643 3471; x_wconf 87' lang='lat' dir='ltr'><strong>Hilarii</strong></span> <span class='ocrx_word' id='word_1_316' title='bbox 692 3415 1057 3471; x_wconf 81' lang='lat' dir='ltr'><strong>Narbonensis</strong></span> <span class='ocrx_word' id='word_1_317' title='bbox 1087 3413 1401 3467; x_wconf 85' lang='lat' dir='ltr'><strong>relationem</strong></span> <span class='ocrx_word' id='word_1_318' title='bbox 1431 3415 1795 3482; x_wconf 75' lang='lat' dir='ltr'><strong>exspectavit,</strong></span> 
     </span>
    </p>
   </div>
   <div class='ocr_carea' id='block_1_46' title="bbox 209 3484 1801 3552">
    <p class='ocr_par' dir='ltr' id='par_1_46' title="bbox 209 3484 1801 3552">
     <span class='ocr_line' id='line_1_46' title="bbox 209 3484 1801 3552; baseline 0.002 -14"><span class='ocrx_word' id='word_1_319' title='bbox 209 3495 268 3539; x_wconf 88' lang='lat' dir='ltr'><strong>et</strong></span> <span class='ocrx_word' id='word_1_320' title='bbox 295 3484 583 3541; x_wconf 88' lang='lat' dir='ltr'><strong>Proculum</strong></span> <span class='ocrx_word' id='word_1_321' title='bbox 605 3488 765 3541; x_wconf 90' lang='lat' dir='ltr'><strong>etiam</strong></span> <span class='ocrx_word' id='word_1_322' title='bbox 797 3487 1181 3541; x_wconf 84' lang='lat' dir='ltr'><strong>Massiliensem</strong></span> <span class='ocrx_word' id='word_1_323' title='bbox 1200 3526 1216 3552; x_wconf 92' lang='lat'><strong>,</strong></span> <span class='ocrx_word' id='word_1_324' title='bbox 1244 3492 1305 3537; x_wconf 92' lang='lat' dir='ltr'><strong>ut</strong></span> <span class='ocrx_word' id='word_1_325' title='bbox 1338 3484 1560 3538; x_wconf 74' lang='lat' dir='ltr'><strong>Romam</strong></span> <span class='ocrx_word' id='word_1_326' title='bbox 1590 3485 1801 3541; x_wconf 88' lang='lat' dir='ltr'><strong>veniret</strong></span> 
     </span>
    </p>
   </div>
   <div class='ocr_carea' id='block_1_47' title="bbox 210 3554 1155 3627">
    <p class='ocr_par' dir='ltr' id='par_1_47' title="bbox 210 3554 1155 3627">
     <span class='ocr_line' id='line_1_47' title="bbox 210 3554 1155 3627; baseline -0.001 -16"><span class='ocrx_word' id='word_1_327' title='bbox 210 3569 437 3611; x_wconf 84' lang='lat' dir='ltr'><strong>causam</strong></span> <span class='ocrx_word' id='word_1_328' title='bbox 467 3557 582 3627; x_wconf 90' lang='lat' dir='ltr'><strong>ipse</strong></span> <span class='ocrx_word' id='word_1_329' title='bbox 608 3557 869 3621; x_wconf 88' lang='lat' dir='ltr'><strong>dicturus,</strong></span> <span class='ocrx_word' id='word_1_330' title='bbox 896 3554 1155 3610; x_wconf 84' lang='lat' dir='ltr'><strong>invitavit.</strong></span> 
     </span>
    </p>
   </div>
   <div class='ocr_carea' id='block_1_48' title="bbox 287 3625 1797 3696">
    <p class='ocr_par' dir='ltr' id='par_1_48' title="bbox 287 3625 1797 3696">
     <span class='ocr_line' id='line_1_48' title="bbox 287 3625 1797 3696; baseline 0.002 -17"><span class='ocrx_word' id='word_1_331' title='bbox 287 3626 349 3679; x_wconf 79' lang='grc'><strong>5⁸</strong></span> <span class='ocrx_word' id='word_1_332' title='bbox 383 3625 504 3683; x_wconf 84' lang='lat' dir='ltr'><strong>Etsi</strong></span> <span class='ocrx_word' id='word_1_333' title='bbox 527 3630 709 3683; x_wconf 89' lang='lat' dir='ltr'><strong>omnia</strong></span> <span class='ocrx_word' id='word_1_334' title='bbox 734 3628 1027 3682; x_wconf 91' lang='lat' dir='ltr'><strong>secundum</strong></span> <span class='ocrx_word' id='word_1_335' title='bbox 1060 3625 1195 3693; x_wconf 88' lang='lat' dir='ltr'><strong>juris</strong></span> <span class='ocrx_word' id='word_1_336' title='bbox 1217 3634 1270 3678; x_wconf 92' lang='lat' dir='ltr'><strong>et</strong></span> <span class='ocrx_word' id='word_1_337' title='bbox 1296 3626 1559 3695; x_wconf 78' lang='lat' dir='ltr'><strong>:equitatis</strong></span> <span class='ocrx_word' id='word_1_338' title='bbox 1586 3627 1797 3696; x_wconf 86' lang='lat' dir='ltr'><strong>regulas</strong></span> 
     </span>
    </p>
   </div>
   <div class='ocr_carea' id='block_1_49' title="bbox 208 3696 1798 3767">
    <p class='ocr_par' dir='ltr' id='par_1_49' title="bbox 208 3696 1798 3767">
     <span class='ocr_line' id='line_1_49' title="bbox 208 3696 1798 3767; baseline 0.001 -15"><span class='ocrx_word' id='word_1_339' title='bbox 208 3708 336 3753; x_wconf 87' lang='lat' dir='ltr'><strong>acta</strong></span> <span class='ocrx_word' id='word_1_340' title='bbox 368 3709 549 3756; x_wconf 84' lang='lat' dir='ltr'><strong>essent</strong></span> <span class='ocrx_word' id='word_1_341' title='bbox 596 3714 625 3753; x_wconf 93' lang='lat' dir='ltr'><strong>a</strong></span> <span class='ocrx_word' id='word_1_342' title='bbox 658 3700 936 3767; x_wconf 88' lang='lat' dir='ltr'><strong>pontilice,</strong></span> <span class='ocrx_word' id='word_1_343' title='bbox 970 3696 1102 3752; x_wconf 88' lang='lat' dir='ltr'><strong>nihil</strong></span> <span class='ocrx_word' id='word_1_344' title='bbox 1155 3706 1353 3767; x_wconf 18' lang='lat' dir='ltr'><strong>tamen,</strong></span> <span class='ocrx_word' id='word_1_345' title='bbox 1376 3696 1585 3751; x_wconf 88' lang='lat' dir='ltr'><strong>roboris</strong></span> <span class='ocrx_word' id='word_1_346' title='bbox 1614 3713 1710 3767; x_wconf 92' lang='lat' dir='ltr'><strong>per</strong></span> <span class='ocrx_word' id='word_1_347' title='bbox 1739 3714 1798 3754; x_wconf 91' lang='lat' dir='ltr'><strong>se</strong></span> 
     </span>
    </p>
   </div>
   <div class='ocr_carea' id='block_1_50' title="bbox 211 3766 1799 3833">
    <p class='ocr_par' dir='ltr' id='par_1_50' title="bbox 211 3766 1799 3833">
     <span class='ocr_line' id='line_1_50' title="bbox 211 3766 1799 3833; baseline 0.001 -11"><span class='ocrx_word' id='word_1_348' title='bbox 211 3768 467 3825; x_wconf 87' lang='lat' dir='ltr'><strong>habitura</strong></span> <span class='ocrx_word' id='word_1_349' title='bbox 506 3766 950 3825; x_wconf 27' lang='lat' dir='ltr'><strong>esset’sententia</strong></span> <span class='ocrx_word' id='word_1_350' title='bbox 970 3809 984 3832; x_wconf 95' lang='lat'><strong>,</strong></span> <span class='ocrx_word' id='word_1_351' title='bbox 1026 3781 1147 3821; x_wconf 90' lang='lat' dir='ltr'><strong>cum</strong></span> <span class='ocrx_word' id='word_1_352' title='bbox 1177 3766 1517 3833; x_wconf 88' lang='lat' dir='ltr'><strong>hypotbetica</strong></span> <span class='ocrx_word' id='word_1_353' title='bbox 1545 3766 1712 3833; x_wconf 84' lang='lat' dir='ltr'><strong>esset,</strong></span> <span class='ocrx_word' id='word_1_354' title='bbox 1742 3777 1799 3824; x_wconf 88' lang='lat' dir='ltr'><strong>et</strong></span> 
     </span>
    </p>
   </div>
   <div class='ocr_carea' id='block_1_51' title="bbox 210 3836 1796 3910">
    <p class='ocr_par' dir='ltr' id='par_1_51' title="bbox 210 3836 1796 3910">
     <span class='ocr_line' id='line_1_51' title="bbox 210 3836 1796 3910; baseline -0.001 -15"><span class='ocrx_word' id='word_1_355' title='bbox 210 3855 278 3895; x_wconf 79' lang='lat' dir='ltr'><strong>ex</strong></span> <span class='ocrx_word' id='word_1_356' title='bbox 314 3856 376 3895; x_wconf 89' lang='lat' dir='ltr'><strong>ea</strong></span> <span class='ocrx_word' id='word_1_357' title='bbox 409 3841 778 3910; x_wconf 86' lang='lat' dir='ltr'><strong>suppositione</strong></span> <span class='ocrx_word' id='word_1_358' title='bbox 806 3838 1061 3909; x_wconf 89' lang='lat' dir='ltr'><strong>penderet</strong></span> <span class='ocrx_word' id='word_1_359' title='bbox 1088 3836 1229 3910; x_wconf 86' lang='lat' dir='ltr'><strong>quod</strong></span> <span class='ocrx_word' id='word_1_360' title='bbox 1261 3836 1493 3910; x_wconf 75' lang='lat' dir='ltr'><strong>Hilarius</strong></span> <span class='ocrx_word' id='word_1_361' title='bbox 1518 3839 1796 3894; x_wconf 82' lang='lat' dir='ltr'><strong>Arelaten-</strong></span> 
     </span>
    </p>
   </div>
   <div class='ocr_carea' id='block_1_52' title="bbox 209 3908 1798 3977">
    <p class='ocr_par' dir='ltr' id='par_1_52' title="bbox 209 3908 1798 3977">
     <span class='ocr_line' id='line_1_52' title="bbox 209 3908 1798 3977; baseline 0.001 -14"><span class='ocrx_word' id='word_1_362' title='bbox 209 3913 292 3965; x_wconf 84' lang='lat' dir='ltr'><strong>sis</strong></span> <span class='ocrx_word' id='word_1_363' title='bbox 314 3908 580 3968; x_wconf 75' lang='lat' dir='ltr'><strong>adversus</strong></span> <span class='ocrx_word' id='word_1_364' title='bbox 600 3908 834 3966; x_wconf 84' lang='lat' dir='ltr'><strong>canones</strong></span> <span class='ocrx_word' id='word_1_365' title='bbox 860 3910 1105 3965; x_wconf 56' lang='lat' dir='ltr'><strong>Nicanos</strong></span> <span class='ocrx_word' id='word_1_366' title='bbox 1124 3908 1322 3977; x_wconf 90' lang='lat' dir='ltr'><strong>aliquid</strong></span> <span class='ocrx_word' id='word_1_367' title='bbox 1350 3918 1633 3973; x_wconf 77' lang='lat' dir='ltr'><strong>tentasset;</strong></span> <span class='ocrx_word' id='word_1_368' title='bbox 1659 3912 1798 3965; x_wconf 91' lang='lat' dir='ltr'><strong>unde</strong></span> 
     </span>
    </p>
   </div>
   <div class='ocr_carea' id='block_1_53' title="bbox 210 3979 1796 4052">
    <p class='ocr_par' dir='ltr' id='par_1_53' title="bbox 210 3979 1796 4052">
     <span class='ocr_line' id='line_1_53' title="bbox 210 3979 1796 4052; baseline -0.001 -18"><span class='ocrx_word' id='word_1_369' title='bbox 210 3993 267 4052; x_wconf 83' lang='lat' dir='ltr'><strong>et</strong></span> <span class='ocrx_word' id='word_1_370' title='bbox 301 3982 639 4052; x_wconf 86' lang='lat' dir='ltr'><strong>inquisitioni</strong></span> <span class='ocrx_word' id='word_1_371' title='bbox 667 3982 841 4036; x_wconf 89' lang='lat' dir='ltr'><strong>adhuc</strong></span> <span class='ocrx_word' id='word_1_372' title='bbox 887 3981 1105 4052; x_wconf 80' lang='lat' dir='ltr'><strong>relictus</strong></span> <span class='ocrx_word' id='word_1_373' title='bbox 1135 3989 1217 4033; x_wconf 89' lang='lat' dir='ltr'><strong>est</strong></span> <span class='ocrx_word' id='word_1_374' title='bbox 1258 3979 1428 4052; x_wconf 81' lang='lat' dir='ltr'><strong>locus.</strong></span> <span class='ocrx_word' id='word_1_375' title='bbox 1458 3996 1558 4052; x_wconf 80' lang='lat' dir='ltr'><strong>qua</strong></span> <span class='ocrx_word' id='word_1_376' title='bbox 1584 3991 1796 4048; x_wconf 89' lang='lat' dir='ltr'><strong>peracta</strong></span> 
     </span>
    </p>
   </div>
   <div class='ocr_carea' id='block_1_54' title="bbox 210 4050 1795 4122">
    <p class='ocr_par' dir='ltr' id='par_1_54' title="bbox 210 4050 1795 4122">
     <span class='ocr_line' id='line_1_54' title="bbox 210 4050 1795 4122; baseline -0.001 -15"><span class='ocrx_word' id='word_1_377' title='bbox 210 4050 357 4107; x_wconf 87' lang='lat' dir='ltr'><strong>istud</strong></span> <span class='ocrx_word' id='word_1_378' title='bbox 382 4050 487 4122; x_wconf 82' lang='lat' dir='ltr'><strong>pro</strong></span> <span class='ocrx_word' id='word_1_379' title='bbox 515 4060 666 4109; x_wconf 88' lang='lat' dir='ltr'><strong>certo</strong></span> <span class='ocrx_word' id='word_1_380' title='bbox 694 4054 873 4107; x_wconf 87' lang='lat' dir='ltr'><strong>haberi</strong></span> <span class='ocrx_word' id='word_1_381' title='bbox 899 4050 1100 4115; x_wconf 89' lang='lat' dir='ltr'><strong>debuit,</strong></span> <span class='ocrx_word' id='word_1_382' title='bbox 1118 4060 1174 4122; x_wconf 86' lang='lat' dir='ltr'><strong>ut</strong></span> <span class='ocrx_word' id='word_1_383' title='bbox 1199 4050 1396 4117; x_wconf 65' lang='lat' dir='ltr'><strong>saepius</strong></span> <span class='ocrx_word' id='word_1_384' title='bbox 1426 4050 1795 4122; x_wconf 80' lang='lat' dir='ltr'><strong>probavimus,</strong></span> 
     </span>
    </p>
   </div>
   <div class='ocr_carea' id='block_1_55' title="bbox 209 4120 1799 4192">
    <p class='ocr_par' dir='ltr' id='par_1_55' title="bbox 209 4120 1799 4192">
     <span class='ocr_line' id='line_1_55' title="bbox 209 4120 1799 4192; baseline -0.001 -15"><span class='ocrx_word' id='word_1_385' title='bbox 209 4120 592 4180; x_wconf 78' lang='lat' dir='ltr'><strong>Arelatensem</strong></span> <span class='ocrx_word' id='word_1_386' title='bbox 620 4124 928 4192; x_wconf 86' lang='lat' dir='ltr'><strong>episcopum</strong></span> <span class='ocrx_word' id='word_1_387' title='bbox 961 4136 1066 4175; x_wconf 90' lang='lat' dir='ltr'><strong>non</strong></span> <span class='ocrx_word' id='word_1_388' title='bbox 1101 4120 1330 4174; x_wconf 87' lang='lat' dir='ltr'><strong>violasse</strong></span> <span class='ocrx_word' id='word_1_389' title='bbox 1363 4136 1598 4192; x_wconf 83' lang='lat' dir='ltr'><strong>canones</strong></span> <span class='ocrx_word' id='word_1_390' title='bbox 1628 4120 1799 4175; x_wconf 65' lang='lat' dir='ltr'><strong>Nicae—</strong></span> 
     </span>
    </p>
   </div>
   <div class='ocr_carea' id='block_1_56' title="bbox 210 4190 1801 4263">
    <p class='ocr_par' dir='ltr' id='par_1_56' title="bbox 210 4190 1801 4263">
     <span class='ocr_line' id='line_1_56' title="bbox 210 4190 1801 4263; baseline 0.001 -18"><span class='ocrx_word' id='word_1_391' title='bbox 210 4207 339 4257; x_wconf 81' lang='lat' dir='ltr'><strong>nos,</strong></span> <span class='ocrx_word' id='word_1_392' title='bbox 358 4196 456 4250; x_wconf 90' lang='lat' dir='ltr'><strong>sed</strong></span> <span class='ocrx_word' id='word_1_393' title='bbox 478 4197 557 4251; x_wconf 87' lang='lat' dir='ltr'><strong>eis</strong></span> <span class='ocrx_word' id='word_1_394' title='bbox 580 4190 760 4263; x_wconf 65' lang='lat' dir='ltr'><strong>potius</strong></span> <span class='ocrx_word' id='word_1_395' title='bbox 784 4193 1187 4263; x_wconf 80' lang='lat' dir='ltr'><strong>obtemperasse</strong></span> <span class='ocrx_word' id='word_1_396' title='bbox 1215 4190 1507 4244; x_wconf 88' lang='lat' dir='ltr'><strong>secundum</strong></span> <span class='ocrx_word' id='word_1_397' title='bbox 1540 4192 1801 4263; x_wconf 80' lang='lat' dir='ltr'><strong>interpre-</strong></span> 
     </span>
    </p>
   </div>
   <div class='ocr_carea' id='block_1_57' title="bbox 208 4260 1797 4330">
    <p class='ocr_par' dir='ltr' id='par_1_57' title="bbox 208 4260 1797 4330">
     <span class='ocr_line' id='line_1_57' title="bbox 208 4260 1797 4330; baseline -0.001 -13"><span class='ocrx_word' id='word_1_398' title='bbox 208 4265 480 4321; x_wconf 80' lang='lat' dir='ltr'><strong>tationem</strong></span> <span class='ocrx_word' id='word_1_399' title='bbox 510 4260 916 4319; x_wconf 49' lang='lat' dir='ltr'><strong>ab&#39;lnnocentio</strong></span> <span class='ocrx_word' id='word_1_400' title='bbox 946 4260 981 4317; x_wconf 14' lang='lat' dir='ltr'><strong>l7</strong></span> <span class='ocrx_word' id='word_1_401' title='bbox 1002 4260 1293 4330; x_wconf 74' lang='lat' dir='ltr'><strong>prolatam;</strong></span> <span class='ocrx_word' id='word_1_402' title='bbox 1320 4275 1439 4313; x_wconf 92' lang='lat' dir='ltr'><strong>cum</strong></span> <span class='ocrx_word' id='word_1_403' title='bbox 1473 4261 1797 4329; x_wconf 74' lang='lat' dir='ltr'><strong>provinciam</strong></span> 
     </span>
    </p>
   </div>
   <div class='ocr_carea' id='block_1_58' title="bbox 207 4330 1800 4405">
    <p class='ocr_par' dir='ltr' id='par_1_58' title="bbox 207 4330 1800 4405">
     <span class='ocr_line' id='line_1_58' title="bbox 207 4330 1800 4405; baseline -0.003 -16"><span class='ocrx_word' id='word_1_404' title='bbox 207 4336 331 4389; x_wconf 76' lang='lat' dir='ltr'><strong>sedi</strong></span> <span class='ocrx_word' id='word_1_405' title='bbox 355 4352 470 4391; x_wconf 66' lang='lat' dir='ltr'><strong>suae</strong></span> <span class='ocrx_word' id='word_1_406' title='bbox 494 4337 786 4405; x_wconf 88' lang='lat' dir='ltr'><strong>antiquitus</strong></span> <span class='ocrx_word' id='word_1_407' title='bbox 814 4334 1107 4405; x_wconf 81' lang='lat' dir='ltr'><strong>subjectatn</strong></span> <span class='ocrx_word' id='word_1_408' title='bbox 1129 4371 1146 4396; x_wconf 89' lang='lat'><strong>,</strong></span> <span class='ocrx_word' id='word_1_409' title='bbox 1176 4330 1474 4405; x_wconf 75' lang='lat' dir='ltr'><strong>posthabita</strong></span> <span class='ocrx_word' id='word_1_410' title='bbox 1513 4330 1800 4405; x_wconf 67' lang='lat' dir='ltr'><strong>recentiori</strong></span> 
     </span>
    </p>
   </div>
   <div class='ocr_carea' id='block_1_59' title="bbox 209 4400 1797 4473">
    <p class='ocr_par' dir='ltr' id='par_1_59' title="bbox 209 4400 1797 4473">
     <span class='ocr_line' id='line_1_59' title="bbox 209 4400 1797 4473; baseline -0.003 -13"><span class='ocrx_word' id='word_1_411' title='bbox 209 4407 596 4473; x_wconf 72' lang='lat' dir='ltr'><strong>temporalium</strong></span> <span class='ocrx_word' id='word_1_412' title='bbox 624 4400 965 4473; x_wconf 51' lang='lat' dir='ltr'><strong>&#39;poteSIatutn</strong></span> <span class='ocrx_word' id='word_1_413' title='bbox 1001 4402 1300 4466; x_wconf 86' lang='lat' dir='ltr'><strong>divisione,</strong></span> <span class='ocrx_word' id='word_1_414' title='bbox 1344 4400 1444 4473; x_wconf 79' lang='lat' dir='ltr'><strong>sibi</strong></span> <span class='ocrx_word' id='word_1_415' title='bbox 1489 4400 1797 4455; x_wconf 89' lang='lat' dir='ltr'><strong>vindicavit.</strong></span> 
     </span>
    </p>
   </div>
   <div class='ocr_carea' id='block_1_60' title="bbox 285 4470 1795 4547">
    <p class='ocr_par' dir='ltr' id='par_1_60' title="bbox 285 4470 1795 4547">
     <span class='ocr_line' id='line_1_60' title="bbox 285 4470 1795 4547; baseline -0.005 -15"><span class='ocrx_word' id='word_1_416' title='bbox 285 4470 347 4531; x_wconf 69' lang='lat'><strong>6‘</strong></span> <span class='ocrx_word' id='word_1_417' title='bbox 373 4477 614 4546; x_wconf 89' lang='lat' dir='ltr'><strong>Deinque</strong></span> <span class='ocrx_word' id='word_1_418' title='bbox 634 4470 976 4547; x_wconf 85' lang='lat' dir='ltr'><strong>longemagis</strong></span> <span class='ocrx_word' id='word_1_419' title='bbox 1002 4487 1213 4547; x_wconf 66' lang='lat' dir='ltr'><strong>aequum</strong></span> <span class='ocrx_word' id='word_1_420' title='bbox 1243 4470 1511 4547; x_wconf 86' lang='lat' dir='ltr'><strong>est_ip_sius</strong></span> <span class='ocrx_word' id='word_1_421' title='bbox 1534 4480 1795 4547; x_wconf 76' lang='lat' dir='ltr'><strong>metropo-</strong></span> 
     </span>
    </p>
   </div>
   <div class='ocr_carea' id='block_1_61' title="bbox 205 4541 1797 4621">
    <p class='ocr_par' dir='ltr' id='par_1_61' title="bbox 205 4541 1797 4621">
     <span class='ocr_line' id='line_1_61' title="bbox 205 4541 1797 4621; baseline -0.004 -20"><span class='ocrx_word' id='word_1_422' title='bbox 205 4547 367 4621; x_wconf 78' lang='lat' dir='ltr'><strong>litani</strong></span> <span class='ocrx_word' id='word_1_423' title='bbox 409 4541 648 4618; x_wconf 81' lang='lat' dir='ltr'><strong>episcopi</strong></span> <span class='ocrx_word' id='word_1_424' title='bbox 675 4588 692 4621; x_wconf 87' lang='lat'><strong>,_</strong></span> <span class='ocrx_word' id='word_1_425' title='bbox 719 4541 876 4614; x_wconf 73' lang='lat' dir='ltr'><strong>cujus</strong></span> <span class='ocrx_word' id='word_1_426' title='bbox 900 4541 1058 4621; x_wconf 60' lang='lat' dir='ltr'><strong>&#39;jura_</strong></span> <span class='ocrx_word' id='word_1_427' title='bbox 1090 4541 1287 4621; x_wconf 78' lang='lat' dir='ltr'><strong>violata</strong></span> <span class='ocrx_word' id='word_1_428' title='bbox 1328 4541 1491 4621; x_wconf 76' lang='lat' dir='ltr'><strong>fuisse</strong></span> <span class='ocrx_word' id='word_1_429' title='bbox 1526 4542 1797 4609; x_wconf 89' lang='lat' dir='ltr'><strong>dicuntur,</strong></span> 
     </span>
    </p>
   </div>
   <div class='ocr_carea' id='block_1_62' title="bbox 201 4612 1807 4687">
    <p class='ocr_par' dir='ltr' id='par_1_62' title="bbox 201 4612 1807 4687">
     <span class='ocr_line' id='line_1_62' title="bbox 201 4612 1807 4687; baseline -0.004 -14"><span class='ocrx_word' id='word_1_430' title='bbox 201 4612 481 4687; x_wconf 85' lang='lat' dir='ltr'><strong>judicium</strong></span> <span class='ocrx_word' id='word_1_431' title='bbox 511 4612 813 4682; x_wconf 79' lang='lat' dir='ltr'><strong>attendere,</strong></span> <span class='ocrx_word' id='word_1_432' title='bbox 832 4612 996 4687; x_wconf 79' lang='lat' dir='ltr'><strong>quam</strong></span> <span class='ocrx_word' id='word_1_433' title='bbox 1014 4612 1654 4687; x_wconf 77' lang='lat' dir='ltr'><strong>clericorumciviumque</strong></span> <span class='ocrx_word' id='word_1_434' title='bbox 1675 4628 1807 4687; x_wconf 84' lang='lat' dir='ltr'><strong>que-</strong></span> 
     </span>
    </p>
   </div>
   <div class='ocr_carea' id='block_1_63' title="bbox 200 4683 1806 4744">
    <p class='ocr_par' dir='ltr' id='par_1_63' title="bbox 200 4683 1806 4744">
     <span class='ocr_line' id='line_1_63' title="bbox 200 4683 1806 4744; baseline -0.003 0"><span class='ocrx_word' id='word_1_435' title='bbox 200 4683 362 4744; x_wconf 59' lang='lat' dir='ltr'><strong>i‘elas</strong></span> <span class='ocrx_word' id='word_1_436' title='bbox 410 4706 475 4743; x_wconf 89' lang='lat' dir='ltr'><strong>ac</strong></span> <span class='ocrx_word' id='word_1_437' title='bbox 513 4703 810 4743; x_wconf 90' lang='lat' dir='ltr'><strong>murmura.</strong></span> <span class='ocrx_word' id='word_1_438' title='bbox 843 4686 913 4741; x_wconf 83' lang='lat' dir='ltr'><strong>At</strong></span> <span class='ocrx_word' id='word_1_439' title='bbox 961 4685 1191 4740; x_wconf 79' lang='lat' dir='ltr'><strong>Hilarius</strong></span> <span class='ocrx_word' id='word_1_440' title='bbox 1228 4683 1593 4738; x_wconf 81' lang='lat' dir='ltr'><strong>Narbonensis</strong></span> <span class='ocrx_word' id='word_1_441' title='bbox 1635 4685 1806 4738; x_wconf 89' lang='lat' dir='ltr'><strong>nullas</strong></span> 
     </span>
    </p>
   </div>
   <div class='ocr_carea' id='block_1_64' title="bbox 201 4753 1807 4828">
    <p class='ocr_par' dir='ltr' id='par_1_64' title="bbox 201 4753 1807 4828">
     <span class='ocr_line' id='line_1_64' title="bbox 201 4753 1807 4828; baseline -0.003 -15"><span class='ocrx_word' id='word_1_442' title='bbox 201 4758 413 4814; x_wconf 79' lang='lat' dir='ltr'><strong>detulit</strong></span> <span class='ocrx_word' id='word_1_443' title='bbox 460 4761 573 4815; x_wconf 89' lang='lat' dir='ltr'><strong>sedi</strong></span> <span class='ocrx_word' id='word_1_444' title='bbox 604 4758 916 4828; x_wconf 77' lang='lat' dir='ltr'><strong>apostolica:</strong></span> <span class='ocrx_word' id='word_1_445' title='bbox 946 4756 1225 4828; x_wconf 81' lang='lat' dir='ltr'><strong>querelas,</strong></span> <span class='ocrx_word' id='word_1_446' title='bbox 1267 4753 1807 4828; x_wconf 88' lang='lat' dir='ltr'><strong>acquievitque_ordi-</strong></span> 
     </span>
    </p>
   </div>
   <div class='ocr_carea' id='block_1_65' title="bbox 199 4824 1806 4885">
    <p class='ocr_par' dir='ltr' id='par_1_65' title="bbox 199 4824 1806 4885">
     <span class='ocr_line' id='line_1_65' title="bbox 199 4824 1806 4885; baseline -0.002 -2"><span class='ocrx_word' id='word_1_447' title='bbox 199 4831 424 4884; x_wconf 79' lang='lat' dir='ltr'><strong>nationi</strong></span> <span class='ocrx_word' id='word_1_448' title='bbox 459 4847 487 4883; x_wconf 88' lang='lat' dir='ltr'><strong>a</strong></span> <span class='ocrx_word' id='word_1_449' title='bbox 537 4824 785 4885; x_wconf 76' lang='lat' dir='ltr'><strong>Patroclo</strong></span> <span class='ocrx_word' id='word_1_450' title='bbox 816 4824 1097 4881; x_wconf 70' lang='lat' dir='ltr'><strong>celebrata:</strong></span> <span class='ocrx_word' id='word_1_451' title='bbox 1130 4831 1179 4880; x_wconf 91' lang='lat' dir='ltr'><strong>iu</strong></span> <span class='ocrx_word' id='word_1_452' title='bbox 1211 4826 1583 4879; x_wconf 82' lang='lat' dir='ltr'><strong>Lutevensiutn</strong></span> <span class='ocrx_word' id='word_1_453' title='bbox 1616 4824 1806 4879; x_wconf 67' lang='lat' dir='ltr'><strong>Eicle-</strong></span> 
     </span>
    </p>
   </div>
   <div class='ocr_carea' id='block_1_66' title="bbox 198 4896 1807 4965">
    <p class='ocr_par' dir='ltr' id='par_1_66' title="bbox 198 4896 1807 4965">
     <span class='ocr_line' id='line_1_66' title="bbox 198 4896 1807 4965; baseline -0.004 -10"><span class='ocrx_word' id='word_1_454' title='bbox 198 4902 290 4955; x_wconf 82' lang='lat' dir='ltr'><strong>sia</strong></span> <span class='ocrx_word' id='word_1_455' title='bbox 321 4943 338 4965; x_wconf 92' lang='lat'><strong>,</strong></span> <span class='ocrx_word' id='word_1_456' title='bbox 368 4912 426 4955; x_wconf 91' lang='lat' dir='ltr'><strong>ut</strong></span> <span class='ocrx_word' id='word_1_457' title='bbox 468 4904 661 4955; x_wconf 90' lang='lat' dir='ltr'><strong>merito</strong></span> <span class='ocrx_word' id='word_1_458' title='bbox 691 4898 996 4955; x_wconf 88' lang='lat' dir='ltr'><strong>credendus</strong></span> <span class='ocrx_word' id='word_1_459' title='bbox 1028 4898 1097 4952; x_wconf 87' lang='lat' dir='ltr'><strong>sit</strong></span> <span class='ocrx_word' id='word_1_460' title='bbox 1132 4897 1291 4950; x_wconf 90' lang='lat' dir='ltr'><strong>tacito</strong></span> <span class='ocrx_word' id='word_1_461' title='bbox 1321 4910 1585 4965; x_wconf 81' lang='lat' dir='ltr'><strong>eonsensu</strong></span> <span class='ocrx_word' id='word_1_462' title='bbox 1619 4896 1807 4949; x_wconf 83' lang='lat' dir='ltr'><strong>Arela-</strong></span> 
     </span>
    </p>
   </div>
   <div class='ocr_carea' id='block_1_67' title="bbox 198 4964 1807 5041">
    <p class='ocr_par' dir='ltr' id='par_1_67' title="bbox 198 4964 1807 5041">
     <span class='ocr_line' id='line_1_67' title="bbox 198 4964 1807 5041; baseline -0.004 -16"><span class='ocrx_word' id='word_1_463' title='bbox 198 4964 456 5025; x_wconf 76' lang='lat' dir='ltr'><strong>tenSium</strong></span> <span class='ocrx_word' id='word_1_464' title='bbox 487 4972 778 5041; x_wconf 90' lang='lat' dir='ltr'><strong>privilegiis</strong></span> <span class='ocrx_word' id='word_1_465' title='bbox 808 4968 1223 5041; x_wconf 83' lang='lat' dir='ltr'><strong>subscripsisse;</strong></span> <span class='ocrx_word' id='word_1_466' title='bbox 1252 4967 1382 5018; x_wconf 89' lang='lat' dir='ltr'><strong>satis</strong></span> <span class='ocrx_word' id='word_1_467' title='bbox 1404 4964 1807 5041; x_wconf 70' lang='lat' dir='ltr'><strong>cuim_indicant</strong></span> 
     </span>
    </p>
   </div>
   <div class='ocr_carea' id='block_1_68' title="bbox 194 5034 1808 5111">
    <p class='ocr_par' dir='ltr' id='par_1_68' title="bbox 194 5034 1808 5111">
     <span class='ocr_line' id='line_1_68' title="bbox 194 5034 1808 5111; baseline -0.005 -15"><span class='ocrx_word' id='word_1_468' title='bbox 194 5034 657 5111; x_wconf 55' lang='lat' dir='ltr'><strong>Bonitacii&#39;papre</strong></span> <span class='ocrx_word' id='word_1_469' title='bbox 679 5034 841 5095; x_wconf 71' lang='lat' dir='ltr'><strong>verba</strong></span> <span class='ocrx_word' id='word_1_470' title='bbox 878 5034 1050 5111; x_wconf 82' lang='lat' dir='ltr'><strong>ipsum</strong></span> <span class='ocrx_word' id='word_1_471' title='bbox 1078 5039 1145 5091; x_wconf 88' lang='lat' dir='ltr'><strong>de</strong></span> <span class='ocrx_word' id='word_1_472' title='bbox 1166 5034 1808 5111; x_wconf 66' lang='lat' dir='ltr'><strong>consecrandtiLuteven-</strong></span> 
     </span>
    </p>
   </div>
   <div class='ocr_carea' id='block_1_69' title="bbox 1933 592 3515 669">
    <p class='ocr_par' dir='ltr' id='par_1_69' title="bbox 1933 592 3515 669">
     <span class='ocr_line' id='line_1_69' title="bbox 1933 592 3515 669; baseline 0.009 -26"><span class='ocrx_word' id='word_1_473' title='bbox 1933 596 2239 645; x_wconf 89' lang='lat' dir='ltr'><strong>termissutn</strong></span> <span class='ocrx_word' id='word_1_474' title='bbox 2268 608 2388 648; x_wconf 88' lang='lat' dir='ltr'><strong>esse</strong></span> <span class='ocrx_word' id='word_1_475' title='bbox 2416 592 2469 647; x_wconf 90' lang='lat' dir='ltr'><strong>in</strong></span> <span class='ocrx_word' id='word_1_476' title='bbox 2495 594 2581 649; x_wconf 92' lang='lat' dir='ltr'><strong>illa</strong></span> <span class='ocrx_word' id='word_1_477' title='bbox 2611 598 2945 655; x_wconf 85' lang='lat' dir='ltr'><strong>ordinatione</strong></span> <span class='ocrx_word' id='word_1_478' title='bbox 2970 592 3515 669; x_wconf 47' lang='lat' dir='ltr'><strong>Narbonensem&#39;epi-</strong></span> 
     </span>
    </p>
   </div>
   <div class='ocr_carea' id='block_1_70' title="bbox 1924 671 3509 736">
    <p class='ocr_par' dir='ltr' id='par_1_70' title="bbox 1924 671 3509 736">
     <span class='ocr_line' id='line_1_70' title="bbox 1924 671 3509 736; baseline 0.008 -21"><span class='ocrx_word' id='word_1_479' title='bbox 1924 675 2169 736; x_wconf 85' lang='lat' dir='ltr'><strong>scopum,</strong></span> <span class='ocrx_word' id='word_1_480' title='bbox 2193 677 2353 732; x_wconf 85' lang='lat' dir='ltr'><strong>quam</strong></span> <span class='ocrx_word' id='word_1_481' title='bbox 2375 679 2530 717; x_wconf 83' lang='lat' dir='ltr'><strong>suam</strong></span> <span class='ocrx_word' id='word_1_482' title='bbox 2553 671 2862 734; x_wconf 90' lang='lat' dir='ltr'><strong>petitionem</strong></span> <span class='ocrx_word' id='word_1_483' title='bbox 2892 687 3321 736; x_wconf 81' lang='lat' dir='ltr'><strong>consensumque</strong></span> <span class='ocrx_word' id='word_1_484' title='bbox 3342 674 3509 729; x_wconf 81' lang='lat' dir='ltr'><strong>fuisse</strong></span> 
     </span>
    </p>
   </div>
   <div class='ocr_carea' id='block_1_71' title="bbox 1928 733 3509 803">
    <p class='ocr_par' dir='ltr' id='par_1_71' title="bbox 1928 733 3509 803">
     <span class='ocr_line' id='line_1_71' title="bbox 1928 733 3509 803; baseline 0.01 -19"><span class='ocrx_word' id='word_1_485' title='bbox 1928 733 2234 802; x_wconf 80' lang='lat' dir='ltr'><strong>neglectum</strong></span> <span class='ocrx_word' id='word_1_486' title='bbox 2267 752 2280 786; x_wconf 89' lang='lat'><strong>:</strong></span> <span class='ocrx_word' id='word_1_487' title='bbox 2310 736 2450 803; x_wconf 88' lang='lat' dir='ltr'><strong>quod</strong></span> <span class='ocrx_word' id='word_1_488' title='bbox 2486 733 2671 789; x_wconf 84' lang='lat' dir='ltr'><strong>revera</strong></span> <span class='ocrx_word' id='word_1_489' title='bbox 2710 754 2966 795; x_wconf 90' lang='lat' dir='ltr'><strong>canonum</strong></span> <span class='ocrx_word' id='word_1_490' title='bbox 2999 733 3299 797; x_wconf 69' lang='lat' dir='ltr'><strong>auctoritati</strong></span> <span class='ocrx_word' id='word_1_491' title='bbox 3338 755 3509 799; x_wconf 88' lang='lat' dir='ltr'><strong>statu-</strong></span> 
     </span>
    </p>
   </div>
   <div class='ocr_carea' id='block_1_72' title="bbox 1922 803 3505 883">
    <p class='ocr_par' dir='ltr' id='par_1_72' title="bbox 1922 803 3505 883">
     <span class='ocr_line' id='line_1_72' title="bbox 1922 803 3505 883; baseline 0.009 -27"><span class='ocrx_word' id='word_1_492' title='bbox 1922 803 2098 883; x_wconf 70' lang='lat' dir='ltr'><strong>tisquc</strong></span> <span class='ocrx_word' id='word_1_493' title='bbox 2144 804 2738 883; x_wconf 34' lang='lat' dir='ltr'><strong>Patrium‘mntrariuni</strong></span> <span class='ocrx_word' id='word_1_494' title='bbox 2772 820 2906 883; x_wconf 81' lang='lat' dir='ltr'><strong>erat.</strong></span> <span class='ocrx_word' id='word_1_495' title='bbox 2958 812 3276 868; x_wconf 79' lang='lat' dir='ltr'><strong>Mentiouem</strong></span> <span class='ocrx_word' id='word_1_496' title='bbox 3328 825 3505 871; x_wconf 91' lang='lat' dir='ltr'><strong>tamen</strong></span> 
     </span>
    </p>
   </div>
   <div class='ocr_carea' id='block_1_73' title="bbox 1920 873 3506 951">
    <p class='ocr_par' dir='ltr' id='par_1_73' title="bbox 1920 873 3506 951">
     <span class='ocr_line' id='line_1_73' title="bbox 1920 873 3506 951; baseline 0.009 -24"><span class='ocrx_word' id='word_1_497' title='bbox 1920 873 2226 943; x_wconf 90' lang='lat' dir='ltr'><strong>injecerunt</strong></span> <span class='ocrx_word' id='word_1_498' title='bbox 2454 878 2832 951; x_wconf 82' lang='lat' dir='ltr'><strong>metmpolitici</strong></span> <span class='ocrx_word' id='word_1_499' title='bbox 2860 881 2991 946; x_wconf 87' lang='lat' dir='ltr'><strong>juris</strong></span> <span class='ocrx_word' id='word_1_500' title='bbox 3013 885 3224 951; x_wconf 85' lang='lat' dir='ltr'><strong>violati,</strong></span> <span class='ocrx_word' id='word_1_501' title='bbox 3250 894 3307 938; x_wconf 85' lang='grc' dir='ltr'><strong>ιιι</strong></span> <span class='ocrx_word' id='word_1_502' title='bbox 3333 889 3506 941; x_wconf 81' lang='lat' dir='ltr'><strong>acrio-</strong></span> 
     </span>
    </p>
   </div>
   <div class='ocr_carea' id='block_1_74' title="bbox 1921 948 3503 1023">
    <p class='ocr_par' dir='ltr' id='par_1_74' title="bbox 1921 948 3503 1023">
     <span class='ocr_line' id='line_1_74' title="bbox 1921 948 3503 1023; baseline 0.01 -27"><span class='ocrx_word' id='word_1_503' title='bbox 1921 959 2035 1023; x_wconf 79' lang='lat' dir='ltr'><strong>rem</strong></span> <span class='ocrx_word' id='word_1_504' title='bbox 2068 955 2279 1023; x_wconf 60' lang='lat' dir='ltr'><strong>contra</strong></span> <span class='ocrx_word' id='word_1_505' title='bbox 2302 948 2604 1023; x_wconf 77' lang='lat' dir='ltr'><strong>Patroclum</strong></span> <span class='ocrx_word' id='word_1_506' title='bbox 2642 949 2938 1023; x_wconf 84' lang='lat' dir='ltr'><strong>conllarent</strong></span> <span class='ocrx_word' id='word_1_507' title='bbox 2984 948 3260 1015; x_wconf 84' lang='lat' dir='ltr'><strong>invidiam,</strong></span> <span class='ocrx_word' id='word_1_508' title='bbox 3292 957 3503 1023; x_wconf 84' lang='lat' dir='ltr'><strong>sibique</strong></span> 
     </span>
    </p>
   </div>
   <div class='ocr_carea' id='block_1_75' title="bbox 1920 1015 3505 1092">
    <p class='ocr_par' dir='ltr' id='par_1_75' title="bbox 1920 1015 3505 1092">
     <span class='ocr_line' id='line_1_75' title="bbox 1920 1015 3505 1092; baseline 0.011 -26"><span class='ocrx_word' id='word_1_509' title='bbox 1920 1015 2181 1092; x_wconf 76' lang='lat' dir='ltr'><strong>majorem</strong></span> <span class='ocrx_word' id='word_1_510' title='bbox 2213 1018 2371 1092; x_wconf 84' lang='lat' dir='ltr'><strong>ﬁdem</strong></span> <span class='ocrx_word' id='word_1_511' title='bbox 2406 1019 2779 1092; x_wconf 81' lang='lat' dir='ltr'><strong>conciliarent,</strong></span> <span class='ocrx_word' id='word_1_512' title='bbox 2814 1021 2937 1072; x_wconf 88' lang='lat' dir='ltr'><strong>dum</strong></span> <span class='ocrx_word' id='word_1_513' title='bbox 2964 1038 3067 1075; x_wconf 91' lang='lat' dir='ltr'><strong>non</strong></span> <span class='ocrx_word' id='word_1_514' title='bbox 3095 1034 3199 1076; x_wconf 91' lang='lat' dir='ltr'><strong>tam</strong></span> <span class='ocrx_word' id='word_1_515' title='bbox 3230 1015 3505 1092; x_wconf 53' lang='lat' dir='ltr'><strong>privati&#39;ac</strong></span> 
     </span>
    </p>
   </div>
   <div class='ocr_carea' id='block_1_76' title="bbox 1919 1086 3502 1162">
    <p class='ocr_par' dir='ltr' id='par_1_76' title="bbox 1919 1086 3502 1162">
     <span class='ocr_line' id='line_1_76' title="bbox 1919 1086 3502 1162; baseline 0.013 -28"><span class='ocrx_word' id='word_1_516' title='bbox 1919 1088 2122 1162; x_wconf 76' lang='lat' dir='ltr'><strong>proprii</strong></span> <span class='ocrx_word' id='word_1_517' title='bbox 2154 1086 2290 1162; x_wconf 79' lang='lat' dir='ltr'><strong>juris</strong></span> <span class='ocrx_word' id='word_1_518' title='bbox 2329 1103 2489 1156; x_wconf 88' lang='lat' dir='ltr'><strong>quam</strong></span> <span class='ocrx_word' id='word_1_519' title='bbox 2524 1090 2749 1151; x_wconf 77' lang='lat' dir='ltr'><strong>publica:</strong></span> <span class='ocrx_word' id='word_1_520' title='bbox 2776 1105 2838 1143; x_wconf 84' lang='lat' dir='ltr'><strong>ac</strong></span> <span class='ocrx_word' id='word_1_521' title='bbox 2878 1095 3177 1162; x_wconf 85' lang='lat' dir='ltr'><strong>communis</strong></span> <span class='ocrx_word' id='word_1_522' title='bbox 3210 1086 3502 1162; x_wconf 76' lang='lat' dir='ltr'><strong>disciplina:</strong></span> 
     </span>
    </p>
   </div>
   <div class='ocr_carea' id='block_1_77' title="bbox 1919 1155 3503 1225">
    <p class='ocr_par' dir='ltr' id='par_1_77' title="bbox 1919 1155 3503 1225">
     <span class='ocr_line' id='line_1_77' title="bbox 1919 1155 3503 1225; baseline 0.011 -18"><span class='ocrx_word' id='word_1_523' title='bbox 1919 1155 2037 1225; x_wconf 86' lang='lat' dir='ltr'><strong>zelo</strong></span> <span class='ocrx_word' id='word_1_524' title='bbox 2073 1157 2285 1211; x_wconf 89' lang='lat' dir='ltr'><strong>accensi</strong></span> <span class='ocrx_word' id='word_1_525' title='bbox 2335 1155 2670 1225; x_wconf 84' lang='lat' dir='ltr'><strong>putarentur.</strong></span> <span class='ocrx_word' id='word_1_526' title='bbox 2717 1162 2882 1214; x_wconf 86' lang='lat' dir='ltr'><strong>Porro</strong></span> <span class='ocrx_word' id='word_1_527' title='bbox 2926 1161 3158 1217; x_wconf 88' lang='lat' dir='ltr'><strong>Hilarius</strong></span> <span class='ocrx_word' id='word_1_528' title='bbox 3198 1180 3300 1217; x_wconf 92' lang='lat' dir='ltr'><strong>non</strong></span> <span class='ocrx_word' id='word_1_529' title='bbox 3344 1155 3503 1225; x_wconf 84' lang='lat' dir='ltr'><strong>modo</strong></span> 
     </span>
    </p>
   </div>
   <div class='ocr_carea' id='block_1_78' title="bbox 1919 1224 3499 1305">
    <p class='ocr_par' dir='ltr' id='par_1_78' title="bbox 1919 1224 3499 1305">
     <span class='ocr_line' id='line_1_78' title="bbox 1919 1224 3499 1305; baseline 0.008 -27"><span class='ocrx_word' id='word_1_530' title='bbox 1919 1224 2139 1305; x_wconf 75' lang='lat' dir='ltr'><strong>siletitio</strong></span> <span class='ocrx_word' id='word_1_531' title='bbox 2162 1243 2258 1279; x_wconf 90' lang='lat' dir='ltr'><strong>suo</strong></span> <span class='ocrx_word' id='word_1_532' title='bbox 2280 1224 2461 1305; x_wconf 71' lang='lat' dir='ltr'><strong>eurum</strong></span> <span class='ocrx_word' id='word_1_533' title='bbox 2481 1232 2764 1305; x_wconf 80' lang='lat' dir='ltr'><strong>consilium</strong></span> <span class='ocrx_word' id='word_1_534' title='bbox 2780 1234 3114 1305; x_wconf 83' lang='lat' dir='ltr'><strong>improbasse</strong></span> <span class='ocrx_word' id='word_1_535' title='bbox 3130 1234 3258 1305; x_wconf 78' lang='lat' dir='ltr'><strong>mihi</strong></span> <span class='ocrx_word' id='word_1_536' title='bbox 3274 1224 3499 1305; x_wconf 80' lang='lat' dir='ltr'><strong>videtur,</strong></span> 
     </span>
    </p>
   </div>
   <div class='ocr_carea' id='block_1_79' title="bbox 1920 1294 3504 1365">
    <p class='ocr_par' dir='ltr' id='par_1_79' title="bbox 1920 1294 3504 1365">
     <span class='ocr_line' id='line_1_79' title="bbox 1920 1294 3504 1365; baseline 0.009 -18"><span class='ocrx_word' id='word_1_537' title='bbox 1920 1294 2016 1349; x_wconf 88' lang='lat' dir='ltr'><strong>sed</strong></span> <span class='ocrx_word' id='word_1_538' title='bbox 2044 1298 2218 1365; x_wconf 89' lang='lat' dir='ltr'><strong>palam</strong></span> <span class='ocrx_word' id='word_1_539' title='bbox 2247 1300 2404 1353; x_wconf 91' lang='lat' dir='ltr'><strong>etiam</strong></span> <span class='ocrx_word' id='word_1_540' title='bbox 2438 1302 2680 1353; x_wconf 89' lang='lat' dir='ltr'><strong>renuisse</strong></span> <span class='ocrx_word' id='word_1_541' title='bbox 2700 1294 3163 1357; x_wconf 76' lang='lat' dir='ltr'><strong>consecrationem</strong></span> <span class='ocrx_word' id='word_1_542' title='bbox 3188 1294 3504 1362; x_wconf 59' lang='lat' dir='ltr'><strong>Lutevensii</strong></span> 
     </span>
    </p>
   </div>
   <div class='ocr_carea' id='block_1_80' title="bbox 1917 1366 3504 1435">
    <p class='ocr_par' dir='ltr' id='par_1_80' title="bbox 1917 1366 3504 1435">
     <span class='ocr_line' id='line_1_80' title="bbox 1917 1366 3504 1435; baseline 0.005 -16"><span class='ocrx_word' id='word_1_543' title='bbox 1917 1366 2157 1435; x_wconf 87' lang='lat' dir='ltr'><strong>episcopi</strong></span> <span class='ocrx_word' id='word_1_544' title='bbox 2187 1367 2252 1421; x_wconf 91' lang='lat' dir='ltr'><strong>ad</strong></span> <span class='ocrx_word' id='word_1_545' title='bbox 2285 1383 2344 1423; x_wconf 88' lang='lat' dir='ltr'><strong>se</strong></span> <span class='ocrx_word' id='word_1_546' title='bbox 2376 1370 2607 1424; x_wconf 88' lang='lat' dir='ltr'><strong>trahere.</strong></span> <span class='ocrx_word' id='word_1_547' title='bbox 2635 1370 2766 1424; x_wconf 79' lang='lat' dir='ltr'><strong>Cum</strong></span> <span class='ocrx_word' id='word_1_548' title='bbox 2798 1372 2942 1427; x_wconf 89' lang='lat' dir='ltr'><strong>enim</strong></span> <span class='ocrx_word' id='word_1_549' title='bbox 2988 1374 3230 1428; x_wconf 91' lang='lat' dir='ltr'><strong>hortatur</strong></span> <span class='ocrx_word' id='word_1_550' title='bbox 3250 1390 3373 1429; x_wconf 89' lang='lat' dir='ltr'><strong>eum</strong></span> <span class='ocrx_word' id='word_1_551' title='bbox 3403 1377 3504 1429; x_wconf 80' lang='lat' dir='ltr'><strong>Bo-</strong></span> 
     </span>
    </p>
   </div>
   <div class='ocr_carea' id='block_1_81' title="bbox 1921 1434 3506 1513">
    <p class='ocr_par' dir='ltr' id='par_1_81' title="bbox 1921 1434 3506 1513">
     <span class='ocr_line' id='line_1_81' title="bbox 1921 1434 3506 1513; baseline 0.008 -26"><span class='ocrx_word' id='word_1_552' title='bbox 1921 1434 2149 1513; x_wconf 76' lang='lat' dir='ltr'><strong>nifacius</strong></span> <span class='ocrx_word' id='word_1_553' title='bbox 2182 1440 2399 1513; x_wconf 75' lang='lat' dir='ltr'><strong>utquod</strong></span> <span class='ocrx_word' id='word_1_554' title='bbox 2427 1442 2631 1508; x_wconf 86' lang='lat' dir='ltr'><strong>quidem</strong></span> <span class='ocrx_word' id='word_1_555' title='bbox 2657 1445 2825 1510; x_wconf 80' lang='lat' dir='ltr'><strong>facere</strong></span> <span class='ocrx_word' id='word_1_556' title='bbox 2851 1454 3032 1513; x_wconf 85' lang='lat' dir='ltr'><strong>sponte</strong></span> <span class='ocrx_word' id='word_1_557' title='bbox 3060 1444 3339 1512; x_wconf 87' lang='lat' dir='ltr'><strong>debuerat,</strong></span> <span class='ocrx_word' id='word_1_558' title='bbox 3372 1447 3506 1500; x_wconf 83' lang='lat' dir='ltr'><strong>desi-</strong></span> 
     </span>
    </p>
   </div>
   <div class='ocr_carea' id='block_1_82' title="bbox 1914 1506 3505 1581">
    <p class='ocr_par' dir='ltr' id='par_1_82' title="bbox 1914 1506 3505 1581">
     <span class='ocr_line' id='line_1_82' title="bbox 1914 1506 3505 1581; baseline 0.009 -24"><span class='ocrx_word' id='word_1_559' title='bbox 1914 1506 2073 1559; x_wconf 84' lang='lat' dir='ltr'><strong>deriis</strong></span> <span class='ocrx_word' id='word_1_560' title='bbox 2098 1506 2475 1577; x_wconf 81' lang='lat' dir='ltr'><strong>supplicantum</strong></span> <span class='ocrx_word' id='word_1_561' title='bbox 2499 1522 2545 1564; x_wconf 90' lang='lat' dir='ltr'><strong>et</strong></span> <span class='ocrx_word' id='word_1_562' title='bbox 2580 1506 2833 1565; x_wconf 80' lang='lat' dir='ltr'><strong>voluntate</strong></span> <span class='ocrx_word' id='word_1_563' title='bbox 2858 1506 3085 1581; x_wconf 74' lang='lat' dir='ltr'><strong>respecto</strong></span> <span class='ocrx_word' id='word_1_564' title='bbox 3116 1517 3179 1568; x_wconf 83' lang='lat' dir='ltr'><strong>ad</strong></span> <span class='ocrx_word' id='word_1_565' title='bbox 3212 1506 3505 1572; x_wconf 82' lang='lat' dir='ltr'><strong>ordinatio-</strong></span> 
     </span>
    </p>
   </div>
   <div class='ocr_carea' id='block_1_83' title="bbox 1914 1582 3502 1653">
    <p class='ocr_par' dir='ltr' id='par_1_83' title="bbox 1914 1582 3502 1653">
     <span class='ocr_line' id='line_1_83' title="bbox 1914 1582 3502 1653; baseline 0.009 -25"><span class='ocrx_word' id='word_1_566' title='bbox 1914 1590 2035 1629; x_wconf 91' lang='lat' dir='ltr'><strong>nem</strong></span> <span class='ocrx_word' id='word_1_567' title='bbox 2066 1590 2125 1629; x_wconf 91' lang='lat' dir='ltr'><strong>se</strong></span> <span class='ocrx_word' id='word_1_568' title='bbox 2152 1582 2411 1653; x_wconf 79' lang='lat' dir='ltr'><strong>accingat,</strong></span> <span class='ocrx_word' id='word_1_569' title='bbox 2438 1596 2657 1648; x_wconf 89' lang='lat' dir='ltr'><strong>prorsus</strong></span> <span class='ocrx_word' id='word_1_570' title='bbox 2698 1583 2869 1637; x_wconf 91' lang='lat' dir='ltr'><strong>innuit</strong></span> <span class='ocrx_word' id='word_1_571' title='bbox 2896 1586 3163 1639; x_wconf 88' lang='lat' dir='ltr'><strong>desideria</strong></span> <span class='ocrx_word' id='word_1_572' title='bbox 3195 1588 3502 1653; x_wconf 82' lang='lat' dir='ltr'><strong>supplican-</strong></span> 
     </span>
    </p>
   </div>
   <div class='ocr_carea' id='block_1_84' title="bbox 1915 1648 3499 1723">
    <p class='ocr_par' dir='ltr' id='par_1_84' title="bbox 1915 1648 3499 1723">
     <span class='ocr_line' id='line_1_84' title="bbox 1915 1648 3499 1723; baseline 0.01 -25"><span class='ocrx_word' id='word_1_573' title='bbox 1915 1654 2025 1698; x_wconf 90' lang='lat' dir='ltr'><strong>tum</strong></span> <span class='ocrx_word' id='word_1_574' title='bbox 2058 1648 2267 1723; x_wconf 85' lang='lat' dir='ltr'><strong>esseab</strong></span> <span class='ocrx_word' id='word_1_575' title='bbox 2288 1664 2354 1703; x_wconf 92' lang='lat' dir='ltr'><strong>eo</strong></span> <span class='ocrx_word' id='word_1_576' title='bbox 2378 1653 2643 1721; x_wconf 90' lang='lat' dir='ltr'><strong>neglecta,</strong></span> <span class='ocrx_word' id='word_1_577' title='bbox 2670 1669 2768 1709; x_wconf 91' lang='lat' dir='ltr'><strong>nec</strong></span> <span class='ocrx_word' id='word_1_578' title='bbox 2794 1667 3087 1723; x_wconf 87' lang='lat' dir='ltr'><strong>respectam</strong></span> <span class='ocrx_word' id='word_1_579' title='bbox 3120 1648 3312 1710; x_wconf 76' lang='lat' dir='ltr'><strong>eorum</strong></span> <span class='ocrx_word' id='word_1_580' title='bbox 3335 1658 3499 1714; x_wconf 79' lang='lat' dir='ltr'><strong>fuisse</strong></span> 
     </span>
    </p>
   </div>
   <div class='ocr_carea' id='block_1_85' title="bbox 1908 1720 3498 1797">
    <p class='ocr_par' dir='ltr' id='par_1_85' title="bbox 1908 1720 3498 1797">
     <span class='ocr_line' id='line_1_85' title="bbox 1908 1720 3498 1797; baseline 0.009 -29"><span class='ocrx_word' id='word_1_581' title='bbox 1908 1725 2065 1797; x_wconf 71' lang='lat' dir='ltr'><strong>antea</strong></span> <span class='ocrx_word' id='word_1_582' title='bbox 2112 1720 2740 1797; x_wconf 24' lang='lat' dir='ltr'><strong>voluntatemjdtantttm</strong></span> <span class='ocrx_word' id='word_1_583' title='bbox 2790 1720 2941 1797; x_wconf 57' lang='lat' dir='ltr'><strong>abest</strong></span> <span class='ocrx_word' id='word_1_584' title='bbox 2990 1737 3044 1781; x_wconf 89' lang='lat' dir='ltr'><strong>ttt</strong></span> <span class='ocrx_word' id='word_1_585' title='bbox 3097 1728 3272 1797; x_wconf 86' lang='lat' dir='ltr'><strong>(quod</strong></span> <span class='ocrx_word' id='word_1_586' title='bbox 3308 1728 3498 1783; x_wconf 73' lang='lat' dir='ltr'><strong>Marsae</strong></span> 
     </span>
    </p>
   </div>
   <div class='ocr_carea' id='block_1_86' title="bbox 1902 1790 3490 1864">
    <p class='ocr_par' dir='ltr' id='par_1_86' title="bbox 1902 1790 3490 1864">
     <span class='ocr_line' id='line_1_86' title="bbox 1902 1790 3490 1864; baseline 0.01 -26"><span class='ocrx_word' id='word_1_587' title='bbox 1902 1790 2081 1864; x_wconf 49' lang='lat' dir='ltr'><strong>Qisum</strong></span> <span class='ocrx_word' id='word_1_588' title='bbox 2133 1792 2262 1864; x_wconf 87' lang='lat' dir='ltr'><strong>cst_)_</strong></span> <span class='ocrx_word' id='word_1_589' title='bbox 2298 1792 2411 1864; x_wconf 83' lang='lat' dir='ltr'><strong>ipse</strong></span> <span class='ocrx_word' id='word_1_590' title='bbox 2460 1793 2690 1848; x_wconf 76' lang='lat' dir='ltr'><strong>llilorius</strong></span> <span class='ocrx_word' id='word_1_591' title='bbox 2721 1796 3052 1850; x_wconf 80' lang='lat' dir='ltr'><strong>Bonifacium</strong></span> <span class='ocrx_word' id='word_1_592' title='bbox 3099 1790 3490 1864; x_wconf 74' lang='lat' dir='ltr'><strong>inierpellarit;</strong></span> 
     </span>
    </p>
   </div>
   <div class='ocr_carea' id='block_1_87' title="bbox 1838 1856 3494 1940">
    <p class='ocr_par' dir='ltr' id='par_1_87' title="bbox 1838 1856 3494 1940">
     <span class='ocr_line' id='line_1_87' title="bbox 1838 1856 3494 1940; baseline 0.008 -31"><span class='ocrx_word' id='word_1_593' title='bbox 1838 1880 1884 1940; x_wconf 72' lang='grc' dir='ltr'>Β</span> <span class='ocrx_word' id='word_1_594' title='bbox 1910 1856 2301 1940; x_wconf 11' lang='grc' dir='ltr'><strong>ξςηηιοῄιιξιυιίυ</strong></span> <span class='ocrx_word' id='word_1_595' title='bbox 2321 1856 2704 1940; x_wconf 83' lang='lat' dir='ltr'><strong>interpellatus</strong></span> <span class='ocrx_word' id='word_1_596' title='bbox 2729 1867 2983 1936; x_wconf 89' lang='lat' dir='ltr'><strong>episcopo</strong></span> <span class='ocrx_word' id='word_1_597' title='bbox 3016 1856 3252 1936; x_wconf 69' lang='grc' dir='ltr'><strong>ροηιίΐεί</strong></span> <span class='ocrx_word' id='word_1_598' title='bbox 3275 1856 3494 1923; x_wconf 70' lang='grc' dir='ltr'><strong>εεηιεηῖ</strong></span> 
     </span>
    </p>
   </div>
   <div class='ocr_carea' id='block_1_88' title="bbox 1912 1928 3495 1995">
    <p class='ocr_par' dir='ltr' id='par_1_88' title="bbox 1912 1928 3495 1995">
     <span class='ocr_line' id='line_1_88' title="bbox 1912 1928 3495 1995; baseline 0.009 -14"><span class='ocrx_word' id='word_1_599' title='bbox 1912 1928 2038 1982; x_wconf 93' lang='lat' dir='ltr'><strong>tiam</strong></span> <span class='ocrx_word' id='word_1_600' title='bbox 2070 1932 2222 1995; x_wconf 90' lang='lat' dir='ltr'><strong>tttlit,</strong></span> <span class='ocrx_word' id='word_1_601' title='bbox 2275 1948 2379 1987; x_wconf 92' lang='lat' dir='ltr'><strong>non</strong></span> <span class='ocrx_word' id='word_1_602' title='bbox 2428 1928 2653 1990; x_wconf 77' lang='lat' dir='ltr'><strong>multum</strong></span> <span class='ocrx_word' id='word_1_603' title='bbox 2699 1928 2830 1993; x_wconf 76' lang='lat' dir='ltr'><strong>sane</strong></span> <span class='ocrx_word' id='word_1_604' title='bbox 2859 1928 2929 1992; x_wconf 73' lang='lat' dir='ltr'><strong>eo</strong></span> <span class='ocrx_word' id='word_1_605' title='bbox 2972 1928 3189 1994; x_wconf 77' lang='lat' dir='ltr'><strong>nomine</strong></span> <span class='ocrx_word' id='word_1_606' title='bbox 3236 1954 3299 1993; x_wconf 84' lang='lat' dir='ltr'><strong>ac</strong></span> <span class='ocrx_word' id='word_1_607' title='bbox 3345 1941 3495 1995; x_wconf 87' lang='lat' dir='ltr'><strong>titulo</strong></span> 
     </span>
    </p>
   </div>
   <div class='ocr_carea' id='block_1_89' title="bbox 1907 2002 2411 2059">
    <p class='ocr_par' dir='ltr' id='par_1_89' title="bbox 1907 2002 2411 2059">
     <span class='ocr_line' id='line_1_89' title="bbox 1907 2002 2411 2059; baseline 0.004 -4"><span class='ocrx_word' id='word_1_608' title='bbox 1907 2002 2411 2059; x_wconf 85' lang='lat' dir='ltr'><strong>commendandam.</strong></span> 
     </span>
    </p>
   </div>
   <div class='ocr_carea' id='block_1_90' title="bbox 1980 2070 3495 2143">
    <p class='ocr_par' dir='ltr' id='par_1_90' title="bbox 1980 2070 3495 2143">
     <span class='ocr_line' id='line_1_90' title="bbox 1980 2070 3495 2143; baseline 0.011 -21"><span class='ocrx_word' id='word_1_609' title='bbox 1980 2070 2131 2136; x_wconf 85' lang='lat' dir='ltr'><strong>Quod</strong></span> <span class='ocrx_word' id='word_1_610' title='bbox 2156 2088 2285 2141; x_wconf 88' lang='lat' dir='ltr'><strong>ergo</strong></span> <span class='ocrx_word' id='word_1_611' title='bbox 2315 2076 2388 2143; x_wconf 80' lang='grc' dir='ltr'><strong>(α)</strong></span> <span class='ocrx_word' id='word_1_612' title='bbox 2418 2078 2608 2131; x_wconf 86' lang='lat' dir='ltr'><strong>asserit</strong></span> <span class='ocrx_word' id='word_1_613' title='bbox 2648 2089 2863 2133; x_wconf 88' lang='lat' dir='ltr'><strong>sanctus</strong></span> <span class='ocrx_word' id='word_1_614' title='bbox 2894 2079 3002 2132; x_wconf 88' lang='lat' dir='ltr'><strong>Leo</strong></span> <span class='ocrx_word' id='word_1_615' title='bbox 3034 2081 3084 2133; x_wconf 91' lang='lat' dir='ltr'><strong>in</strong></span> <span class='ocrx_word' id='word_1_616' title='bbox 3119 2080 3217 2134; x_wconf 85' lang='lat' dir='ltr'><strong>hac</strong></span> <span class='ocrx_word' id='word_1_617' title='bbox 3238 2081 3302 2134; x_wconf 86' lang='lat' dir='ltr'><strong>ad</strong></span> <span class='ocrx_word' id='word_1_618' title='bbox 3333 2081 3495 2137; x_wconf 83' lang='lat' dir='ltr'><strong>Vien-</strong></span> 
     </span>
    </p>
   </div>
   <div class='ocr_carea' id='block_1_91' title="bbox 1910 2147 3493 2223">
    <p class='ocr_par' dir='ltr' id='par_1_91' title="bbox 1910 2147 3493 2223">
     <span class='ocr_line' id='line_1_91' title="bbox 1910 2147 3493 2223; baseline 0.008 -29"><span class='ocrx_word' id='word_1_619' title='bbox 1910 2155 2108 2223; x_wconf 76' lang='lat' dir='ltr'><strong>nenses</strong></span> <span class='ocrx_word' id='word_1_620' title='bbox 2138 2148 2396 2223; x_wconf 66' lang='lat' dir='ltr'><strong>epismla,</strong></span> <span class='ocrx_word' id='word_1_621' title='bbox 2418 2147 2472 2198; x_wconf 89' lang='lat' dir='ltr'><strong>id</strong></span> <span class='ocrx_word' id='word_1_622' title='bbox 2513 2148 2679 2223; x_wconf 78' lang='lat' dir='ltr'><strong>ipsum</strong></span> <span class='ocrx_word' id='word_1_623' title='bbox 2709 2151 2846 2217; x_wconf 86' lang='lat' dir='ltr'><strong>quod</strong></span> <span class='ocrx_word' id='word_1_624' title='bbox 2886 2148 3133 2204; x_wconf 79' lang='lat' dir='ltr'><strong>Patroclo</strong></span> <span class='ocrx_word' id='word_1_625' title='bbox 3158 2168 3189 2203; x_wconf 90' lang='lat' dir='ltr'><strong>a</strong></span> <span class='ocrx_word' id='word_1_626' title='bbox 3226 2153 3345 2205; x_wconf 89' lang='lat' dir='ltr'><strong>sede</strong></span> <span class='ocrx_word' id='word_1_627' title='bbox 3371 2169 3493 2223; x_wconf 86' lang='lat' dir='ltr'><strong>apo-</strong></span> 
     </span>
    </p>
   </div>
   <div class='ocr_carea' id='block_1_92' title="bbox 1910 2212 3491 2288">
    <p class='ocr_par' dir='ltr' id='par_1_92' title="bbox 1910 2212 3491 2288">
     <span class='ocr_line' id='line_1_92' title="bbox 1910 2212 3491 2288; baseline 0.008 -25"><span class='ocrx_word' id='word_1_628' title='bbox 1910 2212 2090 2288; x_wconf 80' lang='lat' dir='ltr'><strong>stolica</strong></span> <span class='ocrx_word' id='word_1_629' title='bbox 2128 2212 2473 2284; x_wconf 80' lang='lat' dir='ltr'><strong>temporaliter</strong></span> <span class='ocrx_word' id='word_1_630' title='bbox 2516 2212 2777 2272; x_wconf 78' lang='lat' dir='ltr'><strong>uidebatur</strong></span> <span class='ocrx_word' id='word_1_631' title='bbox 2816 2237 2924 2273; x_wconf 88' lang='lat' dir='ltr'><strong>esse</strong></span> <span class='ocrx_word' id='word_1_632' title='bbox 2973 2238 3302 2287; x_wconf 85' lang='lat' dir='ltr'><strong>concessum,</strong></span> <span class='ocrx_word' id='word_1_633' title='bbox 3352 2212 3491 2288; x_wconf 78' lang='lat' dir='ltr'><strong>post-</strong></span> 
     </span>
    </p>
   </div>
   <div class='ocr_carea' id='block_1_93' title="bbox 1910 2284 3490 2360">
    <p class='ocr_par' dir='ltr' id='par_1_93' title="bbox 1910 2284 3490 2360">
     <span class='ocr_line' id='line_1_93' title="bbox 1910 2284 3490 2360; baseline 0.009 -27"><span class='ocrx_word' id='word_1_634' title='bbox 1910 2284 2118 2360; x_wconf 76' lang='lat' dir='ltr'><strong>modum</strong></span> <span class='ocrx_word' id='word_1_635' title='bbox 2139 2301 2251 2360; x_wconf 80' lang='lat' dir='ltr'><strong>esse</strong></span> <span class='ocrx_word' id='word_1_636' title='bbox 2264 2290 2508 2360; x_wconf 83' lang='lat' dir='ltr'><strong>sententia</strong></span> <span class='ocrx_word' id='word_1_637' title='bbox 2536 2290 2743 2342; x_wconf 88' lang='lat' dir='ltr'><strong>meliore</strong></span> <span class='ocrx_word' id='word_1_638' title='bbox 2761 2292 3050 2357; x_wconf 86' lang='lat' dir='ltr'><strong>sublatum;</strong></span> <span class='ocrx_word' id='word_1_639' title='bbox 3074 2303 3129 2347; x_wconf 89' lang='lat' dir='ltr'><strong>ut</strong></span> <span class='ocrx_word' id='word_1_640' title='bbox 3152 2294 3219 2347; x_wconf 91' lang='lat' dir='ltr'><strong>ab</strong></span> <span class='ocrx_word' id='word_1_641' title='bbox 3249 2284 3313 2347; x_wconf 85' lang='lat' dir='ltr'><strong>eo</strong></span> <span class='ocrx_word' id='word_1_642' title='bbox 3332 2284 3490 2360; x_wconf 83' lang='lat' dir='ltr'><strong>paulo</strong></span> 
     </span>
    </p>
   </div>
   <div class='ocr_carea' id='block_1_94' title="bbox 1907 2352 3489 2430">
    <p class='ocr_par' dir='ltr' id='par_1_94' title="bbox 1907 2352 3489 2430">
     <span class='ocr_line' id='line_1_94' title="bbox 1907 2352 3489 2430; baseline 0.007 -23"><span class='ocrx_word' id='word_1_643' title='bbox 1907 2352 2170 2409; x_wconf 82' lang='lat' dir='ltr'><strong>adversus</strong></span> <span class='ocrx_word' id='word_1_644' title='bbox 2225 2357 2592 2430; x_wconf 78' lang='lat' dir='ltr'><strong>Arelatensem</strong></span> <span class='ocrx_word' id='word_1_645' title='bbox 2658 2362 2965 2430; x_wconf 89' lang='lat' dir='ltr'><strong>episcopum</strong></span> <span class='ocrx_word' id='word_1_646' title='bbox 3030 2352 3232 2417; x_wconf 84' lang='lat' dir='ltr'><strong>iratiori</strong></span> <span class='ocrx_word' id='word_1_647' title='bbox 3288 2352 3489 2419; x_wconf 77' lang='lat' dir='ltr'><strong>dictum</strong></span> 
     </span>
    </p>
   </div>
   <div class='ocr_carea' id='block_1_95' title="bbox 1908 2427 3491 2505">
    <p class='ocr_par' dir='ltr' id='par_1_95' title="bbox 1908 2427 3491 2505">
     <span class='ocr_line' id='line_1_95' title="bbox 1908 2427 3491 2505; baseline 0.007 -28"><span class='ocrx_word' id='word_1_648' title='bbox 1908 2427 2488 2505; x_wconf 39' lang='lat' dir='ltr'><strong>est,.nec_pro_batum;</strong></span> <span class='ocrx_word' id='word_1_649' title='bbox 2524 2431 2593 2484; x_wconf 89' lang='lat' dir='ltr'><strong>ita</strong></span> <span class='ocrx_word' id='word_1_650' title='bbox 2625 2427 3023 2502; x_wconf 37' lang='lat' dir='ltr'><strong>veritati—(quod</strong></span> <span class='ocrx_word' id='word_1_651' title='bbox 3054 2450 3186 2504; x_wconf 85' lang='lat' dir='ltr'><strong>pace</strong></span> <span class='ocrx_word' id='word_1_652' title='bbox 3217 2435 3491 2489; x_wconf 89' lang='lat' dir='ltr'><strong>tanti-do-</strong></span> 
     </span>
    </p>
   </div>
   <div class='ocr_carea' id='block_1_96' title="bbox 1907 2496 3487 2570">
    <p class='ocr_par' dir='ltr' id='par_1_96' title="bbox 1907 2496 3487 2570">
     <span class='ocr_line' id='line_1_96' title="bbox 1907 2496 3487 2570; baseline 0.007 -21"><span class='ocrx_word' id='word_1_653' title='bbox 1907 2496 2071 2549; x_wconf 89' lang='lat' dir='ltr'><strong>ctoris</strong></span> <span class='ocrx_word' id='word_1_654' title='bbox 2112 2496 2371 2570; x_wconf 80' lang='lat' dir='ltr'><strong>dixerim)</strong></span> <span class='ocrx_word' id='word_1_655' title='bbox 2403 2516 2506 2555; x_wconf 92' lang='lat' dir='ltr'><strong>non</strong></span> <span class='ocrx_word' id='word_1_656' title='bbox 2537 2510 2621 2555; x_wconf 87' lang='lat' dir='ltr'><strong>est</strong></span> <span class='ocrx_word' id='word_1_657' title='bbox 2659 2496 2877 2557; x_wconf 84' lang='lat' dir='ltr'><strong>omnino</strong></span> <span class='ocrx_word' id='word_1_658' title='bbox 2899 2496 3354 2570; x_wconf 76' lang='lat' dir='ltr'><strong>consentaneum;</strong></span> <span class='ocrx_word' id='word_1_659' title='bbox 3388 2521 3487 2560; x_wconf 90' lang='lat' dir='ltr'><strong>nec</strong></span> 
     </span>
    </p>
   </div>
   <div class='ocr_carea' id='block_1_97' title="bbox 1908 2568 3487 2649">
    <p class='ocr_par' dir='ltr' id='par_1_97' title="bbox 1908 2568 3487 2649">
     <span class='ocr_line' id='line_1_97' title="bbox 1908 2568 3487 2649; baseline 0.008 -32"><span class='ocrx_word' id='word_1_660' title='bbox 1908 2568 2288 2649; x_wconf 65' lang='lat' dir='ltr'><strong>contumeliam</strong></span> <span class='ocrx_word' id='word_1_661' title='bbox 2319 2570 2545 2649; x_wconf 79' lang='lat' dir='ltr'><strong>iacimus</strong></span> <span class='ocrx_word' id='word_1_662' title='bbox 2574 2574 2805 2649; x_wconf 80' lang='lat' dir='ltr'><strong>pontiﬁci</strong></span> <span class='ocrx_word' id='word_1_663' title='bbox 2827 2575 3027 2649; x_wconf 75' lang='lat' dir='ltr'><strong>,_cujus</strong></span> <span class='ocrx_word' id='word_1_664' title='bbox 3066 2591 3174 2631; x_wconf 92' lang='lat' dir='ltr'><strong>non</strong></span> <span class='ocrx_word' id='word_1_665' title='bbox 3206 2568 3487 2649; x_wconf 67' lang='lat' dir='ltr'><strong>magisin-</strong></span> 
     </span>
    </p>
   </div>
   <div class='ocr_carea' id='block_1_98' title="bbox 1907 2637 3485 2719">
    <p class='ocr_par' dir='ltr' id='par_1_98' title="bbox 1907 2637 3485 2719">
     <span class='ocr_line' id='line_1_98' title="bbox 1907 2637 3485 2719; baseline 0.008 -31"><span class='ocrx_word' id='word_1_666' title='bbox 1907 2644 2071 2719; x_wconf 54' lang='lat' dir='ltr'><strong>t&#39;erest</strong></span> <span class='ocrx_word' id='word_1_667' title='bbox 2122 2637 2379 2719; x_wconf 73' lang='lat' dir='ltr'><strong>llonilacii</strong></span> <span class='ocrx_word' id='word_1_668' title='bbox 2432 2637 2644 2719; x_wconf 76' lang='lat' dir='ltr'><strong>probari</strong></span> <span class='ocrx_word' id='word_1_669' title='bbox 2698 2637 3031 2719; x_wconf 74' lang='lat' dir='ltr'><strong>sanctionem</strong></span> <span class='ocrx_word' id='word_1_670' title='bbox 3073 2662 3231 2717; x_wconf 90' lang='lat' dir='ltr'><strong>quam</strong></span> <span class='ocrx_word' id='word_1_671' title='bbox 3266 2646 3485 2701; x_wconf 86' lang='lat' dir='ltr'><strong>Zosimi.</strong></span> 
     </span>
    </p>
   </div>
   <div class='ocr_carea' id='block_1_99' title="bbox 1906 2704 3489 2787">
    <p class='ocr_par' dir='ltr' id='par_1_99' title="bbox 1906 2704 3489 2787">
     <span class='ocr_line' id='line_1_99' title="bbox 1906 2704 3489 2787; baseline 0.008 -27"><span class='ocrx_word' id='word_1_672' title='bbox 1906 2704 2069 2761; x_wconf 85' lang='lat' dir='ltr'><strong>Eccui</strong></span> <span class='ocrx_word' id='word_1_673' title='bbox 2103 2709 2378 2787; x_wconf 79' lang='lat' dir='ltr'><strong>enimvero</strong></span> <span class='ocrx_word' id='word_1_674' title='bbox 2390 2704 2594 2787; x_wconf 55' lang='lat' dir='ltr'><strong>inelior</strong></span> <span class='ocrx_word' id='word_1_675' title='bbox 2621 2730 2681 2769; x_wconf 89' lang='lat' dir='ltr'><strong>ea</strong></span> <span class='ocrx_word' id='word_1_676' title='bbox 2707 2716 2948 2770; x_wconf 89' lang='lat' dir='ltr'><strong>videatur</strong></span> <span class='ocrx_word' id='word_1_677' title='bbox 2972 2704 3258 2781; x_wconf 72' lang='lat' dir='ltr'><strong>sententia,</strong></span> <span class='ocrx_word' id='word_1_678' title='bbox 3283 2733 3402 2787; x_wconf 67' lang='lat' dir='ltr'><strong>quae</strong></span> <span class='ocrx_word' id='word_1_679' title='bbox 3430 2726 3489 2773; x_wconf 89' lang='lat' dir='ltr'><strong>et</strong></span> 
     </span>
    </p>
   </div>
   <div class='ocr_carea' id='block_1_100' title="bbox 1905 2782 3486 2857">
    <p class='ocr_par' dir='ltr' id='par_1_100' title="bbox 1905 2782 3486 2857">
     <span class='ocr_line' id='line_1_100' title="bbox 1905 2782 3486 2857; baseline 0.008 -27"><span class='ocrx_word' id='word_1_680' title='bbox 1905 2789 2282 2857; x_wconf 81' lang='lat' dir='ltr'><strong>momentaneo</strong></span> <span class='ocrx_word' id='word_1_681' title='bbox 2310 2782 2533 2857; x_wconf 80' lang='lat' dir='ltr'><strong>judicio,</strong></span> <span class='ocrx_word' id='word_1_682' title='bbox 2563 2794 2616 2838; x_wconf 91' lang='lat' dir='ltr'><strong>et</strong></span> <span class='ocrx_word' id='word_1_683' title='bbox 2650 2800 2715 2841; x_wconf 87' lang='lat' dir='ltr'><strong>co</strong></span> <span class='ocrx_word' id='word_1_684' title='bbox 2742 2802 2900 2857; x_wconf 84' lang='lat' dir='ltr'><strong>quem</strong></span> <span class='ocrx_word' id='word_1_685' title='bbox 2932 2790 3277 2857; x_wconf 83' lang='lat' dir='ltr'><strong>exp0suimus</strong></span> <span class='ocrx_word' id='word_1_686' title='bbox 3299 2782 3486 2843; x_wconf 66' lang='lat' dir='ltr'><strong>&#39;modo</strong></span> 
     </span>
    </p>
   </div>
   <div class='ocr_carea' id='block_1_101' title="bbox 1906 2848 3481 2933">
    <p class='ocr_par' dir='ltr' id='par_1_101' title="bbox 1906 2848 3481 2933">
     <span class='ocr_line' id='line_1_101' title="bbox 1906 2848 3481 2933; baseline 0.008 -33"><span class='ocrx_word' id='word_1_687' title='bbox 1906 2848 2153 2933; x_wconf 43' lang='lat' dir='ltr'><strong>lata.est,</strong></span> <span class='ocrx_word' id='word_1_688' title='bbox 2182 2862 2235 2904; x_wconf 89' lang='lat' dir='ltr'><strong>ct</strong></span> <span class='ocrx_word' id='word_1_689' title='bbox 2261 2848 2900 2933; x_wconf 71' lang='lat' dir='ltr'><strong>antiqute_consueti_tdini_</strong></span> <span class='ocrx_word' id='word_1_690' title='bbox 2930 2848 3231 2913; x_wconf 79' lang='lat' dir='ltr'><strong>contraria?</strong></span> <span class='ocrx_word' id='word_1_691' title='bbox 3266 2858 3358 2912; x_wconf 84' lang='lat' dir='ltr'><strong>Vel</strong></span> <span class='ocrx_word' id='word_1_692' title='bbox 3384 2860 3481 2928; x_wconf 82' lang='lat' dir='ltr'><strong>igi-</strong></span> 
     </span>
    </p>
   </div>
   <div class='ocr_carea' id='block_1_102' title="bbox 1905 2918 3483 2999">
    <p class='ocr_par' dir='ltr' id='par_1_102' title="bbox 1905 2918 3483 2999">
     <span class='ocr_line' id='line_1_102' title="bbox 1905 2918 3483 2999; baseline 0.008 -28"><span class='ocrx_word' id='word_1_693' title='bbox 1905 2927 1993 2999; x_wconf 65' lang='lat' dir='ltr'><strong>tur</strong></span> <span class='ocrx_word' id='word_1_694' title='bbox 2022 2918 2136 2974; x_wconf 75' lang='lat' dir='ltr'><strong>brcc</strong></span> <span class='ocrx_word' id='word_1_695' title='bbox 2173 2918 2473 2999; x_wconf 79' lang='lat' dir='ltr'><strong>accuratius</strong></span> <span class='ocrx_word' id='word_1_696' title='bbox 2504 2924 2635 2999; x_wconf 83' lang='lat' dir='ltr'><strong>Leo,</strong></span> <span class='ocrx_word' id='word_1_697' title='bbox 2676 2927 2988 2999; x_wconf 91' lang='lat' dir='ltr'><strong>melioribus</strong></span> <span class='ocrx_word' id='word_1_698' title='bbox 3023 2937 3345 2999; x_wconf 81' lang='lat' dir='ltr'><strong>occupatus,</strong></span> <span class='ocrx_word' id='word_1_699' title='bbox 3379 2918 3483 2982; x_wconf 62' lang='lat' dir='ltr'><strong>n&#39;on</strong></span> 
     </span>
    </p>
   </div>
   <div class='ocr_carea' id='block_1_103' title="bbox 1905 2988 3485 3063">
    <p class='ocr_par' dir='ltr' id='par_1_103' title="bbox 1905 2988 3485 3063">
     <span class='ocr_line' id='line_1_103' title="bbox 1905 2988 3485 3063; baseline 0.006 -22"><span class='ocrx_word' id='word_1_700' title='bbox 1905 2988 2235 3063; x_wconf 78' lang='lat' dir='ltr'><strong>discusserat</strong></span> <span class='ocrx_word' id='word_1_701' title='bbox 2265 2993 2346 3046; x_wconf 86' lang='lat' dir='ltr'><strong>vel</strong></span> <span class='ocrx_word' id='word_1_702' title='bbox 2388 2988 2645 3048; x_wconf 86' lang='lat' dir='ltr'><strong>memoria</strong></span> <span class='ocrx_word' id='word_1_703' title='bbox 2689 2998 2871 3063; x_wconf 90' lang='lat' dir='ltr'><strong>lapsus</strong></span> <span class='ocrx_word' id='word_1_704' title='bbox 2900 3006 3019 3061; x_wconf 90' lang='lat' dir='ltr'><strong>est,</strong></span> <span class='ocrx_word' id='word_1_705' title='bbox 3056 2997 3140 3050; x_wconf 86' lang='lat' dir='ltr'><strong>vel</strong></span> <span class='ocrx_word' id='word_1_706' title='bbox 3164 2988 3296 3049; x_wconf 76' lang='lat' dir='ltr'><strong>dum</strong></span> <span class='ocrx_word' id='word_1_707' title='bbox 3330 2988 3485 3063; x_wconf 80' lang='lat' dir='ltr'><strong>paulo</strong></span> 
     </span>
    </p>
   </div>
   <div class='ocr_carea' id='block_1_104' title="bbox 1907 3058 3483 3134">
    <p class='ocr_par' dir='ltr' id='par_1_104' title="bbox 1907 3058 3483 3134">
     <span class='ocr_line' id='line_1_104' title="bbox 1907 3058 3483 3134; baseline 0.006 -23"><span class='ocrx_word' id='word_1_708' title='bbox 1907 3058 2278 3134; x_wconf 69' lang='lat' dir='ltr'><strong>vehementius</strong></span> <span class='ocrx_word' id='word_1_709' title='bbox 2328 3062 2587 3118; x_wconf 85' lang='lat' dir='ltr'><strong>Hilarium</strong></span> <span class='ocrx_word' id='word_1_710' title='bbox 2637 3058 2965 3134; x_wconf 78' lang='lat' dir='ltr'><strong>insequitur,</strong></span> <span class='ocrx_word' id='word_1_711' title='bbox 2999 3058 3051 3120; x_wconf 87' lang='lat' dir='ltr'><strong>id</strong></span> <span class='ocrx_word' id='word_1_712' title='bbox 3081 3066 3259 3120; x_wconf 88' lang='lat' dir='ltr'><strong>verius</strong></span> <span class='ocrx_word' id='word_1_713' title='bbox 3296 3058 3483 3121; x_wconf 77' lang='lat' dir='ltr'><strong>existi-</strong></span> 
     </span>
    </p>
   </div>
   <div class='ocr_carea' id='block_1_105' title="bbox 1907 3129 3483 3206">
    <p class='ocr_par' dir='ltr' id='par_1_105' title="bbox 1907 3129 3483 3206">
     <span class='ocr_line' id='line_1_105' title="bbox 1907 3129 3483 3206; baseline 0.006 -24"><span class='ocrx_word' id='word_1_714' title='bbox 1907 3129 2078 3183; x_wconf 88' lang='lat' dir='ltr'><strong>mavit</strong></span> <span class='ocrx_word' id='word_1_715' title='bbox 2100 3171 2114 3191; x_wconf 89' lang='lat'><strong>,</strong></span> <span class='ocrx_word' id='word_1_716' title='bbox 2138 3131 2302 3206; x_wconf 80' lang='lat' dir='ltr'><strong>quod</strong></span> <span class='ocrx_word' id='word_1_717' title='bbox 2323 3144 2706 3206; x_wconf 61' lang='lat' dir='ltr'><strong>praeconceptte</strong></span> <span class='ocrx_word' id='word_1_718' title='bbox 2732 3129 2969 3206; x_wconf 79' lang='lat' dir='ltr'><strong>opinioni</strong></span> <span class='ocrx_word' id='word_1_719' title='bbox 2999 3137 3167 3206; x_wconf 88' lang='lat' dir='ltr'><strong>magis</strong></span> <span class='ocrx_word' id='word_1_720' title='bbox 3190 3150 3483 3191; x_wconf 87' lang='lat' dir='ltr'><strong>consonum</strong></span> 
     </span>
    </p>
   </div>
   <div class='ocr_carea' id='block_1_106' title="bbox 1904 3204 3481 3275">
    <p class='ocr_par' dir='ltr' id='par_1_106' title="bbox 1904 3204 3481 3275">
     <span class='ocr_line' id='line_1_106' title="bbox 1904 3204 3481 3275; baseline 0.006 -22"><span class='ocrx_word' id='word_1_721' title='bbox 1904 3208 2050 3275; x_wconf 67' lang='lat' dir='ltr'><strong>erat;</strong></span> <span class='ocrx_word' id='word_1_722' title='bbox 2081 3215 2179 3275; x_wconf 81' lang='lat' dir='ltr'><strong>nec</strong></span> <span class='ocrx_word' id='word_1_723' title='bbox 2222 3204 2601 3275; x_wconf 72' lang='lat' dir='ltr'><strong>animadvertit</strong></span> <span class='ocrx_word' id='word_1_724' title='bbox 2638 3205 2811 3275; x_wconf 92' lang='lat' dir='ltr'><strong>quod,</strong></span> <span class='ocrx_word' id='word_1_725' title='bbox 2858 3209 2959 3262; x_wconf 89' lang='lat' dir='ltr'><strong>etsi</strong></span> <span class='ocrx_word' id='word_1_726' title='bbox 3012 3204 3318 3262; x_wconf 80' lang='lat' dir='ltr'><strong>immediate</strong></span> <span class='ocrx_word' id='word_1_727' title='bbox 3356 3218 3481 3263; x_wconf 88' lang='lat' dir='ltr'><strong>ante</strong></span> 
     </span>
    </p>
   </div>
   <div class='ocr_carea' id='block_1_107' title="bbox 1824 3251 3482 3345">
    <p class='ocr_par' dir='ltr' id='par_1_107' title="bbox 1824 3251 3482 3345">
     <span class='ocr_line' id='line_1_107' title="bbox 1824 3251 3482 3345; baseline 0.007 -25"><span class='ocrx_word' id='word_1_728' title='bbox 1824 3251 1872 3314; x_wconf 67' lang='grc' dir='ltr'><strong>(ἶ</strong></span> <span class='ocrx_word' id='word_1_729' title='bbox 1903 3251 2206 3345; x_wconf 62' lang='lat' dir='ltr'><strong>Patroclum</strong></span> <span class='ocrx_word' id='word_1_730' title='bbox 2240 3272 2527 3340; x_wconf 65' lang='lat' dir='ltr'><strong>provincias</strong></span> <span class='ocrx_word' id='word_1_731' title='bbox 2557 3251 2668 3329; x_wconf 55' lang='lat' dir='ltr'><strong>illa?</strong></span> <span class='ocrx_word' id='word_1_732' title='bbox 2685 3251 2978 3331; x_wconf 64' lang='lat' dir='ltr'><strong>Areiatetisi</strong></span> <span class='ocrx_word' id='word_1_733' title='bbox 3012 3293 3116 3332; x_wconf 92' lang='lat' dir='ltr'><strong>non</strong></span> <span class='ocrx_word' id='word_1_734' title='bbox 3143 3251 3482 3345; x_wconf 59' lang='lat' dir='ltr'><strong>obtempera:</strong></span> 
     </span>
    </p>
   </div>
   <div class='ocr_carea' id='block_1_108' title="bbox 1903 3342 3483 3417">
    <p class='ocr_par' dir='ltr' id='par_1_108' title="bbox 1903 3342 3483 3417">
     <span class='ocr_line' id='line_1_108' title="bbox 1903 3342 3483 3417; baseline 0.007 -23"><span class='ocrx_word' id='word_1_735' title='bbox 1903 3342 2034 3395; x_wconf 88' lang='lat' dir='ltr'><strong>bant</strong></span> <span class='ocrx_word' id='word_1_736' title='bbox 2061 3343 2311 3417; x_wconf 70' lang='lat' dir='ltr'><strong>episcopo</strong></span> <span class='ocrx_word' id='word_1_737' title='bbox 2338 3345 2436 3417; x_wconf 51' lang='grc' dir='ltr'><strong>(ιι)ἐ</strong></span> <span class='ocrx_word' id='word_1_738' title='bbox 2466 3346 2532 3399; x_wconf 89' lang='lat' dir='ltr'><strong>ab</strong></span> <span class='ocrx_word' id='word_1_739' title='bbox 2560 3347 2711 3400; x_wconf 91' lang='lat' dir='ltr'><strong>initio</strong></span> <span class='ocrx_word' id='word_1_740' title='bbox 2738 3355 2913 3403; x_wconf 90' lang='lat' dir='ltr'><strong>tamen</strong></span> <span class='ocrx_word' id='word_1_741' title='bbox 2945 3365 3047 3401; x_wconf 89' lang='lat' dir='ltr'><strong>non</strong></span> <span class='ocrx_word' id='word_1_742' title='bbox 3080 3347 3173 3402; x_wconf 81' lang='lat' dir='ltr'><strong>fuit</strong></span> <span class='ocrx_word' id='word_1_743' title='bbox 3198 3350 3294 3402; x_wconf 90' lang='lat' dir='ltr'><strong>sic.</strong></span> <span class='ocrx_word' id='word_1_744' title='bbox 3315 3342 3483 3417; x_wconf 77' lang='lat' dir='ltr'><strong>Magis</strong></span> 
     </span>
    </p>
   </div>
   <div class='ocr_carea' id='block_1_109' title="bbox 1902 3415 3484 3473">
    <p class='ocr_par' dir='ltr' id='par_1_109' title="bbox 1902 3415 3484 3473">
     <span class='ocr_line' id='line_1_109' title="bbox 1902 3415 3484 3473; baseline 0.004 -6"><span class='ocrx_word' id='word_1_745' title='bbox 1902 3421 2048 3467; x_wconf 84' lang='lat' dir='ltr'><strong>certe</strong></span> <span class='ocrx_word' id='word_1_746' title='bbox 2064 3415 2386 3468; x_wconf 88' lang='lat' dir='ltr'><strong>credendum</strong></span> <span class='ocrx_word' id='word_1_747' title='bbox 2402 3416 2614 3470; x_wconf 89' lang='lat' dir='ltr'><strong>Zosimo</strong></span> <span class='ocrx_word' id='word_1_748' title='bbox 2635 3420 2897 3473; x_wconf 88' lang='lat' dir='ltr'><strong>asserenti</strong></span> <span class='ocrx_word' id='word_1_749' title='bbox 2913 3420 3044 3473; x_wconf 82' lang='lat' dir='ltr'><strong>hanc</strong></span> <span class='ocrx_word' id='word_1_750' title='bbox 3066 3420 3341 3473; x_wconf 82' lang='lat' dir='ltr'><strong>ordinandi</strong></span> <span class='ocrx_word' id='word_1_751' title='bbox 3362 3415 3484 3473; x_wconf 80' lang='lat' dir='ltr'><strong>con-</strong></span> 
     </span>
    </p>
   </div>
   <div class='ocr_carea' id='block_1_110' title="bbox 1900 3484 3482 3559">
    <p class='ocr_par' dir='ltr' id='par_1_110' title="bbox 1900 3484 3482 3559">
     <span class='ocr_line' id='line_1_110' title="bbox 1900 3484 3482 3559; baseline 0.005 -22"><span class='ocrx_word' id='word_1_752' title='bbox 1900 3484 2217 3559; x_wconf 78' lang='lat' dir='ltr'><strong>suetudinem</strong></span> <span class='ocrx_word' id='word_1_753' title='bbox 2246 3493 2292 3537; x_wconf 88' lang='lat' dir='ltr'><strong>et</strong></span> <span class='ocrx_word' id='word_1_754' title='bbox 2323 3487 2676 3559; x_wconf 82' lang='lat' dir='ltr'><strong>pon_tiﬁcatum</strong></span> <span class='ocrx_word' id='word_1_755' title='bbox 2702 3490 2800 3543; x_wconf 85' lang='lat' dir='ltr'><strong>loci</strong></span> <span class='ocrx_word' id='word_1_756' title='bbox 2842 3490 2978 3543; x_wconf 80' lang='lat' dir='ltr'><strong>illius</strong></span> <span class='ocrx_word' id='word_1_757' title='bbox 3000 3507 3145 3559; x_wconf 85' lang='lat' dir='ltr'><strong>quem</strong></span> <span class='ocrx_word' id='word_1_758' title='bbox 3194 3490 3482 3545; x_wconf 86' lang='lat' dir='ltr'><strong>obtinuerat</strong></span> 
     </span>
    </p>
   </div>
   <div class='ocr_carea' id='block_1_111' title="bbox 1899 3554 3483 3631">
    <p class='ocr_par' dir='ltr' id='par_1_111' title="bbox 1899 3554 3483 3631">
     <span class='ocr_line' id='line_1_111' title="bbox 1899 3554 3483 3631; baseline 0.007 -25"><span class='ocrx_word' id='word_1_759' title='bbox 1899 3554 2093 3631; x_wconf 77' lang='lat' dir='ltr'><strong>primus</strong></span> <span class='ocrx_word' id='word_1_760' title='bbox 2116 3564 2160 3631; x_wconf 78' lang='lat' dir='ltr'><strong>et</strong></span> <span class='ocrx_word' id='word_1_761' title='bbox 2196 3557 2362 3621; x_wconf 79' lang='lat' dir='ltr'><strong>iustus</strong></span> <span class='ocrx_word' id='word_1_762' title='bbox 2403 3556 2754 3627; x_wconf 71' lang='lat' dir='ltr'><strong>Tropltimus,</strong></span> <span class='ocrx_word' id='word_1_763' title='bbox 2793 3554 3099 3614; x_wconf 71' lang='lat' dir='ltr'><strong>custoditum</strong></span> <span class='ocrx_word' id='word_1_764' title='bbox 3141 3562 3298 3628; x_wconf 78' lang='lat' dir='ltr'><strong>fuisse</strong></span> <span class='ocrx_word' id='word_1_765' title='bbox 3328 3579 3483 3631; x_wconf 86' lang='lat' dir='ltr'><strong>usque</strong></span> 
     </span>
    </p>
   </div>
   <div class='ocr_carea' id='block_1_112' title="bbox 1899 3627 3480 3703">
    <p class='ocr_par' dir='ltr' id='par_1_112' title="bbox 1899 3627 3480 3703">
     <span class='ocr_line' id='line_1_112' title="bbox 1899 3627 3480 3703; baseline 0.004 -25"><span class='ocrx_word' id='word_1_766' title='bbox 1899 3627 1953 3703; x_wconf 74' lang='lat' dir='ltr'><strong>in</strong></span> <span class='ocrx_word' id='word_1_767' title='bbox 1978 3627 2273 3703; x_wconf 74' lang='lat' dir='ltr'><strong>proximum</strong></span> <span class='ocrx_word' id='word_1_768' title='bbox 2317 3637 2548 3699; x_wconf 85' lang='lat' dir='ltr'><strong>tempus,</strong></span> <span class='ocrx_word' id='word_1_769' title='bbox 2593 3633 2730 3703; x_wconf 87' lang='lat' dir='ltr'><strong>quod</strong></span> <span class='ocrx_word' id='word_1_770' title='bbox 2774 3634 2947 3703; x_wconf 84' lang='lat' dir='ltr'><strong>gestis,</strong></span> <span class='ocrx_word' id='word_1_771' title='bbox 2978 3627 3180 3701; x_wconf 90' lang='lat' dir='ltr'><strong>inquit,</strong></span> <span class='ocrx_word' id='word_1_772' title='bbox 3218 3634 3359 3701; x_wconf 90' lang='lat' dir='ltr'><strong>apud</strong></span> <span class='ocrx_word' id='word_1_773' title='bbox 3390 3627 3480 3686; x_wconf 80' lang='lat' dir='ltr'><strong>nos</strong></span> 
     </span>
    </p>
   </div>
   <div class='ocr_carea' id='block_1_113' title="bbox 1901 3697 3477 3759">
    <p class='ocr_par' dir='ltr' id='par_1_113' title="bbox 1901 3697 3477 3759">
     <span class='ocr_line' id='line_1_113' title="bbox 1901 3697 3477 3759; baseline 0.004 -9"><span class='ocrx_word' id='word_1_774' title='bbox 1901 3697 2103 3759; x_wconf 77' lang='lat' dir='ltr'><strong>habitis,</strong></span> <span class='ocrx_word' id='word_1_775' title='bbox 2127 3700 2401 3752; x_wconf 89' lang='lat' dir='ltr'><strong>multorum</strong></span> <span class='ocrx_word' id='word_1_776' title='bbox 2418 3697 2838 3755; x_wconf 47' lang='lat' dir='ltr'><strong>&#39;consacerdotu&#39;m</strong></span> <span class='ocrx_word' id='word_1_777' title='bbox 2866 3697 3155 3756; x_wconf 76' lang='lat' dir='ltr'><strong>nostrorum</strong></span> <span class='ocrx_word' id='word_1_778' title='bbox 3167 3697 3477 3757; x_wconf 81' lang='lat' dir='ltr'><strong>testimoniis</strong></span> 
     </span>
    </p>
   </div>
   <div class='ocr_carea' id='block_1_114' title="bbox 1899 3770 3474 3841">
    <p class='ocr_par' dir='ltr' id='par_1_114' title="bbox 1899 3770 3474 3841">
     <span class='ocr_line' id='line_1_114' title="bbox 1899 3770 3474 3841; baseline 0.004 -21"><span class='ocrx_word' id='word_1_779' title='bbox 1899 3770 2287 3841; x_wconf 85' lang='lat' dir='ltr'><strong>comprobatur;</strong></span> <span class='ocrx_word' id='word_1_780' title='bbox 2314 3784 2471 3833; x_wconf 89' lang='lat' dir='ltr'><strong>quam</strong></span> <span class='ocrx_word' id='word_1_781' title='bbox 2515 3772 2680 3827; x_wconf 85' lang='lat' dir='ltr'><strong>Leoni</strong></span> <span class='ocrx_word' id='word_1_782' title='bbox 2717 3773 2854 3828; x_wconf 85' lang='lat' dir='ltr'><strong>istud</strong></span> <span class='ocrx_word' id='word_1_783' title='bbox 2885 3774 3002 3828; x_wconf 77' lang='lat' dir='ltr'><strong>sine</strong></span> <span class='ocrx_word' id='word_1_784' title='bbox 3033 3783 3171 3828; x_wconf 87' lang='lat' dir='ltr'><strong>teste</strong></span> <span class='ocrx_word' id='word_1_785' title='bbox 3216 3777 3424 3841; x_wconf 86' lang='lat' dir='ltr'><strong>neganti</strong></span> <span class='ocrx_word' id='word_1_786' title='bbox 3460 3791 3474 3827; x_wconf 89' lang='lat'><strong>:</strong></span> 
     </span>
    </p>
   </div>
   <div class='ocr_carea' id='block_1_115' title="bbox 1900 3839 3481 3913">
    <p class='ocr_par' dir='ltr' id='par_1_115' title="bbox 1900 3839 3481 3913">
     <span class='ocr_line' id='line_1_115' title="bbox 1900 3839 3481 3913; baseline 0.004 -21"><span class='ocrx_word' id='word_1_787' title='bbox 1900 3839 2139 3908; x_wconf 90' lang='lat' dir='ltr'><strong>quicum</strong></span> <span class='ocrx_word' id='word_1_788' title='bbox 2192 3841 2387 3913; x_wconf 78' lang='lat' dir='ltr'><strong>abillis</strong></span> <span class='ocrx_word' id='word_1_789' title='bbox 2432 3844 2759 3911; x_wconf 85' lang='lat' dir='ltr'><strong>temporibus</strong></span> <span class='ocrx_word' id='word_1_790' title='bbox 2806 3847 3059 3897; x_wconf 84' lang='lat' dir='ltr'><strong>remotior</strong></span> <span class='ocrx_word' id='word_1_791' title='bbox 3085 3839 3481 3913; x_wconf 11' lang='lat' dir='ltr'><strong>luerit,lneque</strong></span> 
     </span>
    </p>
   </div>
   <div class='ocr_carea' id='block_1_116' title="bbox 1900 3911 3475 3981">
    <p class='ocr_par' dir='ltr' id='par_1_116' title="bbox 1900 3911 3475 3981">
     <span class='ocr_line' id='line_1_116' title="bbox 1900 3911 3475 3981; baseline 0.003 -18"><span class='ocrx_word' id='word_1_792' title='bbox 1900 3924 2013 3981; x_wconf 85' lang='lat' dir='ltr'><strong>rem</strong></span> <span class='ocrx_word' id='word_1_793' title='bbox 2041 3925 2104 3964; x_wconf 77' lang='lat' dir='ltr'><strong>ex</strong></span> <span class='ocrx_word' id='word_1_794' title='bbox 2132 3911 2373 3981; x_wconf 69' lang='lat' dir='ltr'><strong>professo</strong></span> <span class='ocrx_word' id='word_1_795' title='bbox 2400 3915 2739 3977; x_wconf 81' lang='lat' dir='ltr'><strong>examinarit,</strong></span> <span class='ocrx_word' id='word_1_796' title='bbox 2769 3914 2924 3967; x_wconf 82' lang='lat' dir='ltr'><strong>facile</strong></span> <span class='ocrx_word' id='word_1_797' title='bbox 2953 3913 3123 3981; x_wconf 77' lang='lat' dir='ltr'><strong>pontii</strong></span> <span class='ocrx_word' id='word_1_798' title='bbox 3156 3914 3208 3965; x_wconf 92' lang='lat' dir='ltr'><strong>in</strong></span> <span class='ocrx_word' id='word_1_799' title='bbox 3238 3911 3475 3968; x_wconf 67' lang='lat' dir='ltr'><strong>errorem</strong></span> 
     </span>
    </p>
   </div>
   <div class='ocr_carea' id='block_1_117' title="bbox 1901 3980 3480 4052">
    <p class='ocr_par' dir='ltr' id='par_1_117' title="bbox 1901 3980 3480 4052">
     <span class='ocr_line' id='line_1_117' title="bbox 1901 3980 3480 4052; baseline 0.001 -19"><span class='ocrx_word' id='word_1_800' title='bbox 1901 3980 2079 4052; x_wconf 86' lang='lat' dir='ltr'><strong>induci</strong></span> <span class='ocrx_word' id='word_1_801' title='bbox 2104 3998 2197 4048; x_wconf 90' lang='lat' dir='ltr'><strong>per</strong></span> <span class='ocrx_word' id='word_1_802' title='bbox 2216 3980 2549 4037; x_wconf 85' lang='lat' dir='ltr'><strong>Celidonium</strong></span> <span class='ocrx_word' id='word_1_803' title='bbox 2574 3986 2816 4052; x_wconf 84' lang='lat' dir='ltr'><strong>aliosque</strong></span> <span class='ocrx_word' id='word_1_804' title='bbox 2840 3980 3081 4051; x_wconf 83' lang='lat' dir='ltr'><strong>ejusdem</strong></span> <span class='ocrx_word' id='word_1_805' title='bbox 3100 3998 3277 4036; x_wconf 72' lang='lat' dir='ltr'><strong>causa:</strong></span> <span class='ocrx_word' id='word_1_806' title='bbox 3301 3994 3480 4050; x_wconf 89' lang='lat' dir='ltr'><strong>patro-</strong></span> 
     </span>
    </p>
   </div>
   <div class='ocr_carea' id='block_1_118' title="bbox 1903 4051 3477 4119">
    <p class='ocr_par' dir='ltr' id='par_1_118' title="bbox 1903 4051 3477 4119">
     <span class='ocr_line' id='line_1_118' title="bbox 1903 4051 3477 4119; baseline 0.003 -17"><span class='ocrx_word' id='word_1_807' title='bbox 1903 4065 2021 4104; x_wconf 90' lang='lat' dir='ltr'><strong>nos.</strong></span> <span class='ocrx_word' id='word_1_808' title='bbox 2054 4051 2116 4103; x_wconf 86' lang='lat' dir='ltr'><strong>Et</strong></span> <span class='ocrx_word' id='word_1_809' title='bbox 2161 4052 2374 4119; x_wconf 88' lang='lat' dir='ltr'><strong>quidem</strong></span> <span class='ocrx_word' id='word_1_810' title='bbox 2404 4056 2665 4107; x_wconf 90' lang='lat' dir='ltr'><strong>rationem</strong></span> <span class='ocrx_word' id='word_1_811' title='bbox 2699 4051 2851 4107; x_wconf 75' lang='lat' dir='ltr'><strong>iatam</strong></span> <span class='ocrx_word' id='word_1_812' title='bbox 2904 4054 3136 4106; x_wconf 91' lang='lat' dir='ltr'><strong>breviter</strong></span> <span class='ocrx_word' id='word_1_813' title='bbox 3188 4053 3477 4106; x_wconf 87' lang='lat' dir='ltr'><strong>admodum</strong></span> 
     </span>
    </p>
   </div>
   <div class='ocr_carea' id='block_1_119' title="bbox 1902 4119 3478 4189">
    <p class='ocr_par' dir='ltr' id='par_1_119' title="bbox 1902 4119 3478 4189">
     <span class='ocr_line' id='line_1_119' title="bbox 1902 4119 3478 4189; baseline 0.001 -16"><span class='ocrx_word' id='word_1_814' title='bbox 1902 4120 2205 4188; x_wconf 86' lang='lat' dir='ltr'><strong>raptimque</strong></span> <span class='ocrx_word' id='word_1_815' title='bbox 2229 4123 2563 4188; x_wconf 76' lang='lat' dir='ltr'><strong>perstrinxit,</strong></span> <span class='ocrx_word' id='word_1_816' title='bbox 2595 4124 2663 4176; x_wconf 88' lang='lat' dir='ltr'><strong>de</strong></span> <span class='ocrx_word' id='word_1_817' title='bbox 2692 4123 2810 4189; x_wconf 85' lang='lat' dir='ltr'><strong>ejus</strong></span> <span class='ocrx_word' id='word_1_818' title='bbox 2836 4122 3029 4175; x_wconf 86' lang='lat' dir='ltr'><strong>tobore</strong></span> <span class='ocrx_word' id='word_1_819' title='bbox 3056 4119 3325 4185; x_wconf 79' lang='lat' dir='ltr'><strong>difﬁdens,</strong></span> <span class='ocrx_word' id='word_1_820' title='bbox 3358 4137 3478 4174; x_wconf 89' lang='lat' dir='ltr'><strong>cunt</strong></span> 
     </span>
    </p>
   </div>
   <div class='ocr_carea' id='block_1_120' title="bbox 1903 4190 3482 4260">
    <p class='ocr_par' dir='ltr' id='par_1_120' title="bbox 1903 4190 3482 4260">
     <span class='ocr_line' id='line_1_120' title="bbox 1903 4190 3482 4260; baseline 0 -17"><span class='ocrx_word' id='word_1_821' title='bbox 1903 4198 2081 4243; x_wconf 89' lang='lat' dir='ltr'><strong>tamen</strong></span> <span class='ocrx_word' id='word_1_822' title='bbox 2114 4190 2192 4242; x_wconf 88' lang='lat' dir='ltr'><strong>vis</strong></span> <span class='ocrx_word' id='word_1_823' title='bbox 2222 4205 2409 4258; x_wconf 89' lang='lat' dir='ltr'><strong>magna</strong></span> <span class='ocrx_word' id='word_1_824' title='bbox 2438 4193 2488 4244; x_wconf 91' lang='lat' dir='ltr'><strong>in</strong></span> <span class='ocrx_word' id='word_1_825' title='bbox 2517 4206 2583 4245; x_wconf 91' lang='lat' dir='ltr'><strong>eo</strong></span> <span class='ocrx_word' id='word_1_826' title='bbox 2611 4200 2925 4260; x_wconf 86' lang='lat' dir='ltr'><strong>argumento</strong></span> <span class='ocrx_word' id='word_1_827' title='bbox 2957 4190 3201 4260; x_wconf 87' lang='lat' dir='ltr'><strong>ponenda</strong></span> <span class='ocrx_word' id='word_1_828' title='bbox 3234 4198 3375 4243; x_wconf 81' lang='lat' dir='ltr'><strong>esset</strong></span> <span class='ocrx_word' id='word_1_829' title='bbox 3399 4232 3411 4251; x_wconf 85' lang='lat'><strong>,</strong></span> <span class='ocrx_word' id='word_1_830' title='bbox 3438 4192 3482 4243; x_wconf 90' lang='lat' dir='ltr'><strong>si</strong></span> 
     </span>
    </p>
   </div>
   <div class='ocr_carea' id='block_1_121' title="bbox 1901 4259 3483 4331">
    <p class='ocr_par' dir='ltr' id='par_1_121' title="bbox 1901 4259 3483 4331">
     <span class='ocr_line' id='line_1_121' title="bbox 1901 4259 3483 4331; baseline 0.001 -18"><span class='ocrx_word' id='word_1_831' title='bbox 1901 4275 2030 4315; x_wconf 84' lang='lat' dir='ltr'><strong>vere</strong></span> <span class='ocrx_word' id='word_1_832' title='bbox 2056 4271 2180 4312; x_wconf 86' lang='lat' dir='ltr'><strong>ante</strong></span> <span class='ocrx_word' id='word_1_833' title='bbox 2209 4260 2508 4331; x_wconf 76' lang='lat' dir='ltr'><strong>Patroclum</strong></span> <span class='ocrx_word' id='word_1_834' title='bbox 2537 4262 2663 4315; x_wconf 90' lang='lat' dir='ltr'><strong>nulli</strong></span> <span class='ocrx_word' id='word_1_835' title='bbox 2683 4259 2757 4314; x_wconf 81' lang='lat' dir='ltr'><strong>ex</strong></span> <span class='ocrx_word' id='word_1_836' title='bbox 2789 4259 3192 4315; x_wconf 57' lang='lat' dir='ltr'><strong>Arelatensibus</strong></span> <span class='ocrx_word' id='word_1_837' title='bbox 3214 4261 3483 4331; x_wconf 56' lang='lat' dir='ltr'><strong>episcopis</strong></span> 
     </span>
    </p>
   </div>
   <div class='ocr_carea' id='block_1_122' title="bbox 1898 4329 3482 4400">
    <p class='ocr_par' dir='ltr' id='par_1_122' title="bbox 1898 4329 3482 4400">
     <span class='ocr_line' id='line_1_122' title="bbox 1898 4329 3482 4400; baseline 0 -17"><span class='ocrx_word' id='word_1_838' title='bbox 1898 4331 1988 4398; x_wconf 90' lang='lat' dir='ltr'><strong>jus</strong></span> <span class='ocrx_word' id='word_1_839' title='bbox 2033 4329 2397 4400; x_wconf 77' lang='lat' dir='ltr'><strong>competiisset</strong></span> <span class='ocrx_word' id='word_1_840' title='bbox 2428 4330 2478 4383; x_wconf 92' lang='lat' dir='ltr'><strong>in</strong></span> <span class='ocrx_word' id='word_1_841' title='bbox 2512 4341 2792 4400; x_wconf 87' lang='lat' dir='ltr'><strong>utramque</strong></span> <span class='ocrx_word' id='word_1_842' title='bbox 2835 4331 3231 4385; x_wconf 84' lang='lat' dir='ltr'><strong>Narbonensem</strong></span> <span class='ocrx_word' id='word_1_843' title='bbox 3268 4329 3482 4398; x_wconf 81' lang='lat' dir='ltr'><strong>provin-</strong></span> 
     </span>
    </p>
   </div>
   <div class='ocr_carea' id='block_1_123' title="bbox 1902 4399 3477 4473">
    <p class='ocr_par' dir='ltr' id='par_1_123' title="bbox 1902 4399 3477 4473">
     <span class='ocr_line' id='line_1_123' title="bbox 1902 4399 3477 4473; baseline 0.003 -21"><span class='ocrx_word' id='word_1_844' title='bbox 1902 4401 2062 4473; x_wconf 61' lang='lat' dir='ltr'><strong>ciam.</strong></span> <span class='ocrx_word' id='word_1_845' title='bbox 2099 4399 2276 4454; x_wconf 80' lang='lat' dir='ltr'><strong>Facile</strong></span> <span class='ocrx_word' id='word_1_846' title='bbox 2307 4400 2459 4473; x_wconf 83' lang='lat' dir='ltr'><strong>enim</strong></span> <span class='ocrx_word' id='word_1_847' title='bbox 2491 4410 2633 4462; x_wconf 89' lang='lat' dir='ltr'><strong>erat.</strong></span> <span class='ocrx_word' id='word_1_848' title='bbox 2679 4399 2781 4456; x_wconf 87' lang='lat' dir='ltr'><strong>hoc</strong></span> <span class='ocrx_word' id='word_1_849' title='bbox 2834 4402 2998 4455; x_wconf 85' lang='lat' dir='ltr'><strong>sentel</strong></span> <span class='ocrx_word' id='word_1_850' title='bbox 3033 4403 3289 4470; x_wconf 87' lang='lat' dir='ltr'><strong>probato,</strong></span> <span class='ocrx_word' id='word_1_851' title='bbox 3317 4402 3477 4473; x_wconf 75' lang='lat'><strong>861</strong></span> 
     </span>
    </p>
   </div>
   <div class='ocr_carea' id='block_1_124' title="bbox 1903 4470 3479 4541">
    <p class='ocr_par' dir='ltr' id='par_1_124' title="bbox 1903 4470 3479 4541">
     <span class='ocr_line' id='line_1_124' title="bbox 1903 4470 3479 4541; baseline 0.003 -17"><span class='ocrx_word' id='word_1_852' title='bbox 1903 4470 2176 4524; x_wconf 83' lang='lat' dir='ltr'><strong>Zosimutn</strong></span> <span class='ocrx_word' id='word_1_853' title='bbox 2220 4480 2274 4525; x_wconf 89' lang='lat' dir='ltr'><strong>et</strong></span> <span class='ocrx_word' id='word_1_854' title='bbox 2306 4470 2534 4525; x_wconf 69' lang='lat' dir='ltr'><strong>inducta:</strong></span> <span class='ocrx_word' id='word_1_855' title='bbox 2566 4483 2767 4527; x_wconf 90' lang='lat' dir='ltr'><strong>temere</strong></span> <span class='ocrx_word' id='word_1_856' title='bbox 2794 4474 3041 4527; x_wconf 88' lang='lat' dir='ltr'><strong>novitatis</strong></span> <span class='ocrx_word' id='word_1_857' title='bbox 3070 4485 3120 4525; x_wconf 91' lang='lat' dir='ltr'><strong>et</strong></span> <span class='ocrx_word' id='word_1_858' title='bbox 3153 4470 3479 4541; x_wconf 51' lang='lat' dir='ltr'><strong>antiquitati—5</strong></span> 
     </span>
    </p>
   </div>
   <div class='ocr_carea' id='block_1_125' title="bbox 1906 4541 3480 4614">
    <p class='ocr_par' dir='ltr' id='par_1_125' title="bbox 1906 4541 3480 4614">
     <span class='ocr_line' id='line_1_125' title="bbox 1906 4541 3480 4614; baseline 0.003 -21"><span class='ocrx_word' id='word_1_859' title='bbox 1906 4541 2124 4614; x_wconf 63' lang='lat' dir='ltr'><strong>calcata;</strong></span> <span class='ocrx_word' id='word_1_860' title='bbox 2170 4556 2394 4614; x_wconf 89' lang='lat' dir='ltr'><strong>arguere</strong></span> <span class='ocrx_word' id='word_1_861' title='bbox 2428 4559 2441 4595; x_wconf 88' lang='lat'><strong>:</strong></span> <span class='ocrx_word' id='word_1_862' title='bbox 2482 4543 2731 4597; x_wconf 87' lang='lat' dir='ltr'><strong>nimirum</strong></span> <span class='ocrx_word' id='word_1_863' title='bbox 2778 4560 2882 4597; x_wconf 88' lang='lat' dir='ltr'><strong>non</strong></span> <span class='ocrx_word' id='word_1_864' title='bbox 2934 4546 2983 4596; x_wconf 87' lang='lat' dir='ltr'><strong>itt</strong></span> <span class='ocrx_word' id='word_1_865' title='bbox 3013 4543 3323 4613; x_wconf 90' lang='lat' dir='ltr'><strong>cujusquam</strong></span> <span class='ocrx_word' id='word_1_866' title='bbox 3359 4560 3480 4614; x_wconf 85' lang='lat' dir='ltr'><strong>gra-</strong></span> 
     </span>
    </p>
   </div>
   <div class='ocr_carea' id='block_1_126' title="bbox 1838 4611 3484 4684">
    <p class='ocr_par' dir='ltr' id='par_1_126' title="bbox 1838 4611 3484 4684">
     <span class='ocr_line' id='line_1_126' title="bbox 1838 4611 3484 4684; baseline 0.002 -18"><span class='ocrx_word' id='word_1_867' title='bbox 1838 4624 1887 4683; x_wconf 79' lang='grc' dir='ltr'><strong>ι)</strong></span> <span class='ocrx_word' id='word_1_868' title='bbox 1913 4611 2039 4684; x_wconf 77' lang='lat' dir='ltr'><strong>tiam</strong></span> <span class='ocrx_word' id='word_1_869' title='bbox 2070 4612 2300 4666; x_wconf 82' lang='lat' dir='ltr'><strong>violandi</strong></span> <span class='ocrx_word' id='word_1_870' title='bbox 2322 4623 2475 4666; x_wconf 87' lang='lat' dir='ltr'><strong>erant</strong></span> <span class='ocrx_word' id='word_1_871' title='bbox 2516 4617 2650 4667; x_wconf 85' lang='lat' dir='ltr'><strong>sacri</strong></span> <span class='ocrx_word' id='word_1_872' title='bbox 2680 4629 2934 4680; x_wconf 88' lang='lat' dir='ltr'><strong>canones,</strong></span> <span class='ocrx_word' id='word_1_873' title='bbox 2967 4614 3158 4684; x_wconf 87' lang='lat' dir='ltr'><strong>quibus</strong></span> <span class='ocrx_word' id='word_1_874' title='bbox 3184 4611 3277 4669; x_wconf 84' lang='lat' dir='ltr'><strong>sua</strong></span> <span class='ocrx_word' id='word_1_875' title='bbox 3309 4611 3484 4669; x_wconf 77' lang='lat' dir='ltr'><strong>omni-</strong></span> 
     </span>
    </p>
   </div>
   <div class='ocr_carea' id='block_1_127' title="bbox 1911 4682 3479 4757">
    <p class='ocr_par' dir='ltr' id='par_1_127' title="bbox 1911 4682 3479 4757">
     <span class='ocr_line' id='line_1_127' title="bbox 1911 4682 3479 4757; baseline 0.002 -20"><span class='ocrx_word' id='word_1_876' title='bbox 1911 4682 2011 4757; x_wconf 81' lang='lat' dir='ltr'><strong>bus</strong></span> <span class='ocrx_word' id='word_1_877' title='bbox 2059 4684 2631 4757; x_wconf 85' lang='lat' dir='ltr'><strong>tnetropolilanisjura</strong></span> <span class='ocrx_word' id='word_1_878' title='bbox 2666 4686 2862 4739; x_wconf 84' lang='lat' dir='ltr'><strong>illibata</strong></span> <span class='ocrx_word' id='word_1_879' title='bbox 2915 4682 3131 4740; x_wconf 81' lang='lat' dir='ltr'><strong>manere</strong></span> <span class='ocrx_word' id='word_1_880' title='bbox 3172 4686 3479 4757; x_wconf 83' lang='lat' dir='ltr'><strong>jubebatur,</strong></span> 
     </span>
    </p>
   </div>
   <div class='ocr_carea' id='block_1_128' title="bbox 1910 4754 3485 4826">
    <p class='ocr_par' dir='ltr' id='par_1_128' title="bbox 1910 4754 3485 4826">
     <span class='ocr_line' id='line_1_128' title="bbox 1910 4754 3485 4826; baseline 0 -19"><span class='ocrx_word' id='word_1_881' title='bbox 1910 4754 2008 4826; x_wconf 81' lang='lat' dir='ltr'><strong>sed</strong></span> <span class='ocrx_word' id='word_1_882' title='bbox 2036 4756 2206 4826; x_wconf 87' lang='lat' dir='ltr'><strong>multo</strong></span> <span class='ocrx_word' id='word_1_883' title='bbox 2234 4757 2410 4807; x_wconf 87' lang='lat' dir='ltr'><strong>minus</strong></span> <span class='ocrx_word' id='word_1_884' title='bbox 2434 4756 2486 4809; x_wconf 89' lang='lat' dir='ltr'><strong>in</strong></span> <span class='ocrx_word' id='word_1_885' title='bbox 2514 4758 2736 4823; x_wconf 78' lang='lat' dir='ltr'><strong>gratiam</strong></span> <span class='ocrx_word' id='word_1_886' title='bbox 2766 4758 2990 4810; x_wconf 83' lang='lat' dir='ltr'><strong>Patrocli</strong></span> <span class='ocrx_word' id='word_1_887' title='bbox 3030 4754 3258 4811; x_wconf 76' lang='lat' dir='ltr'><strong>hominis</strong></span> <span class='ocrx_word' id='word_1_888' title='bbox 3290 4762 3485 4826; x_wconf 87' lang='lat' dir='ltr'><strong>impro-</strong></span> 
     </span>
    </p>
   </div>
   <div class='ocr_carea' id='block_1_129' title="bbox 1913 4825 3484 4894">
    <p class='ocr_par' dir='ltr' id='par_1_129' title="bbox 1913 4825 3484 4894">
     <span class='ocr_line' id='line_1_129' title="bbox 1913 4825 3484 4894; baseline -0.001 -17"><span class='ocrx_word' id='word_1_889' title='bbox 1913 4825 1964 4878; x_wconf 92' lang='lat' dir='ltr'><strong>bi</strong></span> <span class='ocrx_word' id='word_1_890' title='bbox 1992 4866 2005 4886; x_wconf 83' lang='lat'><strong>,</strong></span> <span class='ocrx_word' id='word_1_891' title='bbox 2051 4825 2248 4892; x_wconf 87' lang='lat' dir='ltr'><strong>quique</strong></span> <span class='ocrx_word' id='word_1_892' title='bbox 2277 4827 2326 4877; x_wconf 93' lang='lat' dir='ltr'><strong>in</strong></span> <span class='ocrx_word' id='word_1_893' title='bbox 2367 4827 2548 4879; x_wconf 89' lang='lat' dir='ltr'><strong>sedem</strong></span> <span class='ocrx_word' id='word_1_894' title='bbox 2580 4827 2947 4881; x_wconf 78' lang='lat' dir='ltr'><strong>Arelatensem</strong></span> <span class='ocrx_word' id='word_1_895' title='bbox 2980 4844 3073 4893; x_wconf 89' lang='lat' dir='ltr'><strong>per</strong></span> <span class='ocrx_word' id='word_1_896' title='bbox 3096 4829 3344 4894; x_wconf 85' lang='lat' dir='ltr'><strong>injustam</strong></span> <span class='ocrx_word' id='word_1_897' title='bbox 3367 4825 3484 4878; x_wconf 59' lang='lat' dir='ltr'><strong>tio-</strong></span> 
     </span>
    </p>
   </div>
   <div class='ocr_carea' id='block_1_130' title="bbox 1909 4896 3486 4965">
    <p class='ocr_par' dir='ltr' id='par_1_130' title="bbox 1909 4896 3486 4965">
     <span class='ocr_line' id='line_1_130' title="bbox 1909 4896 3486 4965; baseline -0.003 -16"><span class='ocrx_word' id='word_1_898' title='bbox 1909 4898 2217 4964; x_wconf 74' lang='lat' dir='ltr'><strong>lentumque</strong></span> <span class='ocrx_word' id='word_1_899' title='bbox 2253 4896 2671 4965; x_wconf 71' lang='lat' dir='ltr'><strong>prtedecessoris</strong></span> <span class='ocrx_word' id='word_1_900' title='bbox 2698 4899 2779 4951; x_wconf 89' lang='lat' dir='ltr'><strong>sui</strong></span> <span class='ocrx_word' id='word_1_901' title='bbox 2820 4898 3132 4965; x_wconf 76' lang='lat' dir='ltr'><strong>ejectionetn</strong></span> <span class='ocrx_word' id='word_1_902' title='bbox 3160 4900 3486 4950; x_wconf 79' lang='lat' dir='ltr'><strong>conscende-</strong></span> 
     </span>
    </p>
   </div>
   <div class='ocr_carea' id='block_1_131' title="bbox 1911 4965 3481 5037">
    <p class='ocr_par' dir='ltr' id='par_1_131' title="bbox 1911 4965 3481 5037">
     <span class='ocr_line' id='line_1_131' title="bbox 1911 4965 3481 5037; baseline -0.002 -19"><span class='ocrx_word' id='word_1_903' title='bbox 1911 4975 2016 5018; x_wconf 92' lang='lat' dir='ltr'><strong>rat.</strong></span> <span class='ocrx_word' id='word_1_904' title='bbox 2041 4966 2207 5037; x_wconf 90' lang='lat' dir='ltr'><strong>lmtno</strong></span> <span class='ocrx_word' id='word_1_905' title='bbox 2237 4969 2325 5018; x_wconf 84' lang='lat' dir='ltr'><strong>vix</strong></span> <span class='ocrx_word' id='word_1_906' title='bbox 2354 4966 2461 5037; x_wconf 87' lang='lat' dir='ltr'><strong>Leo</strong></span> <span class='ocrx_word' id='word_1_907' title='bbox 2491 4968 2604 5037; x_wconf 89' lang='lat' dir='ltr'><strong>ipse</strong></span> <span class='ocrx_word' id='word_1_908' title='bbox 2632 4983 2659 5018; x_wconf 91' lang='lat' dir='ltr'><strong>a</strong></span> <span class='ocrx_word' id='word_1_909' title='bbox 2683 4968 3135 5036; x_wconf 66' lang='lat' dir='ltr'><strong>prmvarimttionis</strong></span> <span class='ocrx_word' id='word_1_910' title='bbox 3158 4976 3282 5037; x_wconf 80' lang='lat' dir='ltr'><strong>nota</strong></span> <span class='ocrx_word' id='word_1_911' title='bbox 3305 4965 3481 5016; x_wconf 81' lang='lat' dir='ltr'><strong>absol-</strong></span> 
     </span>
    </p>
   </div>
   <div class='ocr_carea' id='block_1_132' title="bbox 1913 5034 3486 5107">
    <p class='ocr_par' dir='ltr' id='par_1_132' title="bbox 1913 5034 3486 5107">
     <span class='ocr_line' id='line_1_132' title="bbox 1913 5034 3486 5107; baseline 0 -20"><span class='ocrx_word' id='word_1_912' title='bbox 1913 5036 2119 5090; x_wconf 90' lang='lat' dir='ltr'><strong>vendus</strong></span> <span class='ocrx_word' id='word_1_913' title='bbox 2170 5045 2347 5099; x_wconf 86' lang='lat' dir='ltr'><strong>esset,</strong></span> <span class='ocrx_word' id='word_1_914' title='bbox 2380 5036 2467 5104; x_wconf 92' lang='lat' dir='ltr'><strong>qui</strong></span> <span class='ocrx_word' id='word_1_915' title='bbox 2510 5034 2846 5107; x_wconf 78' lang='lat' dir='ltr'><strong>privilegium</strong></span> <span class='ocrx_word' id='word_1_916' title='bbox 2892 5053 2920 5089; x_wconf 92' lang='lat' dir='ltr'><strong>a</strong></span> <span class='ocrx_word' id='word_1_917' title='bbox 2964 5037 3249 5107; x_wconf 81' lang='lat' dir='ltr'><strong>vaferritno</strong></span> <span class='ocrx_word' id='word_1_918' title='bbox 3272 5034 3486 5087; x_wconf 88' lang='lat' dir='ltr'><strong>homine</strong></span> 
     </span>
    </p>
   </div>
   <div class='ocr_carea' id='block_1_133' title="bbox 1915 5105 3484 5175">
    <p class='ocr_par' dir='ltr' id='par_1_133' title="bbox 1915 5105 3484 5175">
     <span class='ocr_line' id='line_1_133' title="bbox 1915 5105 3484 5175; baseline -0.004 -14"><span class='ocrx_word' id='word_1_919' title='bbox 1915 5118 2101 5161; x_wconf 86' lang='lat' dir='ltr'><strong>contra</strong></span> <span class='ocrx_word' id='word_1_920' title='bbox 2125 5106 2214 5175; x_wconf 91' lang='lat' dir='ltr'><strong>jus</strong></span> <span class='ocrx_word' id='word_1_921' title='bbox 2252 5107 2527 5175; x_wconf 90' lang='lat' dir='ltr'><strong>antiquum</strong></span> <span class='ocrx_word' id='word_1_922' title='bbox 2569 5122 2632 5161; x_wconf 85' lang='lat' dir='ltr'><strong>ac</strong></span> <span class='ocrx_word' id='word_1_923' title='bbox 2660 5105 2841 5162; x_wconf 83' lang='lat' dir='ltr'><strong>sacros</strong></span> <span class='ocrx_word' id='word_1_924' title='bbox 2869 5122 3105 5161; x_wconf 84' lang='lat' dir='ltr'><strong>canones</strong></span> <span class='ocrx_word' id='word_1_925' title='bbox 3133 5105 3441 5171; x_wconf 86' lang='lat' dir='ltr'><strong>subreptum</strong></span> <span class='ocrx_word' id='word_1_926' title='bbox 3467 5142 3484 5168; x_wconf 95' lang='lat'><strong>,</strong></span> 
     </span>
    </p>
   </div>
   <div class='ocr_carea' id='block_1_134' title="bbox 1915 5175 3486 5246">
    <p class='ocr_par' dir='ltr' id='par_1_134' title="bbox 1915 5175 3486 5246">
     <span class='ocr_line' id='line_1_134' title="bbox 1915 5175 3486 5246; baseline -0.002 -17"><span class='ocrx_word' id='word_1_927' title='bbox 1915 5178 1982 5231; x_wconf 87' lang='lat' dir='ltr'><strong>ab</strong></span> <span class='ocrx_word' id='word_1_928' title='bbox 2009 5178 2126 5245; x_wconf 87' lang='lat' dir='ltr'><strong>ejus</strong></span> <span class='ocrx_word' id='word_1_929' title='bbox 2174 5178 2575 5232; x_wconf 87' lang='lat' dir='ltr'><strong>successoribus</strong></span> <span class='ocrx_word' id='word_1_930' title='bbox 2624 5177 2821 5246; x_wconf 90' lang='lat' dir='ltr'><strong>pariter</strong></span> <span class='ocrx_word' id='word_1_931' title='bbox 2864 5175 3107 5241; x_wconf 89' lang='lat' dir='ltr'><strong>usurpari</strong></span> <span class='ocrx_word' id='word_1_932' title='bbox 3156 5175 3486 5246; x_wconf 73' lang='lat' dir='ltr'><strong>pertitisiSset</strong></span> 
     </span>
    </p>
   </div>
   <div class='ocr_carea' id='block_1_135' title="bbox 1915 5244 3486 5313">
    <p class='ocr_par' dir='ltr' id='par_1_135' title="bbox 1915 5244 3486 5313">
     <span class='ocr_line' id='line_1_135' title="bbox 1915 5244 3486 5313; baseline -0.003 -13"><span class='ocrx_word' id='word_1_933' title='bbox 1915 5244 2051 5303; x_wconf 11' lang='lat' dir='ltr'><strong>ante,</strong></span> <span class='ocrx_word' id='word_1_934' title='bbox 2089 5258 2307 5302; x_wconf 82' lang='lat' dir='ltr'><strong>exortas</strong></span> <span class='ocrx_word' id='word_1_935' title='bbox 2349 5244 2715 5303; x_wconf 26' lang='lat' dir='ltr'><strong>Celidonii‘ac</strong></span> <span class='ocrx_word' id='word_1_936' title='bbox 2760 5247 2990 5313; x_wconf 88' lang='lat' dir='ltr'><strong>Projccti</strong></span> <span class='ocrx_word' id='word_1_937' title='bbox 3040 5246 3307 5312; x_wconf 89' lang='lat' dir='ltr'><strong>querelas.</strong></span> <span class='ocrx_word' id='word_1_938' title='bbox 3348 5244 3486 5309; x_wconf 87' lang='lat' dir='ltr'><strong>Quid</strong></span> 
     </span>
    </p>
   </div>
   <div class='ocr_carea' id='block_1_136' title="bbox 1917 5318 3489 5387">
    <p class='ocr_par' dir='ltr' id='par_1_136' title="bbox 1917 5318 3489 5387">
     <span class='ocr_line' id='line_1_136' title="bbox 1917 5318 3489 5387; baseline -0.003 -15"><span class='ocrx_word' id='word_1_939' title='bbox 1917 5320 2059 5372; x_wconf 90' lang='lat' dir='ltr'><strong>enim</strong></span> <span class='ocrx_word' id='word_1_940' title='bbox 2091 5328 2337 5387; x_wconf 81' lang='lat' dir='ltr'><strong>ageretur</strong></span> <span class='ocrx_word' id='word_1_941' title='bbox 2368 5320 2422 5371; x_wconf 89' lang='lat' dir='ltr'><strong>in</strong></span> <span class='ocrx_word' id='word_1_942' title='bbox 2472 5318 2660 5374; x_wconf 85' lang='lat' dir='ltr'><strong>Galliis</strong></span> <span class='ocrx_word' id='word_1_943' title='bbox 2709 5318 2874 5385; x_wconf 90' lang='lat' dir='ltr'><strong>probe</strong></span> <span class='ocrx_word' id='word_1_944' title='bbox 2914 5326 3169 5387; x_wconf 82' lang='lat' dir='ltr'><strong>noverat,</strong></span> <span class='ocrx_word' id='word_1_945' title='bbox 3198 5329 3318 5387; x_wconf 82' lang='lat' dir='ltr'><strong>cum</strong></span> <span class='ocrx_word' id='word_1_946' title='bbox 3365 5323 3489 5367; x_wconf 87' lang='lat' dir='ltr'><strong>ante</strong></span> 
     </span>
    </p>
   </div>
   <div class='ocr_carea' id='block_1_137' title="bbox 1916 5385 3488 5457">
    <p class='ocr_par' dir='ltr' id='par_1_137' title="bbox 1916 5385 3488 5457">
     <span class='ocr_line' id='line_1_137' title="bbox 1916 5385 3488 5457; baseline -0.003 -16"><span class='ocrx_word' id='word_1_947' title='bbox 1916 5385 2254 5457; x_wconf 63' lang='lat' dir='ltr'><strong>pontiﬁcatus</strong></span> <span class='ocrx_word' id='word_1_948' title='bbox 2286 5390 2366 5443; x_wconf 91' lang='lat' dir='ltr'><strong>sui</strong></span> <span class='ocrx_word' id='word_1_949' title='bbox 2394 5389 2609 5443; x_wconf 81' lang='lat' dir='ltr'><strong>exordia</strong></span> <span class='ocrx_word' id='word_1_950' title='bbox 2650 5388 2755 5442; x_wconf 90' lang='lat' dir='ltr'><strong>illic</strong></span> <span class='ocrx_word' id='word_1_951' title='bbox 2794 5386 2949 5438; x_wconf 79' lang='lat' dir='ltr'><strong>fuerit</strong></span> <span class='ocrx_word' id='word_1_952' title='bbox 2988 5385 3309 5457; x_wconf 86' lang='lat' dir='ltr'><strong>aliquamdiu</strong></span> <span class='ocrx_word' id='word_1_953' title='bbox 3342 5400 3488 5437; x_wconf 86' lang='lat' dir='ltr'><strong>com-</strong></span> 
     </span>
    </p>
   </div>
   <div class='ocr_carea' id='block_1_138' title="bbox 189 5106 1807 5181">
    <p class='ocr_par' dir='ltr' id='par_1_138' title="bbox 189 5106 1807 5181">
     <span class='ocr_line' id='line_1_138' title="bbox 189 5106 1807 5181; baseline -0.006 -13"><span class='ocrx_word' id='word_1_954' title='bbox 189 5113 371 5168; x_wconf 76' lang='lat' dir='ltr'><strong>sibus</strong></span> <span class='ocrx_word' id='word_1_955' title='bbox 402 5106 658 5181; x_wconf 79' lang='lat' dir='ltr'><strong>episcopo</strong></span> <span class='ocrx_word' id='word_1_956' title='bbox 708 5127 774 5166; x_wconf 89' lang='lat' dir='ltr'><strong>ne</strong></span> <span class='ocrx_word' id='word_1_957' title='bbox 802 5106 1346 5181; x_wconf 65' lang='lat' dir='ltr'><strong>cogitassequidetu,</strong></span> <span class='ocrx_word' id='word_1_958' title='bbox 1388 5121 1510 5159; x_wconf 87' lang='lat' dir='ltr'><strong>cum</strong></span> <span class='ocrx_word' id='word_1_959' title='bbox 1544 5106 1807 5181; x_wconf 80' lang='lat' dir='ltr'><strong>pontiﬁcis</strong></span> 
     </span>
    </p>
   </div>
   <div class='ocr_carea' id='block_1_139' title="bbox 190 5178 1807 5246">
    <p class='ocr_par' dir='ltr' id='par_1_139' title="bbox 190 5178 1807 5246">
     <span class='ocr_line' id='line_1_139' title="bbox 190 5178 1807 5246; baseline -0.004 -9"><span class='ocrx_word' id='word_1_960' title='bbox 190 5178 679 5239; x_wconf 77' lang='lat' dir='ltr'><strong>admonitionibus</strong></span> <span class='ocrx_word' id='word_1_961' title='bbox 718 5178 1035 5237; x_wconf 76' lang='lat' dir='ltr'><strong>excitandus</strong></span> <span class='ocrx_word' id='word_1_962' title='bbox 1068 5178 1229 5232; x_wconf 76' lang='lat' dir='ltr'><strong>fuerit</strong></span> <span class='ocrx_word' id='word_1_963' title='bbox 1254 5218 1267 5241; x_wconf 90' lang='lat'><strong>,</strong></span> <span class='ocrx_word' id='word_1_964' title='bbox 1314 5188 1368 5229; x_wconf 87' lang='lat' dir='ltr'><strong>ut</strong></span> <span class='ocrx_word' id='word_1_965' title='bbox 1410 5178 1807 5246; x_wconf 91' lang='lat' dir='ltr'><strong>metropolitani</strong></span> 
     </span>
    </p>
   </div>
   <div class='ocr_carea' id='block_1_140' title="bbox 182 5247 1812 5327">
    <p class='ocr_par' dir='ltr' id='par_1_140' title="bbox 182 5247 1812 5327">
     <span class='ocr_line' id='line_1_140' title="bbox 182 5247 1812 5327; baseline -0.005 -17"><span class='ocrx_word' id='word_1_966' title='bbox 182 5256 339 5327; x_wconf 74' lang='lat' dir='ltr'><strong>jure</strong></span> <span class='ocrx_word' id='word_1_967' title='bbox 366 5255 608 5309; x_wconf 90' lang='lat' dir='ltr'><strong>munitus</strong></span> <span class='ocrx_word' id='word_1_968' title='bbox 634 5264 693 5327; x_wconf 85' lang='lat' dir='ltr'><strong>et</strong></span> <span class='ocrx_word' id='word_1_969' title='bbox 715 5251 1163 5327; x_wconf 65' lang='lat' dir='ltr'><strong>praeceptionilnts</strong></span> <span class='ocrx_word' id='word_1_970' title='bbox 1185 5248 1302 5327; x_wconf 80' lang='lat' dir='ltr'><strong>ejus</strong></span> <span class='ocrx_word' id='word_1_971' title='bbox 1330 5247 1499 5327; x_wconf 71' lang='lat' dir='ltr'><strong>fretus</strong></span> <span class='ocrx_word' id='word_1_972' title='bbox 1528 5249 1812 5327; x_wconf 72' lang='lat' dir='ltr'><strong>accederet</strong></span> 
     </span>
    </p>
   </div>
   <div class='ocr_carea' id='block_1_141' title="bbox 183 5318 1809 5390">
    <p class='ocr_par' dir='ltr' id='par_1_141' title="bbox 183 5318 1809 5390">
     <span class='ocr_line' id='line_1_141' title="bbox 183 5318 1809 5390; baseline -0.004 -12"><span class='ocrx_word' id='word_1_973' title='bbox 183 5318 269 5380; x_wconf 66' lang='lat' dir='ltr'><strong>3d</strong></span> <span class='ocrx_word' id='word_1_974' title='bbox 309 5340 445 5380; x_wconf 85' lang='lat' dir='ltr'><strong>eum</strong></span> <span class='ocrx_word' id='word_1_975' title='bbox 474 5327 650 5380; x_wconf 84' lang='lat' dir='ltr'><strong>locum</strong></span> <span class='ocrx_word' id='word_1_976' title='bbox 683 5318 735 5378; x_wconf 81' lang='lat' dir='ltr'><strong>in</strong></span> <span class='ocrx_word' id='word_1_977' title='bbox 765 5339 871 5390; x_wconf 90' lang='lat' dir='ltr'><strong>quo</strong></span> <span class='ocrx_word' id='word_1_978' title='bbox 894 5318 1168 5375; x_wconf 81' lang='lat' dir='ltr'><strong>ordinatio</strong></span> <span class='ocrx_word' id='word_1_979' title='bbox 1202 5320 1321 5373; x_wconf 89' lang='lat' dir='ltr'><strong>talis</strong></span> <span class='ocrx_word' id='word_1_980' title='bbox 1349 5318 1616 5372; x_wconf 88' lang='lat' dir='ltr'><strong>celebrata</strong></span> <span class='ocrx_word' id='word_1_981' title='bbox 1646 5318 1809 5372; x_wconf 79' lang='lat' dir='ltr'><strong>fuisse</strong></span> 
     </span>
    </p>
   </div>
   <div class='ocr_carea' id='block_1_142' title="bbox 180 5390 3216 5466">
    <p class='ocr_par' dir='ltr' id='par_1_142' title="bbox 180 5390 3216 5466">
     <span class='ocr_line' id='line_1_142' title="bbox 180 5390 3216 5466; baseline -0.005 -15"><span class='ocrx_word' id='word_1_982' title='bbox 180 5395 531 5461; x_wconf 85' lang='lat' dir='ltr'><strong>dicebatur;</strong></span> <span class='ocrx_word' id='word_1_983' title='bbox 563 5398 700 5464; x_wconf 88' lang='lat' dir='ltr'><strong>quod</strong></span> <span class='ocrx_word' id='word_1_984' title='bbox 720 5392 1352 5466; x_wconf 76' lang='lat' dir='ltr'><strong>quidem,_inqui_t,facere</strong></span> <span class='ocrx_word' id='word_1_985' title='bbox 1377 5400 1555 5466; x_wconf 82' lang='lat' dir='ltr'><strong>sponte</strong></span> <span class='ocrx_word' id='word_1_986' title='bbox 1574 5390 1808 5466; x_wconf 63' lang='lat' dir='ltr'><strong>deberes;</strong></span> <span class='ocrx_word' id='word_1_987' title='bbox 1916 5390 2254 5457; x_wconf 76' lang='lat' dir='ltr'><strong>pontiﬁcatus</strong></span> <span class='ocrx_word' id='word_1_988' title='bbox 2286 5390 2609 5466; x_wconf 74' lang='lat' dir='ltr'><strong>sttiexordia</strong></span> <span class='ocrx_word' id='word_1_989' title='bbox 2650 5390 2755 5442; x_wconf 90' lang='lat' dir='ltr'><strong>illic</strong></span> <span class='ocrx_word' id='word_1_990' title='bbox 2794 5390 2949 5438; x_wconf 87' lang='lat' dir='ltr'><strong>luerit</strong></span> <span class='ocrx_word' id='word_1_991' title='bbox 2988 5390 3216 5466; x_wconf 78' lang='lat' dir='ltr'><strong>aliquam</strong></span> 
     </span>
    </p>
   </div>
   <div class='ocr_carea' id='block_1_143' title="bbox 178 5460 3485 5537">
    <p class='ocr_par' dir='ltr' id='par_1_143' title="bbox 178 5460 3485 5537">
     <span class='ocr_line' id='line_1_143' title="bbox 178 5460 3485 5537; baseline -0.005 -14"><span class='ocrx_word' id='word_1_992' title='bbox 178 5476 246 5523; x_wconf 84' lang='lat' dir='ltr'><strong>et</strong></span> <span class='ocrx_word' id='word_1_993' title='bbox 285 5466 449 5537; x_wconf 88' lang='lat' dir='ltr'><strong>quod</strong></span> <span class='ocrx_word' id='word_1_994' title='bbox 481 5460 584 5521; x_wconf 82' lang='lat' dir='ltr'><strong>nec</strong></span> <span class='ocrx_word' id='word_1_995' title='bbox 613 5460 1074 5537; x_wconf 67' lang='lat' dir='ltr'><strong>monituslecisse</strong></span> <span class='ocrx_word' id='word_1_996' title='bbox 1104 5462 1333 5537; x_wconf 73' lang='lat' dir='ltr'><strong>Hilarius</strong></span> <span class='ocrx_word' id='word_1_997' title='bbox 1358 5461 1587 5537; x_wconf 85' lang='lat' dir='ltr'><strong>videtur.</strong></span> <span class='ocrx_word' id='word_1_998' title='bbox 1612 5460 1806 5537; x_wconf 59' lang='lat' dir='ltr'><strong>Clerici</strong></span> <span class='ocrx_word' id='word_1_999' title='bbox 1918 5469 2258 5537; x_wconf 81' lang='lat' dir='ltr'><strong>ti_ioratus,_et</strong></span> <span class='ocrx_word' id='word_1_1000' title='bbox 2282 5461 2410 5514; x_wconf 88' lang='lat' dir='ltr'><strong>nihil</strong></span> <span class='ocrx_word' id='word_1_1001' title='bbox 2436 5462 2594 5537; x_wconf 78' lang='lat' dir='ltr'><strong>etiam</strong></span> <span class='ocrx_word' id='word_1_1002' title='bbox 2626 5471 2811 5537; x_wconf 89' lang='lat' dir='ltr'><strong>eorum</strong></span> <span class='ocrx_word' id='word_1_1003' title='bbox 2826 5460 3187 5537; x_wconf 36' lang='lat' dir='ltr'><strong>[negotiorum</strong></span> <span class='ocrx_word' id='word_1_1004' title='bbox 3208 5460 3485 5537; x_wconf 49' lang='lat' dir='ltr'><strong>ignorare-</strong></span> 
     </span>
    </p>
   </div>
   <div class='ocr_carea' id='block_1_144' title="bbox 175 5524 3487 5600">
    <p class='ocr_par' dir='ltr' id='par_1_144' title="bbox 175 5524 3487 5600">
     <span class='ocr_line' id='line_1_144' title="bbox 175 5524 3487 5600; baseline -0.004 -9"><span class='ocrx_word' id='word_1_1005' title='bbox 175 5524 400 5594; x_wconf 68' lang='lat' dir='ltr'><strong>autem</strong></span> <span class='ocrx_word' id='word_1_1006' title='bbox 447 5538 526 5594; x_wconf 89' lang='lat' dir='ltr'><strong>illi</strong></span> <span class='ocrx_word' id='word_1_1007' title='bbox 602 5537 797 5592; x_wconf 87' lang='lat' dir='ltr'><strong>silente</strong></span> <span class='ocrx_word' id='word_1_1008' title='bbox 838 5533 1070 5599; x_wconf 89' lang='lat' dir='ltr'><strong>Hilario,</strong></span> <span class='ocrx_word' id='word_1_1009' title='bbox 1104 5532 1295 5586; x_wconf 89' lang='lat' dir='ltr'><strong>litteris</strong></span> <span class='ocrx_word' id='word_1_1010' title='bbox 1346 5536 1456 5585; x_wconf 89' lang='lat' dir='ltr'><strong>suis</strong></span> <span class='ocrx_word' id='word_1_1011' title='bbox 1494 5530 1805 5600; x_wconf 89' lang='lat' dir='ltr'><strong>pontiﬁcem</strong></span> <span class='ocrx_word' id='word_1_1012' title='bbox 1916 5533 1984 5585; x_wconf 85' lang='lat' dir='ltr'><strong>rit</strong></span> <span class='ocrx_word' id='word_1_1013' title='bbox 2012 5546 2129 5598; x_wconf 71' lang='lat' dir='ltr'><strong>qua:</strong></span> <span class='ocrx_word' id='word_1_1014' title='bbox 2174 5532 2394 5585; x_wconf 72' lang='lat' dir='ltr'><strong>Romam</strong></span> <span class='ocrx_word' id='word_1_1015' title='bbox 2427 5530 2601 5584; x_wconf 84' lang='lat' dir='ltr'><strong>delata</strong></span> <span class='ocrx_word' id='word_1_1016' title='bbox 2656 5536 2780 5582; x_wconf 90' lang='lat' dir='ltr'><strong>sunt</strong></span> <span class='ocrx_word' id='word_1_1017' title='bbox 2821 5524 3112 5579; x_wconf 81' lang='lat' dir='ltr'><strong>Caelestino</strong></span> <span class='ocrx_word' id='word_1_1018' title='bbox 3142 5536 3196 5581; x_wconf 90' lang='lat' dir='ltr'><strong>et</strong></span> <span class='ocrx_word' id='word_1_1019' title='bbox 3236 5524 3395 5582; x_wconf 78' lang='lat' dir='ltr'><strong>Sixto</strong></span> <span class='ocrx_word' id='word_1_1020' title='bbox 3424 5524 3487 5579; x_wconf 91' lang='lat' dir='ltr'><strong>lll</strong></span> 
     </span>
    </p>
   </div>
   <div class='ocr_carea' id='block_1_145' title="bbox 1282 5622 2422 5681">
    <p class='ocr_par' dir='ltr' id='par_1_145' title="bbox 1282 5622 2422 5681">
     <span class='ocr_line' id='line_1_145' title="bbox 1282 5622 2422 5681; baseline -0.002 -4"><span class='ocrx_word' id='word_1_1021' title='bbox 1282 5622 1837 5680; x_wconf 78' lang='lat' dir='ltr'><strong>BALLERINIORUM</strong></span> <span class='ocrx_word' id='word_1_1022' title='bbox 1874 5622 2422 5681; x_wconf 81' lang='lat' dir='ltr'><strong>ANNOTATIONES.</strong></span> 
     </span>
    </p>
   </div>
   <div class='ocr_carea' id='block_1_146' title="bbox 267 5709 3455 5795">
    <p class='ocr_par' dir='ltr' id='par_1_146' title="bbox 267 5709 3455 5795">
     <span class='ocr_line' id='line_1_146' title="bbox 267 5709 3455 5795; baseline -0.004 -17"><span class='ocrx_word' id='word_1_1023' title='bbox 267 5722 375 5795; x_wconf 73' lang='grc' dir='ltr'><strong>(α)</strong></span> <span class='ocrx_word' id='word_1_1024' title='bbox 397 5722 475 5795; x_wconf 66' lang='lat' dir='ltr'><strong>Ill</strong></span> <span class='ocrx_word' id='word_1_1025' title='bbox 502 5736 662 5792; x_wconf 90' lang='lat' dir='ltr'><strong>quam</strong></span> <span class='ocrx_word' id='word_1_1026' title='bbox 709 5721 829 5789; x_wconf 89' lang='lat' dir='ltr'><strong>jure</strong></span> <span class='ocrx_word' id='word_1_1027' title='bbox 858 5715 1306 5795; x_wconf 67' lang='lat' dir='ltr'><strong>Leoscripserit,</strong></span> <span class='ocrx_word' id='word_1_1028' title='bbox 1339 5723 1574 5795; x_wconf 75' lang='lat' dir='ltr'><strong>etqunni</strong></span> <span class='ocrx_word' id='word_1_1029' title='bbox 1610 5726 1811 5795; x_wconf 73' lang='lat' dir='ltr'><strong>temere</strong></span> <span class='ocrx_word' id='word_1_1030' title='bbox 1916 5726 2209 5795; x_wconf 38' lang='lat' dir='ltr'><strong>num‘part.</strong></span> <span class='ocrx_word' id='word_1_1031' title='bbox 2243 5730 2279 5769; x_wconf 88' lang='lat' dir='ltr'><strong>tt</strong></span> <span class='ocrx_word' id='word_1_1032' title='bbox 2309 5709 2621 5795; x_wconf 12' lang='lat' dir='ltr'><strong>palamrliet.</strong></span> <span class='ocrx_word' id='word_1_1033' title='bbox 2656 5778 2693 5795; x_wconf 14' lang='grc' dir='ltr'><em>’γ</em></span> <span class='ocrx_word' id='word_1_1034' title='bbox 3000 5776 3297 5795; x_wconf 30' lang='grc' dir='ltr'><strong>.-μ’</strong></span> <span class='ocrx_word' id='word_1_1035' title='bbox 3334 5776 3455 5795; x_wconf 16' lang='lat' dir='ltr'><strong>&quot;ﬂ.</strong></span> 
     </span>
    </p>
   </div>
   <div class='ocr_carea' id='block_1_147' title="bbox 169 5776 3489 5869">
    <p class='ocr_par' dir='ltr' id='par_1_147' title="bbox 169 5776 3489 5869">
     <span class='ocr_line' id='line_1_147' title="bbox 169 5776 3489 5869; baseline -0.006 -17"><span class='ocrx_word' id='word_1_1036' title='bbox 169 5776 549 5869; x_wconf 22' lang='lat' dir='ltr'><strong>Qu‘esniellujs</strong></span> <span class='ocrx_word' id='word_1_1037' title='bbox 594 5776 725 5847; x_wconf 76' lang='lat' dir='ltr'><strong>tanti</strong></span> <span class='ocrx_word' id='word_1_1038' title='bbox 762 5789 1028 5869; x_wconf 73' lang='lat' dir='ltr'><strong>pontiﬁcis</strong></span> <span class='ocrx_word' id='word_1_1039' title='bbox 1077 5776 1359 5869; x_wconf 64' lang='lat' dir='ltr'><strong>sententiae</strong></span> <span class='ocrx_word' id='word_1_1040' title='bbox 1387 5776 1675 5869; x_wconf 72' lang='lat' dir='ltr'><strong>ilécerpere</strong></span> <span class='ocrx_word' id='word_1_1041' title='bbox 1708 5786 1809 5869; x_wconf 77' lang='lat' dir='ltr'><strong>hoc</strong></span> <span class='ocrx_word' id='word_1_1042' title='bbox 1972 5776 2227 5869; x_wconf 43' lang='lat' dir='ltr'><strong>.(b)&#39;llacc</strong></span> <span class='ocrx_word' id='word_1_1043' title='bbox 2258 5776 2553 5869; x_wconf 39' lang='lat' dir='ltr'><strong>prlopositio</strong></span> <span class='ocrx_word' id='word_1_1044' title='bbox 2582 5778 2756 5869; x_wconf 41' lang='lat' dir='ltr'><strong>unico-</strong></span> <span class='ocrx_word' id='word_1_1045' title='bbox 2777 5776 3489 5869; x_wconf 28' lang='lat' dir='ltr'><strong>nititztltr‘ltestimoni‘oLZosi-</strong></span> 
     </span>
    </p>
   </div>
   <div class='ocr_carea' id='block_1_148' title="bbox 169 5847 3487 5931">
    <p class='ocr_par' dir='ltr' id='par_1_148' title="bbox 169 5847 3487 5931">
     <span class='ocr_line' id='line_1_148' title="bbox 169 5847 3487 5931; baseline -0.006 -4"><span class='ocrx_word' id='word_1_1046' title='bbox 169 5847 613 5931; x_wconf 49' lang='lat' dir='ltr'><strong>rocastudcat,</strong></span> <span class='ocrx_word' id='word_1_1047' title='bbox 638 5879 702 5919; x_wconf 83' lang='lat' dir='ltr'><strong>ex</strong></span> <span class='ocrx_word' id='word_1_1048' title='bbox 725 5847 913 5918; x_wconf 73' lang='lat' dir='ltr'><strong>eodem</strong></span> <span class='ocrx_word' id='word_1_1049' title='bbox 947 5874 1064 5929; x_wconf 88' lang='lat' dir='ltr'><strong>cap.</strong></span> <span class='ocrx_word' id='word_1_1050' title='bbox 1088 5859 1123 5912; x_wconf 67' lang='grc' dir='ltr'>εξ</span> <span class='ocrx_word' id='word_1_1051' title='bbox 1152 5868 1451 5913; x_wconf 76' lang='lat' dir='ltr'><strong>nostrarum</strong></span> <span class='ocrx_word' id='word_1_1052' title='bbox 1476 5847 1809 5912; x_wconf 69' lang='lat' dir='ltr'><strong>observatio-</strong></span> <span class='ocrx_word' id='word_1_1053' title='bbox 1915 5847 2022 5923; x_wconf 67' lang='lat' dir='ltr'><strong>mi,</strong></span> <span class='ocrx_word' id='word_1_1054' title='bbox 2051 5847 2210 5926; x_wconf 71' lang='lat' dir='ltr'><strong>quem</strong></span> <span class='ocrx_word' id='word_1_1055' title='bbox 2242 5847 2274 5908; x_wconf 71' lang='lat' dir='ltr'><strong>ti</strong></span> <span class='ocrx_word' id='word_1_1056' title='bbox 2300 5847 2543 5907; x_wconf 70' lang='lat' dir='ltr'><strong>Patroclo</strong></span> <span class='ocrx_word' id='word_1_1057' title='bbox 2572 5854 2850 5921; x_wconf 75' lang='lat' dir='ltr'><strong>deceptum</strong></span> <span class='ocrx_word' id='word_1_1058' title='bbox 2885 5847 3079 5903; x_wconf 86' lang='lat' dir='ltr'><strong>ibidem</strong></span> <span class='ocrx_word' id='word_1_1059' title='bbox 3126 5850 3487 5906; x_wconf 69' lang='lat' dir='ltr'><strong>probabimus.</strong></span> 
     </span>
    </p>
   </div>
  </div>
