3984 6306
240 274 337 332 M5

906 270 1212 331 DlSSER‘l‘.
1254 270 1318 325 V.
1362 266 1705 326 APOLOGIA
1746 266 1881 321 PRO
1922 265 1979 319 ὃ.
2023 262 2301 318 lllLARlO
2340 260 2787 320 ARELATENSI.

3380 258 3483 317 5H

235 384 519 455 provinciis
542 386 899 455 cogebantur:
925 385 1005 439 lim
1031 385 1275 439 nimirum
1310 397 1415 438 non
1441 380 1715 435 annuatim
1740 394 1803 433 ac
1836 380 1883 439 Α
1914 390 2038 455 pars
2064 376 2420 455 censebatur_,
2450 391 2602 445 quam
2632 375 2860 455 proinde
2906 390 3010 455 uno
3040 375 3145 455 icto
3175 375 3481 455 Simplicius

234 455 468 510 delinitis
496 457 844 522 temporibus,
873 457 966 509 sed
991 456 1162 509 rarius
1189 470 1249 509 ac
1273 469 1369 523 pro
1393 465 1694 520 temporum
1718 466 1805 504 re-

236 537 459 593 rumque
488 527 750 595 exigentis
784 526 941 580 indici
975 525 1237 579 solebant.

303 588 537 648 Tertiam
578 588 813 650 Eruimus
863 595 1225 661 probationem
1256 609 1323 647 ex
1365 592 1589 660 epistola
1640 588 1805 644 Hilari

237 676 383 734 papze
400 667 462 717 ad
488 665 786 729 Leontium,
809 664 1092 725 Veraoum.
1117 674 1170 718 et
1196 664 1465 717 Victurum
1490 663 1801 734 episcopos;

237 730 322 788 ubi
364 735 437 787 ait
480 735 769 803 Ingenuum
821 734 1254 788 Ebrednnensem
1291 734 1360 787 de
1393 730 1646 800 pontiﬁcii
1694 746 1804 803 suae

240 798 735 869 provinciaeilhcita
767 805 1007 858 cessione
1036 805 1231 856 dudum
1261 802 1327 855 ab
1356 798 1643 868 apostoliCa
1676 798 1805 854 sede

238 875 398 929 luisse
444 876 732 943 culpatum.
790 875 863 927 Ex
894 890 999 942 quo
1043 874 1373 925 manifestum
1416 882 1497 943 est
1546 870 1804 943 Hilarium
1842 928 1858 941 ι

240 941 626 1005 Arelatensem,
650 941 920 997 annuente
945 943 1101 997 etiam
1137 941 1502 996 l‘lbl'edunensi
1530 942 1805 1008 episcopo,

241 1014 562 1081 provinciam
598 1016 807 1083 Alpium
850 1016 1232 1083 maritimarum
1263 1026 1371 1065 sum
1400 1009 1810 1083 metropoliticm

240 1078 426 1138 ditioni
455 1078 750 1149 subiectam
784 1083 1054 1136 habuisse.
1083 1082 1149 1134 Et
1177 1081 1277 1134 hoc
1306 1084 1477 1148 ipsum
1503 1089 1585 1149 est
1614 1078 1680 1149 de
1707 1091 1811 1149 quo

240 1157 371 1207 adeo
417 1144 649 1222 graviter
685 1152 983 1222 expostulat
1014 1162 1229 1222 sanctos
1260 1144 1368 1202 Leo
1411 1150 1462 1222 in
1494 1146 1717 1222 epistola
1746 1144 1812 1222 ad

245 1216 569 1276 Viennénses
596 1242 608 1274 :
642 1216 793 1285 Suis,
825 1220 995 1286 inquit
1061 1219 1326 1280 limitibus,
1357 1219 1462 1269 suis
1498 1217 1721 1286 terminis
1751 1216 1817 1286 sit

242 1294 584 1362 unusquisque
611 1283 909 1362 contentus,
928 1289 1093 1359 870
1122 1297 1166 1339 et
1195 1288 1515 1362 privilegium
1538 1286 1631 1337 sibi
1653 1283 1815 1362 fiebi-

241 1372 345 1415 (uin
384 1353 439 1415 in
477 1353 641 1413 alium
689 1353 976 1427 lramferre
993 1353 1234 1424 “siposse
1283 1353 1471 1408 novem
1517 1371 1615 1427 non
1647 1353 1814 1406 licere.

244 1434 393 1499 Quod
416 1434 459 1484 si
480 1432 596 1501 quis
627 1424 881 1499 negligens
907 1428 1212 1501 apostolicos
1230 1426 1533 1501 sanctiones,
1558 1424 1670 1501 plus
1698 1439 1816 1501 gro-

239 1493 323 1554 ὶῖω
340 1493 569 1554 tribuens
593 1493 869 1569 person—ali,
892 1493 968 1549 sui
986 1499 1198 1569 hortaris
1216 1496 1436 1549 desertor
1460 1510 1564 1545 esse
1585 1493 1812 1569 voluerit,

239 1572 566 1642 privilegium
594 1562 746 1642 suum
776 1570 827 1620 in
856 1568 1011 1642 alium
1036 1567 1307 1642 treus/ene
1332 1581 1390 1642 se
1414 1578 1558 1642 posse
1585 1562 1811 1642 credens,

243 1633 347 1692 non
374 1633 524 1693 isvcui
556 1640 774 1701 cesserit,
798 1638 885 1690 sed
915 1638 956 1688 is
984 1641 1066 1702 qui
1094 1637 1227 1687 intra
1251 1633 1559 1699 provinciam
1598 1633 1814 1699 (ιιιιίᾳυὶ-

246 1720 351 1762 tate
379 1708 652 1779 episcopali
685 1720 884 1761 «tereres
911 1701 1176 1779 p_rtevenit,
1208 1701 1495 1779 sacerdotes
1538 1702 1813 1779 ordinandi

241 1781 343 1832 sibi
364 1770 578 1832 vindicet
598 1770 1079 1847 potestatemeuod
1100 1784 1271 1825 autem
1290 1842 1301 1847 _
1318 1771 1429 1847 [illa
1440 1784 1527 1824 rus
1551 1772 1600 1823 in
1623 1770 1807 1847 eadem

240 1850 468 1911 epistola
492 1841 899 1911 aitflngeuuum
932 1845 1140 1912 Alpium
1172 1842 1557 1912 maritimarum
1592 1841 1809 1907 provin-

233 1919 339 1971 ciae
369 1917 758 1985 metropolitani
800 1911 1010 1985 semper
1048 1915 1252 1985 honore
1289 1911 1449 1964 fuisse
1479 1912 1763 1964 subnixum
1790 1954 1806 1979 ,

232 1987 341 2040 hoc
370 1982 685 2055 suggerente
717 1988 832 2052 ipso
860 1982 1087 2055 lngenuo
1126 1982 1327 2035 dictum
1369 1991 1450 2034 est
1490 1990 1609 2048 post
1641 1992 1811 2055 muta-

232 2070 346 2111 tam
378 2051 767 2125 provinciarum
795 2055 997 2125 illarum
1014 2054 1228 2125 faciem,
1254 2068 1374 2105 cum
1406 2051 1813 2125 metropolitirte

232 2122 521 2194 potestatis
559 2127 678 2194 jura
708 2141 773 2178 ex
805 2140 940 2178 nova
970 2124 1228 2176 divisione
1258 2132 1583 2194 praesumpta
1608 2122 1811 2194 ,_olim-

228 2190 341 2267 que
374 2190 611 2265 neglecta
639 2236 655 2262 ,
682 2196 764 2267 ita
791 2196 954 2261 Cthll
992 2195 1239 2267 prosequi
1278 2208 1338 2246 ac
1365 2190 1811 2267 sibinvindicare,

231 2261 394 2334 quasi
416 2261 481 2319 εἰ
511 2267 625 2320 sola
643 2261 763 2333 ejus
784 2276 1073 2334 spontanea
1096 2263 1337 2334 cessione
1361 2263 1428 2334 iis
1456 2261 1686 2334 Hilarius
1719 2278 1812 2330 ρο⁴

229 2332 368 2391 titus
398 2347 541 2390 esset
572 2338 623 2387 in
653 2332 1174 2402 illam'provinciam.
1207 2332 1404 2385 Deinde
1426 2348 1531 2385 non
1550 2333 1622 2385 ait
1652 2333 1815 2387 Ebre-

228 2408 536 2461 dunensem
589 2406 877 2460 Ecclesiam
921 2406 1003 2457 vel
1047 2403 1334 2465 civitatem,
1384 2402 1478 2455 sed
1526 2403 1811 2471 Ingenuum

227 2478 683 2532 Ebreduncnsem
726 2476 1029 2544 episc0pum
1072 2489 1131 2527 ea
1177 2488 1391 2541 semper
1433 2488 1597 2540 penes
1635 2489 1692 2527 se
1719 2472 1815 2527 ha-

226 2549 452 2604 buisse:
482 2563 597 2618 quae
623 2547 779 2615 longo
820 2544 1098 2618 intervallo
1124 2558 1153 2596 a
1187 2559 1245 2597 se
1288 2545 1538 2618 distant_,_
1566 2544 1813 2618 istudque

227 2620 421 2688 potius
448 2612 638 2672 recens
683 2612 1013 2688 privilegium
1051 2613 1119 2688 ab
1148 2629 1211 2667 eo
1242 2614 1413 2682 primo
1441 2612 1540 2688 sibi
1580 2612 1814 2688 vindica-

227 2683 348 2743 ium
376 2730 393 2751 ,
436 2704 592 2758 quam
621 2683 983 2758 antiquitatem
1019 2686 1172 2758 hujus
1202 2683 1565 2758 metropoleos
1585 2687 1813 2758 probare

226 2754 630 2828 possethdilo
659 2759 816 2811 etiam
848 2755 1011 2828 solius
1034 2755 1292 2828 Ahonoris
1321 2755 1644 2828 ineptionem
1673 2754 1809 2828 ﬁeri,

227 2823 342 2883 non
372 2844 503 2882 vero
537 2828 808 2895 potestatis
840 2842 899 2877 ac
944 2823 1349 2893 jurisdictioiiis.
1396 2824 1634 2895 Fuerunt
1670 2826 1813 2879 enim

228 2900 489 2954 nonnulli
518 2894 908 2964 nletmpolitaui
931 2938 945 2959 ,
975 2898 1061 2963 qui
1094 2897 1207 2946 solo
1257 2898 1365 2949 lere
1412 2894 1631 2947 honoris
1662 2897 1814 2949 titulo

226 2970 566 3037 gaudebant,
596 2977 651 3021 et
674 2967 825 3021 alteri
857 2966 1263 3037 metropolitano
1290 2965 1455 3017 nihilo
1479 2964 1653 3017 secius
1691 2965 1816 3037 sub—

220 3034 362 3109 jecti
397 3050 580 3102 erant,
610 3039 721 3092 sive
763 3036 945 3109 quoad_
977 3034 1285 3109 synodaletn
1314 3043 1633 3109 conventum
1658 3074 1673 3099 ,
1704 3036 1817 3087 sive

1917 446 2237 501 Viennensis
2268 446 2497 513 petebat,
2530 456 2583 500 et
2611 447 2796 500 eadem
2828 448 3030 516 pariter
3059 446 3314 504 industria
3344 456 3481 502 tuta-

1908 526 1995 590 tus
2040 528 2126 572 est
2170 516 2481 590 Patroclus,
2532 517 3138 590 quahmelropoliticum
3192 520 3480 590 provincia

1908 587 2227 643 Viennensis
2246 585 2725 655 principatumsibi
2755 588 2993 641 retinuit.

1980 657 2049 712 Et
2077 654 2262 713 revera
2281 656 2528 711 videntur
2553 654 2711 725 etiam
2740 667 2928 725 quarto
2953 660 3148 715 saeculo
3170 674 3249 715 ea:
3267 660 3481 725 provin-

1912 728 2010 783 cite
2040 729 2140 781 sub
2171 727 2386 780 nomine
2410 724 2730 780 Viennensis
2756 724 2920 780 fuisse
2948 741 3233 784 contentae.
3266 724 3321 785 In
3348 746 3479 787 con-

1914 797 2025 871 cilii
2056 798 2198 851 enim
2228 796 2561 871 Arelatensis
2592 794 2750 871 primi
2778 797 3281 871 sttbscriptionibus,
3311 802 3354 855 si
3384 816 3478 871 ge-

1910 870 2092 921 nuinae
2124 874 2269 931 sunt,
2302 867 2445 920 nulla
2474 865 2575 918 alia
2603 863 2874 929 provincia
2904 863 3092 931 praeter
3130 863 3481 927 Viennens'em

1910 937 2242 1009 nominatur,
2264 937 2363 989 etsi
2384 944 2434 990 et
2464 951 2529 989 ex
2551 932 2811 1009 Nicaeensi
2840 946 3016 1009 portu,
3039 938 3124 1005 qui
3150 939 3245 993 fuit
3270 941 3483 1009 Alpium

1913 1006 2309 1075 maritimarum
2329 1046 2345 1070 ,
2396 1012 2449 1057 et
2478 1019 2543 1075 ex
2574 1003 2804 1075 Aptensi
2853 1003 3090 1075 civitate,
3123 1024 3239 1075 quae
3276 1003 3391 1066 erat
3416 1028 3483 1068 ex

1914 1076 2145 1128 secunda
2177 1074 2536 1139 Narbonensi,
2573 1072 2731 1143 legati
2770 1074 3011 1129 nonnulli
3054 1072 3277 1131 concilio
3320 1081 3481 1138 inter-

1916 1142 2135 1201 fuerint.
2161 1144 2431 1213 Siquidem
2477 1159 2594 1197 cum
2626 1158 2693 1197 ex
2721 1158 2823 1211 qua
2858 1145 3123 1211 provincia
3152 1146 3345 1203 fuerint
3372 1152 3486 1208 loca

1916 1214 2008 1267 illa
2054 1222 2364 1289 annotatum
2415 1228 2521 1289 non
2558 1213 2657 1277 sit,
2689 1228 2760 1289 eg
2803 1228 2864 1268 ea
2895 1214 3063 1289 fuisse
3091 1217 3337 1289 videntur
3371 1235 3489 1289 quae

1918 1284 2168 1352 superius
2197 1285 2465 1336 nominata
2496 1283 2685 1336 fuerat.
2721 1284 2829 1336 Cor
2858 1286 3002 1339 enim
3030 1287 3199 1341 solum
3228 1283 3492 1345 Viennen-

1917 1354 1994 1405 sis
2025 1354 2313 1421 provincia:
2344 1368 2533 1407 nomen
2570 1353 2674 1406 illic
2706 1352 3004 1421 legeretur,
3036 1358 3134 1410 nisi
3167 1373 3272 1412 una
3303 1375 3493 1415 omnes

1921 1423 2055 1495 il_l_as_
2086 1423 2550 1495 complecteretur
2572 1422 2904 1495 provincias,
2934 1440 3052 1493 quae
3082 1438 3265 1495 postea
3295 1446 3491 1486 nomen

1915 1491 2055 1544 aliud
2092 1492 2377 1565 induerunt
2400 1492 2618 1565 ,_divisa
2645 1494 2705 1565 in
2722 1502 2901 1561 partes
2930 1491 3228 1565 provincia,
3270 1501 3356 1555 vel
3386 1502 3495 1556 sal-

1915 1568 2022 1614 tem
2054 1562 2545 1637 contin_eret_Alpes
2577 1564 2891 1637 maritimas,
2926 1581 3147 1635 quarum
3181 1562 3491 1637 metropoli-

1915 1637 2070 1707 tanus
2101 1632 2301 1707 tamdiu
2343 1633 2672 1707 Arelatensis
2719 1632 2990 1707 episcopi,
3024 1645 3290 1707 tamquam
3329 1632 3490 1696 Vien-

1916 1701 2098 1754 nensis
2141 1703 2440 1779 provincia:
2477 1705 2831 1779 metropolitte
2856 1746 2871 1770 ,
2904 1701 3169 1779 'potestot'i
3221 1710 3493 1779 subjectus

1914 1782 2028 1851 est;
2058 1781 2111 1825 et
2138 1771 2542 1828 Narbonensem
2567 1771 2882 1844 secundam,
2906 1771 3025 1844 oua:
3049 1796 3076 1831 κ
3105 1771 3390 1836 Viennensi
3412 1791 3494 1837 est

1914 1856 2085 1895 reCIsa
2096 1882 2108 1894 .

1986 1911 2159 1992 Aliam
2177 1896 2348 1992 etiam
2370 1912 2749 1992 coniecturam
2765 1916 3060 1992 promimus
3079 1931 3145 1972 ex
3167 1914 3494 1992 Aquileiensi

1914 1982 2141 2060 coocilio
2160 1982 2525 2060 desumptam.
2558 1983 2889 2060 Ex‘epistola
2913 1987 3053 2040 enim
3082 1982 3346 2060 synodali,
3374 2009 3494 2060 quae

1915 2066 1943 2103 a
1975 2052 2457 2125 Patribusscripta
2488 2063 2568 2125 est
2594 2055 2660 2108 ad
2687 2055 2966 2125 episcopos
3013 2052 3301 2125 provincia:
3332 2052 3493 2119 Vien-

1917 2123 2101 2199 nensis
2126 2133 2179 2177 et
2201 2123 2636 2199 Narbonensium
2656 2126 2840 2199 prima:
2862 2123 3180 2182 etsecunda:
3207 2142 3325 2199 post
3347 2148 3495 2188 com-

1916 2193 2112 2263 pletam
2137 2193 2424 2263 synodum,
2454 2209 2559 2249 non
2588 2195 2677 2248 alii
2704 2194 2953 2250 videntur
2981 2199 3156 2253 eidem
3189 2193 3495 2260 interfuisse

1918 2260 2075 2329 legati
2115 2260 2609 2338 Gollorum,_quam
2640 2280 2711 2320 ex
2758 2267 2925 2322 tribus
2960 2267 3041 2321 his
3073 2271 3379 2338 provinciis.
3428 2276 3495 2330 Et

1925 2339 2102 2403 tamen
2135 2335 2385 2403 leguntur
2426 2336 2475 2388 in
2500 2351 2562 2390 ea
2594 2338 2911 2391 sententiam
2942 2335 3140 2395 dixisse
3182 2341 3495 2400 Theodorus

1916 2400 2375 2483 pctodorensiset
2405 2404 2686 2483 Amaotius
2716 2406 3288 2483 Niemensis,_quorum
3313 2414 3398 2469 hic
3428 2431 3493 2470 ex

1914 2470 2140 2551 Alpibus
2186 2475 2502 2551 maritimis,
2548 2475 2639 2531 ille
2664 2494 2728 2531 ex
2752 2478 2931 2551 Graiis
2966 2470 3095 2551 fuit:
3127 2481 3242 2536 Non
3292 2494 3495 2541 temere

1917 2548 2077 2624 igitur
2102 2548 2399 2624 asserueris
2433 2548 2597 2624 Alpes
2626 2549 2865 2624 geminas
2894 2550 2993 2624 sub
3024 2551 3339 2624 Viennensis
3369 2571 3492 2624 pro-

1914 2612 2105 2695 vineia:
2127 2618 2340 2695 oomine
2363 2617 2415 2671 in
2446 2612 2807 2695 ecclesiastica
2838 2620 3032 2675 saltem
3061 2621 3201 2677 illius
3238 2612 3493 2695 temporis

1914 2686 2109 2737 notitia
2138 2686 2299 2739 fuisse
2327 2689 2761 2743 comprehensas.

1983 2752 2113 2830 Car.
2290 2754 2367 2830 ρ(
2394 2752 2601 2830 Alpium
2632 2757 2906 2815 Graiarum
2945 2763 3223 2828 provincia.
3259 2766 3396 2830 Quid
3430 2758 3486 2821 in

1915 2838 2026 2875 eam
2044 2826 2183 2898 juris
2213 2825 2444 2898 habuerit
2461 2825 2782 2882 Arelatensis
2827 2825 3116 2898 episcopus.
3148 2861 3221 2874 —
3246 2825 3361 2889 Etsi
3392 2838 3493 2889 ob-

1914 2908 2070 2979 sottra
2110 2894 2399 2975 admodum
2440 2898 2508 2949 sit
2540 2894 2933 2979 provinciteia)
2970 2894 3177 2979 Alpium
3211 2903 3491 2979 Graiarum

1917 2973 1971 3015 et
1994 2962 2352 3017 Pennioarum
2375 2962 2635 3019 memoria
2655 2968 2706 3019 in
2730 2962 3112 3023 ecclesiasticis
3135 2975 3498 3029 monumentis

1919 3040 2045 3085 ante
2092 3032 2279 3086 Hilarii
2310 3049 2461 3101 papae
2493 3043 2763 3101 tempora,
2796 3036 2934 3089 haud
2979 3040 3267 3094 obscurum
3317 3051 3495 3099 tamen

224 3090 858 3183 quoadiordiiiationein.
904 3105 945 3157 Τ
950 3090 1195 3183 διξερε-ιιι
1222 3104 1490 3183 Aqnensis
1524 3090 1811 3183 tunc'tem:
1843 3090 1890 3161 C
1920 3110 2002 3155 est
2026 3100 2162 3168 juris
2187 3090 2697 3183 meatu-plurimum
2724 3090 3499 3183 haboisseArelatensem-cpi:

308 3181 390 3233 ris
440 3181 573 3232 intra
616 3177 846 3239 Gallias,
880 3184 935 3227 nt
963 3176 1191 3227 diximus
1233 3175 1285 3227 iii
1316 3174 1490 3241 capite
1531 3174 1813 3241 superiori.

277 3252 390 3304 alis
423 3248 700 3304 fuitetiam
735 3249 873 3300 inter
896 3245 1195 3299 Orientales
1223 3242 1519 3311 patriarcha
1550 3244 1818 3314 Jerosoly—

225 3322 499 3385 mitanus,
523 3322 609 3385 qui
647 3316 985 3372 honorarium
1024 3314 1288 3383 quoddam
1324 3314 1623 3381 hujusmodi
1654 3318 1816 3383 privi-

229 3392 445 3459 legium
470 3392 675 3458 accepit
697 3402 726 3441 a
754 3387 959 3459 synodo
988 3386 1220 3459 Nicmna,
1250 3385 1707 3459 quemadmodqu
1726 3401 1819 3459 ex:

226 3455 502 3528 plicatam
538 3455 703 3513 habes
737 3455 1130 3528 induetissima
1158 3455 1535 3508 dissertatione
1565 3455 1642 3528 ill.
1676 3455 1819 3528 Petri

230 3525 439 3585 Marem
469 3532 537 3583 de
564 3525 1132 3593 Constantinopolitaoi
1168 3527 1557 3591 patriarcliatus
1604 3525 1817 3580 Institu-

228 3607 412 3655 tione.
442 3600 679 3668 Denique
708 3600 759 3651 in
802 3596 883 3668 bis
912 3610 1029 3662 quae
1074 3606 1196 3668 sunt
1237 3597 1354 3648 lacti
1377 3635 1392 3659 ,
1430 3610 1541 3647 rem
1572 3610 1817 3668 asserere

224 3687 345 3737 non
379 3666 608 3730 suflicit,
640 3670 739 3722 nisi
784 3666 987 3719 idoneis
1016 3666 1422 3733 probationibus
1451 3667 1674 3737 assertio
1702 3670 1813 3735 ipsa

221 3742 543 3811 muniatur;
585 3738 875 3811 praesertim
916 3751 1034 3788 cum
1068 3737 1417 3811 contrarium,
1471 3746 1527 3788 ut
1556 3736 1642 3789 hic
1668 3739 1815 3811 acci-

228 3806 318 3864 dit
344 3852 358 3873 ,
406 3806 757 3877 comprobant
790 3816 839 3860 ct
883 3807 1149 3875 possessio
1199 3806 1444 3859 diuturna
1487 3814 1540 3859 et
1580 3808 1814 3863 rationes

222 3895 343 3933 non
387 3879 725 3948 spernendae.

297 3951 366 4004 4⁸
396 3944 531 4001 Cum
572 3963 635 4002 ex
682 3944 1019 4012 supradictis,
1071 3945 1436 4014 imprimisque
1475 3960 1539 3998 ex
1581 3947 1807 4001 concilio

222 4016 493 4090 Regiensi
514 4018 711 4087 liqueat
731 4026 834 4090 tam
864 4024 1192 4090 constantem
1224 4016 1387 4090 fuisse
1409 4016 1547 4090 apud
1577 4015 1809 4090 Gallica-

219 4084 342 4143 nos'
365 4084 653 4157 episeopos
681 4086 1014 4157 opinionem,
1042 4086 1182 4157 quod
1227 4084 1527 4139 Arelatensi
1565 4088 1815 4157 episcopo

220 4156 487 4226 subjecta
535 4167 676 4212 esset
724 4156 933 4223 Alpium
961 4156 1369 4226 Amaritunarum
1424 4156 1815 4221 lnetropolitico

215 4224 354 4297 jure
388 4229 690 4296 provincia;
719 4224 1005 4297 verisimile
1035 4240 1138 4297 non
1168 4232 1250 4277 est
1282 4226 1535 4297 llilariutn
1566 4239 1682 4277 eam
1712 4226 1815 4279 sibi

219 4294 478 4367 primum
522 4297 844 4366 provinciam
890 4295 1208 4367 subiecisse,
1259 4295 1350 4367 sed
1396 4304 1450 4346 et
1488 4294 1813 4367 Honoratum

215 4363 699 4438 praedecessorem
728 4367 863 4433 ejus,
891 4374 943 4418 et
971 4365 1269 4438 Patroclum
1291 4364 1552 4438 llonorati
1576 4363 1815 4438 decesso-

210 4433 349 4493 i'em
386 4439 575 4492 eadem
607 4438 767 4490 fuisse
794 4438 1032 4500 potitum.
1062 4434 1192 4499 Quis
1217 4434 1356 4486 enim
1387 4435 1639 4485 adversus
1669 4433 1812 4485 Hila-

213 4510 383 4563 rium
434 4524 539 4561 non
569 4507 979 4567 insurrexiSs-et,
1011 4506 1053 4556 si
1092 4504 1419 4569 provinciam
1452 4519 1606 4570 quam
1640 4504 1817 4558 nullus

208 4580 589 4634 decessorum
620 4578 735 4645 ejus
770 4574 1060 4631 habuisset.
1088 4574 1193 4640 juri
1228 4588 1323 4626 suo
1344 4572 1572 4645 subdere
1598 4588 1815 4645 aggres-

205 4664 319 4704 sus
353 4656 535 4711 esset;
567 4644 687 4701 cum
719 4660 841 4701 eum
868 4645 973 4698 Leo
1003 4654 1183 4696 noster
1214 4652 1480 4713 tamquam
1502 4644 1659 4697 alieni
1681 4644 1818 4712 juris

204 4721 547 4773 invaslorem
581 4727 687 4771 tam
714 4716 850 4769 male
875 4715 1112 4767 habuerit
1144 4724 1358 4781 propter
1380 4722 1657 4782 utramque
1684 4713 1815 4768 Nar-

200 4789 562 4851 bonensem,
590 4804 746 4857 quam
775 4795 951 4857 tamen
977 4784 1117 4837 etab
1149 4785 1415 4857 llonorato
1436 4793 1488 4857 et
1512 4799 1540 4836 a
1575 4784 1817 4857 Patroclo

202 4872 360 4914 ante
398 4864 572 4923 ipsum
601 4854 723 4911 esse
752 4854 1148 4909 administratas
1180 4856 1319 4906 ultro
1357 4854 1659 4906 latebatur?
1688 4855 1817 4921 Quis

201 4946 363 4985 vero
390 4929 495 4983 sibi
531 4928 851 4997 persuaserit
876 4924 1130 4997 Honorati
1155 4923 1429 4997 industriae
1458 4923 1638 4976 deberi
1662 4925 1818 4997 hujus

1920 3185 2164 3240 scopum,
2197 3174 2356 3227 etiam
2389 3173 2587 3228 Leonis
2613 3184 2789 3231 aetate.
2820 3174 2951 3230 Cum
2992 3179 3132 3233 enim
3158 3181 3363 3237 duabus
3387 3173 3499 3240 tan-

1921 3250 2035 3295 tum
2079 3242 2381 3297 civitatibus
2412 3254 2620 3299 constet
2658 3247 2711 3301 in
2755 3248 2941 3301 notitia
2983 3248 3271 3305 Galliarum
3312 3269 3343 3308 a
3385 3255 3499 3310 Sir-

1920 3313 2121 3394 mondo
2146 3314 2508 3394 editae-872
2537 3331 2716 3369 earum
2759 3318 2929 3388 prima
2958 3323 3313 3394 acprmeipua
3337 3367 3352 3391 ,
3386 3325 3496 3381 Ta-

1922 3385 2154 3463 reolasia
2185 3385 2909 3463 videlicet,’ta‘niquam'pars
2938 3385 3124 3463 solidae
3158 3385 3493 3463 Viennensis,

1920 3453 2117 3533 tributa
2146 3464 2228 3508 est
2260 3454 2544 3538 Vieiiiieiisi
2574 3453 2827 3528 episcopo
2858 3460 2910 3538 in
2946 3460 3031 3538 illa
3060 3463 3341 3531 divisione,
3388 3453 3491 3538 qua

1920 3528 2251 3604 pacis_t_:ausa
2273 3528 2411 3604 inter
2434 3526 2787 3604 Viennensem
2811 3537 2867 3604 et
2887 3533 3253 3604 Arelatensem
3282 3526 3491 3604 episco-

1920 3608 2018 3661 pos
2059 3595 2200 3648 illam
2236 3599 2561 3718 provinciam
2599 3598 2871 3653 distribuit
2902 3601 3011 3657 Leo
3052 3614 3251 3661 noster.
3285 3595 3357 3662 Ex
3388 3626 3494 3679 quo

1920 3666 2208 3718 decernere
2260 3675 2367 3718 lcet
2408 3683 2524 3718 eam
2558 3671 2882 3718 Itrtlvillciam
2925 3684 3124 3718 narlem
3173 3676 3299 3718 nlim
3328 3677 3494 3718 ΐιιίςαρ

1918 3666 2208 3739 oet-emere
2236 3666 2371 3739 licet
2408 3683 2524 3739 eam
2558 3671 2882 3735 provinciam
2924 3684 3125 3739 partem
3173 3676 3301 3732 olim
3326 3666 3495 3737 fuisse

1920 3733 2262 3803 Viennensis,
2295 3737 2485 3791 saltem
2510 3733 2568 3791 in
2592 3733 2991 3797 ecclesiasticis.

1990 3804 2167 3886 Primo
2204 3807 2344 3859 enim
2392 3808 2531 3874 quod
2580 3808 2691 3886 Leo
2730 3813 3239 3886 metrOpoliticorum
3285 3818 3491 3886 jurium

1919 3882 2025 3926 tam
2056 3884 2322 3956 .strenuus
2369 3887 2607 3931 assertor
2650 3878 3014 3956 '[arentasiani
3055 3878 3303 3938 attribuit
3337 3890 3493 3942 Vien-

1918 3948 2071 4023 nensi
2097 3948 2350 4023 episeopo
2381 3957 2647 4015 tamquam
2679 3948 2994 4004 Viennensis
3035 3956 3323 4019 provinciae
3365 3974 3491 4023 par-

1919 4022 2054 4093 tem,
2070 4016 2303 4082 palmare
2327 4028 2696 4093 argometitum
2719 4028 2823 4081 est,
2847 4034 2967 4072 eam
2993 4016 3095 4093 non
3118 4023 3338 4093 alterius
3366 4016 3492 4092 pro-

1919 4085 2107 4135 vincite
2140 4098 2343 4151 partem
2374 4086 2559 4160 tuisse,
2586 4100 2650 4160 ex
2676 4102 2804 4160 qua,
2841 4097 2895 4140 et
2918 4090 3133 4160 quidem
3160 4092 3295 4146 adeo
3321 4085 3491 4160 tenui,

1919 4168 2205 4220 numquam
2243 4154 2559 4220 ampliorem
2588 4156 2855 4209 civitatem
2900 4157 3273 4223 decerpsisset,
3304 4154 3490 4218 relicta

1920 4225 2158 4294 unicaet
2180 4225 2386 4294 modica
2418 4226 2629 4277 civitate
2670 4224 2966 4294 Octodoro,
3002 4243 3120 4294 qum
3166 4229 3495 4288 Tarenlasia:

1918 4292 2090 4361 quoad
2120 4292 2510 4346 ordinationem
2560 4293 2937 4361 subjiceretur.
2986 4292 3097 4351 Etsi
3140 4305 3281 4355 enim
3335 4302 3495 4359 Vien-

1919 4361 2289 4441 neiisi__l'avere
2312 4362 2491 4441 vellet,
2517 4362 2567 4416 id
2598 4373 2777 4419 tamen
2802 4380 2922 4419 cum
2951 4370 3091 4421 tertii
3126 4371 3351 4441 alicujus
3377 4391 3494 4431 me-

1920 4432 2229 4514 trooolitani
2277 4432 2469 4514 injuria
2514 4449 2802 4514 ou_mq_ttam
2843 4446 2985 4491 esset
3014 4432 3323 4509 aggressus;
3355 4460 3495 4514 pm.

1921 4502 2107 4577 sertim
2138 4517 2257 4577 cum
2286 4517 2351 4577 es
2374 4501 2823 4577 his__civitatibus,
2865 4523 2998 4576 quas
3029 4501 3275 4577 potestati
3308 4501 3495 4573 Arela-

1926 4575 2094 4654 tensis
2120 4574 2354 4641 episcopi
2384 4574 2711 4654 relinqtiebat
2731 4620 2746 4644 ,
2778 4574 3211 4654 unam__aliquam
3235 4589 3497 4654 poulisset

1922 4642 2176 4707 avellere,
2205 4659 2361 4711 quam
2405 4645 2520 4698 loco
2551 4642 2876 4702 Tarentasia:
2908 4642 3191 4707 Viennensi
3235 4642 3491 4712 iraderet.

1992 4712 2048 4793 2"
2080 4713 2198 4767 Non
2232 4714 2391 4793 modo
2420 4716 2470 4767 in
2495 4716 2894 4793 ecclesiasticis,
2925 4720 3019 4793 sed
3048 4738 3144 4776 nec
3174 4725 3227 4778 in
3249 4728 3495 4781 civilibus

1928 4784 2092 4862 potita
2115 4798 2239 4862 esse
2269 4784 2477 4862 videtur
2517 4800 2580 4862 ea
2620 4788 2891 4862 provincia
2925 4789 3045 4853 jure
3076 4797 3493 4861 metropolitico,

1922 4853 2017 4929 sed
2048 4854 2171 4929 solo
2181 4853 2308 4929 jure
2331 4855 2583 4929 eivitatis.
2631 4856 2743 4929 Hoc
2766 4862 2907 4912 enim
2956 4853 3291 4929 perspicuum
3320 4877 3400 4917 est
3425 4853 3494 4919 ei

1924 4922 2299 4999 S_irmondiana
2321 4924 2609 4999 Galliarum
2627 4927 2839 4999 nutitia,
2864 4922 2981 4997 quae
3010 4922 3206 4984 nullam
3226 4931 3349 4986 huic
3370 4947 3518 4999 pro-,

192 4993 543 5070 provincias
568 4998 641 5070 ad
662 5008 885 5052 caeteras
924 4994 1220 5070 Arelatensi
1249 4993 1516 5070 subiectas
1555 4995 1820 5070 accessio-

192 5063 348 5125 iiem
374 5110 395 5135 ,
428 5084 551 5123 cum
594 5068 682 5121 vix
724 5082 785 5121 ac
830 5079 897 5119 ne
924 5066 1007 5117 vix
1038 5064 1248 5135 quidem
1282 5063 1489 5135 duobus
1516 5066 1671 5116 annis
1695 5078 1817 5117 eam

186 5133 423 5196 sedem
467 5141 673 5192 rexerit
720 5135 1063 5190 Honoratus?
1091 5133 1241 5198 Quod
1289 5133 1587 5186 Patroclum
1634 5142 1815 5187 autem

177 5213 400 5282 871
434 5213 646 5282 attinet,
669 5204 1105 5282 quandoquidem
1124 5218 1244 5282 com
1276 5205 1489 5257 nemine
1516 5202 1820 5282 decertavit

182 5274 403 5335 lTo'mT)
427 5278 793 5347 amplitudinis
812 5291 920 5347 sua:
933 5274 1308 5347 cupidissimus
1334 5288 1426 5340 pro
1441 5287 1502 5326 ea
1522 5274 1813 5339 provincia,

173 5365 392 5427 quam
421 5343 765 5427 suohassores
788 5346 902 5413 ejus
919 5347 1023 5426 sibi
1048 5343 1406 5427 vindicarunt,
1436 5353 1811 5427 argumentum

170 5413 287 5478 eis:
317 5420 595 5475 eumdem
621 5418 763 5471 illam
792 5417 1002 5470 nemine
1028 5414 1425 5467 contradicente
1448 5414 1815 5468 administras-
1923 5428 2048 5483 pum
2100 5415 2509 5482 metropoliticis
2539 5416 2735 5468 muniis
2782 5413 3066 5481 aliquando
3102 5416 3266 5472 fuisse
3308 5413 3519 5483 defun-l

170 5508 300 5559 se;
364 5489 480 5543 nisi
523 5500 701 5542 tamen
742 5486 1119 5541 ecclesiastica:
1162 5483 1450 5550 provincia:
1502 5482 1814 5539 Viennensis
1922 5479 2090 5549 ctum,
2119 5493 2212 5538 aut
2240 5479 2442 5553 aliquid
2456 5484 2595 5553 juris
2624 5479 2929 5553 ltujusmodi
2957 5485 3061 5540 sibi
3093 5496 3219 5543 tunc
3242 5479 3520 5563 temporis:

1309 5596 1861 5654 BALLERINIORUM
1898 5597 2443 5655 ANNOTATIONES.

251 5700 375 5770 (ι,
421 5690 569 5763 Lege
587 5692 797 5747 observ.
830 5703 967 5761 part.
998 5708 1057 5758 ιι,
1081 5708 1126 5746 c.
1159 5691 1214 5757 6,
1242 5685 1296 5745 il.
1334 5690 1421 5744 tl.

1922 4994 2111 5047 vinciaa
2152 4998 2506 5065 ιιιιιιιιομοιιηι⁸
2533 4994 2948 5065 θεείειιειι,ἐὶεὶ
2994 5002 3203 5053 caeteris
3247 4994 3495 5058 omnibus

1923 5077 2073 5116 suam
2104 5062 2411 5132 assignarit.
2462 5062 2578 5118 Non
2629 5062 2834 5122 ferebat
2876 5077 3053 5121 autem
3096 5070 3195 5123 hoc
3225 5070 3365 5124 illius
3394 5073 3497 5127 :evi

1922 5135 2275 5207 coosuetudo,
2306 5142 2364 5186 ut
2390 5148 2509 5201 quae
2538 5134 2591 5207 in
2619 5138 2760 5207 civili
2790 5137 2980 5207 ordine
3020 5140 3356 5207 metropolim
3386 5157 3499 5198 non

1923 5201 2262 5283 llaoeoatLea
2292 5206 2628 5283 metropolim
2652 5206 2869 5283 haberet
2898 5201 3371 5283 in_ecclesiastico._
3510 5210 3519 5283 ξ

1993 5272 2055 5326 ’5ο
2079 5271 2292 5349 Nullum
2313 5283 2397 5327 est
2416 5271 2555 5349 apud
2585 5277 2832 5349 antiquae
2865 5275 3153 5349 scriptores
3189 5271 3520 5349 vestigiumﬁf

1923 5357 1991 5397 ex
2020 5357 2127 5411 quo
2162 5347 2239 5397 vel
2292 5341 2552 5431 suspicari
2592 5341 2751 5425 liceat
2789 5341 3254 5431 Tarentesieosem
3287 5341 3520 5431 εῇίξεοέξ
