3984 6306
500 263 607 321 519

968 261 1211 320 PASCH.
1252 260 1638 330 QUESNELLI
1682 256 2265 322 DISSERTATIONES
2303 260 2367 319 IN
2405 263 2463 320 S.
2508 262 2752 321 LEONIS
2792 260 3007 320 MAGNI
3043 261 3299 321 OPERA.

3651 269 3737 327 520

498 378 745 447 usurpari
767 376 906 450 apud
926 377 1324 450 ecclesiasticos
1344 378 1654 450 scriptores,
1682 391 1785 450 non
1806 377 1876 430 ita
1902 384 2077 450 tamen
2110 378 2159 439 Α
2186 377 2469 450 episcopus
2500 377 2699 431 Hilario
2730 388 2936 441 nostro,
2967 375 3059 447 qui
3090 377 3325 433 concilio
3354 391 3589 448 praeerat,
3632 399 3738 450 per-

498 450 638 505 sumi
662 450 761 503 hoc
784 448 903 502 loco
928 447 1056 501 mihi
1086 447 1316 511 videtur,
1350 448 1444 502 sed
1476 464 1569 517 pro
1590 448 2080 503 administratione.

499 521 582 576 Ad
613 523 1069 575 consecrationem
1101 519 1243 572 enim
1272 521 1641 587 episcOporttm
1671 534 1773 573 non
1821 518 1858 572 ii
1902 520 2077 572 solum

498 608 620 647 eum
660 590 1076 656 metr0politano
1119 592 1406 644 convenire
1450 588 1695 643 solebant
1740 589 1828 659 qui
1873 599 2081 643 cwteros

497 663 769 716 sacerdotii
823 660 1123 723 antiquitate
1179 661 1550 725 pramenirent;
1606 660 1699 714 sed
1752 669 1859 713 tota
1921 661 2079 713 simul

498 731 845 803 conspirabat
870 732 1150 803 coibatque
1187 732 1489 797 provincia;
1532 739 1583 783 at
1618 746 1744 784 vero
1780 730 2081 803 pro_adnti-

499 801 819 858 niStratione
849 801 1135 871 provinciae
1174 816 1466 871 eorumque
1504 805 1843 869 negotiorum
1874 801 2081 855 discus-

500 876 651 929 sione
681 888 800 942 qum
833 888 1069 942 persaepe
1098 873 1232 925 intra
1282 888 1548 941 qunnque
1587 872 1913 941 provinciam
1952 887 2083 926 ena-

499 946 815 1011 scebantur,
846 958 980 1011 opus
1012 959 1116 997 non
1167 952 1285 996 erat
1316 952 1370 995 ut
1411 944 1569 997 toties
1598 943 2083 1011 comprovinciales

421 1010 425 1015 ’
501 1017 737 1084 episcopi
786 1010 972 1068 Omnes
1016 1014 1068 1067 in
1118 1012 1379 1084 synodum
1429 1014 1716 1067 convenire
1744 1013 2076 1081 iuberentur,

418 1142 419 1145 η
500 1087 595 1141 sed
632 1087 757 1139 satis
786 1091 977 1137 eratut
1005 1084 1093 1137 illa
1126 1098 1155 1135 a
1197 1084 1603 1151 metropolitano
1636 1100 1701 1137 ex
1742 1084 1942 1153 aliquot
1988 1099 2081 1137 an-

502 1154 2081 1226 tiqniorumiconsacerdotutnconsiliotractarentur,juxta

541 1224 736 1280 riesens
783 1225 981 1279 Leonis
1028 1224 1447 1292 pronuntiatum.
1496 1224 1646 1278 Adde
1689 1225 1830 1292 quod
1889 1224 2079 1279 eodem

521 1312 619 1351 oco
644 1299 937 1365 generatim
968 1296 1035 1349 de
1064 1295 1240 1348 alieno
1265 1294 1384 1364 jure
1418 1309 1523 1348 non
1566 1295 1876 1348 iuvadendo
1904 1294 2080 1349 disse-

498 1364 1121 1434 rens’Leo,jubensque
1168 1376 1224 1418 ut
1276 1366 1501 1434 quisque
1548 1366 1659 1418 suis
1709 1364 1968 1419 limitibus
2014 1366 2083 1419 sit

497 1449 805 1499 contentus,
830 1436 998 1490 innuit
1025 1451 1084 1489 se
1105 1436 1169 1488 de
1190 1436 1421 1501 generali
1450 1451 1660 1504 quoque
1686 1439 2078 1503 provinciarum

499 1509 841 1563 ordinatione
883 1522 976 1560 seu
1020 1506 1482 1560 administratione
1514 1520 1818 1560 sermonem
1856 1506 2073 1560 habere.

497 1579 752 1648 Ejusdem
784 1579 943 1632 etiam
975 1577 1232 1648 epistolae
1278 1578 1454 1641 capite
1500 1577 1688 1630 ultimo
1718 1594 1729 1629 :
1765 1575 1889 1629 Non
1914 1578 2077 1648 enim,

495 1646 691 1718 inquit,
722 1648 867 1701 nobis
889 1646 1233 1699 ordinationes
1260 1657 1553 1718 vestrarum
1581 1648 1959 1715 provinciarum
1989 1647 2081 1699 de-

498 1717 774 1791 fendimus,
808 1717 943 1791 quod
972 1718 1401 1791 potestforsitan,
1425 1718 1493 1768 ad
1521 1717 1881 1791 depravandos
1900 1727 2080 1791 vestris

496 1786 782 1845 sanctitatis
808 1786 1025 1852 animos,
1060 1786 1295 1839 Hilarius
1325 1803 1415 1854 pro
1448 1803 1539 1840 suo
1560 1786 1698 1839 more
1728 1788 1966 1851 mentiri;
1991 1788 2079 1840 sed

496 1862 636 1915 vobis
683 1876 772 1929 per
817 1868 1041 1929 nostram
1096 1858 1492 1929 sollicitudinem
1542 1858 1877 1929 vindicamus.
1932 1858 2080 1929 Hoc,

498 1926 746 2000 inquam,
787 1929 984 2000 pariter
1016 1928 1134 2000 loco
1171 1927 1438 2000 ordinatio
1472 1942 1567 1994 pro
1613 1926 2080 2000 administratione

494 1998 623 2072 poni
654 2001 782 2054 mihi
811 1998 1041 2072 videtur.
1084 1998 1214 2064 Quis
1260 2000 1402 2072 enim
1434 2012 1692 2072 umquam
1718 1998 1808 2051 illo
1840 2008 2081 2072 tempore

498 2067 587 2127 vel
625 2072 948 2125 somniasset
975 2068 1272 2121 Romanum
1315 2068 1622 2135 episcttpum
1666 2069 1731 2122 de
1769 2067 2080 2122 ordinandis

497 2157 592 2197 seu
623 2141 1002 2197 consecrandis
1027 2138 1421 2194 Gallicanarum
1446 2138 1836 2207 provinciarum
1863 2142 2076 2207 episco-

498 2214 583 2283 pis
613 2211 908 2282 cogitasse?
934 2213 1009 2283 At
1037 2221 1091 2262 ut
1125 2223 1217 2275 per
1245 2223 1303 2263 se
1328 2209 1489 2283 vellet
1536 2207 1749 2261 illarum
1783 2210 2081 2275 previncia-

498 2278 615 2338 rum
660 2278 840 2337 curam
872 2282 1180 2345 suscipere,
1224 2278 1507 2349 synodales
1534 2289 1828 2349 conventus
1852 2293 2079 2348 congre-

494 2369 652 2424 gare,
699 2353 897 2423 judicia
930 2352 1221 2424 adornare,
1255 2358 1310 2402 et
1348 2348 1874 2424 casterauhujusmodi
1898 2391 1910 2414 ,
1961 2364 2078 2419 quae

498 2418 665 2490 penes
695 2418 1061 2477 Arelatensem
1092 2420 1400 2489 episcopum
1425 2419 1489 2472 ad
1523 2418 1609 2490 illa
1640 2434 1807 2490 usque
1838 2418 2077 2488 tempora

495 2489 729 2559 fuerant,
752 2494 818 2547 ad
851 2507 910 2546 se
942 2489 1272 2559 pertrahere,
1300 2506 1402 2543 non
1426 2489 1742 2544 somniantis
1763 2497 1879 2544 erat
1898 2491 2077 2559 suspi-

498 2567 631 2620 cari.
665 2566 811 2618 Hanc
840 2573 1017 2616 tamen
1056 2561 1210 2629 longe
1240 2575 1267 2612 a
1306 2574 1365 2614 se
1400 2561 1651 2613 atttolitur
1690 2560 1797 2614 Leo
1822 2561 2079 2626 suspicio-

497 2652 641 2703 nem,
675 2650 791 2689 eam
824 2648 1005 2703 curam
1039 2630 1114 2700 (a)
1142 2632 1363 2685 Leontio
1387 2631 1552 2701 879
1579 2631 1934 2703 Forojuliensi
1966 2631 2076 2703 epi-f

496 2700 681 2772 scopo,
714 2701 1056 2765 honorandte,
1082 2712 1139 2754 ut
1167 2703 1261 2768 ait,
1293 2700 1625 2771 antiquitatis
1652 2716 1808 2755 causa
1827 2742 1842 2766 ,
1881 2700 2077 2755 deferri

497 2777 807 2846 postulans;
837 2789 975 2846 eain,
1010 2772 1248 2846 inquam,
1279 2787 1484 2846 curam,
1517 2786 1676 2840 quam
1700 2772 1802 2825 sibi
1832 2772 2077 2846 superius

500 2841 805 2900 asseruerat
833 2843 975 2897 nolle
1001 2841 1309 2897 defendere.
1344 2843 1512 2896 Porro
1538 2856 1872 2911 nequaquam
1904 2841 2079 2896 Leon-

494 2918 569 2971 tio
600 2918 879 2986 episcopos
902 2912 1253 2986 consecrandi
1284 2922 1601 2986 potestatem
1630 2912 1783 2986 facit;
1809 2915 1973 2986 immo
1997 2912 2079 2966 di-

493 2982 947 3049 serte—interdicit,
975 2984 1111 3037 hanc
1136 2982 1506 3052 exceptionem
1530 2984 1709 3036 statim
1739 2982 2029 3053 subjiciens
2060 3001 2074 3037 :

493 3058 899 3129 Metmpolitanis
947 3055 1199 3129 privilegii
1240 3054 1319 3129 sui
1348 3056 1592 3129 dignitate
1619 3054 2075 3129 servatasqnibus

2188 447 2543 519 necessarius,
2575 463 2680 502 non
2717 462 2877 519 ausus
2905 460 2985 502 est
3016 458 3191 503 tamen
3222 447 3411 519 synodi
3438 452 3577 507 Actis
3599 447 3737 511 abso.

2186 518 2296 572 lute
2320 519 2679 577 subscribere.
2719 518 2811 572 sed
2845 529 3047 572 tantum
3080 518 3181 572 sub
3211 518 3512 577 cenditione
3544 540 3738 581 consen-

2185 602 2279 665 sus
2311 602 2352 665 _a
2397 589 2941 665 comprovincialilius
2972 591 3335 665 impetrandi.
3389 590 3517 663 Ego.
3573 596 3736 665 inquit,

2186 658 2471 712 Eucherius
2496 662 2762 730 episcopus
2787 660 3063 726 subscripsi
3085 701 3099 724 ,
3132 658 3736 722 sanctorum'sacerdotuni

2186 730 2692 797 comprovincialium
2736 747 2963 784 meorum
2989 747 3142 799 super
3169 730 3249 783 his
3284 744 3646 799 exspectaturus
3672 756 3738 792 as-

2185 816 2411 853 sensum.
2430 801 2505 853 Ex
2527 802 2625 854 hac
2644 802 2801 868 igitur
2813 801 3041 870 synodo,
3057 816 3174 867 quae
3201 802 3370 855 tribus
3395 814 3586 858 tantum
3608 810 3737 863 annis

2184 870 2446 947 _Ce_ltdonii
2475 871 2875 947 depositionem_
2892 870 3212 947 antecessit,
3235 873 3569 947 manifestum
3585 880 3730 947 esttb)

2185 940 2237 993 in
2262 941 2666 1011 Lugdunenses,
2686 957 2748 995 ac
2764 942 2985 1009 proinde
3003 942 3056 995 in
3075 943 3208 994 alias
3224 944 3523 1011 provincias
3545 940 3733 1003 ulterio-

2185 1025 2273 1064 res
2290 1010 2581 1089 Galliarum
2605 1012 2731 1089 nihil
2755 1014 2853 1089 sibi
2884 1012 3179 1089 vindicasse
3205 1010 3340 1089 juris
3362 1015 3638 1089 llilarium,
3663 1021 3733 1089 qui

2186 1096 2285 1157 nec
2312 1082 2633 1157 Eucherium
2660 1083 3202 1157 itnpulitutabsolute
3219 1085 3599 1151 subscriberet,
3627 1082 3736 1157 quo-

2186 1152 2329 1223 niam
2359 1153 2502 1205 illttnt
2535 1154 2599 1206 ad
2627 1168 2775 1206 suam
2802 1154 3064 1223 synodum
3097 1168 3199 1207 non
3236 1157 3504 1223 pertinere
3529 1152 3733 1214 noverat.

2256 1221 2371 1276 Non
2404 1225 2548 1303 alias.
2569 1239 2697 1303 ergo
2742 1221 2941 1278 Gal—tias
2970 1224 3102 1303 licet
3132 1221 3576 1303 hic'intelligere,
3600 1231 3734 1303 880

2184 1307 2483 1367 quamquae
2505 1292 2907 1367 Narbonensem
2932 1294 3062 1367 olim_
3084 1296 3306 1348 solidam
3332 1292 3731 1367 composueitt'nt',

2185 1361 2305 1431 quin
2334 1361 2626 1436 Galliarum
2676 1365 2958 1436 provincia
2988 1365 3215 1431 primum
3262 1361 3526 1434 appellata
3562 1382 3651 1436 est,
3685 1361 3733 1426 ac

2185 1434 2522 1502 postmodum
2565 1436 2881 1499 simpliciter
2924 1434 3221 1489 Prouincia.
3252 1436 3384 1503 Quae
3414 1453 3531 1492 cum
3554 1441 3614 1493 ab
3638 1434 3732 1497 aliis

2185 1503 2473 1572 provinciis
2487 1505 2537 1557 itt
2552 1505 3017 1577 administratione
3032 1507 3171 1577 civili
3188 1507 3617 1577 distingueretur,
3631 1525 3731 1565 con-

2184 1588 2417 1648 sequens
2446 1584 2560 1648 erat
2584 1584 2641 1629 ut
2663 1580 2828 1648 etiam
2858 1576 2909 1648 in
2938 1576 3297 1632 ecclesiastica
3329 1576 3475 1632 esset
3505 1591 3727 1648 separata.

2184 1646 2342 1700 Certe
2383 1646 2627 1714 suspicor
2659 1646 2787 1699 illud
2828 1646 2987 1699 etiam
3028 1648 3166 1701 inter
3205 1657 3458 1713 utrasque
3486 1646 3730 1705 discrimen

2184 1729 2584 1784 nonnumquam
2636 1718 2865 1785 positum
2917 1732 3056 1783 esse,
3108 1726 3164 1771 ut
3202 1734 3324 1785 quae
3372 1718 3731 1775 Narbonensem

2189 1787 2316 1839 olim
2373 1786 2709 1853 conﬂarant,
2757 1787 3074 1854 simpliciter
3117 1787 3301 1843 Gallize
3351 1792 3431 1845 vel
3487 1790 3731 1845 Galliarum

2184 1856 2496 1982 provinciae,
2530 1857 2647 1911 aliae.
2668 1873 2797 1911 vero
2818 1857 2974 1911 dieue
2999 1858 3107 1911 sint
3137 1860 3424 1929 provincia:
3458 1860 3727 1917 Gallicanae.

2210 1944 2240 1980 n
2272 1927 2499 1982 concilio
2521 1930 2661 1981 enim
2690 1928 2976 1982 Parisiensi
3000 1944 3125 1982 ann.
3159 1928 3263 1982 362
3286 1940 3547 1982 vocantur
3568 1933 3727 1982 ubiotta

2210 1944 2240 1999 it
2270 1927 2499 1999 concilio
2521 1930 2661 1981 enim
2690 1928 2976 1999 Parisiensi
3000 1927 3263 1999 ann.'362
3286 1946 3451 1985 vocati
3464 1940 3547 1985 tur
3568 1933 3728 1999 ubique

2184 1996 2444 2052 Gallicani
2474 1999 2709 2064 episcoiii
2738 1998 2831 2068 qui
2861 1998 3125 2069 synodum
3147 2001 3568 2066 constituebant,
3592 2013 3631 2055 et
3655 1996 3731 2057 Sa-

2185 2069 2452 2121 turninum
2474 2069 2972 2123 “communicatum
2996 2069 3058 2123 ab
3085 2070 3317 2124 omnibus
3343 2070 3619 2125 Gallicanis
3642 2074 3727 2139 epi-

2186 2139 2357 2213 scopis
2405 2139 2607 2213 dicunt.
2660 2139 2788 2204 Quae
2818 2141 3054 2213 synodus
3082 2156 3149 2213 eo
3185 2142 3416 2213 consilio
3445 2152 3727 2213 congregata

2181 2206 2350 2281 fuisse
2371 2209 2603 2281 videtur,
2627 2219 2684 2263 ut
2700 2225 2816 2281 quae
2837 2206 2865 2263 εἰ
2889 2210 3179 2265 Saturnino
3200 2210 3508 2267 Arelatensi
3522 2206 3729 2281 episcoito

2183 2279 2387 2360 Ariano
2410 2280 2550 2333 male
2572 2288 2721 2360 gesta
2747 2279 3036 2360 fuerantjn
3068 2282 3368 2360 Arelatensi
3398 2291 3459 2337 et
3484 2279 3725 2360 Biterrensi

2181 2349 2402 2420 synodis
2453 2349 2903 2405 rescinderentur.
2941 2350 3133 2405 Verum
3175 2354 3297 2420 quia
3328 2354 3615 2408 timendum
3639 2362 3731 2409 erat

2182 2418 2251 2493 ne
2279 2418 2599 2493 Saturninus
2620 2420 2703 2475 vel
2727 2422 2989 2493 synodum
3010 2421 3078 2477 de
3105 2418 3245 2478 novo
3265 2432 3492 2493 cogeret
3515 2424 3727 2478 adversus

2182 2488 2563 2565 Parisiensem,
2595 2501 2685 2545 aut
2714 2488 2911 2546 saltem
2938 2506 3032 2546 eos
3058 2488 3508 2565 episcopos'quos
3534 2495 3657 2565 prius
3675 2494 3728 2548 ad

2182 2561 2438 2615 tuendum
2470 2576 2707 2616 errorem
2754 2572 3089 2625 armaverat,
3133 2564 3324 2618 iterum
3353 2561 3422 2619 ad
3452 2561 3727 2620 conculcan-

2181 2628 2307 2705 dum
2335 2630 2636 2705 Parisiense
2672 2632 2943 2687 decretum
2975 2635 3293 2705 auctoritate
3320 2649 3417 2689 sua
3444 2635 3723 2705 impelleret,

2181 2702 2419 2773 decrevit
2444 2703 2679 2772 synodus
2708 2710 2764 2754 ut
2788 2703 3014 2772 quisquis
3048 2706 3127 2756 his
3168 2719 3284 2773 qua:
3324 2702 3570 2760 statuerat
3592 2719 3721 2759 tum

2180 2771 2414 2827 GALLIAS
2446 2771 2694 2838 putaverit
2729 2771 3070 2839 renitendum,
3100 2791 3133 2828 a
3174 2771 3539 2832 communione
3561 2792 3613 2828 ac
3635 2775 3728 2828 sedc

2179 2844 2537 2917 sttsacerdotii
2570 2843 3046 2917 abi_iciendus;_eas
3073 2842 3271 2899 Gallias
3293 2886 3308 2909 ,
3340 2855 3400 2900 ut
3438 2848 3633 2917 opinor,
3656 2845 3723 2917 in-

2182 2912 2446 2985 telligens,
2474 2913 2525 2967 in
2553 2913 2745 2980 quibus
2768 2915 3079 2985 versabatur
3099 2930 3162 2969 ac
3188 2912 3512 2972 auctoritate
3532 2916 3726 2985 pollebat

2179 2982 2521 3050 Saturninus,
2552 2994 2605 3038 et
2634 2999 2856 3054 quarum
2894 2984 3131 3055 episCOpi
3167 2997 3383 3055 propter
3408 2982 3657 3042 ante-acta
3678 2984 3721 3039 in

2182 3055 2541 3122 suapicionem
2589 3056 2889 3109 veniebant.
2937 3054 3069 3109 Item
3118 3055 3171 3109 in
3216 3054 3451 3111 cencilio
3500 3056 3722 3110 Vasettsit

491 3114 671 3184 etiam'
699 3144 803 3183 non
853 3114 957 3181 uno
1005 3114 1245 3195 episfols:
1284 3114 1426 3179 loco'
1445 3126 1532 3193 jus
1580 3114 2002 3179 consecrationis
2046 3139 2074 3176 a
2104 3114 2152 3177 C
2180 3114 2445 3178 aufem:
2479 3123 2707 3195 Placuit,
2736 3125 2909 3194 inquit
2930 3139 3050 3180 can.
3085 3126 3137 3190 l,
3165 3136 3389 3179 tractatu
3433 3126 3616 3191 habito,
3639 3126 3727 3193 epi-

490 3199 673 3256 Leone
704 3201 818 3267 ipso
849 3200 1127 3251 asseritur.

564 3273 682 3340 Ipse
728 3266 1141 3340 Valentinianus
1182 3266 1471 3334 Augustus,
1523 3280 1646 3340 cum
1690 3266 2075 3340 constitutione

492 3336 876 3396 sua-Hilarium
906 3338 1098 3392 acerbe
1132 3336 1451 3402 increparet,
1502 3350 1564 3387 ex
1602 3336 1798 3389 Leonis
1848 3350 2075 3403 sugges-

494 3412 663 3475 tione,
689 3412 783 3473 ait,
807 3409 947 3474 quod
976 3414 1111 3458 certa
1137 3408 1189 3458 in
1219 3421 1332 3475 eum
1358 3421 1419 3457 ex.
1447 3404 1524 3456 Itis
1553 3420 1666 3473 qua:
1688 3410 1822 3459 male
1850 3422 2074 3459 onoma-

488 3474 666 3536 vna'r
689 3520 702 3541 ,
742 3479 848 3531 lata
888 3476 1135 3529 sententia
1174 3485 1266 3527 est.
1319 3474 1416 3527 Ubi
1451 3475 1753 3527 nullatenus
1790 3477 1856 3529 de
1884 3490 2075 3529 conse-

490 3553 733 3605 cratione
778 3548 830 3600 in
881 3544 1182 3615 particulari
1227 3544 1486 3615 loquitur,
1536 3544 1628 3615 sed
1668 3547 1965 3615 universim
2008 3546 2074 3600 de

491 3620 741 3675 omnibus
766 3613 893 3684 quai
915 3614 1053 3668 male
1080 3624 1228 3683 gesta
1260 3614 1325 3684 in,
1344 3613 1602 3667 Ecclesiis
1632 3614 1698 3666 ab
1733 3615 1932 3669 llilurio
1960 3616 2074 3668 exi-

488 3691 757 3745 stimabat.
786 3683 1064 3752 Denique,
1100 3700 1165 3737 ne
1199 3683 1513 3750 prolixiores
1545 3686 1733 3748 simus,
1768 3685 1883 3751 ipse
1927 3685 2074 3737 Hila-

491 3760 624 3825 rius,
654 3759 918 3812 relerente
948 3754 1081 3807 Vitae
1112 3754 1228 3822 ejus
1253 3763 1493 3819 auctore,
1503 3755 1577 3825 _in
1610 3752 1725 3825 hinc
1750 3756 1909 3809 verba
1937 3755 2075 3810 Leo-

490 3822 620 3885 nem'
640 3830 899 3883 allocutus
928 3834 1030 3889 est,
1064 3827 1340 3893 deposcens
1385 3833 1442 3876 ut
1492 3822 1845 3879 Ecclesiarum
1886 3834 2073 3879 statum

489 3916 631 3954 more
658 3900 809 3952 solito
836 3911 1155 3951 OBDINARET.

558 3971 783 4037 Quoquo
814 3968 974 4023 modo
1002 3979 1184 4019 autem
1209 3963 1561 4037 ordinationis
1589 3979 1775 4020 vocem
1803 3965 2066 4033 interpre-

488 4035 844 4108 tertium—opus
870 4047 952 4093 est
990 4037 1057 4091 ad
1086 4035 1271 4090 Hilarii
1300 4035 1663 4108 defensionem
1692 4046 1975 4108 sequentes
2003 4037 2067 4091 ad

484 4105 772 4184 genuinum
822 4123 1034 4184 sensum
1056 4120 1318 4184 revocare
1349 4124 1361 4159 :
1393 4108 1439 4184 si
1482 4105 1632 4184 enim
1676 4107 2067 4184 de__0tnuibus,

485 4176 693 4251 quaqua
725 4189 942 4249 patent,
976 4176 1263 4251 Gallicanis
1290 4176 1579 4251 provinciis
1601 4177 2066 4251 _in_telligerentur,

485 4246 835 4308 intolerandae
888 4263 1106 4317 prorsus
1151 4246 1388 4301 audacia:
1428 4262 1553 4302 reus
1601 4246 1876 4301 habendus
1926 4256 2070 4303 esset

488 4325 739 4378 Hilarius.
786 4321 862 4374 Ac
892 4320 1122 4388 printum
1150 4319 1362 4387 quidem
1394 4329 1597 4371 certum
1648 4329 1727 4372 est
1767 4318 2069 4373 Gallicanas

488 4404 615 4447 tunc
643 4392 898 4458 temporis
928 4390 1224 4455 provincias
1255 4404 1359 4442 non
1388 4391 1543 4442 unius
1577 4388 1831 4458 principis
1875 4390 2063 4443 ditioni

487 4464 653 4517 fuisse
706 4460 1007 4526 subjectas,
1052 4458 1145 4512 sed
1198 4462 1383 4525 partim
1429 4458 1668 4512 Romano
1721 4460 2061 4527 imperatori,

487 4534 681 4601 partim
711 4529 918 4601 Gothis,
951 4530 1139 4595 partim
1176 4530 1335 4601 etiam
1369 4528 1693 4582 Francorum
1724 4528 1950 4601 ducibus
1973 4530 2056 4583 vel

488 4599 706 4670 regibus
756 4600 994 4667 paruisse
1029 4616 1038 4647 :
1074 4600 1327 4670 t_it__nullti
1362 4608 1515 4670 pacto
1553 4601 1784 4670 potuerit
1826 4599 2057 4653 Hilarius

486 4666 724 4726 omnium
748 4666 842 4736 per
862 4682 1047 4721 omnes
1068 4666 1267 4720 Gallias
1288 4666 1645 4720 Ecclesiarum
1667 4667 2058 4724 ordinationem

488 4744 593 4798 sibi
620 4741 892 4793 vindicare
920 4757 937 4807 :7
958 4751 1246 4805 numquam
1275 4736 1417 4789 enim
1437 4737 1487 4789 id
1508 4736 1748 4790 ferebant
1775 4739 2059 4807 principes,

487 4822 547 4869 ut
583 4812 770 4865 aliena:
798 4806 971 4877 gentis
1001 4815 1091 4860 aut
1140 4807 1357 4860 ditionis
1394 4808 1674 4874 episcOpus
1710 4806 1973 4863 Ecclesias
2004 4811 2055 4863 in

484 4897 671 4939 eorum
710 4897 873 4947 regno
899 4881 1027 4931 sitas
1066 4877 1494 4950 adtitinistreret,
1541 4885 1593 4931 et
1629 4892 1694 4931 ex
1727 4878 1807 4950 _iis
1835 4879 1914 4933 vel
1947 4882 2059 4950 epi-

489 4966 684 5022 scopos
748 4946 1097 5022 amoverent,_
1126 4949 1206 5001 vel
1239 4946 1534 5022 conﬂarem
1574 4947 1828 5018 synodos.
1863 4946 2061 5022 Essem-

485 5018 629 5094 plum
656 5022 912 5094 habemus
938 5020 988 5094 i_u
1021 5018 1189 5094 prima
1216 5019 1420 5094 synodo
1449 5021 1798 5094 Arausicana,
1817 5020 1913 5094 _cui
1934 5036 2056 5094 cuin

484 5087 623 5150 i‘orte
675 5093 886 5149 fortuna
946 5087 1274 5144 interfuisset
1331 5087 1626 5142 Eucherius
1685 5088 2056 5158 Lugdunensis

2178 3207 2355 3265 scopas
2384 3210 2451 3249 ns
2480 3194 2801 3250 GALLICANIS
2827 3196 3098 3264 provinciis
3126 3196 3399 3261 venientes,
3433 3212 3584 3252 IN‘I‘M
3607 3196 3723 3251 Gn.-

2178 3278 2294 3319 Ltas
2340 3282 2441 3318 non
2490 3266 2832 3319 discutiendos
2855 3282 2872 3317 :
2901 3266 2991 3318 sed
3018 3267 3185 3319 solum
3219 3268 3448 3336 sufﬁcere
3487 3268 3531 3321 si
3575 3264 3723 3319 nullus

2178 3336 2579 3408 communionem
2607 3336 2831 3408 alicujus
2850 3337 3175 3408 interdixerit
3203 3353 3221 3391 :
3246 3340 3367 3408 quia
3387 3338 3519 3393 inter
3536 3338 3726 3390 circum-

2176 3403 2462 3477 habitantes
2487 3423 2545 3458 ac
2566 3406 2663 3459 sibi
2686 3424 2813 3477 pene
2841 3407 3055 3460 invicem
3084 3403 3376 3470 notos,'non
3405 3419 3504 3461 tam
3527 3417 3725 3477 testimo-

2178 3475 2262 3547 nio
2288 3477 2518 3546 indigent
2544 3474 2694 3542 probi
2713 3494 2864 3547 quant
2898 3478 3220 3531 denotatione
3252 3494 3315 3532 ac
3343 3474 3719 3547 denuntiationi-

2175 3543 2590 3617 busﬂdep'ravati.
2651 3543 2749 3602 Ubi
2796 3547 3016 3600 omnino
3062 3547 3313 3617 distingui
3356 3548 3549 3602 videtur
3592 3543 3720 3598 inter

2176 3612 2381 3696 Gallias
2399 3630 2502 3696 seu
2534 3617 2765 3696 quinque
2808 3629 2899 3670 aut
2932 3625 3138 3696 septem
3182 3612 3491 3696 provincias,
3515 3628 3722 3696 quarum

2175 3686 2413 3754 episcopi
2439 3683 2641 3755 synodo
2669 3683 2910 3752 aderant,
2934 3683 3308 3743 etGallicanas
3327 3683 3639 3755 provincias,
3665 3683 3728 3739 de

2173 3770 2396 3879 auarum
2419 3758 2685 3826 episc0pis
2706 3756 3053 3811 discutiendis
3074 3759 3352 3826 agebatur.
3374 3758 3566 3813 Eodem
3581 3769 3725 3810 sensu

2223 3827 2375 3879 allias
2399 3841 2521 3879 esse
2541 3837 2789 3879 acceptas
2814 3843 2844 3879 a
2870 3829 3045 3879 Leone
3068 3827 3184 3879 ipso
3208 3845 3304 3879 pro
3331 3830 3515 3879 solida
3538 3826 3722 3879 Narbo-

2223 3827 2375 3879 allias
2399 3841 2521 3881 esse
2541 3837 2789 3896 acceptas
2814 3843 2844 3881 a
2870 3829 3045 3883 Leone
3068 3827 3184 3896 ipso
3208 3845 3304 3895 pro
3331 3830 3515 3883 solidae
3538 3826 3722 3880 Narbo-

2173 3896 2356 3951 nensis
2386 3898 2623 3965 partibus
2650 3910 2869 3965 apparet
2895 3915 2960 3953 ex
2981 3898 3200 3966 epistola
3224 3897 3290 3953 58
3319 3900 3385 3952 ad
3414 3896 3722 3952 Ravennium

2173 3967 2561 4039 Arelatensem.
2590 3966 2973 4039 fictronianum,
2995 3971 3179 4037 inquit,
3203 3974 3477 4038 quemdam
3497 3982 3723 4039 vagum.._.

2173 4037 2444 4092 didicimus
2474 4038 2834 4110 PsnGALLtAS
2853 4056 2906 4092 se
2926 4035 3153 4091 nostrum
3180 4035 3285 4092 esse
3311 4035 3727 4110 diaronunijacti-

2173 4116 2304 4180 tasse
2322 4152 2336 4175 ,
2376 4118 2424 4180 ei
2449 4109 2540 4180 sub
2570 4107 2725 4179 hujus
2753 4109 2962 4180 honoris
2990 4112 3194 4162 obtentu
3225 4110 3453 4163 diversas
3482 4107 3601 4180 ejus
3622 4122 3726 4174 pro-

2170 4178 2349 4231 vinciis
2382 4177 2647 4231 Ecclesiae
2664 4180 2891 4235 circuire.
2920 4178 3049 4233 Item
3071 4180 3350 4247 epistolam
3379 4182 3445 4233 ad
3470 4177 3726 4250 episcopos

2172 4250 2361 4316 synodi
2396 4250 2757 4321 quinquesaut
2792 4260 3005 4321 septem,
3036 4251 3450 4321 provinciarum,
3482 4264 3599 4321 qua:
3625 4261 3728 4321 cor-

2172 4332 2269 4386 pus
2296 4322 2359 4373 ab
2380 4316 2497 4373 aliis
2536 4316 3198 4382 diStinctnm'conﬂabant,
3231 4320 3299 4373 ita
3330 4316 3575 4375 inscribit
3603 4336 3614 4372 :
3643 4316 3730 4371 Leo

2173 4388 2465 4454 Ravennio,
2499 4390 2725 4455 Rustico,
2759 4400 2886 4458 etc.,
2918 4391 3165 4457 episcopis
3205 4406 3306 4444 res
3348 4392 3583 4445 CALLIAS
3622 4403 3730 4458 cott-

2171 4462 2379 4513 stitutis.
2407 4461 2498 4513 Hie
2529 4470 2650 4513 sunt
2680 4460 3001 4529 conjectum
3038 4476 3168 4529 quas
3194 4462 3527 4516 doctioribus
3548 4457 3736 4516 exami-

2168 4531 2369 4606 nuntias
2397 4531 2732 4606 emittimus,
2752 4546 2857 4585 non
2881 4532 2949 4584 ita
2980 4531 3043 4584 iis
3066 4533 3350 4606 innitentes
3381 4543 3436 4584 ut
3462 4536 3532 4585 ab
3562 4529 3731 4606 iisdem

2163 4602 2324 4672 881
2357 4601 2588 4669 pendere
2634 4602 2859 4655 velimus
2886 4601 3205 4676 sententiam
3239 4610 3507 4676 nostrain,
3537 4614 3637 4670 qua

2166 4667 2369 4733 {tritu—si
2402 4687 2505 4724 non
2540 4686 2727 4742 omnes
2754 4670 2972 4742 omnino
2994 4670 3285 4742 Galliarum
3318 4667 3738 4742 provinciasﬂbi

2166 4742 2431 4809 subjicere
2482 4741 2713 4796 voluisse
2760 4741 3046 4804 Hilarium;
3098 4741 3191 4796 sed
3244 4737 3335 4796 eas
3406 4737 3736 4803 solummodo

2165 4826 2285 4881 quae
2316 4825 2382 4865 ex
2407 4810 2592 4864 solidus
2632 4811 2991 4866 Narbonensis
3020 4812 3284 4865 divisione
3314 4813 3365 4866 in
3393 4812 3601 4866 solidas
3625 4814 3740 4863 'eva-

2166 4890 2347 4957 serant
2374 4881 2549 4957 quoad
2596 4882 2755 4957 civile
2790 4882 3068 4957 regimen.
3117 4883 3285 4957 Quam
3332 4883 3533 4957 merito
3578 4887 3743 4957 autetn

2160 4952 2281 5020 jure
2312 4967 2401 5005 eas
2431 4951 2535 5004 sibi
2575 4951 2878 5006 vindicabat
2912 4951 3245 5006 Arelatensis
3273 4952 3587 5021 episcopus,
3626 4951 3743 5003 satis

2163 5036 2435 5101 superque
2459 5021 2655 5101 dictum
2679 5022 2843 5101 estin
2864 5021 3251 5101 superioribus.
3638 5088 3667 5101 Α.

2234 5050 2430 5089 μῠιιμισ
2459 5050 2655 5075 υιυιιιιιι
2679 5050 2761 5077 υδι
2790 5050 2843 5076 ιιι
2865 5050 3251 5089 δυμῦιιυῐιηυδ.
3734 5050 3739 5059 ⁸

2234 5094 2359 5147 Cap.
2396 5091 2458 5145 ιι.
2492 5089 2676 5145 Utrum
2696 5092 2751 5145 in
2773 5094 2867 5145 hac
2893 5092 3077 5163 agendi
3105 5092 3327 5160 ratione,
3350 5107 3512 5162 quam
3527 5088 3749 5162 pontifex

1540 5197 2101 5260 BALLERINIORUM
2140 5201 2687 5260 ANNOTATIONES.

556 5297 633 5368 (a)
675 5296 955 5362 Leontius,
989 5294 1141 5368 cujus
1177 5294 1300 5368 Leo_
1333 5293 1593 5368 meminit,
1637 5292 1877 5368 diversus
1908 5305 1987 5348 est
2026 5311 2058 5350 a

487 5363 840 5437 Foroiuliensi
873 5384 886 5417 :
917 5365 1111 5437 quippe
1162 5368 1249 5417 hic
1281 5364 1391 5433 jam
1438 5363 1827 5437 obierstucirca
1859 5380 2057 5419 annum

484 5433 708 5503 ιὸἳξυι
736 5437 964 5505 probant
1012 5436 1384 5489 Tillemontius
1432 5444 1561 5487 tom.
1596 5433 1689 5487 XV
1716 5476 1729 5499 ,
1766 5445 1887 5505 not.
1934 5438 1967 5490 5
2008 5437 2059 5489 in

486 5511 543 5565 S.
565 5503 776 5564 Maximi
801 5508 1073 5574 Hegiensis
1093 5507 1279 5569 Vitam,
1293 5518 1343 5559 et
1360 5506 1550 5573 Pagius
1568 5505 1633 5557 ad
1648 5520 1734 5557 an.
1751 5503 1875 5568 455,
1895 5521 1944 5559 ιι.
1962 5505 2051 5561 ‘20.

562 5582 637 5649 (ὑ)
673 5582 804 5631 L'uttt
837 5576 1141 5649 Celidonius
1176 5577 1609 5649 \fesontiotiensis
1631 5575 1914 5649 episcopus
1937 5578 2059 5631 fue-

491 5646 923 5716 ritLugdunensi
954 5646 1306 5715 metropolitte
1331 5647 1595 5711 subditus,
1635 5646 2061 5716 ul__o_stendemus

491 5719 545 5773 in
574 5714 782 5773 observ.
814 5716 879 5771 ad
903 5717 1039 5771 hunc
1062 5714 1509 5784 dissertationem,
1532 5729 1655 5769 cum
1682 5714 1911 5771 Hilarius
1934 5731 2058 5771 eum

2165 5296 2439 5365 deposuit,
2468 5293 2725 5363 judicium
2747 5294 2988 5348 exercuit
3020 5296 3069 5347 itt
3103 5295 3376 5365 provincia
3404 5291 3755 5361 metropolitm

2166 5366 2535 5432 Lugdunensis
2556 5408 2569 5430 ,
2604 5374 2660 5418 et
2689 5365 2787 5418 hac
2813 5366 2879 5418 de
2910 5380 3065 5419 causa
3115 5364 3221 5418 Leo
3248 5380 3371 5418 eum
3408 5366 3646 5420 omnium
3678 5372 3756 5429 per

2167 5436 2363 5489 Gallias
2377 5433 2728 5488 Ecclesiarum
2745 5436 3113 5498 ordinationes,
3130 5451 3221 5488 seu
3238 5436 3755 5489 administrationem

2166 5508 2267 5561 sibi
2298 5506 2593 5559 vindicasse
2622 5504 2940 5569 afﬁrmavit;
2980 5504 3116 5559 adeo
3140 5504 3333 5559 falsum
3361 5504 3757 5567 eSt,Galtiarunt

2170 5576 2385 5631 nomine
2432 5576 2655 5629 solidam
2716 5575 3117 5630 Narbonensem
3169 5575 3579 5645 intelligendam

2167 5648 2372 5701 Caetera
2403 5660 2519 5714 qure
2559 5645 2877 5711 Qnesnellus
2918 5646 3167 5715 subjicit,
3212 5645 3294 5700 vel
3334 5642 3450 5716 ipse
3492 5642 3765 5703 imbuti":

2167 5716 2267 5773 sub
2293 5716 2453 5772 linem
2484 5717 2671 5787 capitis
2696 5716 2913 5771 indicat.
