3984 6306
441 270 548 356 se

910 290 1152 353 PASCH.
1192 291 1579 363 QUESNELLI
1620 288 2210 349 DISSERTATIONES
2249 290 2317 348 1N
2356 291 2413 350 S.
2455 291 2703 353 LEONIS
2746 294 2960 352 MAGNI
2998 274 3250 351 OPERA.

3611 295 3726 360 536

438 414 637 487 festent
656 456 669 477 ,
700 422 897 487 quanta
924 429 1047 469 cum
1074 414 1428 483 suspensione
1456 414 1620 487 animi
1648 412 2022 487 legendus_sit,
2050 411 2103 470 Α
2130 409 2246 465 nius
2274 411 2432 487 etiam
2451 453 2467 477 ,
2504 427 2662 487 quem
2691 413 2916 487 critices
2956 412 3338 487 peritissimum
3369 427 3532 469 nemo
3560 414 3720 487 igno-

439 488 527 543 ubi
558 486 627 540 de
653 484 814 541 rebus
846 486 1031 540 Romae
1056 487 1222 556 gestis
1250 487 1384 554 agit,
1431 485 1750 556 quicumque
1796 484 2025 555 partium

438 558 616 629 studia
646 557 772 625 quid
802 558 1009 629 possint
1044 572 1149 629 non
1183 556 1425 629 ignoret,
1458 556 1713 626 perfacile
1741 557 2020 625 intelliget.

438 630 519 684 Ad
549 628 783 683 Leonem
805 627 938 685 vero
961 628 1101 698 quod
1135 627 1396 699 pertinet,
1428 643 1552 682 num
1582 637 1760 683 tantus
1788 630 2027 697 ponttfex

439 701 723 755 sanctitate
777 700 1049 763 eximius,
1095 699 1296 770 affectu
1349 706 1443 753 aut
1490 699 1798 769 praejudicio
1848 700 2027 770 aliquo

439 780 841 839 praeoccupatus
879 787 975 839 pro
1017 769 1255 826 indebito
1289 770 1410 839 jure
1454 771 1739 839 quidquam
1784 769 2027 828 acerbius

440 842 609 911 egerit
654 850 746 896 aut
796 843 1108 913 scripserit,
1156 856 1223 897 ex
1274 841 1517 896 dicendis
1547 843 1719 906 palam
1750 841 1860 897 ﬁet.
1894 846 2027 903 Hinc

440 925 619 968 autem
650 912 739 966 ubi
773 912 1041 969 contraria
1080 913 1139 969 S.
1169 913 1405 982 pontifex
1446 922 1499 967 et
1530 913 1664 968 Vita:
1704 924 1889 969 auctor
1920 927 2029 973 tra-

440 982 572 1040 dere
618 985 901 1050 videntur,
946 1001 1066 1053 qua:
1112 982 1178 1039 ad
1225 1000 1371 1038 mera
1411 983 1543 1039 facta
1585 986 1890 1054 pertinent,
1924 990 2027 1046 utri

442 1056 615 1125 magis
637 1057 962 1112 credendum
992 1055 1101 1122 sit,
1144 1071 1302 1110 nemo
1346 1072 1451 1111 non
1494 1057 1658 1110 videt.
1715 1057 1823 1111 llac
1848 1069 2026 1116 autem

443 1128 870 1183 consideratione
898 1130 1110 1182 interim
1138 1128 1368 1197 seposita
1394 1168 1409 1188 .
1440 1128 1583 1181 aliud
1620 1127 1717 1182 hac
1745 1127 1799 1182 in
1830 1146 1888 1184 re
1921 1148 2027 1188 non

444 1198 690 1268 exiguum
711 1199 1037 1267 dijudicandi
1068 1199 1321 1253 indicium
1352 1198 1609 1268 suppetit,
1638 1200 1779 1266 quod
1810 1216 1875 1255 ex
1905 1201 2028 1257 Gal-

444 1267 617 1340 licano
645 1270 933 1324 recentiori
960 1279 1017 1324 et
1040 1270 1219 1340 magni
1250 1270 1480 1323 nominis
1510 1271 1770 1338 scriptore
1795 1272 2029 1332 Antonio

444 1338 607 1402 Pagio
634 1341 822 1395 audire
848 1341 1028 1395 libeat.
1072 1338 1326 1396 Recitatis
1353 1342 1495 1394 enim
1523 1356 1640 1410 qua:
1670 1344 1809 1396 inter
1838 1342 2030 1402 Leonis

442 1418 499 1465 et
514 1410 651 1465 Vitae
674 1414 1034 1467 narrationem
1051 1413 1379 1481 discrepant,
1405 1420 1460 1466 et
1481 1413 1735 1480 producta
1758 1414 2029 1479 Quesuelli

441 1484 711 1555 sententia
738 1483 1180 1555 ant-loretuVitte
1210 1485 1544 1555 praeferente,
1578 1482 1692 1555 haec
1723 1486 1933 1555 subjicit
1963 1490 2031 1545 ad

442 1567 532 1607 an.
564 1553 702 1621 445,
736 1571 790 1608 11.
830 1555 897 1608 14
940 1572 952 1608 :
998 1554 1182 1609 Verum
1233 1553 1611 1625 Papebrocltius
1655 1553 2032 1626 longevrectius

443 1626 619 1677 statuit
646 1626 891 1693 potiorem
910 1626 963 1679 in
992 1625 1147 1693 hujus
1172 1642 1339 1679 causa:
1362 1627 1653 1679 narratione
1677 1625 1783 1680 esse
1809 1634 2031 1685 auctori-

445 1701 600 1771 t_atem
631 1695 691 1751 S.
726 1695 1122 1771 Leonis,_quam
1152 1698 1372 1751 auctoris
1412 1697 1539 1771 Vita!
1562 1696 1623 1752 S.
1648 1696 1843 1753 Hilarii
1870 1717 1888 1753 .'
1911 1704 2032 1771 quia

444 1764 551 1819 Leo
579 1775 679 1820 tam
706 1778 911 1820 sanctus
938 1768 1033 1835 fuit
1062 1778 1118 1822 ut
1149 1770 1353 1823 mentiri
1375 1770 1551 1833 nollet,
1585 1780 1686 1822 tam
1714 1764 1954 1840 antiquus
1978 1784 2033 1828 ut

444 1852 593 1909 nemo
610 1840 941 1907 propinquior
962 1840 1134 1893 haberi
1158 1841 1316 1909 possit
1342 1841 1479 1893 testis
1502 1841 1654 1907 hujus
1675 1841 1748 1893 rei
1775 1845 1854 1895 cui
1877 1846 2033 1899 inter-

444 1906 973 1984 fuit,_quatttque_ipse
1001 1922 1053 1984 nt
1257 1912 1419 1984 judex
1448 1906 1618 1979 gessit.
1660 1912 2035 1984 Praeterquam-

443 1979 583 2054 quod
602 1983 799 2034 auctori
834 1980 964 2035 Vita:
994 1982 1054 2036 S.
1087 1979 1283 2054 Hilarii
1312 1984 1507 2053 injuria
1529 1999 1627 2033 non
1656 1999 1840 2053 magna
1868 1979 2031 2054 ﬁeret,

443 2049 489 2101 si
518 2052 771 2123 diceretur
792 2053 845 2105 in
874 2054 939 2107 iis
966 2069 1079 2122 qua:
1110 2053 1289 2107 Romae
1317 2049 1457 2123 gesta
1483 2064 1623 2105 erant
1652 2049 1793 2107 anno
1818 2055 1939 2115 445.
1972 2049 2035 2115 ea:

446 2122 626 2195 auditu
648 2134 695 2175 et
723 2123 889 2177 relatu
916 2124 1228 2177 Arelatensis
1260 2126 1380 2177 cleri
1406 2132 1515 2191 post
1537 2140 1697 2177 annos
1728 2127 1920 2195 viginti,
1946 2140 2037 2184 aut

446 2192 660 2266 triginta
688 2196 960 2266 narrandis
990 2197 1254 2266 scripsisse
1283 2196 1450 2248 minus
1472 2212 1587 2247 vera
1616 2209 1634 2247 :
1657 2192 1842 2266 magna
1865 2192 2036 2257 autem

445 2260 589 2341 ﬁeret
613 2263 671 2341 .
699 2265 945 2341 Leoni_,_si
968 2260 1381 2341 vera-scripsisse
1400 2267 1715 2341 dubitnrctur
1742 2260 1794 2320 in
1822 2272 2037 2341 epistola

446 2332 516 2385 ad
542 2335 803 2406 episcOpos
848 2337 1148 2392 Viennensis
1191 2332 1478 2404 provinciae.
1529 2336 1653 2390 Cum
1695 2332 2035 2398 enim'istum

448 2406 605 2471 possit
648 2424 889 2462 excusare
929 2408 1059 2462 bona
1088 2410 1215 2477 ﬁdes
1254 2411 1431 2461 audita
1470 2411 1765 2476 referentis,
1800 2410 1901 2465 Leo
1935 2432 2037 2468 non

446 2486 614 2554 posset
666 2496 771 2533 non
819 2481 1056 2554 damnari
1100 2480 1550 2554 impudentissima?
1591 2482 1863 2539 calumnia:
1901 2484 2038 2554 falsa

447 2547 672 2622 s_cribens
704 2564 723 2603 :
758 2552 901 2622 quis,
944 2547 1182 2615 obsecro,
1213 2551 1497 2622 intelligens
1526 2568 1679 2618 quam
1722 2547 1929 2609 sanctus
1964 2559 2038 2610 vir

448 2615 552 2669 Leo
597 2615 787 2689 fuerit,
832 2620 952 2675 huic
991 2622 1239 2675 dubitabit
1281 2615 1403 2675 dare
1440 2615 1633 2689 fidem,
1681 2621 1759 2674 illi
1808 2628 2037 2691 quamvis

447 2698 623 2767 sqncto
675 2694 933 2767 contraria
987 2693 1235 2767 scribenti
1269 2695 1513 2762 derogare
1538 2692 1735 2767 ?_Ha’c
1780 2693 2041 2767 Papebro-

450 2757 709 2835 citius...“
761 2760 1000 2833 Profecto
1029 2768 1115 2833 qui
1152 2757 1691 2835 animum'attenderit
1731 2766 1799 2818 ad
1829 2757 1888 2819 ea
1927 2786 2040 2835 qua

452 2828 684 2906 pluribus
706 2828 896 2887 sanctis
925 2828 1051 2887 viris
1069 2836 1323 2906 contigere
1352 2835 1402 2887 in
1436 2834 1515 2887 his
1540 2838 1835 2905 ref-vendis.
1860 2828 2039 2902 quibus

450 2899 648 2977 ipsimet
663 2917 945 2977 praesentes
972 2922 1070 2958 non
1099 2899 1267 2973 fuere,
1294 2908 1352 2959 S.
1392 2899 1709 2959 Honoratum
1746 2908 1807 2960 de
1838 2899 1899 2961 iis
1925 2928 2040 2977 quia

449 2969 631 3049 Romae
731 2991 884 3028 causa
909 2969 1161 3029 Celidonii
1183 2969 1351 3030 coram
1377 2978 1435 3031 S.
1471 2977 1631 3031 Ιαεοη.Δ
1654 2996 1791 3048 grs'a
1817 2969 2039 3049 fuerant,

450 3045 583 3117 male
605 3046 837 3117 edoctum
865 3049 1021 3117 fuisse
1045 3065 1145 3101 non
1171 3050 1440 3102 dubitabit.
1469 3058 1503 3100 Α
1517 3051 1625 3104 lli-rt
1654 3045 1829 3103 autem
1860 3045 2039 3106 citent;

451 3113 596 3191 βιυιη
714 3113 873 3191 Aviti
896 3122 945 3173 in
979 3120 1270 3174 Macedonii
1317 3119 1893 3184 Constaiititionolitani
1926 3124 2039 3191 epi-

2132 491 2240 555 rat,
2273 492 2385 555 tum
2414 483 2467 537 in
2502 483 2649 538 Actis
2686 484 2783 540 SS.
2814 486 3016 539 ordinis
3064 486 3119 541 S.
3150 485 3457 555 Benedicti,
3509 483 3621 545 tulit
3658 490 3722 548 in

2131 552 2427 608 Annalibus
2450 568 2567 608 eam
2597 570 2691 622 pro
2719 555 2928 611 sincera
2957 555 3135 612 habet.

2203 624 2255 698 6_.
2287 626 2418 698 Cum
2447 641 2745 698 anonymus
2779 627 2911 682 Vita:
2944 637 3131 683 auctor
3152 627 3397 684 Jurensis
3418 632 3724 689 monachus

2130 709 2192 751 ac
2221 695 2278 751 8.
2313 696 2553 767 Eugendi
2578 695 2907 767 discipulus,
2950 708 3073 767 post
3104 700 3307 755 initium
3346 700 3485 756 sexti
3533 706 3722 760 seculi

2131 768 2437 835 scripserit,
2481 769 2737 840 vocabula
2769 785 2887 840 quin
2921 770 2973 824 in
3014 770 3148 825 Vitis
3184 771 3253 825 ab
3282 785 3349 826 eo
3382 772 3601 840 scriptis
3641 776 3722 828 te-

2130 848 2344 913 guntur,
2374 839 2621 893 nimirum
2652 839 2927 910 repausare
2945 848 3001 913 et
3022 843 3284 913 repedare,
3307 839 3571 912 religt'oet
3597 845 3723 897 reli-

2130 911 2298 985 g_iosus
2344 925 2439 979 pro
2469 915 2856 985 monachorum
2895 911 3087 968 ordine
3132 924 3183 967 et
3235 911 3498 968 monacho
3525 955 3540 977 ,
3577 926 3725 985 pater

2132 980 2396 1035 Romanus
2425 993 2476 1037 et
2509 992 2651 1053 pater
2676 982 2956 1054 Lupicinus
2979 998 3045 1038 eo
3071 998 3230 1039 sensu
3259 1000 3366 1054 quo
3392 999 3532 1040 nunc
3558 980 3726 1040 utun-

2133 1059 2217 1105 tur
2246 1054 2512 1127 monachi,
2538 1056 2776 1109 sacerdos
2801 1056 2917 1108 sine
2946 1054 3129 1109 addito
3156 1056 3368 1110 secundi
3391 1058 3587 1110 ordinis
3620 1074 3725 1127 pro

2131 1124 2484 1194 presbytero,
2534 1135 2589 1180 et
2641 1126 2938 1196 patriarcha
2984 1140 3081 1194 pro
3130 1127 3582 1196 metropolitano,
3620 1124 3728 1186 Vvel

2136 1196 2309 1262 potius
2337 1196 2589 1268 episcopo
2614 1196 2898 1267 (siquidem
2931 1196 3377 1251 Vesontionensis
3404 1214 3584 1253 merus
3607 1203 3728 1268 epi-

2132 1278 2328 1333 scopus
2364 1266 2481 1329 fuit)
2520 1270 2588 1322 ab
2619 1283 2717 1322 usu
2744 1268 2858 1335 ejus
2886 1268 2985 1322 teri
3018 1269 3175 1323 nimis
3194 1269 3367 1322 aliena
3397 1266 3730 1335 Quesoellus

2134 1337 2391 1391 obtrudit.
2424 1338 2521 1395 SS.
2558 1338 2719 1402 Petri,
2752 1338 2898 1393 Pauli
2923 1350 2972 1393 et
3003 1339 3231 1394 Andreze
3259 1339 3515 1409 reliquias
3536 1340 3731 1398 Rome

2134 1409 2410 1462 monachis
2452 1410 2703 1473 traditas,
2743 1418 2799 1465 et
2828 1411 3115 1464 dalmatiae
3150 1426 3277 1465 usus
3308 1427 3336 1463 a
3369 1412 3548 1465 smenli
3582 1414 3730 1468 illius

2134 1479 2372 1535 moribus
2398 1480 2689 1537 abhorrere
2718 1482 2903 1547 tradit;
2937 1496 3019 1546 ac,
3053 1489 3113 1535 ut
3133 1494 3325 1537 caetera
3356 1482 3553 1537 leviora
3582 1499 3731 1551 pra:-

2136 1558 2442 1618 tereamus,
2495 1554 2799 1607 canonicum
2846 1568 3051 1606 cursum
3080 1563 3293 1607 vocatas
3335 1555 3527 1621 ingerit
3562 1556 3733 1611 horas

2136 1623 2453 1695 canonicas,
2483 1639 2615 1693 quas
2647 1635 2771 1679 tunc
2806 1639 2903 1677 nec
2938 1625 3222 1680 canonicas
3251 1625 3545 1695 appellatas
3566 1665 3580 1690 ,
3625 1640 3730 1683 nec

2136 1692 2248 1746 ullo
2270 1710 2475 1747 eamme
2502 1692 2727 1748 indictas
2753 1696 3003 1749 afﬁrmat.

2208 1766 2259 1816 7.
2276 1764 2467 1837 Pagius
2486 1765 2599 1819 haec
2622 1767 2828 1835 singula
2852 1766 3047 1821 refutat
3069 1766 3302 1835 egregie,
3326 1768 3501 1821 allatis
3523 1768 3735 1837 aliquot

2138 1834 2376 1907 ejusdem
2401 1836 2613 1891 circiter
2635 1834 2891 1907 temporis
2915 1834 3251 1897 testimoniis,
3280 1841 3333 1892 in
3359 1838 3551 1907 quibus
3576 1834 3734 1894 simi-

2138 1905 2215 1959 les
2238 1922 2396 1960 voces
2418 1909 2605 1962 eodem
2630 1905 2790 1963 sensu
2816 1910 3177 1963 invenittntur.
3204 1905 3412 1963 Omittit
3439 1910 3612 1963 solam
3638 1926 3735 1965 vo-

2140 1992 2255 2030 cem
2271 1980 2597 2045 patriarchte,
2612 1981 2695 2033 cui
2708 1990 2884 2033 tamen
2902 1990 3076 2048 potest
3088 1982 3271 2045 reponi
3288 1981 3579 2035 Athalarici
3595 1980 3735 2036 Got-

2139 2050 2350 2102 tltoruut
2383 2064 2521 2113 regis
2559 2051 2923 2104 testimonium
2967 2051 3105 2118 apud
3140 2050 3539 2106 Cassiodorium
3577 2054 3617 2107 1.
3654 2069 3730 2120 tx,

2138 2123 2295 2185 epist.
2315 2121 2399 2190 15,
2418 2131 2472 2175 et
2492 2121 2597 2173 duo
2610 2124 2709 2175 alia
2723 2137 2786 2177 ex
2806 2122 3161 2176 Vandalorum
3194 2123 3459 2177 locutione
3474 2124 3613 2190 apud
3634 2123 3734 2179 Vic

2142 2189 2594 2245 torethtenseut
2629 2193 2666 2247 l.
2698 2208 2763 2255 11⁹
2799 2210 2852 2245 11.
2876 2194 2909 2247 5
2944 2205 2996 2247 et
3039 2194 3122 2247 18.
3172 2194 3301 2246 Viue
3342 2189 3554 2259 auctor,
3599 2210 3732 2250 cum

2139 2262 2373 2329 scripsit,
2392 2263 2616 2333 degebat
2634 2265 2771 2317 inter
2791 2263 3195 2332 Burgundiones
3213 2273 3323 2319 tum
3350 2265 3605 2333 Sequanae
3622 2266 3733 2320 do-

2140 2334 2334 2395 minos,
2357 2338 2442 2401 qui
2466 2332 2602 2388 forte
2620 2334 2806 2389 eadem
2832 2350 3133 2401 vocemque
3148 2350 3209 2389 ac
3227 2336 3410 2391 Gotthi
3434 2332 3487 2390 et
3504 2335 3735 2392 Vandali

2141 2404 2444 2475 ntebantur.
2468 2404 2653 2470 Quoad
2677 2406 3019 2475 reliquiarum
3041 2407 3421 2475 objectionem,
3454 2422 3560 2459 non
3594 2408 3734 2464 nihil

2138 2474 2298 2547 90,5
2339 2476 2765 2531 animadvertere
2804 2478 2978 2531 liccat.
3018 2474 3253 2545 Reeepta
3292 2478 3571 2547 responsio
3618 2488 3730 2543 est,

2141 2550 2199 2618 8.
2230 2547 2547 2618 Gregorium
2576 2547 2841 2617 Magnum,
2866 2563 2985 2601 cum
3012 2548 3263 2618 reliquias
3289 2564 3389 2604 nec
3413 2548 3595 2602 Romae
3627 2565 3729 2605 nec

2140 2615 2195 2687 in
2226 2625 2335 2669 toto
2381 2615 2679 2673 Occidente
2714 2620 2925 2675 licuisse
2970 2615 3190 2687 tangere
3221 2632 3312 2673 aut
3354 2621 3472 2675 loco
3506 2635 3732 2677 movere

2140 2684 2407 2752 afﬁrmat,
2460 2689 2798 2753 disciplinam
2845 2684 3342 2759 quidem'prol‘erre
3396 2692 3476 2745 sui
3512 2692 3731 2746 circiter

2144 2760 2419 2827 temporis,
2455 2775 2558 2813 non
2590 2776 2719 2814 vero
2749 2761 2922 2815 anatis
2953 2763 3225 2829 aliquanto
3255 2761 3571 2827 anterioris;
3601 2777 3729 2817 cum

2144 2844 2247 2903 non
2275 2840 2377 2882 tam
2416 2832 2467 2883 in
2496 2830 2712 2885 Oriente
2744 2848 2899 2896 quam
2937 2831 2987 2886 in
3017 2833 3304 2886 Occidente
3342 2833 3524 2903 plures
3549 2833 3729 2887 eleva-

2144 2902 2345 2953 tionnut
2384 2912 2475 2955 aut
2516 2904 2920 2956 translationum
2951 2918 3106 2957 casus
3153 2902 3495 2958 Mabillonitts
3534 2920 3729 2957 recen-

2143 2980 2257 3024 SPat
2281 2976 2329 3022 in
2358 2972 2562 3037 tinniat.
2587 2973 2650 3027 ad
2678 2977 2929 3029 saeculum
2956 2989 3176 3038 11,1111111.
3204 2976 3292 3029 45.
3321 2975 3538 3029 Munera
3560 2974 3728 3029 etiam

2144 3043 2485 3110 reliquiarum
2550 3044 2777 3110 insignia
2836 3046 2891 3101 S.
2949 3045 3278 3101 Gaudentius
3334 3054 3731 3101 commemorat

2144 3128 2308 3168 serm.
2342 3116 2427 3181 17,
2460 3114 2515 3169 S.
2552 3115 2802 3169 Paulinus
2822 3117 3056 3171 Nolanus
3088 3118 3138 3170 itt
3165 3117 3337 3171 Natali
3369 3133 3407 3171 It
3437 3117 3503 3172 de
3533 3116 3591 3170 S.
3627 3117 3731 3172 Fe-

449 3186 599 3251 scopi
625 3186 725 3241 sibi
758 3191 921 3243 coaevi
959 3205 1116 3243 causa
1150 3191 1463 3255 scribentis,
1506 3201 1557 3244 et
1587 3183 1853 3246 concludit
1886 3210 1898 3248 :
1930 3183 2033 3247 lio-

2143 3183 2279 3255 lire,
2306 3195 2368 3238 'et
2415 3188 2465 3238 111
2502 3185 2618 3239 Vita
2651 3188 2705 3241 8.
2743 3188 3012 3243 Ambrosii
3056 3190 3191 3241 alius
3226 3188 3500 3253 Paulinus,
3529 3200 3730 3255 praeter

448 3266 628 3331 ngrata
669 3260 839 3328 itaque
885 3260 1197 3314 Massiliensi
1245 3263 1481 3329 episcopo
1526 3264 1657 3315 idem
1706 3264 1843 3331 quod
1897 3266 2044 3319 Avito

457 3324 730 3400 Kienncnsi
753 3324 1089 3397 metropolita:
1107 3332 1329 3393 accidit;
1352 3345 1394 3383 et
1418 3324 1847 3400 quemadmodum
1872 3334 1952 3387 hic
1982 3337 2044 3389 ds

453 3393 746 3473 Macedonii
777 3393 951 3473 causa,
983 3401 1054 3453 sic
1082 3411 1129 3451 et
1156 3402 1243 3473 ille
1268 3401 1331 3454 de
1355 3393 1511 3454 causa
1542 3402 1725 3455 Leonis
1757 3403 1873 3473 (seu
1904 3404 2046 3460 Celi-

450 3463 627 3538 donii)_
649 3467 946 3521 relationem
973 3486 1156 3538 parum
1181 3472 1429 3524 sinceram
1462 3473 1653 3525 habuit.

525 3534 719 3611 4.__Leo
738 3539 951 3606 quidem
974 3534 1118 3595 facta
1146 3551 1370 3596 testatur
1394 3559 1515 3611 qua:
1540 3544 1724 3597 Romae
1745 3558 1804 3597 se
1828 3552 1881 3598 et
1910 3547 2045 3600 mul-

454 3606 522 3682 tis
542 3606 663 3682 aliis
692 3610 1047 3682 praesentibus
1073 3621 1219 3680 gesta
1244 3606 1475 3672 fuerant,
1506 3626 1663 3682 atque
1689 3622 1914 3669 testatur
1938 3632 2043 3674 non

452 3674 508 3751 in
543 3674 753 3751 privato
784 3680 1015 3751 scripto,
1048 3674 1188 3750 quod
1232 3697 1262 3735 a
1311 3684 1457 3737 nullo
1484 3674 1663 3748 posset
1696 3686 1915 3751 revinci,
1948 3689 2043 3743 sed

452 3745 507 3817 in
543 3747 772 3821 publicis
803 3750 995 3804 litteris
1021 3791 1036 3815 ,
1065 3745 1116 3806 et
1157 3752 1223 3805 ad
1268 3755 1411 3821 ipsm
1458 3745 1671 3821 quidem
1724 3745 2042 3814 Viennensis

453 3820 746 3937 provinciae
770 3821 1050 3888 episc0p0s
1078 3820 1451 3884 missis,’inter
1476 3820 1610 3891 quos
1638 3825 1866 3881 Hilarius
1900 3830 2041 3885 vive-

491 3898 576 3937 at:
606 3903 634 3937 a
660 3904 766 3937 uno
798 3900 1003 3937 notarat.
1032 3907 1185 3937 ermr
1216 3895 1295 3937 νρΙ
1325 3896 1590 3937 nalttmnin
1622 3897 1795 3937 domui
1846 3900 1886 3937 ei
1914 3902 2039 3937 ηιιίιι

491 3898 576 3968 at}
606 3903 766 3968 annuo
798 3900 1003 3957 poterat
1021 3907 1185 3968 error
1216 3895 1295 3968 vel
1325 3896 1590 3950 calumnia
1622 3897 1819 3965 detegi,
1845 3900 1886 3952 si
1914 3902 2041 3968 quid

451 3955 569 4012 falsi
599 3959 700 4013 illis
725 3955 980 4015 insertum
1014 3964 1218 4019 fuisset.
1250 3967 1451 4021 Auctor
1479 3982 1609 4021 vero
1640 3955 1773 4021 Viue
1800 3955 1903 4024 non
1934 3955 2040 4027 iam

451 4042 572 4093 post
610 4034 887 4102 utriusque
917 4034 1118 4088 obitum
1152 4037 1401 4105 sculpsit,
1436 4054 1617 4091 verum
1650 4040 1810 4092 ctiam
1844 4041 2039 4096 multos

449 4111 569 4167 post
597 4117 789 4177 annos,
821 4112 1021 4177 etquae
1051 4106 1118 4159 de
1149 4105 1403 4163 Romanis
1433 4110 1595 4177 gestis
1636 4110 1900 4177 inseruit,
1934 4128 2038 4169 non

448 4173 711 4250 sumpsit,
744 4183 802 4228 ot
826 4176 1056 4250 afﬁrmat
1081 4177 1399 4250 Qnesiiellus
1420 4173 1526 4242 [ex
1560 4180 1691 4235 actis
1723 4182 1850 4249 ipsis
1876 4173 1895 4245 ζ
1922 4200 2039 4250 quae

447 4242 634 4297 nullibi
663 4245 982 4324 alreo‘lecta
1009 4242 1337 4324 indicantur;
1366 4266 1591 4324 qttu’qtte
1617 4253 1660 4305 si
1688 4242 1847 4308 etiam
1880 4242 2039 4324 legis-

448 4325 550 4390 set,
584 4329 707 4390 cum
734 4315 786 4369 in
814 4315 1013 4390 Gallias
1040 4317 1151 4371 Leo
1188 4320 1304 4388 ipse
1332 4315 1397 4376 ea
1427 4315 1626 4390 pariter
1658 4324 1894 4387 miserit,
1926 4315 2037 4381 sua:

449 4386 689 4463 epistola:
723 4389 989 4463 contraria
1024 4390 1175 4463 credi
1210 4386 1485 4460 nequeunt
1516 4410 1528 4445 ε
1562 4394 1657 4448 sed
1693 4386 1922 4463 sumpsit
1969 4412 2037 4451 ex

448 4454 710 4531 relatione
740 4458 1129 4531 Arelatensium
1150 4500 1165 4523 ,
1197 4454 1328 4530 quo;
1360 4478 1457 4516 suo
1492 4466 1743 4531 episcopo
1785 4454 1919 4520 bene
1958 4467 2037 4521 af-

445 4522 905 4617 fectos-rerum
938 4528 1120 4582 Romae
1149 4522 1419 4617 gestarum
1448 4522 1589 4617 hnitd
1625 4522 1813 4590 exacte
1842 4536 2038 4592 instru-
2064 4557 2115 4617 ι)

447 4602 565 4647 ctos
594 4596 840 4675 quaedam
885 4596 1191 4675 ignorasse,
1224 4604 1466 4675 quredam
1495 4604 1629 4658 falso
1665 4621 1882 4660 rumore
1912 4624 2033 4675 per-

448 4678 630 4744 peram
662 4668 958 4749 accepisse,
991 4668 1251 4749 quaedam
1266 4673 1429 4749 etiam
1458 4689 1617 4749 cnrsu
1652 4668 1960 4749 tem_poris'(
1979 4689 2035 4734 ut

444 4733 501 4788 in
528 4733 764 4812 populari
789 4736 925 4791 fama
950 4733 1194 4812 accidere
1226 4743 1387 4812 solet)
1415 4744 1705 4809 addidisse,
1734 4733 2033 4804 detraxisse

444 4804 845 4887 ncimmutasse
873 4808 1129 4864 credibile
1152 4804 1424 4887 estunis
1470 4830 1599 4887 ergo
1644 4804 1829 4871 sancto
1861 4821 2033 4887 ponti-

443 4874 527 4951 fici
556 4877 632 4951 rei
660 4891 842 4932 cot'am
873 4893 930 4933 se
957 4892 1122 4949 gesta:
1156 4874 1419 4951 publieam
1456 4874 1609 4940 lidtint
1645 4874 2032 4943 facientidlila-

442 4947 784 5030 rio_rivenle
829 4947 1261 5030 anteponendum
1301 4966 1516 5030 censeat
1554 4960 1869 5029 scriptorem
1914 4970 2032 5030 post

442 5019 643 5096 multo}
672 5034 841 5096 annos
868 5020 1191 5096 scribentem
1222 5040 1288 5080 ex
1320 5027 1578 5082 relatione
1611 5019 1888 5096 populari?

590 5089 774 5157 Quoad
801 5093 1185 5161 suppositiouis
1206 5111 1332 5152 vero
1358 5110 1535 5151 notam
1562 5089 1697 5154 Viue
1720 5102 1777 5156 S.
1803 5102 2032 5158 Romani

438 5173 589 5227 aeque
634 5175 698 5215 ac
743 5161 876 5239 Vitis
914 5164 1011 5239 SS.
1062 5164 1303 5235 Lupicini
1348 5179 1400 5223 et
1441 5169 1681 5239 Eugendi
1728 5173 1796 5227 ab
1840 5174 2029 5229 eodem

437 5242 656 5286 auctore
686 5234 903 5313 scriptis
944 5234 1225 5313 impactum
1251 5279 1266 5303 ,
1315 5240 1493 5313 nullus
1519 5234 1607 5309 Qui
1638 5244 1876 5313 objectas
1905 5260 2029 5299 ceu-

436 5314 586 5354 suras
605 5306 943 5371 expendcrit,
964 5321 1083 5360 cum
1106 5308 1395 5373 Quesnello
1418 5306 1736 5369 etinscntiei.
1762 5316 1897 5369 llinc
1922 5332 2027 5371 non

434 5374 608 5446 solum
641 5373 832 5444 Pagius
858 5391 948 5431 eas
981 5377 1127 5432 Vitas
1156 5380 1417 5446 vindicat,
1454 5398 1640 5439 verum
1671 5386 1831 5440 etiam
1863 5385 2028 5441 Tulle-

434 5445 700 5522 montius,
737 5446 857 5522 licet
877 5446 943 5522 Δ111
977 5448 1075 5504 hac
1100 5449 1210 5518 ipsa
1246 5445 1430 5508 llilarii
1459 5459 1821 5512 controversia
1854 5460 2023 5522 Ques-

436 5515 582 5596 nello
610 5516 1071 5596 maximefaveat,
1104 5515 1170 5576 de
1202 5522 1317 5577 Vita
1352 5522 1408 5579 S.
1440 5524 1665 5581 Romani
1698 5537 1799 5582 art.
1833 5515 2021 5596 {‘pro-

434 5586 642 5668 nuntiat
673 5606 684 5639 :
719 5586 863 5668 Ainsi
893 5604 1019 5668 nous
1046 5586 1200 5668 ouans
1232 5611 1327 5661 peu
1357 5596 1641 5668 d'histoires
1669 5599 1817 5668 qu’on
1849 5586 2021 5667 puisse

434 5655 543 5735 dire
580 5657 681 5709 etre
715 5659 837 5735 plus
866 5655 1344 5735 autltentiques'que
1380 5665 1613 5732 eelle-ci;
1654 5655 1706 5722 οἰ
1744 5655 2019 5725 notatione

414 5730 605 5808 prima
630 5730 921 5808 pouoribus
942 5730 1213 5808 Quesuelli
1235 5730 1459 5808 objectis
1481 5730 1768 5808 respondet
1792 5739 1854 5792 iis
1878 5754 2017 5807 pra:-

436 5800 696 5854 termissis
720 5814 839 5858 (tua
884 5802 1031 5859 nulla
1060 5800 1376 5867 probatione
1422 5800 1728 5867 fulciu'ntur.
1779 5800 2015 5868 1111151111)-

2146 3254 2277 3310 1111111
2302 3257 2439 3321 quod
2470 3257 2520 3310 in
2568 3258 2681 3319 ipsa
2726 3259 2890 3312 Roma
2932 3259 3033 3313 sub
3062 3259 3340 3314 Hormisda
3370 3254 3633 3313 accidisse
3662 3274 3731 3316 ex

2150 3327 2267 3380 Vita
2316 3326 2374 3380 S.
2428 3326 2721 3383 Eleutlterii
2753 3329 3105 3384 Tornacensis
3151 3330 3341 3398 Pagius
3382 3334 3561 3383 refert.
3613 3330 3726 3385 Nos

2147 3412 2276 3471 yero
2303 3399 2460 3471 aliam
2491 3398 2733 3453 fortassis
2758 3401 3171 3469 probabiliorem
3205 3403 3607 3471 responsionem
3643 3400 3731 3454 af-

2145 3468 2397 3523 feretuus.
2432 3469 2488 3523 ln
2527 3468 2868 3538 suggesnotie
2915 3473 3206 3540 legatorum
3254 3468 3316 3526 ad
3354 3471 3721 3537 Hormisdam,

2146 3554 2266 3611 quae
2306 3540 2628 3594 describitur
2669 3553 2796 3596 tom.
2849 3559 2877 3592 v
2920 3543 3124 3598 Concil.
3167 3543 3290 3597 edit.
3333 3540 3545 3594 Veneta:
3584 3556 3718 3611 pag.

2145 3608 2271 3673 645,
2302 3612 2645 3666 observamus
2672 3628 2789 3668 eam
2817 3614 3029 3681 quidem
3071 3613 3318 3669 iuculcari
3347 3608 3727 3668 Romanorum

2144 3682 2622 3755 consuetudinem,
2671 3701 2738 3739 ne
2779 3696 3082 3739 sanctorum
3116 3699 3394 3755 corporum
3426 3684 3729 3750 particulas

2145 3750 2287 3805 dono
2331 3754 2629 3817 traderent;
2661 3755 2753 3809 sed
2785 3772 2968 3811 eorum
3001 3757 3119 3811 loco
3161 3750 3297 3810 mitti
3324 3754 3568 3809 solebant
3602 3771 3729 3808 san-

2145 3825 2366 3887 ctuaria,
2400 3825 2581 3887 idest,
2614 3828 2783 3891 lintei,
2830 3828 2967 3893 olea,
3019 3831 3199 3895 panni,
3248 3826 3509 3880 velamina
3555 3824 3727 3881 thecis

2144 3895 2443 3968 custodita”,
2478 3913 2595 3965 qnte
2623 3908 2927 3953 sanctorum
2960 3913 3181 3968 corpora
3211 3907 3301 3952 aut
3332 3896 3569 3952 tumulos
3596 3900 3724 3951 atti-

2144 3965 2368 4032 gissent.
2399 3966 2522 4019 Ηαιιτ
2550 3984 2680 4023 vero
2709 3972 3008 4025 Sanctuaria
3033 3965 3361 4023 vocabantur
3387 3970 3550 4022 etiam
3596 3969 3725 4021 reli-

2143 4037 2473 4111 quite;_onde
2497 4038 2550 4111 in
2582 4041 2789 4094 laudata
2821 4042 3160 4111 suggestione
3186 4039 3442 4111 scribitur
3470 4038 3727 4094 Iustinia-

2145 4121 2271 4159 num
2320 4107 2433 4180 hoc‘
2465 4110 2562 4163 sibi
2592 4112 2723 4167 satis
2747 4107 3017 4180 iudicasse
3056 4113 3099 4165 si
3148 4112 3202 4166 in
3250 4126 3313 4166 ea
3358 4110 3724 4166 Romanorum

2143 4178 2530 4254 consuetudine
2576 4182 2640 4234 de
2657 4178 2772 4254 ipso
2796 4183 2937 4253 [ante
2976 4186 3038 4236 de
3065 4200 3165 4254 quo
3190 4197 3279 4254 per
3310 4198 3515 4236 omnem
3540 4193 3725 4254 terram

2142 4252 2435 4303 sanctuaria
2462 4253 2813 4320 apostolorum
2833 4266 2948 4309 sunt
2974 4252 3113 4318 data,
3140 4252 3258 4307 inde
3278 4255 3452 4321 etipse
3482 4252 3725 4319 reliquias

2141 4322 2398 4394 suscipere
2432 4332 2717 4390 mereatur;
2745 4326 2830 4379 ubi
2864 4342 2927 4381 ex
2951 4333 3200 4381 contextu
3246 4326 3477 4394 reliquid:
3503 4335 3723 4393 aposto-

2142 4390 2310 4444 lorum
2358 4394 2695 4461 appellantur
2721 4399 3045 4461 sanctuaria,
3097 4412 3217 4463 quae
3260 4390 3373 4449 sola
3408 4405 3465 4450 ut
3506 4390 3570 4447 ad
3596 4410 3725 4450 eum

2144 4463 2481 4517 mitterentur
2501 4464 2656 4535 legati
2702 4466 3041 4523 Hormisdant
3075 4475 3331 4535 rogarunt
3360 4484 3373 4519 :
3410 4466 3726 4521 Sanctuan'a

2140 4542 2432 4588 sanctorum
2461 4538 2813 4602 apostolorum
2850 4540 2988 4593 Petri
3011 4548 3056 4592 et
3086 4537 3272 4603 Pauli,
3301 4539 3584 4592 secundum
3618 4554 3727 4592 mo~

2140 4620 2270 4681 rem,
2289 4606 2336 4660 ei
2364 4604 2543 4675 largiri
2578 4611 2853 4681 prmcipite.
2889 4611 3146 4665 Similiter
3175 4610 3334 4681 etiam
3358 4607 3653 4680 Gregorius
3674 4610 3728 4666 111

2142 4674 2329 4749 eadem
2358 4674 2516 4749 epist.
2549 4674 2636 4743 5'0,
2668 4674 2743 4735 ad'
2765 4680 3166 4736 Constantinam
3199 4674 3524 4749 Augustam,
3556 4695 3726 4747 quam

2141 4745 2455 4811 Quesnellus
2486 4750 2682 4816 laudat,
2714 4767 2833 4806 cum
2865 4753 3034 4821 inquit
3065 4769 3078 4804 :
3116 4745 3362 4805 Romanis
3407 4745 3729 4805 consuetudo

2142 4832 2241 4869 non
2270 4828 2360 4883 est,
2392 4824 2595 4889 quando
2641 4833 2932 4877 sanctarum
2979 4837 3256 4888 RELIQUIAS
3287 4822 3447 4887 dant,
3492 4824 3729 4891 utquid-

2140 4902 2291 4966 quam
2316 4899 2525 4966 tqnqere
2542 4905 2850 4966 praesumant
2884 4898 2945 4948 de
2974 4911 3215 4966 corpore;
3236 4894 3325 4948 sed
3361 4894 3727 4966 tantummodo

2138 4958 2191 5010 in
2220 4960 2391 5028 pixide
2414 4958 2693 5016 brandeum
2706 4968 2939 5031 mittitur,
2969 4958 3118 5028 atque
3132 4966 3198 5021 ad
3220 4965 3569 5019 sacratissima
3599 4982 3728 5018 san-

2138 5039 2331 5106 ctorum
2361 5048 2575 5101 corpora
2602 5035 2841 5105 ponitur;
2872 5038 2983 5106 ipsa
3014 5036 3267 5102 brandea,
3297 5053 3392 5092 seu
3423 5037 3726 5091 sanctum-ia

2136 5101 2443 5178 manifeste
2458 5101 2703 5178 reliquias
2722 5101 2974 5175 appellat.
3004 5101 3279 5178 Frequens
3301 5117 3385 5162 est
3406 5109 3545 5174 apud
3563 5123 3725 5162 euut-

2134 5170 2254 5225 detn
2292 5170 2604 5247 pontiﬁcem
2638 5170 3052 5234 sanc'tuariorum
3090 5170 3250 5236 simul
3283 5190 3338 5233 et
3377 5170 3721 5247 reliquiarum

2134 5244 2757 5320 promiscuausurpatio,
2809 5260 2865 5305 ut
2894 5251 3073 5306 videre
3112 5261 3193 5306 est
3236 5252 3397 5320 epist.
3429 5244 3495 5305 54
3545 5250 3648 5304 lib.
3682 5268 3724 5319 t,

2132 5316 2289 5391 epist.
2324 5317 2511 5391 15_lib.
2555 5334 2635 5385 lx,
2682 5330 2735 5374 et
2762 5320 2886 5375 alibi
2910 5324 3151 5391 reliquias
3188 5323 3238 5375 in
3272 5316 3526 5376 Ecclesiis
3553 5316 3721 5377 dedi;

2132 5387 2317 5459 candis
2347 5387 2675 5445 adhibendas
2698 5387 3035 5459 memorans,
3068 5408 3133 5449 ex
3165 5394 3408 5447 Romano
3441 5405 3595 5446 more
3622 5410 3721 5448 ea-

2130 5456 2250 5533 dem
2280 5461 2578 5533 sanctuarin
2612 5465 2793 5533 procul
2824 5464 2987 5518 dubio
3016 5456 3281 5533 intelligit.
3316 5465 3388 5517 Ita
3420 5463 3583 5517 etiam
3621 5467 3721 5520 lib.

2125 5542 2169 5603 11
2194 5528 2391 5603 Dialog.
2426 5546 2475 5585 c.
2509 5532 2599 5599 58,
2633 5532 2875 5603 reliquias
2926 5549 3022 5603 pro
3051 5528 3371 5589 sanctuariis
3401 5543 3586 5602 aperte
3620 5552 3720 5590 ac-

2124 5600 2285 5675 cipit,
2322 5602 2371 5675 in
2416 5602 2607 5669 quibus
2644 5600 2789 5659 nulla
2834 5600 3070 5675 ipsorum
3115 5620 3402 5673 corporum
3436 5600 3722 5675 particula

2123 5672 2547 5748 continebatur:
2585 5677 2722 5748 unde
2749 5672 2869 5745 jure
2895 5678 3111 5748 collegit
3142 5672 3463 5734 Mttratorius
3492 5684 3633 5733 tom.
3669 5680 3723 5740 ll

2122 5742 2381 5798 Anccdot.
2412 5742 2583 5799 Latin.
2611 5742 2876 5816 disquisit.
2902 5747 2956 5803 in
2982 5742 3207 5809 indicem
3232 5757 3533 5805 sanctorum
3564 5763 3723 5805 tuar-

2123 5820 2294 5868 tvrum
2338 5830 2455 5878 pag.
2492 5817 2592 5873 196
2627 5835 2640 5873 :
2676 5817 2815 5874 Hinc
2854 5820 3122 5878 edocemur
3150 5821 3479 5877 reliquiarum
3507 5832 3713 5877 nomen
