3984 6306
230 302 332 363 531

788 296 1348 356 BALLERINIORUM
1388 292 1962 354 OBSERVATIONES
1999 294 2065 352 ΙΝ
2105 292 2407 353 DISSERT.
2452 294 2493 351 V
2532 294 2944 365 QUESNELLI.

230 437 335 475 non
370 417 619 474 cineribus
650 423 875 484 tantum,
902 419 991 474 sed
1017 419 1141 488 ipsis
1170 419 1322 473 etiam
1368 419 1515 473 rebus
1539 434 1653 488 quia
1680 433 1806 471 san—
1834 421 1884 478 Δ
1912 417 2119 473 ctiones
2149 416 2313 489 fuisse
2340 418 2444 472 nisi
2473 427 2782 485 auctoratus,
2811 434 2933 475 cum
2967 420 3148 489 plures
3176 418 3369 477 eodem
3397 434 3503 479 sa-

230 501 333 547 ctos
356 490 490 544 viros
513 504 744 544 eorumve
764 490 983 545 tumulos
1001 491 1304 561 attigissent,
1331 490 1576 544 tributum
1596 560 1601 561 γ
1621 489 1799 559 fuisse.

229 563 324 619 Sic
361 561 601 630 reliquias
646 568 753 614 tum
801 577 943 628 ossa,
973 560 1426 617 tum’sanctuaria
1468 560 1803 630 dicebantur.

230 633 399 704 Immo
427 628 521 701 per
552 631 931 704 hazcgtempora
961 634 1295 704 reliquiarum
1319 632 1564 697 nomine,
1597 628 1809 685 intactis

231 719 299 760 ex
330 702 570 774 Romana
600 702 754 771 hujus
782 701 953 758 anatis
974 701 1257 774 disciplina
1287 712 1593 759 sanctorum
1618 717 1810 769 corpo-

233 776 403 839 ribus,
427 773 541 827 sola
555 774 857 846 sauctruar‘ia
878 773 1331 846 intelligebantur.
1360 775 1481 829 llaac
1507 774 1665 845 igitur
1690 789 1812 828 san-

233 844 778 917 ctuaria_probahilius
801 843 1163 917 intelligenda:
1196 846 1446 900 videntur
1468 843 1573 900 illic
1606 852 1812 914 aposto-

235 916 403 969 lorum
427 914 586 980 Pctri,
619 913 772 969 Pauli
801 928 947 985 atque
972 913 1187 971 Andreas
1208 918 1459 987 reliquiw,
1490 918 1578 971 illa
1604 913 1811 987 sancto:

232 1004 349 1041 rum
388 988 697 1056 patrocinia,
758 1000 851 1041 seu
901 988 1233 1057 reliquiarum
1280 986 1488 1043 vascula
1528 988 1618 1041 sub
1660 986 1814 1041 altari

235 1057 457 1129 inclusa,
487 1057 554 1112 de
583 1057 776 1126 quibus
797 1057 848 1112 iit
881 1057 995 1112 Vita
1017 1059 1075 1115 S.
1106 1060 1341 1129 Eugendi
1373 1074 1423 1113 c.
1448 1060 1481 1113 9
1511 1074 1690 1113 sermo
1711 1065 1814 1120 est,

236 1137 296 1183 ut
324 1128 457 1182 nihil
488 1130 684 1183 exinde
714 1129 797 1183 vel
829 1139 1013 1185 contra
1044 1128 1343 1184 Romanam
1373 1129 1816 1184 consuetudinem

234 1200 320 1253 vel
356 1210 545 1265 praeter
576 1200 690 1269 ejus
711 1200 809 1255 aevi
843 1200 1166 1256 locutionem
1198 1201 1389 1255 deduci
1413 1200 1600 1269 possit.
1631 1198 1820 1265 Quoad

237 1284 453 1325 cursum
481 1268 797 1325 «auunicum
829 1272 988 1326 modo
1020 1288 1125 1326 non
1157 1272 1401 1325 dissimili
1435 1276 1598 1324 utitur
1628 1268 1820 1323 Fortu-

237 1351 395 1394 natus
424 1342 667 1408 ejusdem
711 1341 893 1395 saeculi
939 1344 1172 1410 scriptor
1218 1344 1270 1393 in
1318 1340 1435 1394 Vita
1482 1341 1539 1396 8.
1573 1338 1823 1395 Germani

236 1412 475 1481 episcopi
509 1412 852 1473 Parisiensis,
882 1411 1009 1466 dum
1034 1429 1242 1465 cursum
1272 1413 1564 1466 universum
1584 1428 1822 1464 consum-

236 1494 436 1536 matum
471 1482 649 1549 prodit
677 1498 741 1536 ea
768 1498 982 1536 canone.
1004 1482 1236 1553 Opponit
1257 1483 1575 1548 Quesnellus
1600 1482 1657 1553 8.
1690 1482 1824 1537 Gre-

235 1554 453 1623 gorium
493 1552 861 1607 Turoiieusem
903 1552 1253 1609 recentiorem
1294 1553 1469 1607 facere
1517 1554 1575 1609 S.
1626 1552 1821 1605 Ruina-

238 1622 372 1677 num
403 1638 563 1691 quam
598 1624 755 1690 hujus
802 1623 933 1677 Vitae
959 1636 1166 1679 auctor.
1198 1627 1268 1680 At
1296 1623 1425 1678 nihil
1468 1624 1517 1677 in
1549 1622 1683 1677 hanc
1708 1638 1821 1678 rem

286 1695 581 1748 robandatn
610 1696 820 1761 allegat,
851 1705 903 1747 et
926 1695 1058 1748 nihil
1085 1695 1296 1763 quidem
1322 1693 1497 1747 alIerri
1528 1707 1681 1761 posse
1711 1692 1822 1746 Til-

267 1766 537 1819 emontius
558 1765 805 1829 afﬁrmat,
836 1766 932 1817 nisi
960 1768 1183 1819 duorum
1208 1765 1629 1831 Chilpericorum
1652 1764 1818 1833 arqui-

244 1836 455 1890 vocatio
486 1838 658 1888 lucum
678 1836 848 1887 faciat.
876 1834 930 1888 ln
956 1835 1020 1889 iis
1047 1844 1223 1889 autem
1246 1835 1663 1901 narrationibus,
1697 1834 1819 1901 qui-

240 1905 346 1959 bus
379 1905 513 1959 alter
544 1905 612 1958 ab
642 1908 808 1958 altero
852 1906 1186 1958 nonnihiluin
1239 1905 1449 1958 videtur
1480 1906 1813 1973 discrepare,

238 1989 405 2045 nemo
438 1976 745 2042 posterioris
786 1976 884 2028 aevi
912 1975 1231 2044 Gregorium
1270 1976 1639 2030 Turonensem
1685 1991 1822 2045 prte-

235 2043 411 2116 l'eret,
457 2060 613 2114 quem
654 2062 759 2099 non
798 2046 849 2098 iit
893 2043 1143 2101 omnibus
1189 2061 1407 2116 prorsus
1447 2043 1697 2101 exactum
1741 2048 1819 2101 in-

233 2115 441 2170 venies.
477 2117 683 2195 tlmtera
714 2117 986 2181 Quesnelli
1028 2115 1235 2187 objecta
1278 2133 1398 2172 cum
1426 2118 1648 2173 exiliora
1679 2119 1817 2187 sint,

238 2200 598 2257 responsmne
626 2204 730 2240 non
762 2198 939 2257 egent.

306 2257 363 2311 8.
393 2256 620 2311 Tantum
654 2274 780 2312 vero
805 2259 956 2313 abest
984 2260 1035 2315 in
1066 2269 1233 2325 textu,
1283 2260 1370 2329 qui
1398 2258 1661 2314 Celidonii
1689 2276 1821 2316 cau-

230 2342 353 2383 sam
385 2329 614 2397 attingit,
636 2329 833 2397 aliquid
865 2331 1028 2385 autin
1060 2332 1236 2385 verbis
1269 2342 1359 2385 aut
1396 2332 1448 2384 in
1478 2331 1638 2385 rebus
1667 2332 1735 2385 ab
1761 2348 1822 2388 ea

229 2407 395 2471 mtate
442 2400 675 2453 alienum
709 2402 963 2468 reperiri,
1007 2402 1133 2471 quin
1172 2404 1347 2471 potius
1400 2417 1560 2457 voces
1608 2403 1824 2469 patricio

273 2470 658 2542 rte/“cetariqu
686 2471 849 2541 fultus
874 2470 1046 2541 fauore
1072 2470 1246 2528 eidem
1272 2472 1435 2526 textui
1459 2478 1675 2527 inserta:
1700 2488 1821 2528 cum

253 2542 512 2596 ocutione
540 2552 594 2596 et
635 2543 854 2596 historia
884 2544 1039 2612 hujus
1067 2543 1191 2598 facti
1224 2545 1457 2597 maxime
1502 2553 1819 2612 congruant,

230 2621 290 2685 et
315 2622 595 2667 auctorem
622 2614 697 2668 rei
727 2623 891 2683 gestae
932 2615 1174 2685 apprime
1217 2614 1533 2685 instructum
1566 2618 1818 2669 referant.

226 2682 457 2754 Armata
480 2685 623 2738 enim
648 2682 806 2739 manu
836 2682 1091 2740 llilarium
1118 2701 1272 2739 usum
1289 2694 1341 2740 et
1362 2684 1557 2739 Leonis
1572 2685 1818 2754 epistola,

229 2762 288 2825 et
323 2753 681 2810 Valentiniani
726 2754 943 2809 Novella
972 2767 1267 2822 testantur;
1319 2758 1533 2825 patricio
1565 2753 1694 2810 vero
1723 2757 1821 2811 ad-

221 2824 488 2893 jectivuin
510 2826 706 2881 iudicat
722 2826 932 2880 Aetium
950 2829 1231 2897 patricium
1254 2838 1307 2881 et
1322 2824 1596 2896 utriusque
1620 2826 1824 2882 militia:

230 2897 583 2965 magistrum;
618 2900 939 2968 prazfectorio
954 2914 1131 2953 autem
1152 2900 1325 2951 innuit
1350 2898 1657 2964 prirfectum
1688 2914 1824 2967 prino

228 2974 377 3020 torto
407 2968 699 3022 Galliarum
733 2968 933 3023 llilill'lo
963 2970 1231 3024 faventem
1260 2985 1272 3021 :
1298 2986 1415 3037 quae
1444 2968 1643 3035 duplex
1667 2984 1827 3023 accu-

230 3050 349 3090 rata
374 3037 692 3108 dignitatum
720 3043 919 3095 mentio
932 3041 1270 3095 necaLeone
1293 3055 1388 3093 nec
1408 3040 1475 3091 ab
1502 3040 1826 3106 imperatore

228 3110 533 3177 explicata,
587 3127 690 3165 non
743 3120 1116 3165 annotatorein
1152 3111 1463 3179 posterioris
1494 3108 1699 3176 aetatis,
1731 3108 1826 3165 sed

1916 490 2037 563 culo
2079 488 2375 563 prodierint
2418 489 2741 563 privatorum
2803 488 3078 547 hominum
3126 491 3326 546 studio.
3373 491 3493 563 ipsa

1913 559 2155 632 Dionysii
2178 559 2366 630 Exigui
2386 561 2629 616 collectio
2654 563 2757 617 hoc
2776 564 2974 619 saeculo
2996 565 3218 621 ineunte
3247 559 3493 631 privaiim

1912 631 2157 697 vulgata,
2206 633 2378 689 solum
2428 632 2594 687 multo
2639 642 2758 697 post
2815 636 3185 691 auctoritatem
3235 635 3491 691 obtinuit.

1912 700 2301 759 Collectionem
2350 702 2418 757 ab
2466 704 2582 771 ipso
2622 700 2911 769 Quesnello
2955 707 3191 773 editam,
3244 722 3350 761 non
3398 705 3501 760 Ro-

1917 790 2092 829 mana:
2123 774 2382 830 Ecclesia:
2400 774 2668 845 codicem,
2697 776 2790 829 sed
2814 778 2997 845 privati
3026 778 3289 834 Gallicani
3324 777 3499 831 homi-

1922 847 2005 899 nis
2045 862 2181 913 opus
2221 861 2343 901 esse
2389 845 2515 900 alibi
2563 844 3069 903 demonstrabimus.
3129 848 3267 915 Quid
3317 857 3498 902 autem

1915 915 2206 972 Gallicana:
2240 915 2579 989 collectionis
2628 917 3167 989 nomine_intelligat,
3211 919 3491 989 haudqua-

1917 1004 2079 1056 quam
2104 990 2344 1056 exponit.
2379 987 2565 1041 Plures
2606 986 2823 1054 quidem
2860 986 3015 1056 hujus
3045 986 3142 1044 sivi
3183 990 3334 1045 nobis
3372 986 3498 1043 sunt

1921 1069 2101 1125 notua,
2148 1075 2279 1128 quas
2330 1073 2454 1113 mox
2503 1056 2888 1119 indicabimus;
2943 1068 2999 1112 at
3046 1074 3229 1115 omnes
3287 1060 3498 1128 publica

1921 1131 2307 1198 approbatione
2322 1138 2528 1184 carent.
2553 1128 2707 1195 Quod
2724 1130 2766 1182 si
2782 1128 3042 1183 Gallicani
3067 1130 3263 1184 eodicis
3285 1132 3501 1188 nomine

1924 1200 2020 1255 has
2050 1200 2350 1256 Gallicanos
2381 1201 2614 1269 privatas
2640 1200 2988 1255 collectiones
3014 1201 3250 1269 accepit,
3283 1200 3500 1270 falsum,

1925 1272 2092 1325 immo
2117 1272 2457 1326 falsissimum
2479 1282 2577 1332 est,
2614 1270 2757 1323 nulla
2791 1270 3157 1325 Romanorum
3191 1272 3501 1338 pontificum

1928 1342 2148 1397 decreta
2180 1344 2229 1396 in
2268 1342 2330 1395 iis
2361 1342 2639 1397 contineri.
2674 1341 2789 1395 Non
2822 1342 2995 1396 solum
3023 1344 3165 1397 enim
3207 1343 3260 1394 in
3290 1341 3504 1410 antiqua

1925 1412 2197 1467 Gallicana
2224 1413 2559 1477 collectione,
2588 1428 2744 1481 quam
2768 1411 3095 1479 Quesnellus
3115 1412 3301 1475 edidit,
3326 1412 3508 1481 plures

1924 1484 2225 1539 decretales
2258 1483 2560 1551 pontilicum
2597 1484 3006 1548 describuntur,
3046 1498 3229 1539 verum
3259 1485 3420 1537 etiam
3453 1483 3506 1537 in

1926 1556 2301 1622 antiquissimo
2330 1554 2514 1607 codice
2540 1554 2872 1621 Corbeiensi,
2896 1569 3002 1622 quo
3020 1554 3160 1610 idem
3183 1552 3506 1621 Quesnellus

1924 1634 2005 1678 est
2037 1640 2194 1689 usus,
2225 1625 2421 1693 quique
2464 1624 2640 1693 Vigilii
2670 1633 2827 1679 aetate
2867 1625 3100 1695 scriptos
3122 1666 3136 1688 .
3170 1623 3504 1679 Gallicanam

1924 1696 2296 1750 collectionem
2324 1696 2624 1751 certissime
2653 1696 2893 1760 exhibet,
2923 1705 2978 1749 ut
3009 1696 3145 1751 idem
3185 1696 3506 1760 Quesnellus

1927 1765 2123 1820 fatetur
2148 1766 2366 1821 dissert.
2403 1766 2471 1820 l6
2490 1809 2504 1830 ,
2538 1782 2685 1821 num.
2714 1766 2747 1819 4
2768 1778 2822 1821 et
2852 1768 2937 1821 12.
2961 1766 3144 1822 Codex
3169 1768 3328 1820 etiam
3361 1765 3505 1819 Mor-

1852 1806 1899 1868 B
1929 1837 2172 1891 liacensis
2216 1853 2243 1888 a
2278 1809 2520 1901 pluribus
2547 1837 2817 1902 laudatus,
2863 1837 3107 1907 aliusque
3138 1837 3274 1907 huic
3316 1835 3507 1891 similis

1930 1908 2491 1963 Vaticano-Palatinus
2537 1910 2681 1974 574.
2733 1910 2783 1962 in
2834 1906 3029 1977 quibus
3065 1906 3312 1977 collectio
3360 1920 3508 1962 mere

1924 1979 2199 2033 Gallicana
2229 1978 2481 2041 habetur,
2514 1988 2567 2033 et
2600 1976 2946 2048 perantiquus
2979 1978 3146 2033 codex
3178 1976 3506 2033 Veronensis

1924 2050 1993 2104 59
2013 2091 2028 2114 ,
2068 2050 2156 2119 qui
2203 2048 2655 2104 abbreviationem
2684 2048 3019 2103 collectionis
3057 2048 3347 2104 Gallicanae
3366 2062 3509 2117 prae-

1926 2119 2061 2189 fert,
2107 2135 2213 2175 non
2247 2135 2439 2185 paucas
2479 2122 2773 2175 decretales
2810 2128 3214 2185 repraesentant.
3248 2120 3392 2174 Idem
3423 2126 3510 2175 est

1925 2192 1992 2245 de
2021 2191 2218 2245 celebri
2242 2191 2553 2246 Golbertino
2580 2191 2765 2246 codice
2794 2190 3123 2256 Fossatensi,
3158 2190 3246 2260 qui
3269 2190 3394 2244 item
3423 2196 3510 2245 est

1926 2262 2253 2316 Gallicanos.
2278 2262 2492 2315 Fatetur
2513 2262 2831 2329 Quesiiellus
2855 2262 2963 2315 hac
2987 2261 3189 2317 decreta
3212 2260 3509 2331 (Romano-

1927 2348 2043 2386 rum
2070 2332 2405 2401 pontificum)
2443 2335 2615 2401 magni
2639 2334 2835 2401 fecisse,
2868 2344 2915 2386 et
2967 2350 3059 2399 pro
3086 2334 3208 2385 data
3243 2333 3509 2385 occasione

1932 2420 2206 2469 usurpasse
2230 2405 2283 2456 in
2302 2406 2408 2457 suis
2439 2405 2667 2457 conciliis
2697 2404 2984 2458 Galliarum
3012 2405 3281 2459 antistites.
3300 2402 3413 2458 Nisi
3442 2415 3508 2457 ea

1926 2476 2126 2539 omnia,
2152 2476 2293 2543 quod
2322 2474 2632 2529 incredibile
2661 2483 2762 2537 est,
2795 2483 3040 2529 tenerent
3070 2484 3273 2529 tantunt
3304 2487 3510 2528 inemo—

1926 2547 2076 2611 riter,
2105 2545 2283 2615 utique
2307 2562 2369 2600 ex
2402 2546 2675 2600 codicibus
2696 2546 2816 2601 data
2849 2546 3135 2601 occasione
3161 2545 3502 2615 repetebant.

1926 2616 2100 2680 ipsum
2146 2619 2203 2670 8.
2257 2617 2517 2671 llilarium
2560 2617 2613 2671 in
2662 2616 2930 2672 Celidonii
2970 2632 3131 2671 causa
3174 2628 3509 2671 summorum

1927 2690 2233 2755 pentilicum
2263 2688 2452 2743 litteris
2481 2704 2632 2742 usum
2664 2689 2861 2743 indicat
2886 2698 3072 2743 auctor
3104 2688 3236 2742 Vita:
3256 2703 3376 2756 cap.
3410 2686 3503 2752 ιϐ,

1928 2759 2015 2812 ubi
2044 2760 2256 2827 nuptias
2291 2774 2411 2813 cum
2443 2760 2597 2813 vidua
2639 2775 2825 2814 arcere
2859 2775 2889 2814 a
2919 2760 3062 2814 clero
3093 2758 3274 2823 tradit,
3308 2756 3509 2828 quippe

1927 2829 1978 2881 id
2021 2831 2316 2897 apostolij
2355 2829 2489 2883 sedis
2519 2832 2799 2884 auctoritas
2848 2840 2892 2884 et
2937 2844 3191 2884 canonum
3234 2829 3508 2896 prohibent

1926 2910 2136 2955 statuta.
2172 2900 2275 2954 Sed
2308 2902 2432 2970 quid
2459 2901 2695 2966 pluribus
2724 2901 3059 2965 laboramus,
3091 2901 3136 2952 si
3166 2898 3303 2953 idem
3331 2900 3505 2963 Ques-

1930 2971 2105 3024 nellus
2136 2972 2323 3023 melius
2361 2976 2602 3024 Iortassis
2645 2971 2899 3033 edoctus,
2922 2984 3043 3022 cum
3073 2970 3507 3023 dissertatiouem

1931 3040 1997 3093 lii
2024 3040 2261 3108 scripsit,
2297 3057 2443 3093 num.
2484 3040 2518 3092 4
2539 3050 2593 3093 et
2636 3039 2715 3099 12.
2744 3039 2943 3092 diserte
2967 3038 3155 3106 probat
3179 3037 3504 3108 codicesca-

1931 3104 2147 3163 ιιοιιιιιιι⁷
2178 3110 2314 3176 apud
2343 3110 2645 3164 Gallicanos
2675 3110 2804 3162 olim
2838 3104 2997 3162 fuisse
3022 3109 3185 3163 etiam
3222 3115 3347 3161 ante
3374 3104 3505 3176 Dio-

230 3174 696 3252 hoiniiiem'907
732 3183 891 3236 rebus
914 3184 1079 3251 gestis
1104 3174 1360 3243 vicinum,
1388 3192 1441 3233 et
1470 3174 1697 3252 ex_a|iis
1730 3196 1823 3248 pe-
1852 3188 1898 3250 ρ
1931 3183 2167 3251 uysium,
2199 3174 2288 3249 qui
2322 3181 2401 3252 de;
2424 3179 2617 3234 retales
2642 3178 2896 3252 epistolas
2933 3191 3265 3252 summorum
3297 3174 3512 3245 pontiﬁa

229 3252 525 3306 culiarihus
548 3248 1019 3308 monumentis—vel
1045 3253 1272 3307 testibus
1296 3253 1461 3318 probe
1485 3248 1825 3307 informatum

229 3322 475 3395 exhibet.
502 3322 622 3395 Fuit
652 3326 795 3379 enim
826 3324 912 3377 hic
954 3337 1256 3395 anonyinus
1290 3322 1422 3395 Vita;
1450 3329 1638 3377 auctor
1666 3323 1827 3377 disci-

230 3393 398 3463 pulus
418 3394 476 3450 8.
509 3394 773 3464 Eugendi,
808 3397 895 3463 qui
921 3411 949 3449 a
973 3396 1033 3451 8.
1066 3393 1310 3449 Romano
1340 3393 1416 3447 rei
1445 3401 1610 3462 gesta:
1642 3407 1827 3450 coaevo

232 3464 518 3527 educatus,
543 3467 611 3519 ab
640 3466 828 3521 eodem
855 3465 1119 3521 Celidonii
1149 3466 1343 3519 factum
1377 3465 1584 3529 audire,
1614 3474 1667 3518 et
1695 3480 1827 3519 ano-

229 3550 410 3608 nymo
444 3536 709 3607 discipulo
758 3536 970 3592 tradere
1014 3536 1215 3608 potuit;
1253 3536 1393 3590 unde
1433 3533 1593 3603 hujus
1627 3546 1822 3608 aucto-

233 3606 370 3661 ritas
401 3607 454 3661 in
489 3606 595 3663 hac
627 3610 740 3678 ipsa
764 3608 831 3664 de
852 3606 1132 3663 Gelidonio
1160 3608 1468 3664 narratione
1496 3606 1715 3661 maximi
1745 3607 1825 3663 la-

228 3678 424 3732 cienda
454 3687 557 3733 est.

306 3751 362 3804 9.
399 3752 699 3819 Antequam
733 3749 854 3804 linis
894 3750 1016 3804 huic
1044 3748 1204 3816 capiti
1254 3750 1581 3819 imponatur,
1630 3758 1817 3807 notare

231 3820 367 3875 libet
395 3820 540 3890 aliud
571 3821 839 3889 objectum
873 3822 1225 3876 leviusculum
1270 3821 1486 3890 quidem
1518 3835 1611 3889 per
1661 3836 1781 3877 sese
1802 3863 1818 3889 ,

230 3906 294 3945 ac
328 3889 563 3946 refutatu
594 3889 1352 3956 facillimum,atmultisfalSis
1376 3892 1697 3960 praejudiciis
1726 3908 1820 3947 ve-

229 3965 443 4033 stitum,
462 3978 583 4033 quas
609 3979 673 4017 ne
699 3964 784 4017 cui
817 3964 993 4017 fucum
1018 3962 1277 4033 facerent,
1304 3961 1688 4033 dissimulanda
1712 3979 1821 4018 non

231 4032 744 4088 fuerant.'Censura
770 4034 988 4103 dignum
1007 4042 1061 4089 et
1090 4032 1279 4089 falsum
1301 4032 1822 4099 traduxitQuesnel-

231 4107 313 4159 lus
348 4121 403 4158 n.
434 4105 490 4167 5,
510 4106 653 4173 quod
682 4104 882 4159 Leonis
906 4105 1129 4174 epistola
1160 4106 1418 4160 adversus
1465 4104 1721 4158 Hilarium
1753 4105 1822 4160 ab

230 4184 456 4231 auctore
487 4176 620 4231 Vita:
660 4176 866 4231 dicatur
897 4178 1087 4231 inserta
1118 4176 1414 4241 cauonibus,
1442 4175 1543 4229 hoc
1569 4185 1651 4228 est
1672 4190 1823 4231 cano-

232 4264 357 4300 num
386 4246 574 4312 codici,
602 4258 655 4301 ut
700 4249 1021 4317 interpretari
1048 4246 1182 4300 licet.
1230 4245 1363 4300 Tres
1404 4256 1581 4300 autem
1616 4253 1821 4317 tantum

233 4327 504 4372 memorat
530 4320 763 4384 codices,
801 4316 895 4373 seu
925 4318 1271 4374 collectiones
1292 4332 1580 4379 canonum,
1623 4316 1674 4369 in
1705 4318 1822 4384 qui-

234 4390 331 4443 bus
367 4390 453 4442 illa
479 4405 585 4444 non
607 4392 891 4458 reperitur.
926 4391 993 4444 At
1023 4387 1286 4456 imprimis
1329 4401 1389 4440 ea
1420 4385 1645 4458 epistola
1674 4385 1819 4458 inve-

234 4460 336 4531 niri
363 4460 537 4529 potuit
570 4462 622 4516 in
651 4456 954 4531 particulari
978 4460 1291 4515 collectione
1315 4459 1541 4531 alicujus
1567 4456 1819 4531 Ecclesia:

236 4530 562 4586 Viennensis
613 4528 898 4601 proviiiciie
927 4574 940 4596 ,
984 4541 1076 4586 aut
1105 4533 1157 4585 iit
1201 4532 1378 4599 aliquo
1424 4528 1608 4583 codice
1653 4528 1821 4601 ipsius

237 4599 680 4658 VesontionenSis
718 4602 974 4659 Ecclesiae
997 4645 1010 4668 ,
1059 4604 1121 4655 ad
1153 4618 1308 4672 quam
1344 4615 1447 4655 non
1497 4601 1672 4653 minus
1701 4599 1816 4666 ipsa

234 4674 463 4742 epistola
487 4690 646 4743 quam
686 4675 927 4730 Jurensis
955 4678 1249 4728 monachus
1280 4672 1411 4727 Vita:
1443 4678 1630 4743 auctor
1655 4674 1817 4743 perti-

233 4741 434 4811 nebat;
467 4741 672 4815 aliquot
700 4748 839 4815 enim
886 4745 1136 4815 Ecclesiis
1176 4760 1302 4798 suas
1334 4742 1629 4815 peculiares
1650 4741 1815 4815 colle-

230 4817 443 4870 ctiones
476 4812 642 4871 fuisse
672 4832 737 4871 ex
766 4814 964 4871 celebri
1000 4814 1299 4871 Arelatensi
1329 4813 1512 4869 codice
1544 4812 1727 4881 liquet,
1762 4814 1813 4869 in

228 4902 334 4955 quo
375 4889 496 4942 solo
554 4888 733 4956 plures
784 4888 1081 4941 decretales
1113 4902 1207 4953 pro
1251 4886 1483 4956 Ecclesia
1516 4883 1815 4940 Arelatensi

228 4959 369 5012 data:
392 4955 760 5013 continentur.
810 4958 949 5025 Quid
993 4958 1188 5027 porro?
1235 4957 1398 5011 Error
1442 4955 1716 5022 Quesnelli
1764 4957 1811 5010 ei

229 5029 524 5099 liypouiesi
571 5030 787 5097 nititur,
821 5046 925 5099 qua
962 5031 1131 5083 nullas
1160 5028 1515 5099 eullectiones
1534 5035 1687 5099 sexto
1714 5040 1815 5079 sae-

226 5095 351 5155 culo
392 5102 667 5155 exstitisse
703 5095 974 5155 existimat
1003 5101 1102 5154 nisi
1147 5108 1435 5153 auctoratus
1457 5138 1470 5161 ,
1503 5095 1554 5149 id
1586 5105 1688 5161 est,
1721 5112 1816 5164 pu-

226 5170 365 5225 blica
398 5173 722 5225 anetoritate
748 5173 941 5236 editas,
966 5186 1084 5240 quae
1115 5185 1209 5238 pro
1239 5171 1353 5238 lege
1380 5168 1809 5240 susciperentur:

224 5243 280 5294 id
308 5244 453 5296 enim
487 5244 714 5296 iniiuuut
736 5242 824 5296 illa
860 5264 872 5297 ;
904 5237 1031 5296 Cum
1067 5237 1221 5295 nulla:
1247 5237 1362 5293 tunc
1401 5249 1679 5295 auctorata:
1707 5237 1813 5291 col-

224 5312 473 5365 lectiones
497 5318 784 5377 existerent,
818 5313 997 5382 quibus
1026 5314 1214 5366 inserta
1243 5322 1367 5365 esset
1392 5310 1600 5363 laudata
1633 5308 1813 5363 Leonis

219 5384 466 5451 cpistola.
495 5384 627 5438 Tres
656 5395 831 5438 autem
867 5384 1229 5437 tantummodo
1268 5382 1422 5449 hujus
1451 5382 1665 5450 generis
1695 5382 1808 5436 col-

222 5454 496 5510 lectiones
521 5470 580 5509 se
605 5470 928 5524 cognoscere
957 5455 1203 5511 affirmat.
1228 5454 1371 5507 illam
1403 5453 1614 5524 scilicet
1631 5453 1726 5524 alis
1751 5467 1811 5508 se

218 5527 428 5580 editam
452 5542 515 5579 ac
540 5523 705 5581 Leoni
748 5527 1027 5590 tributam,
1061 5524 1462 5594 Dionysianam,
1494 5533 1549 5577 et
1584 5523 1812 5579 Gallica-

218 5611 383 5666 nam,
438 5599 492 5651 in
540 5599 733 5666 quibus
774 5610 1007 5663 praesens
1052 5595 1276 5663 epistola
1324 5594 1544 5648 minime
1595 5594 1805 5663 legitur.

215 5665 570 5722 Gallicanum
614 5678 788 5720 autem
844 5668 1081 5721 codicem
1138 5680 1401 5718 canonum
1455 5679 1625 5733 neque
1675 5666 1812 5720 hanc

214 5738 541 5805 epistolam,
576 5754 673 5793 nec
704 5738 838 5793 ullas
863 5739 993 5792 alias
1015 5736 1311 5792 decretales
1331 5736 1660 5805 continuisse
1686 5748 1811 5805 pro-

212 5803 473 5877 nuntiata
491 5809 706 5867 Falsum
728 5810 900 5876 primo
926 5818 1009 5867 est
1037 5815 1187 5870 sexto
1216 5805 1413 5866 saeculo
1450 5803 1625 5862 nullas
1645 5803 1809 5862 colle-
1864 5868 1865 5871 η

1846 4564 1901 4625 Ι)

1931 3247 2052 3306 cum
2070 3247 2361 3305 canoi'iihus
2388 3249 2616 3305 insertas
2637 3250 3006 3305 continerent?
3041 3247 3203 3303 Forte
3228 3262 3355 3303 vero
3380 3260 3504 3301 cum

1929 3323 1973 3375 is
2004 3322 2267 3392 ejusmodi
2310 3320 2549 3377 codicom
2598 3321 2650 3375 iit
2690 3322 2963 3392 praemissa
2995 3318 3370 3392 dissertatione
3410 3332 3504 3373 ue-

1926 3390 2108 3463 gavit,
2164 3394 2405 3447 codicem
2466 3400 2789 3446 auctoratum
2829 3391 3039 3461 publica
3106 3390 3505 3448 Gallicanorum

1927 3462 2223 3519 antistitum
2255 3464 2571 3518 anetoritate
2613 3464 2888 3531 probatum
2920 3462 3013 3531 (de
3052 3476 3159 3533 quo
3204 3472 3381 3517 tamen
3413 3475 3504 3516 au-

1925 3546 2040 3591 ctor
2088 3534 2223 3589 Vitae
2259 3534 2317 3591 S.
2352 3535 2578 3589 Romani
2620 3550 2725 3589 non
2768 3535 3021 3605 loquitur)
3054 3533 3355 3597 intellexit,
3405 3546 3505 3588 nec

1928 3617 2104 3661 tamen
2136 3608 2361 3661 inliciari
2410 3607 2578 3660 voluit
2604 3622 2697 3661 eas
2725 3606 2792 3661 ab
2816 3606 2935 3661 aliis
2972 3606 3195 3677 privatis
3236 3618 3503 3677 canonum

1924 3678 2203 3733 codicibus
2249 3676 2507 3733 abfuisse.
2566 3678 2855 3733 Enimvero
2907 3673 3029 3731 cuin
3078 3677 3259 3747 plures
3308 3673 3501 3747 privati

1923 3750 2187 3818 ejusmodi
2212 3749 2426 3804 codices
2458 3751 2789 3812 exstiti-rint,
2820 3749 2871 3803 in
2899 3744 3177 3818 aliquo'ex
3204 3746 3287 3801 his
3310 3744 3501 3814 negari
3576 3803 3586 3813 ,

1926 3817 2108 3889 nequit
2149 3823 2347 3874 inserta
2389 3821 2673 3875 decretalis
2706 3819 2901 3875 Leonis
2936 3817 3496 3889 inCclidoniicausa.

1924 3886 2241 3958 Quesnellus
2271 3892 2485 3959 quidem
2528 3893 2579 3945 in
2619 3891 2832 3945 laudata
2865 3889 3243 3959 dissertatione
3282 3886 3355 3959 jG
3392 3900 3497 3940 non

1924 3957 2221 4023 inliciatur;
2248 3957 2375 4027 quin
2399 3978 2462 4014 ex
2490 3962 2718 4015 concilio
2738 3959 3108 4015 Aurelianensi
3132 3973 3188 4011 ιιι
3208 3957 3372 4026 909
3402 3972 3491 4027 an.

1925 4031 2049 4097 558,
2082 4034 2168 4085 tibi
2196 4026 2316 4085 can.
2362 4034 2527 4097 3ipsa
2571 4032 2763 4085 Leonis
2805 4030 2967 4084 verba
3005 4044 3075 4083 ex
3105 4042 3224 4094 cap.
3270 4028 3303 4079 5
3340 4026 3498 4091 hujus

1924 4103 2164 4171 epistola:
2186 4102 2452 4171 exscripta
2487 4103 2751 4170 leguntur,
2780 4100 2915 4152 hanc
2932 4097 3184 4171 incedice
3209 4104 3326 4148 tunc
3349 4110 3497 4171 usur-

1924 4163 2043 4243 pato
2075 4187 2162 4243 per
2190 4163 2409 4243 Gallias
2440 4163 2884 4243 fuisieinsertam
2917 4167 3135 4243 colligit.
3168 4165 3335 4243 immo
3361 4163 3496 4243 adeo

1926 4232 2007 4295 itis
2030 4232 2302 4295 codicibus
2327 4242 2525 4294 inserta
2558 4240 2671 4303 fuit,
2706 4248 2761 4291 ot
2790 4252 2859 4291 ex
2890 4237 3018 4311 solis
3046 4232 3177 4311 inss.
3225 4232 3500 4311 collectio-

1925 4314 2081 4384 nibus
2107 4310 2486 4384 Gallicanisad
2510 4325 2607 4364 nos
2633 4308 2964 4384 pervenerit;
2992 4306 3255 4384 invenitur
3272 4302 3417 4384 enim
3444 4302 3499 4356 in

1924 4383 2054 4436 solis
2097 4380 2494 4449 exemplaribus
2550 4372 2937 4450 antiquissima:
2981 4372 3495 4450 collectio_ni_s_Cor-

1926 4453 2190 4519 beiensis,
2215 4444 2698 4526 _collecti_oneni
2727 4450 2793 4505 12
2821 4464 2883 4526 ac
2916 4450 2984 4503 24
3010 4490 3023 4512 ,
3044 4463 3173 4526 “qua:
3204 4444 3500 4526 Gallicana

1925 4534 2069 4589 sunt,
2103 4532 2158 4578 ut
2180 4518 2304 4577 alibi
2336 4522 2704 4577 ostendimus:
2736 4520 2879 4576 unde
2905 4531 3011 4575 tota
3034 4518 3305 4587 Quesuelli
3335 4518 3501 4572 ratio-

1923 4595 2122 4649 cinatio
2165 4594 2231 4648 ad
2263 4592 2531 4648 laudatum
2583 4591 2945 4649 testimonium
2992 4589 3339 4646 refellendum
3373 4589 3497 4644 iuu-

1928 4667 2032 4721 tilis
2057 4672 2159 4720 est.
2194 4664 2470 4721 Vindicata
2501 4666 2655 4735 igitur
2681 4663 3088 4719 autlteitticitate
3109 4671 3162 4718 et
3181 4660 3499 4735 auctoritate

1924 4738 2248 4793 narrationis
2277 4736 2343 4790 ad
2375 4752 2487 4791 rem
2516 4730 2754 4791 nostram
2788 4736 3121 4806 pertinentis,
3159 4749 3276 4804 qua:
3304 4730 3499 4801 legitur

1923 4808 1974 4863 in
2011 4809 2127 4863 Vita
2142 4808 2200 4865 S.
2225 4807 2472 4871 Romani,
2494 4803 2845 4877 episcopalem
2866 4803 3125 4861 Celidonii
3146 4805 3351 4869 sedem,
3377 4816 3498 4869 qua

1922 4896 1983 4934 ex
2010 4881 2110 4934 hac
2142 4880 2259 4933 Vita
2289 4881 2515 4945 eruitur,
2543 4879 2791 4933 disertius
2820 4887 3135 4931 statuamus.

1992 4953 2119 5023 Car.
2140 4950 2201 5005 ll.
2220 4943 2506 5023 Celidonus
2521 4948 2837 5023 l’esontionis
2863 4943 3497 5023 episcqpusﬂconstiluit‘ur.

1924 5024 2048 5077 -—l.
2074 5022 2342 5087 Quantum
2366 5021 2577 5093 intersit
2598 5011 2921 5093 cognoscere
2944 5011 3370 5093 cujus-ﬂectesiie
3396 5011 3499 5093 Ge-

1926 5083 2157 5148 lidouius
2186 5094 2468 5161 episcopus
2492 5083 2813 5157 fuerit,"ipsa
2841 5083 3111 5162 Quesnelli
3134 5084 3300 5138 fusior
3322 5083 3373 5135 in

1921 5152 2668 5238 disputatio-satisdeclarat.
2694 5152 2827 5215 Cum
2855 5152 3065 5238 cuiatis
3089 5162 3376 5235 praesumat
3406 5152 3499 5238 lli:

1924 5223 2112 5290 larium
2146 5234 2285 5288 haud
2325 5234 2485 5305 facile
2518 5247 2673 5301 posse
2710 5230 2953 5305 excusari
2985 5226 3028 5280 si
3057 5223 3366 5305 episcopum
3390 5223 3497 5303 sibi

1924 5323 2031 5361 non
2072 5306 2340 5359 subditum
2374 5295 2636 5377 judicjivit
2670 5311 2828 5377 atque
2863 5295 3499 5377 deposuit,_Celid0ttiuin

1923 5392 2030 5433 non
2062 5367 2469 5431 Vesontionensi
2504 5367 2760 5428 Ecclesqu
2789 5380 2939 5425 extra
2960 5369 3047 5436 jus
3070 5367 3496 5436 Hilariipositze,

1924 5459 1981 5502 ιιι
2003 5457 2121 5519 post
2138 5449 2338 5501 editum
2373 5445 2734 5520 testimonium
2763 5435 3030 5520 exVitaS.
3049 5435 3279 5520 Bom‘ani
3306 5449 3498 5517 omnes

1919 5508 2332 5583 consenserunt,
2372 5516 2467 5572 sed
2501 5515 2659 5569 alicui
2690 5512 2802 5567 sedi
2840 5510 3127 5583 provincia}
3176 5508 3499 5583 Viennensis

1918 5590 2215 5661 praefuisse,
2250 5579 2432 5645 multis
2473 5586 2700 5661 probare
2727 5579 3497 5661 contenditz'liinc‘laudatam

1920 5650 1979 5717 8.
2006 5650 2228 5717 Romani
2260 5662 2455 5723 Vitam,
2474 5650 2597 5725 quae
2620 5655 2983 5725 episcopatum
3003 5650 3496 5725 Vesontioneitsent

1920 5732 2093 5787 eidem
2126 5719 2613 5801 expressegtribuit,
2639 5719 2730 5778 aut
2756 5719 3172 5801 supposititiaitt,
3194 5728 3285 5801 aut
3305 5719 3496 5775 saltent

1920 5790 2293 5872 interpolat'am
2324 5799 2559 5873 primum
2589 5790 2897 5863 distendere,
2935 5801 2987 5850 et
3016 5790 3496 5849 Vesontionemetn
