3984 6306
302 292 413 359 ΜΒ

864 297 1429 360 ΒΑιιευιΝιουυΜ
1468 292 2045 359 OBSERVATIONES
2080 297 2149 357 IN
2185 296 2497 360 DISSER'I‘.
2541 298 2582 361 ν
2619 299 3033 373 QUESNELLI.

3464 312 3569 373 διε

308 419 386 473 vel
413 417 601 495 saltem
631 419 1034 495 prtesumenda;
1077 422 1241 495 immo
1279 418 1407 495 illud
1438 418 1789 495 princip-ium,
1816 432 1881 473 ex
1910 420 1963 483 Α
1991 415 2211 495 laudatis
2233 419 2513 495 capitibus,
2546 420 2785 476 nimirum
2814 425 2894 478 uel
2922 421 3290 478 consuetudine
3313 439 3433 495 qua
3469 444 3570 484 non

231 511 234 513 λ
307 506 411 559 ψιο
434 490 689 556 judicium
723 494 820 548 liac
847 494 901 547 in
926 492 1222 563 quastione
1249 491 1480 547 maxime
1513 490 1742 561 pendet,
1769 503 1887 545 om-

308 578 434 615 nuto
467 564 740 630 prieteriit.

376 632 430 685 2.
465 632 645 688 Tribus
673 651 739 690 ex
757 636 1008 705 capitibus
1034 635 1375 692 ecclesiastica
1406 633 1703 707 jurisdictio
1729 633 1888 707 statui

309 716 488 831 potest,
519 720 581 759 ea:
608 708 991 773 consuetudine,
1015 724 1078 763 ex
1102 712 1226 780 jure
1255 706 1503 761 canonico
1530 715 1576 758 et
1605 720 1670 758 ea:
1694 706 1884 758 divino.

341 775 616 831 urisdictio
665 780 1024 831 ecclesiastica
1077 795 1142 831 ex
1192 780 1445 831 diuturna
1500 775 1884 831 consuetudine

341 775 616 831 urisdictio
665 780 1024 835 ecclesiastico
1077 775 1142 835 e'it
1192 780 1445 832 diuturna
1500 775 1888 833 consuetudine

311 848 597 915 probatur,
636 864 741 904 non
771 849 912 919 quod
942 849 1275 905 consuetudo
1299 850 1391 904 det
1420 864 1515 918 per
1540 862 1599 903 se
1636 849 1724 915 jus
1745 886 1761 919 ,
1794 846 1887 901 sed

312 922 431 990 quia
470 919 553 973 vel
584 918 801 975 titulum’
822 922 1049 989 aliquem
1094 922 1369 990 praesumit
1411 918 1768 990 ecclesiastici
1800 925 1893 990 aut

311 989 474 1043 divini
498 991 660 1059 juris,
686 1008 792 1061 quo
814 988 1117 1060 iurisdictio
1139 993 1345 1062 jamdiu
1372 992 1565 1044 collata
1596 988 1783 1062 fuerit;
1810 989 1892 1062 vel

312 1076 499 1125 quovis
522 1063 677 1116 titulo
697 1059 765 1116 ab
791 1059 941 1116 initio
966 1059 1252 1119 deﬁciente
1272 1105 1285 1123 .
1326 1075 1486 1116 cursu
1526 1059 1789 1127 temporis
1812 1060 1896 1126 ju-

312 1131 551 1185 risdictio
593 1134 849 1200 probatur
875 1138 1035 1206 921
1068 1135 1330 1202 acquisita
1372 1133 1491 1206 sive
1516 1148 1584 1186 ex
1624 1145 1898 1206 consensu

313 1215 499 1256 eorum
529 1220 757 1271 quorum
792 1200 1035 1267 ἰυιᾶἇί
1059 1200 1173 1259 sive
1201 1220 1266 1257 ex
1296 1206 1405 1272 ipsa
1436 1200 1786 1270 dispositione
1810 1204 1897 1269 ju-

313 1275 412 1338 ris,
443 1282 501 1327 ut
527 1275 579 1329 iii
607 1276 1103 1343 prmscriptionibus
1127 1274 1340 1329 accidit.
1374 1273 1508 1327 Hinc
1544 1274 1753 1343 antiqua
1784 1288 1900 1325 con-

314 1345 537 1415 suetudo
562 1362 659 1415 pro
685 1348 805 1409 iure
836 1342 1179 1399 Alexandrini
1208 1346 1534 1415 episeopiiin
1576 1342 1862 1415 Egyptum
1883 1382 1897 1408 ,

315 1413 642 1486 Libyam’et
688 1416 1024 1484 Pentapolim
1064 1417 1293 1481 allegata
1332 1416 1385 1468 in
1430 1414 1647 1467 Nicasno
1677 1413 1903 1486 concilio

317 1485 443 1541 can.
476 1487 533 1552 6,
558 1487 990 1555 jurisdictionem
1019 1488 1133 1555 ejus
1165 1487 1402 1553 probavit
1430 1526 1444 1549 ,
1476 1500 1595 1553 quae
1631 1486 1682 1537 in
1714 1485 1900 1538 eodem

320 1558 556 1611 concilio
582 1557 792 1612 ﬁrmata
835 1560 964 1621 luit;
998 1559 1294 1625 eodemque
1320 1571 1480 1610 sensu
1516 1555 1769 1623 episcopo
1796 1559 1904 1608 An-

329 1626 582 1682 tiocheno
610 1638 665 1683 et
708 1631 917 1683 czeteris
950 1624 1371 1697 inetrOpolitanis
1415 1640 1509 1697 sua
1539 1624 1810 1697 privilegia
1840 1638 1903 1679 ac

323 1697 477 1767 jura.
523 1713 644 1767 quae
671 1698 1057 1754 consuetudine
1087 1694 1429 1767 nitebantur,
1454 1694 1705 1767 similiter
1749 1696 1900 1751 luere

327 1764 664 1823 conﬁrmata.
692 1769 823 1824 Jure
848 1770 1105 1857 canonico
1132 1768 1381 1850 statuitur
1412 1764 1747 1857 jurisdictio,
1776 1780 1897 1857 cultu
1930 1796 1976 1857 Β

326 1853 426 1907 per
454 1854 686 1894 canones
724 1855 820 1893 seu
864 1839 1161 1892 decretales
1186 1838 1414 1904 cuipiam
1446 1838 1637 1891 U‘lblﬂ'l
1668 1838 1900 1891 ostendi-

326 1918 435 1973 tur,
464 1910 509 1963 si
539 1923 601 1964 ea
628 1912 732 1963 alio
764 1908 1050 1977 potentiori
1082 1911 1204 1977 jure
1246 1909 1494 1978 abrogata
1516 1948 1531 1974 ,
1572 1908 1655 1962 vel
1688 1908 1897 1963 dissue-

324 1979 512 2032 tudiiie
538 1990 629 2033 aut
651 1983 826 2049 potius
850 1979 1238 2033 consuetudine
1282 1979 1507 2032 aliorum
1551 1980 1819 2033 contraria
1850 1980 1899 2033 ei

320 2050 693 2119 praescriptum
732 2065 837 2106 non
876 2057 963 2104 sit.
996 2049 1232 2104 Tandem
1259 2050 1381 2118 jure
1410 2050 1591 2103 divino
1618 2050 1899 2105 Constitui-

320 2129 412 2191 tur
437 2121 759 2191 jurisdictio,
788 2136 909 2175 cum
938 2120 1097 2176 alicui
1128 2122 1196 2175 ab
1222 2122 1337 2187 ipso
1369 2121 1479 2175 Deo
1498 2122 1691 2175 collata
1720 2133 1901 2176 osten-

321 2190 489 2255 ditur,
519 2207 636 2261 qua:
666 2202 844 2248 tamen
876 2192 1021 2247 nulla
1054 2192 1352 2261 cujusptam
1392 2194 1637 2261 opposita
1675 2207 1900 2248 consue-

320 2262 510 2333 tudine
533 2264 994 2333 praescribi,nullo
1021 2264 1255 2318 humano
1274 2265 1394 2331 jure
1415 2263 1663 2333 abrogari
1692 2274 1899 2333 potest;

317 2332 465 2388 sicut
488 2332 660 2403 ipsum
682 2333 922 2390 divinum
947 2336 1035 2405 jus
1061 2377 1077 2403 ,
1105 2350 1211 2404 quo
1251 2334 1347 2387 luit
1377 2332 1598 2400 collata,
1638 2332 1767 2389 nulli
1801 2336 1902 2388 bu-

319 2418 501 2458 manze
538 2408 931 2474 praescriptioni
968 2418 1056 2460 aut
1092 2405 1423 2474 abrogationi
1466 2408 1667 2459 subest.
1715 2405 1903 2460 Solum

318 2476 369 2529 si
399 2476 583 2530 divino
606 2479 727 2546 jure
757 2478 934 2531 nullus
971 2476 1070 2531 fuit
1094 2477 1269 2530 eidem
1302 2476 1658 2543 jurisdictioni
1689 2479 1902 2547 prarsti-

318 2551 475 2617 tutus
499 2549 671 2612 limes,
700 2558 878 2617 potest
906 2548 987 2602 vel
1014 2547 1401 2601 consuetudine
1434 2547 1514 2600 vel
1538 2547 1903 2602 ecclesiaSIico

312 2614 459 2685 jure‘
486 2614 798 2674 exercitium
830 2618 946 2689 ejus
974 2618 1137 2673 certis
1179 2618 1372 2671 ﬁnibus
1400 2628 1453 2671 et
1486 2619 1658 2671 modts
1683 2620 1902 2673 circum-

316 2690 484 2743 scribi
517 2691 713 2759 publici
737 2688 867 2746 boni'
885 2701 939 2744 et
963 2688 1184 2760 congrui
1209 2688 1411 2743 ordinis
1438 2703 1616 2742 causa.

394 2762 450 2813 ὃ.
493 2762 549 2815 id
588 2772 765 2816 autem
803 2776 875 2816 ex
918 2760 1121 2815 duabus
1156 2760 1337 2815 causis
1378 2761 1663 2828 provenire
1704 2771 1900 2829 potest.

316 2831 507 2887 Primo
546 2848 614 2887 ex
644 2833 914 2887 voluntate
952 2831 1068 2901 ejus
1110 2832 1199 2901 qui
1236 2830 1357 2899 jure
1406 2831 1586 2884 divino
1630 2832 1900 2885 illimitato

319 2903 545 2973 potitur,
571 2904 617 2957 si
648 2905 698 2958 in
721 2903 997 2958 deﬁnitum
1022 2904 1253 2973 aliquem
1282 2902 1498 2973 modum
1524 2902 1736 2971 publico
1766 2907 1905 2956 bono

319 2972 643 3029 cciisentiat.
681 2974 791 3029 Hac
828 2975 1035 3027 ratione
1078 2972 1354 3042 pontiﬁces
1381 2972 1469 3039 jus
1501 2975 1599 3026 sibi
1634 2973 1903 3039 proprium

321 3054 380 3099 et
405 3044 730 3100 illimitatum
754 3047 876 3114 jure
902 3045 1086 3099 divino
1119 3052 1508 3114 consenserunt
1540 3044 1905 3114 circuitiscribl

317 3116 436 3170 suis
490 3117 573 3172 vel
627 3113 845 3171 suorum
901 3116 1361 3183 prmdecessorum
1408 3113 1672 3174 decretis,
1712 3113 1906 3178 quibus

1988 490 2053 568 s_i_t
2073 491 2322 568 abrogata
2346 531 2359 552 ,
2391 491 2482 568 uel,
2485 493 2606 568 jure
2626 496 2875 568 canonico
2900 496 3038 568 quod
3069 495 3238 548 adhuc
3266 490 3463 566 uigeat,
3497 499 3571 553 vel

1986 560 2187 633 diuino,
2215 562 2337 614 dum
2368 562 2431 613 ab
2465 560 2671 617 Iiubente
2688 567 2775 633 jus
2804 560 3035 622 divinum
3062 560 3343 633 superiori}
3377 560 3572 625 ordinis

1989 632 2210 713 limitatci
2257 649 2361 686 non
2404 635 2579 713 fuerit.
2626 632 2724 713 Qui
2759 632 3310 713 ueroijurisdictionem
3350 639 3575 711 alicujus

1991 705 2280 779 negandum
2326 705 2578 779 suscipit,
2632 706 2769 779 baud
2800 705 2923 765 satis
2952 719 3053 775 est,
3084 711 3127 763 si
3158 711 3334 779 probet
3371 705 3575 768 uita'tiel

1992 774 2153 828 altero
2177 791 2243 848 ea;
2259 776 2588 848 capiteillam
2615 777 2813 841 deesse;
2837 774 3051 848 probare
3074 774 3207 835 enim
3233 783 3378 836 debet
3400 784 3574 839 deesse

1992 861 2056 921 ea:
2086 846 2365 921 omnibus;
2381 847 2515 921 alias
2544 862 2649 901 uno
2673 862 2739 901 ea:
2758 846 2940 919 capite,
2961 854 3094 921 quod
3121 853 3367 907 intactum
3391 871 3578 921 super-

1992 917 2081 982 sit,
2104 918 2400 988 jurisdictio
2429 919 2594 993 eidem
2622 917 2907 993 competere
2934 917 3134 993 poterit.
3158 922 3264 977 Res
3295 917 3575 982 manifesta

1996 996 2081 1042 est
2113 1003 2204 1056 per
2227 1004 2307 1054 se,
2337 990 2479 1042 unde
2508 990 2754 1044 ulteriori
2782 990 3136 1059 explicatione
3163 1004 3252 1049 aut
3290 997 3575 1052 conlirma-

1998 1059 2148 1113 tione
2174 1075 2284 1129 non
2311 1060 2530 1129 indiget.

2072 1129 2127 1205 5.
2152 1128 2282 1183 Cum
2319 1128 2795 1205 ﬁeripossit‘utin
2827 1134 3175 1205 ecclesiasticis
3210 1139 3421 1205 iudiciis
3475 1157 3576 1195 non

2004 1200 2173 1252 minus
2208 1216 2361 1269 quam
2410 1200 2469 1255 in'
2490 1201 2849 1268 saecularibus,
2892 1204 3065 1273 plures
3102 1200 3277 1258 eadem
3303 1212 3578 1273 judicandi

2010 1279 2256 1343 potestate
2296 1288 2383 1325 seu
2404 1274 2556 1343 jure,
2584 1274 2690 1325 sive
2716 1290 2779 1327 ex
2801 1275 2985 1328 iisdem
3005 1316 3019 1339 ,
3061 1277 3163 1329 sive
3190 1292 3255 1330 ea:
3280 1274 3486 1333 diuersis
3514 1283 3578 1334 ti-

2006 1342 2128 1421 tulis
2175 1342 2435 1421 fruantur,
2468 1359 2614 1421 nemo
2654 1344 2718 1396 de
2728 1346 2852 1414 jure
2887 1347 3024 1413 quod
3049 1348 3273 1421 cuipiam
3299 1360 3581 1421 competat,

2005 1412 2195 1465 uiolato
2228 1415 2593 1491 querimoniam
2637 1412 2836 1491 mouere
2869 1412 3029 1485 potest
3072 1412 3289 1472 si'alius
3322 1412 3583 1491 judicium

2003 1494 2260 1555 exerceat,
2305 1484 2401 1536 nisi
2431 1485 2525 1536 hoc
2554 1489 2645 1555 jus
2678 1486 2774 1539 sibi
2803 1484 3122 1553 competens,
3157 1492 3299 1542 nullo
3322 1484 3476 1544 iitulo
3504 1493 3585 1547 isti

2002 1554 2268 1630 convenire
2293 1554 2651 1630 statuerit.’lta
2672 1571 2792 1630 cum
2816 1572 2882 1612 ex
2908 1557 3280 1630 Africanorum
3302 1561 3584 1630 disciplina

2002 1625 2365 1704 constitutam
2384 1625 2931 1698 Carthaginensianni
2950 1629 3075 1704 illi,
3104 1634 3242 1699 apud
3273 1625 3581 1704 Dionysium

2003 1694 2292 1771 can._l25,
2339 1697 2426 1765 jus
2455 1694 2607 1752 esset
2614 1701 2983 1771 cognoscendi
3024 1702 3091 1756 tle
3138 1694 3589 1771 appellationibus

2005 1766 2443 1832 presbyterorum
2470 1777 2525 1823 et
2558 1766 2782 1824 aliorum
2818 1771 3089 1825 inferioris
3119 1766 3323 1827 ordinis
3363 1776 3588 1829 clerico-

2005 1850 2123 1889 rutn
2160 1839 2323 1909 923
2370 1849 2477 1892 tum
2509 1842 2749 1896 conciliis
2776 1841 3043 1914 Africanis
3067 1882 3082 1907 ,
3120 1853 3230 1897 tum
3274 1847 3587 1914 primatibus

2007 1922 2433 1985 provinciarum,
2470 1913 2943 1985 necgconciliorum
2964 1914 3052 1984 jus
3082 1914 3267 1969 laesum
3299 1916 3402 1970 dici
3436 1930 3589 1985 pate-

2006 1988 2089 2031 rat
2118 1981 2461 2059 sinprimates
2498 1983 2851 2059 ju_di_cassent,
2884 1981 2983 2039 nec
3006 1985 3101 2059 jus
3120 1987 3406 2055 primatum
3439 1981 3488 2041 si
3517 1988 3584 2043 ad

2005 2049 2233 2129 concilia
2260 2049 2514 2119 judicmm
2545 2053 2733 2129 fuisset
2753 2049 3022 2129 delatum:
3045 2049 3187 2129 llich
3216 2059 3377 2111 etiam
3402 2059 3585 2129 sequi-

2008 2128 2094 2198 t_ur
2130 2134 2237 2198 non
2260 2131 2427 2198 recte
2458 2126 2637 2198 negari
2665 2126 2753 2194 jus
2781 2125 3007 2195 alicujus
3043 2127 3093 2180 in
3124 2128 3302 2198 aliquo
3334 2131 3451 2182 loco
3477 2125 3494 2194 ζ
3543 2132 3590 2185 si

2005 2190 2147 2273 forte
2170 2192 2363 2273 ibidem
2384 2190 2641 2273 judicium
2666 2190 2777 2273 non
2799 2190 2943 2273 ipse,
2971 2198 3063 2252 sed
3088 2190 3227 2251 alios
3251 2190 3577 2273 exercuerit,

2009 2263 2113 2335 nisi
2142 2263 2357 2331 probari
2401 2269 2569 2335 possit
2601 2282 2723 2322 eum
2762 2263 2962 2323 idcirco
3002 2282 3105 2323 non
3149 2272 3456 2326 exercuisse
3485 2263 3590 2328 tale

2008 2333 2123 2401 jus,
2154 2336 2274 2401 quia
2314 2333 2412 2401 ipsi
2448 2352 2574 2391 vere
2610 2339 2754 2393 nullo
2782 2341 2933 2394 titulo
2963 2341 3243 2409 competit.
3278 2340 3369 2395 Sic
3405 2343 3589 2408 negari

2010 2418 2115 2489 non
2132 2417 2348 2489 posseta
2354 2411 2482 2489 ppel
2487 2409 2748 2489 lationum
2751 2413 2835 2476 jus
2847 2410 3588 2489 conci_|iis_plena_riisAlricae,

2008 2476 2051 2556 si
2079 2474 2320 2556 fortassis
2351 2474 2408 2556 iii
2435 2480 2608 2556 aliqua
2636 2474 2832 2556 Atrio;
2862 2474 3130 2556 provincia
3158 2483 3319 2556 nulla!
3353 2474 3591 2553 appella;

2009 2548 2181 2628 tiones
2204 2548 2268 2628 ad
2284 2548 2603 2628 littjusmodi
2625 2548 3067 2628 conciliadelatgi
3094 2552 3339 2628 fuissent,
3364 2548 3455 2609 sed
3479 2555 3590 2628 pri-

2008 2620 2165 2671 matis
2200 2620 2405 2687 judtcio
2436 2639 2606 2677 omnes
2656 2626 2973 2678 terminatas.
3010 2625 3106 2680 llic
3145 2626 3392 2679 nimirum
3439 2620 3593 2681 adhi-

2008 2688 2310 2771 benda_est
2352 2695 2609 2760 prmelara
2647 2696 2740 2771 illa
2767 2695 2968 2771 Natalis
3010 2696 3295 2771 Alexandri
3325 2697 3593 2771 distinctio

2009 2758 2146 2834 Hist.
2179 2760 2323 2816 Eccl.
2352 2758 2487 2819 saec.
2523 2780 2599 2829 tv,
2628 2766 2844 2821 dissert.
2874 2768 2973 2829 20,
3010 2783 3143 2834 prop
3210 2769 3244 2822 2
3281 2787 3291 2817 :
3324 2768 3482 2821 Aliud
3518 2776 3592 2822 est

1998 2830 2120 2907 j-urc
2146 2834 2318 2907 aliquo
2343 2850 2543 2900 semper
2566 2852 2667 2889 non
2694 2837 2788 2901 uti,
2817 2839 2962 2890 aliud
2982 2830 3073 2907 jus
3095 2830 3227 2891 illud
3256 2855 3358 2890 non
3384 2840 3587 2893 habere.

2007 2898 2075 2975 In
2095 2918 2193 2975 quo
2220 2898 2315 2955 uiri
2335 2898 2562 2975 alioquin
2584 2898 3061 2960 cruditi'ultucin'ati
3084 2920 3221 2971 sunt,
3245 2909 3334 2975 qui
3353 2911 3593 2962 substan-

2010 2973 2131 3091 ἕως
2164 2973 2292 3035 iuris
2331 2991 2362 3026 a
2390 2973 2633 3045 perpetuo
2666 2986 2715 3031 et
2754 2993 2857 3030 non
2887 2980 3170 3047 interrupto
3206 2973 3317 3049 ejus
3357 2995 3453 3030 usu
3492 2995 3594 3033 non

2050 3052 2351 3091 tsttttatttmt.

2050 3054 2351 3109 isttitgutml.

2085 3112 2137 3165 ti.
2165 3115 2400 3187 'l‘andem
2429 3116 2628 3185 duplici
2671 3118 2823 3169 modo
2852 3118 2961 3187 quis
2995 3134 3086 3184 pro
3112 3134 3206 3171 suo
3232 3120 3348 3187 jure
3374 3119 3451 3172 vel
3474 3134 3596 3173 con-

318 3199 452 3241 sane
482 3187 533 3240 vi
560 3189 809 3261 coactiva
836 3174 955 3261 non
976 3185 1298 3261 tenebantur
1329 3184 1511 3255 (nemo
1538 3188 1680 3238 enim
1710 3174 1869 3261 inse
1889 3228 1901 3251 ,
1934 3174 1980 3239 C
2013 3185 2278 3236 suetudine
2323 3174 2619 3261 injudiciis
2643 3174 2879 3261 resistere
2898 3174 3060 3257 potost
3110 3189 3201 3261 alii
3232 3174 3308 3242 Ine
3335 3190 3595 3261 judicium

318 3272 423 3312 nec
471 3273 566 3326 par
613 3260 665 3312 in
716 3274 896 3326 parem
946 3258 1105 3311 habet
1154 3254 1502 3325 imperium),
1559 3266 1615 3309 et
1662 3254 1909 3308 similiter

320 3341 713 3385 consenserunt
756 3330 895 3384 idem
923 3328 1011 3398 jus
1045 3329 1210 3381 certis
1256 3327 1536 3398 coarctari
1568 3327 1765 3379 tinibos
1812 3340 1908 3380 seu

323 3400 499 3455 modis
527 3417 588 3454 ac
639 3400 870 3456 decretis
919 3396 1271 3454 conciliorum
1318 3396 1717 3465 particularium
1742 3437 1755 3458 .
1789 3412 1907 3466 qua!

320 3484 444 3526 cuni
482 3475 644 3526 etiam
693 3486 788 3539 per
832 3470 1015 3525 Gallos
1042 3468 1383 3539 pontilicibus
1429 3468 1671 3533 subsint,
1715 3482 1903 3521 eorum

321 3544 625 3597 canonibus
646 3542 866 3608 obligari
892 3555 996 3596 non
1022 3549 1286 3610 poterant,
1312 3541 1411 3592 nisi
1436 3554 1501 3592 ex
1531 3553 1903 3594 consensione.

319 3613 635 3668 Omittiinus
680 3614 895 3668 interim
930 3613 1124 3665 limites
1161 3612 1452 3680 praeliniios
1483 3628 1511 3661 a
1547 3612 1789 3664 conciliis
1817 3627 1910 3680 ge-

317 3687 619 3751 neralibus,
654 3685 755 3739 boc
784 3698 946 3738 unum
973 3683 1343 3736 tantummodo
1367 3682 1690 3747 indicantes,
1717 3683 1904 3736 borum

316 3766 525 3825 pariter
554 3759 772 3811 decreta
798 3757 904 3808 vim
934 3753 1201 3825 generalis
1223 3753 1413 3825 synodi
1446 3768 1549 3809 noii
1578 3752 1779 3808 habere
1806 3756 1907 3808 nisi

317 3840 389 3881 ex
431 3841 701 3881 consensu
748 3825 1107 3881 Romanorum
1156 3828 1498 3892 ponttlicum,
1549 3833 1607 3877 ut
1638 3826 1801 3894 liquet
1840 3840 1904 3879 ex

314 3897 441 3964 ipso
464 3898 919 3962 Cltalcedonetisi,
948 3898 1101 3965 cujus
1122 3896 1399 3951 decretum
1429 3897 1478 3947 in
1503 3895 1738 3949 favorem
1764 3896 1907 3951 sedis

316 3968 929 4036 ConstantinOpolitante
944 3970 1050 4021 vim
1066 3968 1329 4035 generalis
1340 3966 1551 4021 concilii
1570 3982 1671 4020 llOll
1696 3968 1899 4033 habuit,

317 4040 579 4110 quamdiu
606 4040 799 4096 Leonis
820 4050 870 4093 et
891 4040 1253 4110 Romanorum
1274 4038 1579 4110 pontilicotn
1611 4052 1905 4092 consensus

314 4109 491 4181 deluit
521 4128 535 4163 :
570 4127 667 4166 nec
693 4126 972 4181 quisquam
1003 4109 1167 4164 Leoni
1205 4120 1296 4162 ant
1324 4110 1443 4181 aliis
1469 4109 1586 4177 ejus
1625 4122 1911 4181 successo-

316 4180 472 4264 ribus
498 4183 628 4236 vitio
653 4179 864 4264 vertere
891 4182 1094 4264 potuit,
1124 4195 1244 4235 cum
1279 4180 1453 4233 eidem
1493 4179 1906 4264 decreturel'ra-

315 4254 428 4322 gati
450 4264 599 4319 sunt,
618 4268 684 4308 eo
704 4256 845 4324 quod
864 4249 982 4307 sine
998 4266 1184 4307 eorum
1206 4263 1473 4324 consensu
1498 4264 1604 4303 non
1621 4249 1901 4319 obligaret.

316 4320 476 4389 Quod
508 4326 556 4379 si
577 4320 790 4379 decreta
818 4324 1088 4394 generalis
1112 4320 1302 4394 synodi
1333 4322 1450 4375 sine
1478 4333 1743 4394 consensu
1774 4336 1907 4390 pon-

318 4395 524 4449 tillcunt
557 4392 959 4465 obligandi'vim
991 4410 1094 4449 non
1124 4392 1450 4465 habuerunt,
1477 4407 1599 4465 cum
1629 4392 1908 4465 inprteju-

318 4465 522 4521 dictum
570 4462 833 4521 cedebant
867 4468 1002 4535 juris
1049 4464 1422 4533 episcoporum
1464 4462 1811 4535 Alexandrini
1852 4472 1905 4519 et

317 4538 668 4623 Antiochcni,
698 4534 1094 4623 quibustaineii
1124 4536 1501 4623 ejusdtvi‘tgiutn
1526 4550 1632 4623 non
1661 4534 1901 4623 favebat,
1931 4561 1985 4623 Β

316 4620 414 4663 seu
440 4623 590 4663 mere
610 4606 1032 4663 ecclesmsticutn
1058 4610 1107 4661 in
1132 4607 1347 4661 Nicieno
1371 4609 1636 4660 lirtnatuni
1655 4647 1669 4669 ,
1701 4606 1819 4674 quis
1841 4621 1903 4662 ea

315 4679 428 4734 vim
459 4681 728 4747 generalis
749 4680 938 4751 synodi
963 4680 1159 4733 habere
1180 4678 1451 4733 exiStitnet
1471 4678 1753 4751 deﬁciente
1776 4692 1903 4733 con-

319 4765 487 4804 sensu
516 4749 1069 4819 Romani'ptintilicis,
1098 4758 1141 4804 si
1173 4750 1226 4804 iii
1259 4750 1649 4803 restrictionem
1677 4749 1903 4804 ederen-

321 4831 409 4875 tur
453 4822 571 4890 ejus
604 4822 857 4888 pontilicii
882 4822 1049 4890 juris,
1091 4822 1232 4891 quod
1264 4836 1367 4874 non
1409 4835 1475 4875 ex
1503 4820 1897 4891 ecclesiastica,

319 4894 416 4946 sed
446 4910 512 4946 ex
555 4894 731 4948 divina
759 4892 1094 4947 institutione
1114 4890 1382 4962 originem
1423 4891 1603 4945 ducit?
1652 4890 1901 4947 Secundo

317 4966 625 5030 jurisdictio
645 4966 808 5019 divnti
824 4964 960 5034 juris
982 4963 1241 5018 illimitata
1259 4968 1420 5018 certis
1438 4964 1609 5016 modis
1626 4978 1687 5016 ac
1704 4964 1900 5019 linibus

319 5036 618 5104 consningi
659 5048 831 5104 potest
860 5049 929 5090 ex
959 5036 1275 5089 auctoritate
1318 5035 1541 5102 alicujus
1568 5037 1894 5103 superioris,

319 5108 409 5171 qui
455 5107 644 5160 divino
681 5108 802 5176 jure
839 5105 1095 5175 majorem
1136 5105 1567 5175 jurisdictionem
1613 5106 1898 5173 obtinens,

320 5187 532 5232 certum
566 5181 783 5233 modum
823 5190 1106 5247 certosque
1129 5180 1327 5233 limites
1349 5177 1691 5231 interioribus
1718 5176 1902 5232 divino

322 5248 448 5303 licet
472 5250 596 5318 jure
620 5250 1027 5319 praesidentibus
1055 5249 1126 5304 ob
1156 5250 1350 5304 bonum
1382 5248 1659 5319 publicum
1689 5251 1901 5317 praesti-

322 5326 519 5374 tueret.
570 5320 643 5375 Ita
682 5320 1042 5390 episcopalem
1085 5318 1508 5390 jurisdictionem
1547 5318 1724 5374 divini
1765 5321 1901 5389 juris

320 5391 549 5462 concilia
574 5392 842 5462 generalia
870 5393 1106 5459 potuisse
1132 5394 1455 5462 restringere
1485 5406 1644 5446 nemo
1670 5392 1897 5447 dubitat.

326 5461 594 5534 Eundem
618 5464 816 5532 pariter
840 5464 1197 5533 episcopalem
1220 5461 1650 5534 jurisdictionem
1667 5508 1681 5531 ,
1726 5463 1900 5532 quoad

326 5532 699 5589 liniitatiooem
725 5544 782 5590 et
814 5532 1126 5591 exercitium
1151 5532 1374 5589 subesse
1385 5534 1747 5603 jurisdictioni
1771 5550 1904 5604 pon-

329 5605 560 5679 tificum,
593 5608 693 5679 ipsi
723 5607 860 5663 Galli
885 5605 1118 5674 theologi
1148 5616 1201 5660 et
1222 5608 1516 5661 canonista:
1537 5605 1794 5673 fatentur,
1826 5608 1901 5662 uti

326 5674 513 5747 videre
539 5674 631 5734 est'
650 5680 790 5747 apud
820 5679 1115 5735 Gersonem
1140 5687 1195 5732 et
1217 5679 1371 5731 alios.

396 5746 453 5821 4_.
497 5748 598 5815 Qui
638 5746 856 5821 alicujus
890 5750 1305 5819 jurisdictionem
1354 5748 1679 5802 statuendam
1718 5750 1907 5817 sumit,

329 5818 453 5881 satis
497 5827 571 5876 cst
605 5821 651 5880 si
687 5818 797 5878 eam
830 5818 927 5891 ipsi
973 5828 1255 5891 competere
1297 5822 1471 5895 probet
1502 5836 1606 5877 uno
1650 5836 1716 5877 ea
1751 5822 1909 5881 tribus

2016 3266 2266 3330 assumat.
2293 3255 2345 3330 t_'
2373 3255 2621 3328 Nogando
2646 3259 2690 3311 ei
2706 3262 2813 3330 jus.
2854 3255 2917 3313 Et
2946 3268 3072 3314 tunc
3092 3261 3134 3314 si
3159 3259 3303 3329 juste
3330 3255 3505 3330 neget,
3529 3276 3596 3317 eo

2014 3326 2155 3395 quod
2178 3326 2289 3403 _lto_c
2314 3326 2403 3395 jtis
2434 3326 2580 3381 nullo
2608 3326 2761 3403 titulo
2783 3331 2844 3403 ei,
2870 3326 3173 3400 competat,
3202 3330 3348 3400 juste
3370 3326 3593 3403 resistit,

2015 3396 2600 3477 neeobedtrecogitnr
2627 3402 2673 3454 ei
2705 3402 2793 3469 qui
2828 3402 2950 3469 jure
2975 3396 3152 3477 caret;
3192 3396 3349 3458 secus
3380 3418 3507 3477 vero
3547 3396 3595 3461 si

2014 3468 2200 3549 titulus
2227 3468 2429 3549 aliquis
2453 3473 2501 3524 ei
2530 3468 2843 3549 suppeteret
2871 3489 2884 3525 :
2928 3473 3347 3549 resistereenim
3378 3474 3595 3532 babenti

2007 3542 2125 3608 jus,
2163 3551 2215 3592 et
2246 3542 2465 3614 pet-inde
2491 3545 2539 3595 ei
2565 3546 2815 3598 resistere
2846 3558 2907 3597 ac
2933 3546 2976 3598 si
3009 3545 3154 3599 nullo
3176 3546 3295 3614 jure
3322 3545 3590 3614 fungatur.

2010 3618 2250 3687 apertam
2282 3611 2592 3687 injustttiam
2623 3614 2818 3687 prodit,
2856 3630 2957 3687 nec
2983 3630 3110 3669 ρους
3138 3611 3314 3682 amite,
3346 3611 3440 3671 sed
3471 3611 3593 3687 peré

2012 3683 2220 3757 tinacia!
2247 3693 2362 3747 est,
2404 3685 2454 3757 si
2501 3687 2707 3757 qtiis_ei
2732 3686 2836 3755 juri
2880 3686 3153 3757 subjectus
3185 3703 3372 3754 parere
3400 3700 3450 3742 et
3471 3683 3588 3743 'ac-

2010 3755 2295 3829 quiescere
2330 3754 2478 3809 nolit.
2520 3756 2578 3809 2°
2616 3754 2870 3811 lustando
2911 3768 2957 3811 et
2982 3754 3258 3828 'urgendo,
3290 3776 3352 3813 ne
3394 3760 3510 3829 quis
3536 3775 3594 3815 eo

2000 3826 2123 3895 jure
2161 3827 2296 3893 quod
2328 3829 2375 3879 ei
2422 3831 2658 3896 competit
2690 3840 2891 3893 utatur,
2940 3844 2999 3881 eo
3048 3826 3185 3894 quod
3214 3846 3317 3883 non
3356 3826 3593 3895 eipediat

2010 3898 2401 3949 consuetudines
2447 3899 2757 3959 immutare.
2809 3900 2886 3952 uel
2932 3900 3157 3966 pericula
3198 3902 3471 3954 timeantur
3531 3918 3595 3956 ac

2010 3968 2240 4037 fraudes.
2277 3966 2345 4020 Et
2374 3968 2417 4021 si
2449 3967 2664 4035 quidem
2696 3970 2744 4023 id
2771 3973 3044 4023 moderate
3070 3971 3190 4035 ttat,
3219 3982 3271 4023 et
3302 3972 3416 4023 sola
3448 3974 3593 4037 peri-

2008 4038 2127 4092 cula
2155 4053 2489 4107 quacumque
2511 4040 2749 4093 el‘lii-acia
2783 4048 3168 4106 proponantur,
3199 4040 3489 4093 dummodo
3505 4041 3593 4109 jus

2010 4124 2115 4162 non
2164 4118 2388 4176 negetur
2434 4111 2575 4178 quod
2608 4119 2721 4170 est,
2772 4121 2825 4163 et
2859 4112 3030 4161 solum
3083 4111 3278 4161 bonum
3320 4110 3593 4175 publicum

2009 4189 2313 4247 quaeratur,
2362 4178 2683 4246 reprehendi
2733 4178 2945 4248 nequit;
2992 4180 3439 4248 quemadmodum
3487 4197 3594 4235 non

2008 4250 2479 4318 reprehenduntur
2506 4248 2787 4310 Aurelius.
2820 4247 3191 4318 Augustinus,
3226 4247 3421 4316 aliique
3450 4249 3594 4305 Alri-

2008 4321 2126 4374 caui
2148 4318 2404 4388 episcopi,
2432 4320 2521 4385 qui
2544 4318 2658 4387 pari
2680 4318 3045 4390 moderatione
3066 4322 3377 4390 restiterunt
3404 4322 3594 4390 appel-

2008 4390 2297 4444 lationibus
2320 4390 2690 4444 transmarinis
2714 4392 2765 4444 in
2788 4389 3029 4457 epistolis
3049 4389 3113 4442 ad
3137 4388 3410 4445 Zosimum
3428 4388 3452 4459 ,7
3481 4388 3589 4447 Βο-

2013 4462 2267 4516 nifacium
2325 4468 2484 4530 atque
2515 4461 2891 4516 Caelestinum.
2928 4460 3125 4516 Vitium
3158 4476 3337 4517 autem
3390 4464 3590 4533 irrepet

2010 4533 2054 4588 si
2073 4535 2190 4587 zelo
2214 4534 2335 4588 boni
2362 4533 2553 4605 publici
2575 4534 2957 4605 moderationis
2976 4534 3173 4588 limites
3185 4537 3304 4604 quis
3321 4548 3590 4605 pertrans-

2011 4616 2099 4659 eat
2134 4605 2185 4658 in
2231 4605 2391 4659 modo
2414 4603 2733 4669 resistendi,
2762 4615 2815 4659 et
2841 4605 3010 4659 multo
3041 4603 3213 4675 magis
3240 4608 3284 4660 si
3318 4603 3389 4662 ita
3418 4609 3588 4677 perti-

2011 4678 2217 4732 naciter
2246 4678 2463 4749 resistat
2490 4687 2545 4729 ut
2576 4691 2681 4729 non
2707 4691 2914 4749 merum
2939 4678 3135 4749 bonum
3171 4678 3439 4747 publicum
3471 4694 3595 4749 pro-

2008 4762 2221 4875 parare,
2241 4748 2333 4803 sed
2348 4748 2435 4817 jus
2455 4761 2654 4818 negare
2682 4747 2923 4803 videatur
2952 4748 3002 4803 ei
3032 4750 3123 4819 qui
3148 4749 3269 4819 jure
3290 4747 3595 4805 certissimo

2034 4832 2223 4875 ruitur.

2034 4832 2223 4875 l'llllul‘.

2081 4892 2134 4945 7.
2164 4892 2257 4945 His
2283 4891 2595 4961 praemissis,
2618 4891 2662 4945 si
2691 4890 3012 4959 Quesnelltts
3034 4905 3101 4944 ex
3140 4906 3294 4961 απιυο
3320 4891 3595 4961 vindicare

2008 4962 2224 5019 volebat
2258 4959 2315 5017 S.
2343 4962 2620 5027 Hilarium,
2660 4978 2781 5017 cum
2813 4962 2979 5017 Leoni
3008 4959 3242 5024 restitit,
3275 4976 3341 5015 ne
3368 4963 3421 5014 in
3449 4959 3592 5015 Celi-

2007 5034 2154 5089 donii
2194 5048 2351 5089 causa
2383 5035 2567 5089 Romae
2598 5034 2863 5105 judicium
2893 5034 3045 5088 lieret
3072 5041 3259 5085 contra
3307 5042 3594 5105 consuetu-

2008 5106 2209 5171 dinem,
2244 5108 2317 5160 uti
2351 5116 2520 5177 putat,
2559 5102 3154 5177 EcclesimiGallicapze,
3178 5105 3406 5177 probare
3433 5102 3595 5157 debe-

2010 5177 2101 5231 bat
2136 5177 2189 5230 l'
2220 5171 2662 5233 consuetudinem
2696 5176 2986 5231 Gallicanae
3033 5172 3290 5226 Ecclesiae
3329 5171 3494 5226 fuisse
3539 5180 3597 5227 ut

2009 5249 2427 5319 appellationum
2450 5249 2649 5319 judicia
2681 5250 2762 5303 vel
2796 5258 3086 5319 numquam
3118 5245 3484 5319 reciperentur
3512 5242 3596 5298 vel

2012 5312 2065 5377 ἰὴ
2084 5312 2281 5373 Ὸυιιίἱε
2313 5312 2681 5375 tantummodo
2704 5318 2923 5381 tierent;
2945 5312 3008 5368 Υ
3031 5315 3170 5368 banc
3196 5314 3593 5369 Gallicanorum

2011 5392 2448 5447 consuetudinem
2467 5406 2628 5445 omne
2642 5404 2732 5459 jus
2762 5387 3089 5458 pontillcium
3112 5386 3422 5446 excludere.
3445 5384 3591 5459 quod

2010 5464 2318 5532 apostolicae
2362 5463 2478 5519 sedi
2530 5455 2787 5529 competit
2823 5474 2928 5512 non
2956 5467 3065 5532 tam
3095 5472 3161 5512 ex
3203 5455 3593 5532 consuetudine

1978 5560 1981 5565 ·
2011 5526 2169 5604 quam
2198 5549 2267 5589 ex
2291 5526 2677 5599 ecclesiastico,
2708 5545 2771 5584 ac
2798 5530 3107 5604 praesciuitn
3137 5544 3205 5583 ex
3231 5526 3415 5581 divino
3439 5526 3594 5604 jure,

2012 5598 2118 5677 quo
2156 5607 2415 5677 primatus
2444 5604 2681 5677 ejusdem
2720 5598 2947 5677 in‘ipsos
2974 5598 3282 5677 Gallicanos
3295 5598 3595 5677 statuitur;

2012 5668 2070 5733 5°
2099 5668 2183 5730 vel
2204 5678 2416 5742 saltem,
2441 5668 2640 5746 siquod
2659 5674 2748 5743 jus
2774 5668 3026 5746 Romanis
3051 5669 3391 5746 pontiﬁcibus
3416 5668 3597 5746 inesse

2014 5749 2255 5817 agnoscit
2288 5748 2355 5801 ad
2394 5742 2952 5816 ipsa'appellationutn
2992 5742 3193 5817 judicia
3228 5742 3497 5817 pra-cipue
3539 5743 3593 5795 in

2015 5815 2392 5891 episcoporum
2419 5815 2620 5887 causis,
2644 5820 2696 5877 in
2727 5836 2791 5879 eo
2816 5818 3063 5877 laborare
3083 5815 3313 5872 debebat
3341 5820 3400 5870 ut
3418 5821 3604 5870 osten-
