3984 6306
554 290 658 357 851

1015 284 1258 347 PASCH.
1300 284 1692 357 QUESNELLI
1733 256 2334 343 DlSSER’l‘ATlONEg
2361 283 2427 341 IN
2464 283 2523 342 S.
2563 282 2810 341 LEONIS
2848 278 3066 341 MAGNI
3102 280 3350 340 OPERA.

3707 279 3798 342 552

555 404 909 485 pmnitentiam
940 403 1146 485 quidem
1187 404 1437 476 agendam
1474 419 1619 485 posse
1651 402 1878 485 admitti,
1897 401 1978 485 ab.
2000 402 2145 485 urdi-
2176 404 2220 463 Α
2254 401 2460 485 pulsam
2492 401 2561 456 ab
2590 402 2706 485 ipso
2737 403 2999 485 pontiﬁcis
3018 401 3403 485 conspectuin
3430 395 3580 483 'banc
3603 412 3791 485 causam

559 473 765 536 'natione
792 473 963 530 autem
993 477 1115 530 eleri
1145 473 1299 547 atque
1317 473 1619 530 sacerdotali
1643 474 1832 547 honore
1864 473 2136 539 prohiberi.

556 552 634 610 Ita
664 552 823 605 etiam
855 547 955 617 ipsi
1001 544 1301 616 pontifices,
1334 548 1423 612 qui
1464 560 1593 600 sane
1633 559 1791 617 suum_
1812 544 1898 613 jus
1941 559 2140 617 propu-

554 631 808 694 gnarunt,
854 615 1149 674 sententias
1191 617 1415 672 fallaciis
1452 617 1733 685 su’breptas
1761 615 2135 694 deceptoribus

556 687 737 749 favere
767 708 872 746 non
904 705 1061 759 posse
1095 703 1490 757 nonnumquam
1530 687 1964 756 pronuntiarunt.
1994 687 2135 759 Nihil

557 781 687 834 ergo
720 765 834 817 haec
862 757 927 816 ad
954 761 1037 831 jus
1069 760 1465 834 infirmaildum,
1504 760 1643 834 sicut
1670 773 1773 814 nec
1800 758 1866 813 ad
1902 757 2137 828 appella-

557 830 765 891 tionum
792 830 1000 904 praxim
1032 830 1368 904 inliciandam
1397 832 1686 904 pertinent.

628 908 683 962 9.
714 900 852 971 Quid
882 919 1039 972 porro
1068 903 1242 972 reipsa
1269 902 1544 967 evenerit,
1588 916 1708 956 cum
1748 900 1862 955 sola
1902 901 2135 970 supersit

555 976 811 1047 Cypriani
842 974 1087 1047 epistola,
1119 972 1438 1047 non_lique_t.
1475 973 1551 1026 Ex
1588 972 1688 1047 bac
1714 972 1927 1047 quidem
1957 973 2133 1047 colligi

556 1043 765 1104 videtur
794 1045 1076 1100 Basilidem
1106 1052 1161 1099 et
1199 1044 1497 1099 Martialem
1528 1044 1640 1097 suis
1666 1043 1882 1097 sedibus
1912 1044 2130 1097 restitu-

559 1130 643 1175 tos
694 1120 856 1172 fuisse
900 1114 1157 1183 Stephani
1200 1114 1424 1184 judicio,
1473 1113 1608 1169 adeo
1647 1113 1835 1168 uthac
1864 1115 1931 1168 de
1974 1128 2131 1168 causa

557 1190 707 1247 Felix
746 1198 799 1241 et
839 1186 1070 1242 Sabinus
1109 1183 1350 1253 expulsi,
1378 1183 1631 1254 Cypriani
1673 1194 1727 1239 et
1762 1184 2132 1240 Africanorum

594 1259 908 1314 atroeinium
942 1256 1272 1325 quaesierint.
1310 1256 1443 1311 Hinc
1464 1253 1763 1326 Cyprianus
1794 1255 1921 1310 licet
1946 1268 2133 1310 contra

598 1331 839 1385 asilidem
871 1336 927 1383 et
957 1327 1248 1382 Martialem
1277 1327 1554 1393 scriberet,
1583 1341 1704 1380 cum
1734 1335 1913 1381 tamen
1944 1334 2131 1382 aucto-

552 1403 712 1459 ritate
737 1408 946 1455 careret
974 1413 1075 1468 qua
1098 1398 1217 1451 illos
1244 1399 1562 1453 excluderet
1581 1398 1663 1468 vel
1687 1397 1978 1453 excludere
1999 1412 2130 1465 prae.

553 1474 793 1543 ciperet,
822 1467 1034 1543 plebes
1072 1468 1439 1543 tantummodo
1476 1467 1794 1543 m_o_nuit__ne
1837 1484 1957 1523 cum
2003 1469 2132 1543 ipsis

552 1538 717 1600 veluti
748 1538 1203 1612 episcOpali_sedi_
1237 1548 1355 1595 actu
1386 1539 1801 1612 prtesidentibus
1827 1541 2129 1612 communi-

552 1610 795 1679 carent;‘
819 1626 917 1666 nec
956 1611 1023 1666 de
1044 1610 1237 1665 Felicis
1262 1618 1356 1665 aut
1386 1610 1590 1681 Sabini,
1636 1612 1725 1681 qui
1754 1619 1906 1665 erant
1948 1610 2128 1679 ejecti,

552 1686 932 1743 communione
974 1681 1297 1736 mentionem
1346 1682 1487 1736 fecit.
1532 1679 1841 1737 [ndicantur
1869 1690 2130 1751 prmterea

555 1757 719 1826 aliqui
764 1753 1031 1826 episcopi,
1081 1761 1138 1806 ut
1183 1752 1449 1826 videntur,
1490 1751 1708 1820 Hispani
1750 1767 1869 1807 cum
1904 1752 2131 1807 Basilide

554 1821 713 1897 atque
758 1821 980 1880 Martiali
1010 1821 1505 1897 communicantes,
1550 1838 1775 1897 quorum
1819 1826 2125 1893 exemplum

550 1893 842 1967 ne'plebes
883 1902 1213 1967 sequantur,
1240 1893 1538 1967 Cyprianus
1586 1895 1859 1967 hortatur;
1893 1909 2126 1967 cumque

556 1964 725 2023 solius
754 1966 1217 2033 Caesaraugustam
1240 1964 1476 2035 episc0pi
1512 1964 1722 2035 longius
1751 1964 1905 2033 positi
1935 1966 2126 2020 littera:

551 2048 739 2094 contra
784 2038 944 2106 ipsos
968 2036 1146 2090 allatae
1185 2035 1402 2099 fuerint,
1432 2034 1692 2089 indicium
1723 2051 1826 2089 nou
1856 2036 1974 2091 leve
1998 2050 2127 2091 exo-

549 2112 690 2164 ritur
713 2105 900 2163 omnes
924 2105 1178 2161 finitimos
1208 2106 1509 2176 episcopos,
1533 2120 1600 2161 ne
1628 2106 1868 2161 dicamus
1898 2115 2124 2161 caeteros

552 2181 665 2235 fere
692 2193 900 2242 omnes,
942 2178 1128 2231 saltem
1168 2188 1289 2246 post
1328 2177 1585 2247 Stephani
1622 2176 1881 2246 judicium
1920 2176 2124 2233 eisdem

551 2250 864 2305 adhaesisse.
912 2247 1072 2303 Forte
1112 2251 1271 2302 etiam
1315 2250 1488 2319 potior
1530 2262 1653 2319 pars
1695 2248 1823 2319 cieri
1867 2249 2125 2318 cujusque

552 2320 810 2377 Ecclesiae
847 2334 941 2375 eos
980 2328 1289 2387 receperat,
1335 2333 1431 2374 seu
1457 2334 1578 2373 eum
1609 2318 1798 2373 iisdem
1827 2322 2125 2374 communi-

552 2393 707 2447 cabat
731 2409 744 2445 :
776 2406 897 2446 nam
937 2405 1003 2445 ex
1034 2400 1145 2444 toto
1171 2390 1317 2444 clero
1342 2388 1591 2460 Legionis
1617 2399 1673 2444 et
1696 2389 1957 2445 Asturieae
1984 2406 2123 2447 unus

552 2472 758 2518 tantum
798 2461 1094 2533 presbyter,
1129 2470 1184 2514 et
1204 2475 1289 2533 rex
1321 2470 1432 2533 toto
1460 2462 1607 2533 eiero
1637 2460 1960 2533 Emeritensi
1988 2476 2125 2516 unus

552 2531 814 2589 diaconus
852 2531 1073 2596 tantum,
1107 2532 1297 2599 quibus
1326 2531 1456 2587 solis
1482 2532 1733 2602 Cypriani
1774 2532 1999 2599 epiStola
2042 2534 2125 2587 in-

551 2604 821 2669 scribitur,
865 2604 1124 2658 adversus
1156 2602 1374 2657 eosdem
1421 2603 1670 2671 querelas
1715 2612 2121 2671 promoverunt.

553 2674 682 2732 Haec
718 2689 878 2744 porro
918 2675 1054 2729 inter
1084 2675 1229 2744 ipsos
1257 2673 1520 2741 Hispanos
1548 2674 1860 2742 episcopos,
1905 2684 1959 2727 et
1985 2674 2125 2729 inter

552 2743 758 2802 clerum
806 2745 1032 2813 divisio,
1073 2754 1128 2800 et
1174 2743 1290 2797 haec
1323 2744 1552 2813 plurium
1601 2750 1710 2797 tum
1750 2744 2121 2813 episcoporum

554 2825 668 2872 tum
696 2817 1011 2872 clericorum
1049 2830 1170 2870 cum
1200 2813 1304 2869 illis
1328 2814 1763 2884 communicatio.
1797 2830 1825 2867 a
1852 2830 1955 2884 qua
1985 2831 2123 2870 unus

553 2889 857 2960 presbyter,
901 2901 1037 2960 unus
1075 2886 1332 2960 diaconus
1370 2893 1425 2939 et
1456 2900 1593 2960 unus
1618 2883 2123 2960 Cgesaraugustanus

552 2957 839 3028 episcopus
868 2957 1105 3013 abfuisse
1132 2958 1444 3028 probantur,
1485 2957 1552 3011 de
1583 2957 1747 3028 ipsius
1781 2971 1957 3011 causa:
2004 2973 2121 3013 me-

547 3026 654 3086 rito
683 3026 1069 3085 dubitationem
1101 3027 1331 3096 aliquam
1359 3028 1547 3092 injicit.
1575 3026 1874 3097 Cyprianus
1901 3029 2124 3097 Stepha-

547 3116 676 3156 num
695 3118 723 3153 a
742 3100 974 3155 Basilide
993 3101 1273 3167 deceptum
1297 3098 1541 3153 traducit.
1562 3099 1769 3168 Aliquis
1788 3098 1928 3154 forte
1949 3102 2120 3167 ipsum

2252 473 2437 538 refert,
2465 476 2615 541 quasi
2642 472 2861 529 auctore
2882 474 3118 542 Sulpicio
3144 492 3155 527 :
3186 474 3432 527 Additum
3450 472 3633 541 quippe
3651 472 3793 541 fuerat

2244 545 2297 598 in
2324 546 2563 615 synodali
2588 548 2827 600 adversus
2849 563 2932 600 eos
2956 546 3204 599 sententia
3222 586 3237 608 ,
3265 554 3321 597 ut
3347 544 3393 597 si
3416 544 3525 609 quis
3554 543 3793 615 dantnatos

2242 615 2295 669 in
2330 614 2733 671 communionem
2770 618 3069 683 recepisset,
3098 618 3251 671 sciret
3279 616 3333 668 in
3375 631 3426 667 se
3452 614 3672 668 eamdem
3698 633 3791 669 sen-

2240 690 2448 742 tentiam
2478 688 2892 758 promovendam.
2914 689 3011 754 Qui
3036 688 3149 741 haec
3178 688 3351 755 ipsum
3380 699 3644 739 summum
3675 701 3788 758 pon-

2243 758 2438 814 tilieem
2470 756 2739 829 respicere
2761 759 3055 825 existimat,
3078 758 3629 829 Caesaraugustanam,
3658 756 3701 829 id
3723 766 3787 813 est

2240 844 2346 885 non
2388 841 2491 885 tam
2531 826 2833 899 generalem
2884 845 3043 899 quam
3091 827 3470 899 provincialem
3512 826 3783 897 synodum,

2243 899 2501 956 Romanis
2527 898 2864 971 pontificibus
2893 898 3225 971 superiOrem
3253 898 3441 954 credat
3467 912 3678 971 necesse
3702 907 3784 952 est.

2239 970 2310 1026 At
2339 968 2678 1040 Quesnellus,
2714 987 2821 1026 non
2853 968 3142 1041 Sulpicius,
3178 972 3317 1025 hanc
3338 968 3573 1038 repulsae
3598 984 3781 1025 causam

2237 1042 2485 1111 allegavit
2516 1060 2531 1099 :
2562 1045 2759 1113 quippe
2781 1044 2824 1097 is
2848 1043 3383 1113 Caesaraugustanum
3414 1041 3678 1094 decretum
3703 1055 3782 1113 ex-

2237 1127 2445 1184 ponens
2473 1129 2533 1169 ea
2575 1112 2737 1168 verba
2786 1129 2907 1184 cap.
2966 1114 3031 1167 47
3076 1112 3374 1179 retulerat,
3420 1119 3695 1180 antequam
3732 1112 3783 1165 de

2236 1183 2475 1254 Romana
2509 1185 2723 1254 repulsa
2751 1183 3038 1254 quidquam
3067 1184 3344 1239 indicaret.

2314 1256 2397 1309 11.
2421 1253 2631 1311 Nullum
2653 1256 2795 1310 aliud
2812 1253 3184 1325 appellationis
3213 1253 3521 1320 exemplum
3536 1253 3779 1325 Quesncl-

2237 1326 2322 1381 lus
2352 1327 2533 1381 refert.
2578 1328 2665 1381 Sic
2693 1326 2747 1380 in
2778 1323 2896 1381 tota
2912 1328 3270 1394 disputatione
3295 1325 3363 1379 de
3389 1323 3775 1393 appellationum

2236 1398 2625 1453 consuetudine
2673 1398 2764 1451 ille
2804 1408 2863 1451 ut
2908 1397 3350 1453 consuetudinem
3394 1394 3700 1462 provocandi
3726 1396 3775 1447 ad

2237 1466 2535 1539 Romanum
2568 1467 2874 1539 pontiﬁcem
2903 1478 3251 1539 expungeret,
3271 1474 3392 1522 octo
3412 1479 3605 1539 causas
3629 1465 3777 1518 obtru-

2235 1538 2314 1593 dit
2342 1540 2392 1593 in
2424 1536 2615 1607 quibus
2662 1540 2812 1594 nulla
2842 1539 3121 1609 interjecta
3152 1537 3254 1594 fuit
3280 1536 3595 1607 appellatio,
3624 1546 3671 1589 et
3692 1544 3776 1590 tres

2236 1610 2288 1681 in
2309 1610 2502 1681 quibus
2532 1610 2598 1666 de
2633 1610 2802 1678 prima
2831 1608 3156 1677 cognitione,
3188 1617 3508 1681 nouantem
3536 1611 3600 1681 de
3626 1608 3774 1681 appel-

2236 1677 2435 1736 latione
2481 1677 2653 1751 agitur
2697 1696 2711 1733 :
2753 1690 2811 1735 ut
2858 1682 2986 1735 nihil
3022 1697 3091 1737 ex
3126 1681 3209 1736 his
3248 1680 3315 1734 ad
3366 1677 3683 1751 excludenda
3712 1692 3759 1751 se

2238 1754 2425 1807 eundae
2448 1748 2767 1822 cognitionis
2791 1751 3011 1820 judicia,
3032 1752 3228 1819 aliquid
3252 1759 3433 1806 autem
3466 1749 3533 1822 ad
3558 1764 3614 1804 ea
3634 1748 3771 1816 ponus

2163 1794 2212 1857 Β
2236 1794 2543 1878 Sitiﬁm";
2572 1794 3154 1893 eli-cli'qtt‘ea-tlrmﬁua's‘“
3175 1794 3380 1877 lati-tutu
3434 1794 3767 1893 episeoprorum

2232 1908 2419 1949 causas
2447 1895 2513 1948 ad
2543 1891 2838 1949 Romanam
2870 1894 3049 1948 sedem
3080 1894 3285 1948 delatas
3330 1891 3620 1959 expendit,
3664 1905 3765 1957 quas

2230 1979 2350 2035 cum
2383 1980 2577 2035 negare
2607 1980 2715 2019 non
2748 1976 2954 2032 posset,
2991 1964 3261 2019 infirmare
3301 1962 3510 2017 studuit
3539 1977 3637 2035 non
3674 1962 3767 2015 lacti

2230 2034 2414 2101 fidem,
2447 2034 2540 2091 sed
2573 2034 2900 2105 pontificium
2927 2037 3031 2104 jus,
3051 2036 3193 2105 quod
3220 2036 3285 2087 ad
3308 2049 3428 2089 eam
3458 2034 3764 2105 quaestionem

2230 2116 2434 2175 spectat
2464 2109 2533 2177 in
2564 2102 2668 2177 qua
2698 2106 2765 2161 de
2796 2102 3152 2175 jure’agitur,
3183 2121 3286 2177 non
3316 2119 3454 2159 vero
3483 2104 3547 2157 ad
3588 2104 3703 2156 hanc
3726 2102 3765 2156 in

2228 2192 2329 2247 qua
2358 2178 2426 2233 de
2452 2176 2595 2232 facto
2621 2186 2673 2231 et
2700 2177 3085 2232 consuetudine
3113 2176 3390 2247 quaeritur.

2302 2248 2388 2304 12.
2408 2248 2589 2319 Neque
2612 2262 2740 2303 vero
2764 2248 2845 2301 hae
2862 2249 2979 2302 dua:
3001 2257 3202 2303 tantum
3222 2246 3601 2319 appellationes
3614 2245 3761 2319 Leone

2227 2315 2560 2389 antiquiores
2580 2335 2610 2373 a
2632 2319 2985 2385 scriptoribus
3016 2315 3325 2374 memoratae
3352 2317 3644 2389 credantur.
3668 2315 3760 2369 Alia

2227 2387 2513 2456 supersunt
2557 2389 2979 2458 appellationum
3026 2390 3272 2458 exempla
3329 2404 3395 2444 ex
3443 2387 3638 2451 Africa,
3674 2400 3767 2458 qua:

2228 2454 2472 2516 fortassis
2513 2454 2832 2529 Quesnellus
2876 2461 3112 2516 indicare
3138 2454 3326 2522 voluit.
3354 2468 3411 2514 et
3439 2458 3595 2512 simul
3634 2454 3762 2529 refel-

2230 2531 2361 2596 lere,
2398 2526 2834 2586 cumjAfricanos
2864 2532 3309 2600 appellationibus
3341 2532 3651 2585 resistentes
3677 2526 3763 2579 lau-

2227 2602 2392 2657 davit.
2428 2602 2706 2659 Restitisse
2730 2602 2945 2672 quidem
2995 2603 3159 2669 ipsos,
3190 2602 3434 2672 modeste
3469 2612 3653 2672 tamen,
3683 2611 3762 2650 non

2229 2672 2554 2743 ttegarimus,
2572 2683 2629 2726 ut
2654 2670 2771 2727 illas
2792 2674 2964 2744 quoad
2988 2674 3294 2744 inferiorem
3324 2671 3572 2744 ordinent
3594 2670 3762 2740 (queat-

2228 2742 2512 2797 adtnodum
2544 2742 3010 2814 statuetur'capite
3034 2742 3300 2813 sequenti)
3326 2743 3656 2814 impedirent,
3679 2753 3760 2814 nou

2228 2814 2369 2884 quod
2396 2814 2725 2883 pontiﬁcium
2754 2815 2843 2884 jus
2874 2813 2979 2870 non
3008 2824 3386 2885 agnoscerent,
3415 2814 3514 2868 sed
3540 2813 3648 2885 quia
3676 2813 3763 2861 haec

2225 2881 2527 2955 appellandi
2570 2881 2791 2940 facultas
2830 2887 2882 2942 in
2916 2881 3064 2941 tanta
3104 2886 3497 2955 longinquitate
3518 2881 3756 2955 retionum

2226 2954 2531 3011 vertebatur
2587 2957 2877 3012 identidem
2930 2959 2981 3011 in
3036 2954 3398 3021 improborum
3442 2954 3683 3024 refugium
3719 2960 3763 3003 et

2225 3028 2561 3091 scandalum,
2587 3042 2649 3081 ac
2678 3029 2747 3082 ob
2777 3027 3051 3083 difﬁcilem
3080 3031 3291 3083 testium
3337 3026 3759 3080 transmissionetn

2226 3112 2292 3153 ex
2316 3098 2517 3165 Africa,
2545 3099 2784 3169 pericula
2809 3098 3182 3166 deceptionntn
3206 3109 3260 3153 et
3288 3098 3507 3152 fraudes
3523 3094 3758 3149 afferebat.

546 3171 934 3247 Cyprianuma
962 3170 1141 3247 Felice
1179 3178 1233 3223 et
1258 3167 1484 3231 Sabino,
1515 3172 1604 3247 qui
1651 3167 1804 3247 erant
1830 3171 1997 3247 a_suis
2036 3185 2123 3247 se:
2149 3183 2195 3247 ρ
2225 3168 2297 3247 At
2320 3170 2478 3224 simul
2507 3167 2733 3238 plurium
2760 3171 3179 3247 appellationum
3207 3169 3587 3247 episcOpalium
3616 3178 3765 3247 essm:

546 3240 705 3298 dibus
752 3242 927 3312 pulsi,
973 3242 1390 3296 circumventum
1432 3240 1817 3312 suspicabitur,
1860 3242 1929 3293 ita
1974 3249 2031 3293 ut
2069 3242 2118 3295 ei

549 3313 699 3382 longe
724 3311 889 3383 posito
919 3322 964 3383 et
989 3314 1060 3383 rei
1081 3319 1231 3383 gesta:
1255 3326 1313 3383 ac
1337 3311 1507 3383 tacita:
1529 3312 1759 3383 veritatis
1779 3311 1959 3383 ignaro
1988 3326 2119 3365 con-

551 3379 768 3452 tigerit,
812 3381 953 3450 quod
990 3379 1107 3449 ipse
1145 3380 1213 3452 de
1247 3382 1523 3452 §tephano
1563 3379 1810 3434 credidit.
1852 3379 1906 3433 1d
1944 3379 2119 3451 ipsum

548 3448 804 3507 facillime
832 3448 1117 3522 putabitur
1148 3450 1215 3505 de
1245 3450 1430 3522 Felice
1453 3448 1933 3522 CteSaraugustano
1959 3448 2010 3506 in
2040 3468 2119 3507 re-

546 3523 761 3578 mmiori
789 3520 1055 3590 Hispanae
1084 3528 1235 3589 parte
1266 3520 1575 3584 constituto,
1605 3521 1675 3573 ita
1706 3530 1762 3574 ut
1788 3522 1955 3590 magis
1989 3539 2117 3590 prie.

542 3594 865 3649 sumendum
889 3589 963 3646 sit
990 3608 1086 3659 pro
1112 3589 1354 3644 ﬁnitimis
1383 3590 1671 3659 episeopis,
1704 3592 1791 3659 qui
1823 3589 1941 3646 cum
1966 3593 2117 3649 Basi-

543 3664 653 3721 lide
672 3673 728 3718 et
748 3661 971 3718 Martiali
992 3662 1416 3717 communicasse
1438 3660 1705 3717 videntur.
1720 3660 1942 3718 Litteras
1965 3664 2121 3721 unius

540 3734 848 3859 presbyteri
890 3733 974 3788 vel
1012 3732 1221 3787 diaconi
1263 3747 1383 3787 eum
1423 3731 1580 3803 plebe
1613 3748 1710 3788 seu
1737 3736 1982 3803 portione
2010 3736 2120 3805 ple-

580 3807 686 3859 ium
738 3820 833 3859 oro
877 3804 1062 3859 eiectis
1103 3803 1368 3859 eoiseoois
1412 3804 1622 3859 scripta:
1654 3803 1907 3859 peculiari
1934 3808 2119 3859 atatim

580 3807 686 3860 ium
713 3803 833 3873 'pro
877 3804 1062 3873 ejectis
1103 3803 1368 3871 episcopis
1407 3804 1622 3875 scripta:
1654 3803 1907 3873 peculiari
1934 3803 2119 3875 gratim

538 3891 605 3930 ac
642 3876 856 3931 factioni
899 3875 1058 3931 tribui
1098 3884 1328 3945 queunt;
1371 3873 1429 3945 si
1461 3878 1756 3943 praesertim
1786 3873 1960 3943 potior
1986 3880 2118 3933 eleri

539 3961 814 4018 parscum
843 3946 944 4002 alia
977 3944 1389 4018 plebiumiparte
1411 3944 1625 4018 Basilidi
1652 3955 1707 4018 et
1726 3945 1949 4018 martiali
1970 3962 2119 4003 com-

537 4016 842 4074 municasse
884 4017 1151 4073 credatur.
1188 4017 1453 4072 Caeterum
1497 4016 1798 4087 (quidquid
1828 4018 1878 4072 id
1906 4021 2029 4087 est)
2061 4028 2118 4076 ut

534 4091 602 4145 ad
652 4090 1066 4159 appellationum
1113 4101 1330 4143 causam
1380 4086 1700 4159 redeamus,
1750 4089 1937 4144 audire
1985 4089 2115 4146 libet

534 4158 865 4231 Stephanum
898 4159 1195 4224 Baluzium,
1227 4160 1314 4230 qui
1345 4174 1477 4231 sane
1502 4158 1936 4231 Romanmsedis
1979 4176 2115 4230 prae-

532 4230 785 4301 rOgativis
811 4232 1033 4286 nimium
1067 4231 1348 4286 indulsisse
1379 4230 1486 4284 diei
1518 4231 1718 4299 nequit.
1741 4230 1919 4303 Recte,
1944 4232 2114 4303 inquit

532 4314 650 4359 not.
691 4305 759 4357 27
788 4304 855 4357 ad
899 4302 1182 4372 epistolam
1211 4302 1875 4372 metnoratanLCypriani,
1917 4319 1981 4355 es:
2019 4302 2112 4357 hoc

530 4374 733 4445 collegit
752 4370 1015 4445 Baronius
1038 4372 1444 4445 antiquissimum
1475 4372 1529 4425 in
1554 4370 1792 4445 Ecclesia
1820 4389 1971 4427 usum
2003 4390 2109 4429 esse

532 4454 591 4497 ut
605 4443 679 4496 etc
698 4444 1043 4496 remotissimis
1066 4445 1199 4514 orbis
1226 4443 1453 4513 partibus
1481 4444 1702 4514 episcopi
1728 4445 1815 4513 qui
1840 4459 1893 4496 se
1916 4445 2109 4513 injusta

533 4529 799 4584 perpessos
820 4530 925 4567 esse
947 4530 977 4565 a
998 4513 1205 4584 collegis
1233 4514 1338 4565 suis
1375 4513 1658 4584 crederent,
1687 4527 2015 4581 provocarent
2039 4521 2108 4569 ad

532 4581 831 4639 Romanum
850 4594 1105 4652 tamquam
1126 4581 1192 4635 ad

532 4599 831 4639 Humanum
850 4599 1105 4652 tamquam
1126 4599 1191 4635 aa
1252 4599 1513 4637 rimartum
1542 4599 1786 4637 ecclesia:
1810 4599 2104 4640 unwersatzs

531 4654 830 4710 antistitem.
866 4653 933 4707 Et
962 4654 1173 4724 [uulgata
1204 4599 1424 4707 ἔειπαϋί
1451 4653 1800 4724 annotatione
1829 4671 1930 4724 qua
1963 4657 2104 4711 idem

530 4733 816 4790 Statuerat,
844 4725 991 4778 addit
1016 4742 1029 4777 :
1054 4720 1254 4777 Futilia
1277 4732 1394 4777 sunt
1418 4739 1532 4790 qua:
1561 4723 1643 4777 hic
1664 4720 1903 4779 adversus
1927 4724 2110 4782 Pame-

529 4794 660 4848 lium
691 4796 893 4860 scripsit
930 4793 1244 4849 Goulartius.

599 4866 762 4941 933
787 4866 872 4922 l0.
891 4866 1279 4941 EpiseOpalium
1300 4879 1580 4941 causarum
1602 4868 1905 4941 exemplum
1935 4869 2101 4941 aliud,

599 4882 762 4937 933
787 4882 872 4922 ‘IU.
891 4882 1279 4990 upuseopanum
1300 4882 1580 4922 causarum
1602 4882 1905 4937 exemptum
1935 4882 2101 4941 aliud,

527 4940 671 5008 quod
715 4942 929 5005 Quesne
955 4936 1036 5008 lus
1075 4946 1371 5008 memorat,
1401 4948 1484 4993 eSt
1507 4936 1636 4991 illud
1665 4937 1939 5004 lnstantii,
1985 4940 2108 4997 Sal-

528 5007 670 5082 viani
714 5017 768 5063 et
794 5007 1161 5082 PriscillianiL
1181 5010 1269 5078 qui
1312 5022 1344 5062 a
1374 5009 1849 5082 Casarauguslatia
1896 5014 2104 5082 synodo

525 5079 1081 5151 absentesdamnaiti,
1130 5078 1353 5151 Romam
1386 5078 1731 5151 iprofectiad
1776 5078 2058 5137 Damasum
2085 5124 2101 5151 ,

528 5158 669 5227 teste
715 5150 951 5227 Sulpicio
999 5148 1135 5206 Hist.
1182 5149 1333 5207 Sacr.
1382 5150 1537 5227 l._tt,
1569 5166 1635 5227 c._
1666 5149 1845 5227 48,se
1884 5148 2105 5227 purgare

524 5221 803 5293 cupientes,
819 5221 897 5275 ne
924 5222 980 5275 in
1003 5231 1326 5291 conspectum
1352 5223 1558 5293 quidem
1587 5224 1698 5292 ejus
1718 5221 1931 5280 admissi
1957 5221 2098 5281 sunt.

523 5290 1002 5367 Caesargugustana
1041 5290 1240 5363 pariter
1264 5290 1502 5367 synodus
1542 5290 1617 5348 ad
1640 5295 1947 5365 Hispaniam
1977 5313 2102 5367 spe-

523 5371 655 5419 ctat.
691 5363 826 5418 Hine
853 5373 1031 5419 autem
1069 5372 1214 5434 patet
1259 5363 1547 5434 quamdam
1572 5363 1986 5434 appellationem
2009 5363 2102 5424 'in-

524 5435 837 5509 {ei-positam
868 5434 1055 5509 fuisse,
1074 5448 1191 5505 quae
1213 5444 1388 5509 tamen
1411 5452 1440 5490 a
1469 5439 1722 5509 pontifice
1750 5448 1966 5509 recepta
1993 5455 2098 5494 non

522 5503 647 5580 fuit,
673 5520 740 5562 eo
764 5505 907 5580 quod
939 5514 1067 5580 nota
1091 5503 1246 5580 erant
1273 5503 1485 5580 illorum
1513 5508 1760 5575 crimina,
1782 5518 1837 5564 et
1864 5503 2100 5580 appelli-

524 5576 600 5630 tio
629 5577 996 5651 innocentium
1014 5576 1210 5651 favore
1235 5578 1450 5651 inducta
1485 5580 1681 5647 apertis
1712 5576 1977 5636 haereticis
2008 5598 2099 5651 pa.

524 5649 778 5721 trociuari
806 5662 920 5721 non
934 5648 1146 5721 debuit.
1177 5648 1317 5716 Quot
1344 5650 1466 5704 alite
1491 5652 1878 5721 appellationes
1908 5648 2095 5709 eadem

526 5715 739 5793 ratione
759 5720 1051 5793 repudiatae
1084 5715 1332 5790 leguntur
1362 5721 1428 5775 ab
1457 5715 1633 5790 iis'qui
1658 5726 1961 5778 certissimo
1977 5727 2097 5793 jure

525 5786 846 5847 utebantur?
874 5786 1163 5861 Perperaui
1198 5800 1377 5848 autem
1418 5786 1735 5861 Quesnellus
1762 5786 2094 5853 ilhrum're-

2228 3243 2313 3308 pla
2337 3281 2350 3305 ,
2384 3232 2518 3310 qua!
2550 3232 2991 3295 consuetudinem
3033 3232 3324 3296 ostendunt
3348 3284 3362 3301 ,
3398 3232 3537 3293 ultro
3563 3232 3760 3310 confessi

2224 3306 2381 3377 sunt,
2402 3306 2469 3364 ἰιι
2501 3312 2663 3382 liquet
2690 3327 2756 3366 ex
2786 3312 3079 3379 Augusﬁno
3122 3314 3277 3381 opiSt.
3319 3311 3425 3365 209
3464 3312 3525 3362 ad
3554 3306 3767 3382 Caelesti:

2226 3373 2599 3452 nutn'papan'i,
2626 3383 2758 3437 alias
2779 3373 2938 3450 epist.
2966 3384 3017 3447 1,
3047 3373 3187 3436 inter
3214 3382 3331 3436 illas
3360 3378 3622 3452 Ctelestini
3646 3373 3765 3452 apud

2225 3450 2287 3533 1).
2320 3447 2963 3533 Onustantiumnnuin.__8
2996 3473 3009 3506 :
3039 3453 3287 3533 Exisiun‘t
3586 3447 3767 3533 inquii.

2222 3522 2336 3593 ipsa
2358 3524 2479 3577 sede
2510 3525 2795 3598 apostolica
2810 3525 3091 3598 judicante.
3108 3525 3185 3598 vel
3214 3524 3427 3598 aiiorum
3440 3516 3657 3597 judice!!!
3681 3516 3766 3598 Ιίζῖ

2221 3584 2422 3666 illatae,
2449 3584 2695 3666 quosdam
2725 3584 2827 3662 prd
2857 3596 3021 3666 culpis
3043 3594 3352 3666 quibusdam
3371 3584 3455 3666 nec
3500 3584 3762 3666 episcopali

2222 3660 2471 3731 spoliatos
2495 3667 2701 3729 honore,
2726 3660 2827 3719 nec
2850 3660 3065 3720 relictos"
3079 3665 3381 3719 omnimodis
3408 3660 3694 3731 impunitos;
3721 3664 3770 3711 εί

2225 3729 2579 3807 tumantiqua
2605 3748 2713 3791 tum
2738 3738 2969 3791 recentia
3000 3736 3267 3807 ejusmodi
3293 3729 3529 3803 exempla
3551 3729 3768 3807 indicans

2222 3806 2435 3875 subjieit
2465 3801 2657 3874 {Quae
2694 3819 2749 3861 ut
2788 3825 2819 3861 a
2862 3801 3049 3861 nostris
3098 3806 3405 3877 temporibus
3454 3801 3765 3858 remotissima

2220 3893 2323 3931 non
2350 3879 2634 3947 requiram,
2663 3880 2885 3934 recentia
2913 3879 3222 3933 memorabo.
3253 3876 3376 3932 Tria
3410 3887 3583 3947 autem
3611 3886 3769 3927 exem-

2221 3948 2303 4031 pla
2336 3945 2781 4031 proiert.,_eaque
2809 3965 2876 4005 ex
2902 3966 3013 4031 una
3046 3950 3319 4031 provincia
3351 3945 3767 4031 Caesariensibei

2218 4018 2273 4073 in
2300 4020 2550 4087 peculiari
2582 4018 2952 4075 tantummodo
2971 4020 3271 4090 judieornm
3300 4019 3479 4087 specie
3510 4018 3765 4090 Augusiint

2216 4083 2392 4163 θδάξίε
2422 4101 2778 4163 congruente,
2812 4107 2914 4158 qua
2943 4083 3060 4159 q'uis
3090 4108 3179 4146 nec
3206 4083 3487 4163 episcopali
3512 4089 3575 4141 sit
3599 4083 3764 4163 spolia-

2216 4169 2295 4214 tus
2321 4153 2553 4229 honore:
2570 4178 2661 4215 nec
2694 4153 2903 4217 rel-ictus
2932 4153 3245 4215 omnimodis.
3269 4153 3574 4231 impunitus.
3608 4153 3673 4231 Et
3701 4153 3767 4206 his

2214 4232 2317 4286 alia
2350 4235 2500 4302 plura
2525 4226 2763 4287 aliarum
2804 4235 3194 4301 provinciarum
3224 4240 3278 4287 et
3315 4226 3548 4285 aliorum
3570 4226 3767 4302 judicio-

2212 4315 2332 4356 rum
2351 4300 2606 4371 exempla
2627 4300 2855 4373 quisque
2879 4306 3144 4371 eonjiciet.
3166 4304 3221 4357 In
3249 4303 3391 4356 hunc
3425 4300 3765 4373 antetulerunt

2211 4374 2488 4428 admonuit
2525 4368 2594 4429 Ῥ.
2627 4368 3017 4430 Constantius}
3055 4374 3365 4445 Apostolij
3384 4374 3534 4445 sedis
3554 4373 3611 4445 in
3638 4368 3766 4437 Afro-

2210 4459 2327 4496 rum
2339 4446 2554 4516 judieiis
2581 4454 2803 4512 potestas
2833 4446 2990 4517 (adde
3017 4457 3070 4499 et
3099 4443 3479 4517 consuetudo)
3510 4444 3591 4496 hic
3610 4446 3767 4517 pperlt

2213 4514 2548 4585 prcedicatur.
2580 4517 2694 4586 Ipsa
2724 4514 2882 4571 causa
2915 4518 3128 4571 Antonii
3162 4517 3402 4582 episc0pi
3440 4514 3765 4586 Fussalensisj,

1252 4584 1513 4657 rimarium
1542 4561 1786 4657 Ecclersia:
1810 4587 2107 4640 universalis
2137 4561 2188 4623 Ῑ)
2214 4561 2286 4639 de
2314 4604 2415 4656 qua
2449 4561 2778 4656 Augu'stinus
2808 4561 2860 4642 in
2897 4561 3365 4657 eadem'epi'slola'
3395 4586 3657 4657 loquitur,
3684 4561 3769 4657 fuit

2216 4654 2554 4728 appellatio,
2591 4658 2819 4725 primum
2850 4658 2915 4712 ad
2964 4654 3291 4712 Bonifacium
3327 4654 3545 4726 papam,
3580 4654 3656 4728 cui
3684 4654 3772 4728 ipse

2214 4727 2481 4783 Numidia:
2528 4730 2722 4796 primas
2768 4744 3021 4783 assensus
3066 4740 3143 4784 est
3174 4772 3188 4792 .
3237 4727 3702 4796 cotnmendatitias
3734 4727 3771 4772 et

2215 4797 2418 4872 iittcras
2440 4793 2655 4854 tradens
2684 4800 2749 4854 ad
2772 4799 3019 4872 eumdem
3042 4800 3371 4855 Bonifacium
3392 4816 3408 4864 ;
3433 4799 3560 4854 dein
3588 4796 3647 4850 ad

2214 4868 2497 4935 lcetinum,
2531 4872 2682 4940 cujus
2722 4870 2925 4939 judicio
2954 4872 3285 4942 Augustinus
3323 4880 3478 4939 gesta
3528 4868 3773 4942 transmig-

2214 4947 2368 5007 tens,
2402 4933 2507 4997 non
2551 4933 2819 4997 reluctans
2839 4981 2852 5003 ,
2884 4941 2979 4996 sed
3007 4933 3291 4998 obsecutus
3324 4933 3691 5012 'convincitur.
3720 4933 3773 5012 El

2216 5022 2273 5065 ut
2306 5014 2409 5068 alia
2441 5013 2813 5069 Africanorum
2863 5012 3171 5067 omittamus
3225 5012 3473 5081 exempla
3499 5054 3513 5075 ,
3545 5010 3669 5067 satis
3693 5010 3776 5059 erit

2210 5082 2449 5155 indicare
2477 5085 2893 5154 appellationem
2926 5084 3168 5153 Lupicini
3200 5086 3309 5137 Afri
3337 5085 3771 5155 episeoiii,_quanl

2206 5153 2323 5225 ipse
2350 5156 2456 5211 Leo
2479 5150 2740 5210 memorat
2761 5156 2813 5209 in
2842 5150 3067 5224 epistola
3100 5156 3166 5210 12
3194 5155 3261 5207 ad
3283 5150 3577 5225 epiScojios
3604 5150 3776 5225 Muni-

2210 5221 2391 5297 tanite,
2424 5242 2547 5296 cap.
2578 5227 2666 5282 12.
2696 5221 2891 5281 Confer
2926 5241 3045 5296 qua:
3074 5227 3140 5281 de
3165 5226 3248 5280 his
3275 5224 3533 5279 Afrorum
3562 5221 3773 5297 appeila‘

2208 5291 2441 5369 tionibus
2474 5291 2642 5353 fusius
2669 5291 2997 5353 disseremus
3031 5296 3208 5368 capite
3238 5298 3484 5369 scqugmi
3505 5336 3521 5361 ,
3543 5313 3605 5369 Β,
3637 5291 3749 5369 g5,"

2282 5368 2367 5423 12.
2399 5369 2652 5424 Celebres
2684 5381 2807 5423 sunt
2850 5364 3241 5436 appellationes
3273 5384 3341 5422 ex
3372 5368 3508 5436 ipsis
3540 5364 3775 5420 Ecclesiis

2206 5440 2441 5513 Orientis
2480 5441 2752 5510 Eutychis,
2778 5439 3126 5513 Theodoriti,
3163 5439 3401 5494 Flaviani
3434 5451 3484 5513 et
3535 5438 3778 5513 aliorum,

2205 5511 2273 5565 de
2300 5514 2493 5581 quibus
2536 5509 3002 5565 observationibus
3033 5513 3099 5564 ad
3131 5522 3417 5580 sequentes
3444 5509 3779 5581 Disserial§0°

2204 5598 2299 5654 nes
2317 5574 2485 5653 '935
2514 5585 2774 5654 adversus
2813 5583 3169 5648 Quesnellum
3211 5574 3605 5654 disputabitur.
3635 5574 3775 5654 Ceie-

2202 5647 2476 5708 Ι)τὶδῖιὲιῆ
2504 5670 2570 5708 ex
2604 5647 3145 5708 Orientevetustiora
3189 5647 3432 5717 exempla
3467 5647 3778 5710 Athanasii,

2202 5724 2458 5795 Marcelli,
2482 5728 2819 5795 aliorumque
2854 5726 3227 5793 episc0p0rutn
3255 5722 3526 5785 Thraciae,
3558 5718 3784 5786 Ctelesy-

2199 5794 2296 5852 τίω
2325 5806 2379 5853 et
2400 5796 2719 5860 Pal-estiam.
2746 5795 2836 5853 aui
2861 5796 3093 5853 Romam
3111 5811 3165 5851 se
3188 5795 3545 5863 contulerunt,
3562 5800 3612 5848 et
3636 5800 3790 5846 secum
