3984 6306
524 275 630 335 559

991 263 1224 325 PASCll.
1263 238 1645 332 QUESNELLI
1684 250 2280 315 DISSERTATIONES
2318 255 2383 314 IN
2427 256 2486 313 S.
2528 244 2773 311 LEONIS
2814 244 3025 311 MAGNI
3067 246 3322 310 OPERA.
3665 259 3756 318 ιω

523 392 596 445 ris
616 385 835 443 instituti
864 392 909 438 et
934 391 1226 437 reverentue
1252 380 1385 433 sedis
1417 374 1711 446 apostolica:
1736 371 1925 446 mentio
1954 380 2107 446 testa-
2136 373 2193 432 Α
2217 372 2290 426 uti
2347 369 2615 441 colligitur
2644 385 2707 446 cit
2761 384 2879 424 can.
2928 367 2984 435 4,
3018 367 3123 446 ubi
3155 368 3225 446 de
3270 366 3505 446 deposno
3539 370 3756 446 episcopo

524 441 788 516 turiliinc
828 453 962 509 illud
1002 454 1088 521 jus
1136 441 1545 521 Sardicensibus
1590 444 1887 521 canonibus
1923 441 2107 521 refert,

522 513 659 603 quos
690 540 868 603 tamen
886 513 1086 603 ,ρθτίθηι
1112 522 1400 592 praemissae
1426 513 1820 603 dissertatis!“
1836 514 2110 603 ἓςέἓᾙιέῖ

521 583 652 659 Filii
688 601 739 654 in
778 583 993 651 modum
1024 583 1360 668 dislorquere
1403 587 1602 668 studet.
1640 585 1773 668 Vide
1822 583 2110 668 miriﬁcam

522 672 759 728 hominis
787 668 1187 724 cohaerentiam.
1216 663 1327 716 Hoc
1358 670 1538 715 autem
1565 660 1618 714 in
1647 660 1768 713 nisu
1792 665 1925 728 quot
1956 670 2109 712 erro-

519 759 614 800 res
645 743 824 813 paucis
856 732 1376 813 periodisintexuit!
1403 730 1473 788 Ut
1499 746 1585 785 res
1608 728 2111 813 tota_plsnees_pl‘o§

524 799 753 883 rateque
786 799 1058 883 noscatur,
1090 806 1224 883 ipsis
1255 803 1487 883 primum
1510 799 1825 883 .canonibus
1868 800 2111 854 recitatis

520 873 874 942 sinceriorem
896 873 1305 949 explicationem
1336 873 1700 944 subjiciemus.

598 958 652 1013 5.
693 954 941 1009 Canones
966 942 1585 1026 hucpertinentes‘sunt
1618 943 1759 1012 apud
1800 942 2111 1026 Dionysium

526 1028 791 1097 Exiguum
831 1038 951 1078 can.
978 1024 1034 1097 ᾗ,
1064 1017 1193 1097 {et
1232 1020 1284 1083 7,
1313 1017 1401 1097 qu_i
1426 1025 1757 1097 postremus
1805 1017 2004 1097 rectius
2053 1017 2109 1068 in

526 1086 715 1154 Graeco
745 1105 827 1148 est
853 1108 973 1149 can.
996 1093 1049 1147 5.
1084 1090 1157 1145 Ex
1198 1104 1319 1144 can.
1362 1089 1397 1143 5
1426 1088 1565 1141 hanc
1604 1086 1845 1140 ultimam
1878 1092 2110 1155 partem,

526 1185 645 1239 quae
674 1167 847 1220 solum
889 1163 956 1218 ad
996 1177 1107 1217 rem
1141 1166 1729 1239 praesentemospectat,
1754 1154 1992 1239 quaeque
2034 1154 2116 1239 id-

529 1225 673 1294 circo
698 1245 945 1308 separato
974 1225 1199 1308 numei'o
1216 1230 1447 1308 ell‘ertur
1473 1225 1686 1282 in'mss.
1718 1225 1947 1308 aliarum
1976 1225 2115 1308 anti-

531 1296 777 1379 quarum'
801 1306 1177 1379 collectionum
1216 1301 1547 1379 Latinarum,
1572 1296 1914 1379 exoripsisse
1966 1296 2118 1379 suffi-

531 1368 673 1435 ciat:
707 1379 768 1433 Si
789 1378 970 1446 aliquis
1001 1376 1358 1447 episcoporum
1373 1370 1638 1447 judicatus
1670 1369 1823 1447 fuerit
1857 1370 1909 1421 in
1933 1368 2115 1438 aliqua

527 1467 705 1515 causa,
733 1460 777 1502 et
803 1440 945 1516 pulat
970 1440 1227 1499 se'bona’m
1239 1440 1457 1516 causam
1480 1441 1685 1516 habere,
1707 1450 1763 1516 ut
1781 1440 1965 1516 iterum
1992 1455 2116 1493 con—

525 1510 703 1578 cilium
734 1510 836 1588 (sic
871 1521 1171 1588 Dionysms.
1202 1514 1321 1567 alia:
1351 1512 1698 1588 collectiones
1746 1510 1947 1588 Latinae
1981 1525 2113 1588 cum

527 1580 1042 1657 Cra-co,‘judicium')
1074 1594 1371 1648 renovetur;
1402 1585 1447 1637 si
1465 1583 1601 1636 vobis
1633 1581 1820 1657 placet,
1967 1580 2116 1657 Petri

530 1651 1071 1730 apostoli—memoriam
1103 1660 1424 1730 honoremus,
1462 1662 1516 1730 ut
1547 1653 1801 1730 scribatur
1834 1651 1897 1704 ab
2024 1652 2114 1722 qui

530 1722 740 1790 causam
756 1732 1107 1785 examinarunt
1134 1727 1272 1798 (alite
1286 1725 1641 1798 collectiones
1658 1725 1858 1798 Latina:
1876 1722 2080 1777 addunt
2096 1740 2110 1798 ς

529 1804 607 1858 vel
631 1808 695 1855 ub
721 1801 970 1870 episcopis
1004 1800 1089 1868 qui
1125 1792 1179 1851 in
1207 1798 1449 1865 proxima
1496 1796 1765 1870 provincia
1816 1792 2114 1870 morantur)

527 1874 672 1929 Julia
706 1865 937 1925 Romano
973 1865 1239 1942 episcopo;
1276 1878 1324 1922 et
1362 1870 1405 1942 si
1423 1866 1743 1942 judicavcrit
1758 1865 2113 1942 renovandum

528 1962 634 2000 esse
650 1944 929 2016 judicium,
961 1935 1248 2001 renovetur,
1272 1950 1318 1991 et
1340 1935 1687 2016 det'judices._
1705 1935 1767 1991 Si
1802 1947 1971 1989 autem
1991 1951 2115 2005 pro-

530 2008 719 2070 baverit
750 2015 902 2067 talem
941 2026 1150 2065 causam
1192 2025 1299 2063 esse
1328 2019 1383 2061 ut
1418 2024 1523 2060 non
1562 2008 1868 2076 refricentur
1910 2023 1971 2061 ea
2004 2020 2119 2077 quae

530 2097 643 2140 acta
666 2095 802 2147 sunt,
834 2100 947 2151 qua:
976 2081 1247 2136 decreverit
1267 2079 1585 2151 conﬁrmata
1601 2089 1785 2151 erunt:
1804 2077 1865 2132 Si
1892 2079 1987 2131 hoc
2008 2094 2116 2130 ont-

528 2158 675 2211 nibus
698 2149 895 2221 placet?
927 2152 1169 2223 Synodus
1196 2151 1491 2218 respondit:
1519 2150 1719 2223 Placet.
1748 2149 1933 2223 Canuti
1958 2166 2118 2223 (piar-

529 2236 615 2280 tus
638 2247 647 2279 :
675 2219 991 2280 Gaudentius
1022 2223 1287 2292 episcopus
1312 2223 1473 2274 dixit:
1500 2219 1829 2283 Addendum,
1863 2221 1910 2292 si
1927 2221 2113 2289 placet,

529 2299 647 2351 huic
688 2298 970 2357 sententiae,
993 2309 1147 2364 quam
1186 2291 1391 2363 plenam
1422 2292 1691 2364 sanctitate
1722 2291 2030 2361 protulistis,
2058 2299 2117 2344 ut

528 2385 644 2422 cum
673 2368 859 2437 aliquis
883 2361 1437 2437 episcopusdepositus
1462 2361 1614 2430 fuerit
1644 2378 1822 2416 eorum
1850 2365 2117 2437 episc0po-

528 2456 641 2492 rum
659 2432 863 2511 judicio
885 2432 973 2506 qui
996 2432 1247 2511 inivicinis
1277 2432 1401 2511 locis
1422 2444 1821 2511 commorqntui,
1845 2441 1892 2485 et
1916 2433 2117 2511 procla-

528 2502 737 2562 maverit
781 2502 1032 2579 agendum
1068 2505 1161 2579 sibi
1196 2505 1455 2579 negotium
1497 2504 1550 2556 in
1600 2503 1719 2579 urbe
1758 2502 1959 2579 Roma;
1988 2503 2118 2579 alter

528 2582 795 2648 episcOpus
816 2574 875 2633 in
903 2579 1010 2647 ejus
1032 2574 1292 2648 cathedra,
1310 2583 1440 2648 Apost
1468 2574 1999 2648 appellationemejus
2027 2574 2117 2644 qui

528 2645 728 2704 videtur
749 2666 857 2704 esse
877 2645 1157 2717 depositus,
1181 2646 1386 2717 omnino
1405 2660 1505 2717 non
1529 2645 1814 2717 ordinetur,
1839 2646 2118 2717 uisigcausa

528 2720 683 2788 fuerit
718 2722 773 2773 in
808 2713 1010 2791 judicio
1036 2716 1257 2791 episcopi
1270 2713 1515 2791 _Routani_
1542 2716 1898 2791 determinata.
1920 2715 2115 2791 ganon

527 2783 966 2860 septimus,'alias
988 2783 1232 2857 quintus:
1260 2785 1413 2839 Osius
1434 2787 1701 2860 episcopus
1720 2786 1888 2860 discit;
1912 2783 2116 2860 Placuit

528 2857 700 2915 autem
734 2870 786 2914 ut
819 2862 864 2914 si
890 2860 1155 2931 episcopus
1186 2866 1453 2931 accusatus
1495 2859 1669 2931 fuerit,
1700 2868 1747 2911 et
1773 2857 2119 2931 iudicaverint

527 2933 823 3003 congregati
851 2927 1326 3003 episcopircgionis
1348 2928 1528 3003 ipsius,
1550 2937 1595 2981 et
1619 2929 1680 2981 de
1697 2929 1863 2998 gradu
1885 2944 1976 3003 suo
1998 2944 2116 3003 eum

528 2998 824 3070 dejecefint,
858 2998 897 3055 si
924 3000 1368 3070 appellaveritqui
1394 2999 1616 3067 dejectus
1646 3009 1741 3064 est,
1765 3008 1811 3051 et
1832 2998 2117 3069 confugerit

528 3024 590 3057 ae
618 3024 824 3067 ecertnt,
858 3024 897 3055 ει
924 3024 1254 3070 αρρειιιιυεῐιι
1281 3024 1368 3068 ιμιι
1394 3024 1615 3067 αιτμςυιαδ
1646 3024 1741 3064 εδι,
1765 3024 1811 3051 ει
1832 3024 2112 3069 cuu’ugcru

526 3024 610 3127 ad,
622 3076 913 3144 (’plSt‘Opttm
952 3071 1197 3144 Romana:
1224 3069 1489 3144 Ecclesia‘,
1525 3078 1573 3144 et
1599 3070 1809 3144 ooluerit
1838 3086 1893 3144 se
1921 3072 2112 3137 audiri,

530 3146 568 3197 si
589 3121 1067 3219 ju'stumrputarerit
1092 3150 1153 3219 ut.
1171 3151 1437 3219 renooetur
1453 3121 1713 3219 judicium
1732 3139 1809 3193 vel
1837 3121 2114 3219 discussio:
2142 3121 2189 3186 ο

526 3210 607 3267 nis
629 3210 860 3277 exanimi,
889 3212 1105 3266 scribere
1134 3210 1215 3283 his
1240 3210 1491 3280 episcopis
1537 3213 1878 3283 digneturqui
1916 3214 1966 3265 in
1993 3213 2117 3281 [iui-

527 3285 651 3336 tima
681 3295 725 3337 et
754 3286 1038 3354 propinqua
1062 3282 1321 3354 provincia
1344 3291 1481 3346 sunt,
1507 3294 1557 3334 ut
1579 3283 1678 3350 ipsi
1708 3282 1988 3354 diligenter,
2007 3299 2117 3336 om-

526 3356 615 3426 nia
641 3352 922 3422 requirant,
951 3352 995 3408 et
1017 3357 1173 3426 juxta
1201 3352 1608 3426 ﬁdentoveritatis
1654 3353 1919 3426 deﬁniunt.
1958 3353 2112 3418 Quod

527 3425 572 3476 si
592 3425 634 3477 is
660 3428 746 3495 qui
776 3436 918 3494 rogat
950 3424 1157 3478 causam
1189 3440 1335 3495 suam
1355 3424 1539 3476 iterum
1567 3424 1738 3495 audiri
1760 3426 2116 3492 deprecatione

529 3510 625 3566 sua
652 3493 857 3548 moverit
878 3496 1170 3564 episcopum
1193 3493 1480 3548 Romanum
1498 3503 1551 3546 ut
1570 3494 1633 3566 de
1661 3495 1820 3566 latere
1846 3510 1938 3566 suo
1968 3512 2113 3566 pres-

530 3565 758 3636 byterum
813 3567 997 3631 mittat,
1030 3567 1124 3619 erit
1153 3566 1204 3617 in
1242 3572 1488 3636 potestate
1516 3564 1744 3636 episwpi
1772 3565 1896 3630 quid
1925 3564 2041 3620 velit
2064 3576 2115 3621 et

527 3634 651 3707 quid
677 3639 908 3691 (Bstimet.
943 3636 1010 3690 Et
1038 3640 1081 3689 si
1111 3636 1381 3707 decreverit
1416 3634 1683 3707 mittendos
1715 3649 1821 3688 esse
1855 3637 1943 3703 qui
1983 3653 2116 3707 prte-

524 3705 687 3761 seutes
721 3725 837 3761 cum
857 3709 1109 3780 episcopis
1130 3705 1387 3780 judicent,
1419 3706 1657 3780 habentes
1686 3707 1796 3780 ejus
1817 3705 2114 3780 auctorita-

527 3786 646 3842 tem,
683 3796 713 3831 a
745 3796 841 3847 quo
871 3776 1110 3832 destinati
1134 3776 1277 3847 sunt,
1311 3777 1405 3828 erit
1449 3776 1502 3827 in
1530 3791 1623 3828 suo
1651 3777 1879 3847 arbitrio.
1908 3777 1969 3832 Si
1998 3795 2112 3833 vero

525 3844 799 3902 crediderit
841 3851 1109 3919 episcopos
1132 3844 1355 3919 sufﬁcere
1403 3847 1695 3919 ut_negotio
1733 3846 1894 3919 947
1938 3852 2113 3903 termi-

524 3934 647 3972 num
688 3915 972 3987 imponant,
1011 3915 1163 3987 faciet
1199 3918 1333 3985 quod
1365 3915 1989 3987 sapientissimo'coiisilio
2017 3936 2110 3975 suo

520 3988 846 4060 iudicaverit.

599 4060 652 4115 6.
681 4059 762 4127 lii
793 4072 1027 4113 canones
1056 4057 1313 4113 adversus
1343 4056 1675 4113 Eusebianos
1696 4059 1897 4115 conditi
1926 4061 2114 4117 viden-

524 4137 631 4184 tur.
677 4131 843 4186 Siculi
874 4130 1015 4183 enim
1043 4140 1229 4184 contra
1271 4130 1369 4184 hos
1393 4131 1484 4200 qui
1521 4130 1577 4184 S.
1619 4130 1912 4186 Athanasio
1954 4140 2114 4188 antea

522 4200 705 4271 inique
745 4200 1103 4272 condemnato
1139 4216 1351 4256 omnem
1396 4201 1751 4256 restitutionis
1799 4218 1949 4272 spem
2000 4205 2113 4259 adi-

526 4285 754 4335 mentes,
796 4273 848 4325 in
887 4270 1219 4327 Antiochena
1279 4272 1694 4342 pseudosyuodo
1742 4270 2111 4330 successorem

522 4343 816 4416 elegerant,
853 4342 1195 4416 sardicenses
1238 4343 1423 4416 Patres
1461 4343 1795 4416 scripserunt
1826 4345 2112 4416 synodicae

523 4412 716 4481 quibus
747 4413 999 4467 eumdem
1034 4412 1454 4467 Alexandrinum
1498 4413 1789 4468 antistitem
1845 4412 2112 4472 innocen-

2215 456 2392 497 sermo
2427 439 2541 500 est:
2578 442 2742 495 verba
2778 450 2956 495 autem
3004 439 3330 504 Audendum,
3368 440 3411 493 si
3446 439 3616 510 placet,
3660 439 3759 500 huic

2211 514 2492 578 sententiae,
2521 524 2652 575 etc.,
2680 514 2820 566 hunc
2861 525 3125 565 canonem
3165 518 3411 580 quartum
3453 512 3516 566 ad
3544 513 3755 572 eamdem

2213 599 2427 639 causam
2476 583 2762 638 anterioris
2806 583 3029 636 canonis
3071 580 3259 636 referri
3309 589 3487 649 aperte
3528 582 3753 642 indicant.

2214 655 2348 710 Hinc
2371 654 2533 711 etiam
2566 653 2853 724 Dionysius
2877 653 3108 724 damnati
3131 651 3368 721 episcopi
3393 654 3691 709 mentionem
3710 659 3755 713 in

2216 727 2369 781 titulo
2391 741 2442 781 c.
2470 726 2506 781 ὅ
2537 722 2742 792 posuit:
2776 724 2927 792 Quod
2955 724 2999 777 si
3020 722 3297 777 damnatus
3325 725 3642 792 appellaverit
3664 726 3755 782 Ro-

2215 813 2423 852 manum
2476 797 2787 865 pontiﬁcem.
2842 795 3129 865 Dionysius
3166 792 3403 864 quidem,
3450 796 3580 851 sicut
3626 798 3757 856 etiam

2214 878 2401 924 auctor
2463 866 2799 923 collectionis
2849 865 3244 935 Quesnellianse
3283 865 3335 919 in
3382 865 3549 931 titulo,
3586 884 3757 926 necnon

2219 938 2527 995 Ferrandus
2558 940 2607 993 in
2634 937 2908 994 Breviario
2931 938 2998 991 de
3025 936 3385 1007 appellatione
3406 937 3471 991 ad
3500 938 3755 997 Romanum

2222 1011 2528 1081 pontiﬁcem
2562 1010 2897 1081 hoccanone
2925 1007 3015 1081 agi
3038 1018 3523 1077 prtesumpserunt;
3548 1009 3685 1079 idque
3705 1027 3755 1066 ex

2217 1079 2282 1137 eo
2308 1081 2556 1137 videntur
2586 1079 2898 1147 deduxisse,
2929 1080 3055 1150 quia
3077 1088 3185 1134 tota
3215 1093 3301 1134 res
3325 1093 3533 1134 summo
3559 1082 3755 1150 pontiﬁci

2216 1152 2553 1208 decernenda
2604 1151 2905 1220 subjicitur.
2951 1149 3022 1205 At
3070 1150 3116 1206 si
3153 1150 3368 1220 propria
3408 1149 3672 1220 appellatio
3706 1152 3757 1207 ad

2218 1223 2402 1280 sedem
2450 1223 2799 1292 apostolicam
2844 1222 2913 1277 ab
2951 1221 3207 1291 episcopo
3238 1221 3486 1289 deposito
3528 1222 3758 1291 interiecta

2218 1295 2425 1360 fuisset,
2450 1294 2595 1349 illam
2624 1293 2783 1349 Osius
2808 1293 2939 1348 satis
2964 1292 3317 1361 expressisset
3347 1293 3401 1347 in
3435 1293 3547 1361 ipso
3566 1309 3753 1360 canone,

2217 1366 2294 1420 uti
2320 1366 2595 1435 expressit
2618 1378 2738 1419 can.
2770 1365 2822 1430 7,
2854 1365 2924 1419 al.
2961 1364 3017 1429 5,
3056 1378 3159 1435 nec
3182 1364 3251 1418 de
3277 1363 3468 1435 eadem
3498 1365 3638 1420 initio
3665 1381 3757 1420 can.

2184 1436 2251 1501 ,7
2281 1433 2421 1491 idem
2450 1435 2726 1491 decretum
2752 1436 3105 1504 repetendum
3136 1433 3328 1489 fuerat.
3368 1434 3487 1504 Ipsa
3527 1446 3655 1491 certe
3690 1452 3758 1490 ca-

2220 1508 2376 1562 nonis
2410 1507 2552 1561 tertii
2586 1507 2747 1561 verba
2779 1506 2911 1561 nihil
2940 1506 3167 1573 amplius
3188 1506 3452 1573 indicant,
3475 1506 3570 1562 nisi
3595 1521 3757 1563 sermo-

2218 1593 2341 1633 nem
2373 1592 2493 1648 esse
2522 1577 2590 1633 de
2612 1577 2885 1648 episcopo,
2908 1578 2997 1648 qui
3033 1576 3202 1643 prima
3233 1577 3545 1647 cognitione
3578 1579 3759 1633 damna-

2220 1659 2323 1717 tus,
2359 1657 2420 1703 ut
2448 1647 2562 1703 ﬁeri
2600 1649 2830 1715 solebat,
2859 1663 2888 1701 a
2928 1647 3370 1720 suserprovinciae
3413 1650 3663 1720 episcopis
3686 1664 3757 1703 no-

2219 1735 2340 1775 vam
2379 1734 2556 1775 causa:
2585 1720 2949 1790 cognitionem
2985 1718 3276 1789 efﬂagitet:
3312 1718 3480 1775 Putat
3525 1738 3573 1775 se
3595 1718 3759 1775 boum

2221 1807 2431 1845 causam
2461 1790 2660 1856 habere,
2703 1802 2759 1844 ut
2794 1792 2981 1845 iterum
3022 1790 3293 1844 concilium
3336 1790 3757 1861 renovetur;un

2220 1861 2718 1945 quidcm‘secpndaa
2747 1861 3068 1945 cognitionis
3105 1861 3365 1945 judicium
3401 1877 3473 1919 ex
3508 1863 3757 1945 facilioriet

2220 1932 2571 2004 frequentiori
2599 1948 2719 1999 usu,
2744 1932 2835 1988 ubi
2865 1948 3119 1999 exoressa
3145 1932 3212 1987 ad
3243 1933 3437 1990 sedem
3464 1935 3758 2003 apostolicam

2218 2005 2508 2073 appellatio
2530 2019 2635 2057 non
2660 2004 3075 2077 intercessisset,
3113 2019 3143 2058 a
3181 2004 3430 2077 finitimis
3459 2007 3693 2077 episcopis
3715 2005 3755 2060 in

2222 2076 2488 2147 synodum
2511 2076 2767 2145 cogendis
2796 2075 3157 2147 querebatur.
3186 2074 3514 2147 Decernitur
3545 2074 3692 2131 autem
3714 2082 3759 2130 ut

2218 2145 2273 2202 in
2326 2147 2582 2203 honorem
2632 2148 2921 2217 memoriae
2952 2148 3010 2201 S.
3055 2145 3200 2217 Petri
3239 2146 3338 2215 ipsi
3374 2148 3583 2217 jndices
3614 2147 3760 2217 prima

2219 2220 2502 2273 sententia:
2528 2217 2770 2272 scribant
2800 2217 2867 2272 ad
2896 2216 3093 2272 Julium
3137 2216 3447 2274 Romanum
3496 2216 3757 2285 antistitem,

2218 2289 2309 2357 qui
2353 2290 2399 2343 si
2430 2304 2623 2343 novum
2650 2288 2908 2357 judicium
2950 2288 3310 2343 adhibendum
3363 2290 3649 2352 crediderit,
3681 2301 3755 2342 se-

2217 2361 2405 2414 cundae
2436 2358 2754 2430 Cognitionis
2774 2360 2985 2431 judices
3010 2358 3097 2431 det
3122 2374 3187 2415 es
3221 2361 3470 2431 ﬁnitimis
3492 2364 3648 2431 utique
3663 2360 3755 2427 epi-

2219 2431 2427 2500 scopis;
2458 2429 2599 2485 unde
2630 2429 2835 2485 canone
2863 2429 2898 2483 4
2935 2429 3137 2499 aliquid
3173 2430 3485 2487 addendum
3532 2429 3759 2501 subjicitur

2220 2513 2338 2575 post
2364 2502 2477 2575 hoc
2504 2502 2796 2556 secundum
2837 2503 3193 2571 episcoporum
3222 2502 3512 2572 judicium,
3535 2500 3679 2575 quiin
3700 2500 3760 2554 vi-

2219 2573 2348 2626 cinis
2379 2572 2502 2626 locis
2533 2581 2935 2626 commorantur.

2290 2644 2342 2699 8.
2386 2642 2793 2697 Observandum
2829 2658 2989 2714 porro
3016 2653 3102 2700 est
3124 2643 3227 2701 hoc
3251 2653 3463 2700 tantum
3484 2659 3665 2701 canone
3684 2651 3757 2697 ter-

2221 2714 2295 2769 tio
2339 2714 2631 2768 adhibitam
2674 2714 2836 2770 fuisse
2876 2730 2904 2766 a
2947 2714 3196 2770 Putribus
3231 2715 3521 2771 formulam
3565 2717 3620 2773 S.
3650 2714 3760 2769 Petri

2218 2786 2439 2854 apostoli
2482 2785 2775 2839 memoriam
2818 2787 3144 2841 honoremus.
3175 2786 3276 2843 Ubi
3308 2788 3461 2842 enim
3494 2802 3590 2842 non
3626 2787 3758 2841 inter-

2217 2858 2359 2911 cedit
2384 2871 2641 2930 expressa
2676 2858 2740 2911 ad
2789 2857 3085 2930 Battiaoam
3125 2860 3312 2930 sedem
3351 2859 3656 2930 appellatio,
3690 2870 3758 2930 no-

2217 2942 2364 2989 vum,
2394 2928 2533 2997 quod
2564 2929 2866 2996 petebatur,
2894 2927 3152 2996 judicium
3180 2943 3245 2984 ex
3271 2924 3520 2984 ﬁnitimis
3543 2924 3759 2997 episcopis

2218 2998 2383 3068 quaeri
2423 2998 2651 3061 solebat,
2691 3007 2747 3052 ut
2801 3013 2865 3054 ex
2908 3013 3025 3053 can.
3086 2999 3154 3053 14
3196 2999 3537 3056 Antiocheno
3581 2999 3760 3068 aliisque

2219 3069 2541 3124 testimoniis
2571 3070 2767 3141 liquet;
2798 3084 2971 3141 neque
2990 3070 3042 3124 in
3068 3069 3167 3124 hoc
3194 3070 3494 3141 apostolica
3518 3072 3762 3126 auctoritas

2222 3141 2523 3195 necessaria
2555 3149 2690 3195 erat.
2724 3140 2855 3193 Cum
2887 3140 3047 3211 igitur
3081 3140 3437 3198 Sardi’censes
3476 3143 3645 3198 Patres
3679 3155 3761 3193 non

2220 3227 2289 3266 ex
2316 3212 2436 3281 jure
2466 3212 2607 3282 quod
2636 3221 2871 3281 cogeret,
2905 3212 2999 3266 sed
3046 3226 3111 3267 es
3142 3214 3481 3269 observantia
3521 3213 3571 3267 in
3612 3212 3761 3267 sedem

2219 3283 2568 3356 aantoliczim
2602 3283 2736 3356 hanc
2765 3282 3076 3356 methodum
3099 3287 3301 3356 servari
3329 3285 3686 3356 praceperint,
3715 3290 3761 3336 ut

2220 3352 2320 3409 hac
2344 3355 2550 3408 ratione
2583 3353 2825 3423 ejusdem
2866 3353 3010 3410 sedis
3039 3352 3415 3411 auctoritatem
3450 3352 3765 3410 ethonoretn

2219 3435 2620 3494 promoverettt,
2648 3426 2733 3479 cui
2761 3424 3045 3479 Eusebiani
3062 3426 3350 3482 detrahere
3369 3426 3535 3482 conati
3558 3424 3766 3488 fuerant,

2218 3510 2281 3550 ea
2310 3495 2536 3548 formula
2572 3497 2655 3551 usi
2687 3495 2953 3550 videntur.
2990 3495 3044 3550 In
3079 3498 3181 3553 hoc
3201 3507 3376 3552 autem
3412 3495 3651 3566 pontificii
3676 3495 3773 3563 pri-

2219 3575 2396 3639 matus
2422 3567 2558 3620 ratio
2586 3565 2764 3621 habita
2806 3566 2925 3639 fuit.
2958 3566 3141 3639 Neque
3168 3570 3308 3623 enim
3349 3564 3484 3622 hunc
3523 3564 3769 3639 honorem

2218 3636 2477 3709 Romanae
2504 3638 2618 3691 sedi
2659 3638 2819 3709 iidem
2867 3636 3406 3705 Patres—detulerunt,
3440 3637 3586 3709 quasi
3632 3644 3774 3705 puta-

2218 3718 2338 3762 rent
2378 3708 2577 3762 nullnm
2618 3709 2716 3768 ipsi
2756 3708 2845 3777 jus
2892 3709 2943 3763 in
2981 3710 3425 3779 appellatioilibus
3462 3708 3766 3779 competere,

2216 3779 2357 3849 quod
2412 3775 2770 3850 sequentibus
2800 3775 3095 3835 canonibtis
3133 3785 3264 3836 satis
3302 3782 3654 3844 declararunt,
3691 3775 3769 3833 sed

2216 3851 2336 3922 quia
2367 3866 2431 3905 eo
2457 3866 2669 3921 quoque
2699 3866 2825 3905 casu
2857 3867 2962 3920 quo
2986 3852 3197 3922 judices
3218 3869 3284 3908 cx
3314 3852 3551 3907 finitimis
3571 3850 3767 3921 provin-

2214 3920 2314 3975 ciis
2343 3920 2617 3986 darentur,
2668 3923 2825 3976 citius
2869 3924 2937 3977 ab
2974 3920 3036 3977 ea
3078 3924 3205 3980 sede
3246 3925 3454 3979 dandos
3494 3920 3765 3985 crederent,

2215 4007 2335 4063 quae
2366 3995 2577 4047 ratione
2611 3994 2869 4061 primatus
2911 3994 2965 4048 in
2988 4009 3175 4050 omnes
3217 3993 3477 4050 Ecclesia:
3504 3990 3771 4063 provincias

2209 4062 2638 4143 jurisdictionem
2669 4063 2919 4143 habebat,
2952 4080 3111 4143 quam
3153 4080 3183 4143 ἓ
3228 4062 3639 4143 metropolitano
3670 4063 3771 4143 epio-

2215 4135 2507 4207 soopo,qu_i
2539 4150 2630 4203 per
2658 4150 2717 4207 se
2750 4136 2801 4189 in
2832 4138 3121 4207 provinciae
3152 4135 3393 4191 finitima!
3423 4140 3687 4207 episcopos
3705 4135 3773 4207 ni-

2216 4203 2288 4259 hil
2318 4202 2455 4273 juris
2479 4202 2657 4260 habet.
2680 4202 2945 4260 Caeterum
2977 4210 3074 4261 hac
3097 4206 3322 4262 formula
3353 4202 3713 4265 abstinuerunt
3726 4202 3772 4258 in

2215 4276 2509 4349 canonibus
2544 4278 2914 4346 sequentibus,
2940 4278 3039 4349 iubi
3082 4278 3151 4335 de
3185 4280 3554 4349 appellatione
3594 4273 3774 4349 proprio

2215 4346 2356 4401 dicta
2385 4347 2452 4400 ad
2474 4362 2740 4402 summum
2773 4348 3076 4422 pontificem
3101 4346 3280 4404 sermo
3305 4362 3411 4418 est,
3437 4353 3559 4422 quia
3591 4346 3665 4403 hic
3685 4360 3771 4401 non

2215 4433 2422 4491 merum
2453 4422 2708 4491 honorent
2738 4419 2871 4491 alias
2903 4435 3007 4473 non
3032 4422 3421 4487 necessrium,
3454 4419 3549 4478 sed
3571 4421 3653 4491 jus
3676 4432 3770 4491 pro:

528 4489 634 4566 tem
666 4482 1027 4562 declararunt,
1055 4498 1275 4566 suaeque
1318 4483 1433 4566 sedi
1469 4486 1843 4566 restituerunt,
1888 4488 1964 4566 ita
2013 4488 2111 4543 hos
2135 4505 2189 4566 ι)
2216 4489 2658 4566 priumejusdem
2689 4490 2846 4566 sedis
2868 4503 3151 4545 noverunt.
3186 4492 3361 4566 Verba
3398 4482 3588 4549 autem
3611 4482 3774 4566 laudati

525 4564 760 4605 canones
794 4554 1039 4626 sanxisse
1069 4553 1330 4626 yidentur_
1345 4556 1415 4626 ob
1440 4553 1845 4611 contundendas
1888 4558 2111 4626 injustas

525 4635 712 4695 eorum
739 4623 989 4695 querelas
1017 4623 1283 4695 adversus
1304 4623 1501 4678 iulium
1535 4626 1865 4695 pontiﬁcem,
1898 4623 1961 4681 ac
1990 4629 2033 4682 si
2064 4628 2111 4685 is

526 4689 877 4765 Orientalium
910 4693 1235 4763 synodorum
1267 4693 1391 4763 jura
1416 4689 1688 4759 violasset,
1718 4710 1835 4750 cum
1854 4689 2109 4765 ejusdem

524 4761 803 4817 Athanasii
834 4775 886 4819 et
913 4761 1141 4835 aliorum
1165 4761 1537 4835 episcoporum
1565 4766 1797 4822 Orientis
1824 4761 2109 4824 ad'Romu-

523 4847 649 4909 nam
681 4835 861 4909 sedem
876 4834 1293 4909 confligentium
1319 4834 1508 4909 causas
1540 4846 1659 4906 post
1679 4853 1863 4894 eorum
1896 4841 2111 4909 deposi-

521 4904 723 4985 tionem
743 4904 1111 4985 dijudicapdas
1133 4910 1390 4985 suscepit,
1418 4904 1553 4985 illud
1572 4909 1914 4985 praeferentes
1936 4904 2019 4985 (ut
2037 4926 2106 4969 ex

517 4974 645 5055 Julii
667 4977 899 5055 epistola
928 4976 1263 5055 adeosdem,
1289 4974 1437 5055 ore;
1466 4974 1703 5055 ipsorum
1736 4974 2106 5055 pseudosyno-

665 5044 969 5127 sardicensi
1002 5049 1187 5119 liquet)
1219 5044 1361 5119 quod
1392 5044 1540 5127 sicut
1557 5044 1857 5127 Orientales
1894 5044 1994 5127 suo
2016 5054 2105 5127 ju-

520 5114 661 5197 dicio
692 5135 804 5197 non
827 5114 1177 5197 subjecei'unt'
1195 5114 1389 5197 causas
1409 5123 1476 5197 a_b
1500 5121 1935 5197 Occidentalibus
1965 5114 2102 5180 deli-

520 5191 680 5260 nitas,
711 5191 808 5245 sed
834 5206 1017 5246 eorum
1046 5191 1245 5260 judicia
1276 5200 1391 5248 rata
1425 5191 1683 5259 habuere,
1715 5195 1787 5249 ita
1809 5196 1969 5253 etiam
2002 5212 2103 5254 nec

520 5257 887 5336 Occidentales
933 5257 1337 5336 episcopi,_nec
1375 5263 1490 5332 ipse
1538 5257 1811 5322 Romanus
1864 5270 2102 5336 pontifex

517 5326 742 5403 deberet
767 5346 890 5387 sese
930 5326 1191 5403 ingerere
1216 5333 1269 5388 in
1307 5326 1482 5389 causis
1512 5335 1767 5401 Orientis,
1798 5326 1897 5393 nec
1926 5347 2101 5395 retra-

516 5410 664 5479 ctare
688 5402 1037 5479 Orientalium
1056 5404 1393 5479 synodorum
1418 5404 1644 5477 judicia,
1668 5410 1815 5478 quasi
1847 5409 2099 5479 primatui

517 5468 775 5545 Romana:
795 5475 938 5529 sedis
960 5468 1436 5531 nihil'subessent.‘
1629 5468 1643 5477 ’
1683 5468 1701 5478 ’
1847 5468 1864 5479 ’
1892 5538 1899 5545 ,

595 5544 647 5622 7ἶ
690 5543 937 5622 Porro_ut
956 5546 1218 5622 genuinus
1237 5561 1427 5622 sensus
1449 5549 1670 5622 istorum
1694 5543 1956 5605 canonum
1976 5567 2100 5622 per-

517 5614 1191 5683 spiciatur,advertendum
1222 5628 1306 5673 cst
1327 5620 1378 5674 in
1408 5621 1564 5674 tertio
1592 5635 1798 5676 canone
1824 5614 2016 5677 verba:
2034 5623 2096 5680 Si

519 5685 701 5811 aliquis
738 5687 1086 5813 episcoporum
1125 5688 1389 5758 judicatus
1424 5692 1579 5760 fecerit
1619 5692 1673 5744 in
1707 5692 1880 5762 aliqua
1918 5710 2096 5761 causa,

542 5770 576 5810 ιι
617 5768 757 5813 Icare
783 5770 883 5813 con
924 5762 1282 5813 conlationem
1304 5776 1400 5813 seu
1414 5762 1808 5813 deuositloncm
1829 5764 2091 5813 eniscnni-

542 5762 757 5813 ndicare
783 5762 1282 5816 condemnationem
1304 5776 1400 5819 seu
1414 5762 1808 5832 depositioucm
1829 5764 2092 5837 episcopi,

2218 4562 2440 4633 canonis
2476 4578 2489 4613 :
2522 4559 2583 4615 Si
2623 4561 2763 4633 vobis
2792 4560 2982 4631 placet,
3014 4578 3117 4617 non
3152 4564 3539 4633 trepidantium
3566 4571 3617 4621 et
3647 4559 3775 4617 dubi-

2221 4631 2444 4706 tantium
2486 4640 2630 4693 sunt,
2662 4643 2717 4685 ut
2740 4632 3059 4706 Qu_esnel_lus
3096 4631 3377 4702 perperam
3424 4637 3777 4706 interpretatus

2217 4704 2446 4777 est,§etl_
2482 4705 2782 4777 communis
2804 4702 2911 4777 fuit
2955 4703 3207 4777 formula,
3254 4716 3309 4760 ut
3363 4707 3538 4777 liquet
3570 4702 3636 4762 ex
3678 4702 3776 4757 aliis

2214 4771 2379 4847 949
2401 4773 2643 4847 ejusdem
2665 4774 2879 4847 concilii
2904 4771 3220 4841 cauonibus,
3254 4778 3346 4847 qui
3387 4771 3518 4834 cum
3553 4783 3713 4833 certas
3734 4777 3781 4827 et

2208 4843 2533 4919 j_ustiss_imas
2574 4844 2715 4919 leges
2742 4844 2990 4919 Aliserint,
3030 4847 3228 4901 nullam
3272 4843 3683 4919 irepidationetn
3728 4855 3780 4899 ³6

2213 4913 2555 4987 formidinem
2586 4916 2942 4987 recipiebant.

2284 4985 2338 5041 9.
2372 4986 2633 5061 ltaporro
2661 4983 2943 5043 commode
2986 4988 3301 5061 intelligitur
3334 4990 3633 5048 discrimen
3659 4983 3783 5061 quod

2214 5056 2496 5131 intercedit
2524 5058 2665 5113 inter
2702 5061 2985 5131 can.5.iet
3013 5055 3274 5131 canonem
3304 5064 3360 5131 7,
3407 5063 3486 5119 al.
3516 5062 3572 5119 5.
3611 5055 3781 5117 ln'illo

2210 5127 2353 5205 enim
2375 5127 2447 5205 de
2489 5143 2645 5205 me_ra_
2670 5131 2794 5185 novi
2817 5130 3004 5199 judicii
3048 5130 3317 5205 petitione
3338 5127 3524 5205 agitur
3558 5134 3673 5190 sine
3696 5143 3724 5185 ι

2211 5198 2494 5271 pellatioue
2520 5200 2586 5254 ad
2615 5198 2912 5256 Romanum
2947 5198 3274 5271 pontiﬁcem,
3310 5198 3508 5261 in'ltoc
3540 5215 3710 5261 autem

2208 5270 2817 5347 appellationeproprie
2844 5270 2984 5347 dicta
3012 5274 3090 5347 ad
3130 5277 3448 5347 episcopum
3474 5276 3783 5345 Romanum;

2206 5341 2275 5396 ad
2302 5356 2460 5418 quem
2506 5341 2792 5418 episcopus
2838 5343 3113 5414 depositus
3154 5341 3475 5418 confugere,
3525 5362 3592 5405 ac
3627 5341 3785 5418 ipsum

2207 5413 2580 5486 appellationis
2605 5413 2868 5484 judicium
2902 5413 3219 5485 promovere
3254 5413 3518 5486 traditur;
3550 5413 3688 5475 unde
3708 5416 3785 5475 hil

2205 5498 2327 5556 can:
2362 5484 2413 5548 7,
2437 5484 2506 5539 al.
2539 5485 2593 5553 5,
2629 5502 2733 5541 non
2760 5501 2890 5542 vero
2906 5484 3034 5542 can.
3059 5490 3114 5556 5,
3142 5490 3374 5547 insertus
3404 5484 3513 5545 fuit
3533 5506 3564 5545 a
3586 5489 3784 5549 Zosimo

2204 5553 2260 5630 in
2280 5554 2709 5630 glomntonitorio
2736 5558 2877 5630 quod
2901 5558 3053 5613 dedit
3083 5553 3269 5630 legatis
3298 5561 3362 5616 ad
3388 5560 3685 5618 Africanos
3709 5575 3788 5630 an,

2202 5625 2329 5702 418,
2359 5642 2480 5680 cum
2508 5625 2921 5702 appellationem
2960 5625 3173 5702 proprie
3202 5633 3395 5689 dictam
3430 5649 3463 5687 a
3495 5628 3790 5702 Sardiceusi

2201 5696 2843 5776 confirmatam’probare
2890 5696 3077 5776 voluit:
3125 5704 3265 5776 Duos
3302 5714 3495 5760 autem
3524 5696 3789 5776 judicaudi

2203 5767 2571 5843 modosOsius
2601 5767 2705 5828 hoc
2731 5785 2859 5829 casu
2885 5773 3260 5845 appellationis
3282 5767 3603 5848 praposuit,
3635 5778 3679 5833 si
3699 5775 3797 5831 llo-

3198 5884 3290 5906 νοςι·
3308 5886 3343 5911 ..1

3448 5906 3468 5916 ‘
3482 5910 3639 5929 αρε-θ.-,-
3656 5902 3690 5933 ςὲ

3914 5812 3917 5833 l

3906 5832 3917 5879 Ξ

3908 5890 3915 5927 l
