3984 6306
457 238 565 301 867

932 234 1176 293 PASCH.
1215 234 1601 303 QUESNELLI
1638 234 2229 297 DISSERTATIONES
2264 236 2331 293 IN
2369 236 2430 295 S.
2473 236 2716 295 LEONIS
2757 234 2971 293 MAGNI
3009 236 3269 296 OPERA.

3622 245 3727 308 568

454 356 581 429 dem
610 352 1031 429 appellationum
1046 348 1549 429 cognoscendaruni
1575 350 1714 429 ratio
1741 354 2037 429 przestituta
2069 351 2131 414 Α
2152 351 2367 429 dedisse
2395 353 2649 429 credatur
2674 353 2777 409 alia
2797 354 3126 429 quaestione
3151 354 3529 429 episcoporum
3548 360 3723 429 appet-

455 426 559 481 fuit
587 421 709 482 can.
736 423 858 491 125,
884 423 1022 492 apud
1046 421 1380 495 Dionysium.
1418 421 1625 495 Placuit
1654 431 1707 495 ut
1736 424 2041 495 presbyteri,

459 497 671 551 diaconi
707 497 786 549 vel
824 495 996 549 atteri
1035 492 1297 562 inferioris
1337 494 1532 547 ordinis
1574 492 1747 548 clerici
1787 496 1838 548 in
1875 492 2043 548 causis

461 585 587 639 quas
632 566 903 639 habuerint
923 609 950 639 ,_
986 564 1165 639 _si_de_
1181 564 1395 639 judiciis
1435 566 1789 639 episc0p0rum
1832 582 2042 639 suorum

458 635 620 710 questi
655 635 1056 710 fuerint,_uicini
1084 635 1307 710 episcopi
1332 650 1416 688 eos
1445 635 1679 699 audiant,
1703 644 1809 691 etc.
1836 636 1892 691 1d
1915 651 2044 691 vero

458 706 621 764 unum
655 706 796 779 quod
824 707 1107 779 Africanos
1149 707 1250 761 hac
1286 706 1337 760 in
1369 722 1429 761 re
1459 721 1776 779 permovere
1805 716 2041 779 poterat,

461 780 559 835 fuit
581 777 850 849 delegatio
871 778 1187 849 apostolica,
1209 792 1313 845 qua
1341 777 1685 849 appellationi
1708 778 2046 834 satisfacien-

458 851 586 906 dum
610 847 859 908 laudatus
882 847 1124 919 pontifex
1145 847 1393 904 duxerat;
1418 848 1568 905 lianc
1585 863 1737 916 vero,
1760 865 1878 917 quae
1900 864 2043 905 nova

462 921 732 978 Africanis
762 918 899 989 erat,
924 929 982 976 ut
1007 918 1253 975 Zosimus
1282 920 1628 989 approbatam
1660 920 1932 987 suaderet,
1955 935 2046 976 ca-

460 1008 659 1049 nonem
686 992 721 1048 5
747 992 1305 1063 Sardicensemkqui
1339 990 1605 1060 ejusmodi
1652 990 2043 1063 delegationem

458 1064 778 1134 praestituit.
828 1078 933 1119 una
963 1076 1085 1118 cum
1114 1061 1233 1134 aliis
1278 1062 1488 1118 duobus
1518 1061 1815 1134 canonibus
1856 1063 2044 1118 Sardi-

459 1132 712 1191 censibus
727 1134 1064 1190 Nictenorum
1082 1132 1300 1205 nomine
1316 1133 1397 1205 (ut
1417 1134 1469 1188 in
1492 1133 1769 1189 codicibus
1788 1133 2045 1189 Romana:

461 1206 720 1262 Ecclesiae
760 1214 917 1261 erant
952 1203 1226 1276 inscripti)
1257 1203 1926 1276 comntonitorioginseruit
1954 1219 2047 1261 se-

460 1276 693 1332 cundum
726 1291 848 1331 eum
881 1274 1142 1331 ordinem‘
1155 1290 1262 1345 quo
1291 1276 1342 1330 in
1375 1275 1562 1331 iisdem
1594 1274 1869 1330 codicibus
1900 1276 2047 1343 lege-

458 1347 687 1402 bantur:
722 1347 825 1403 hac
846 1348 990 1403 enim
1012 1346 1079 1402 de
1100 1360 1262 1418 causa
1282 1359 1454 1402 canon
1476 1348 1532 1418 _5_,
1555 1347 1627 1401 al.
1649 1348 1704 1412 7,
1727 1348 1790 1401 de
1809 1346 2046 1418 appella-

460 1418 683 1474 tionibus
711 1420 1071 1489 episcoporum
1097 1416 1165 1471 ad
1192 1416 1444 1473 Romanis
1464 1416 1711 1489 Ecclesia:
1730 1416 2047 1474 sacerdotem

457 1489 694 1558 primum
733 1488 910 1545 locum
952 1490 1007 1544 in
1047 1490 1461 1544 commonitorio
1490 1488 1705 1554 habuit,
1750 1490 2045 1545 secundum

463 1569 645 1616 autem
674 1574 848 1616 canon
882 1561 938 1625 8,
975 1576 1041 1632 ne
1071 1560 1296 1632 episcOpi
1334 1560 1401 1614 ad
1434 1560 1731 1614 comitatum
1748 1561 2047 1632 importune

464 1633 734 1704 navigem,
769 1646 832 1704 ac
863 1631 1078 1687 tertium
1102 1630 1277 1704 canon
1308 1632 1397 1697 17,
1431 1631 1494 1704 de
1519 1630 1803 1704 tractandis
1833 1630 2044 1703 presby-

464 1701 690 1758 terorum
713 1712 760 1756 et
782 1702 1113 1758 diaconorum
1139 1701 1306 1756 causis
1329 1704 1397 1757 ad
1415 1702 1668 1774 ﬁnitimos
1693 1701 2047 1774 episcopos,‘si

464 1789 498 1827 a
522 1774 632 1856 suis
652 1774 1079 1856 eacommunicati
1106 1773 1607 1856 perperamfuerint.

534 1843 625 1897 22.
669 1842 728 1898 1η
772 1842 1505 1912 οοητηιοιιίιοτὶσεὶηψιίοθε
1548 1857 1786 1900 canones
1829 1844 2043 1902 inserti.

462 1914 661 1970 Eorum
693 1924 873 1971 autem
918 1930 1052 1970 usus
1080 1915 1137 1969 in
1165 1916 1519 1984 quaestionem
1551 1914 1616 1969 de
1646 1931 1748 1983 qua
1781 1916 2046 1985 agendum

462 1995 598 2054 erat,
642 1987 834 2057 legatis
861 2000 965 2042 non
996 2002 1090 2056 per
1115 1987 1460 2055 scripturam,
1503 1985 1600 2042 sed
1630 1985 1806 2057 verbis
1846 1987 2049 2057 signifi-

463 2066 617 2112 catus
641 2056 762 2129 l'uit.
796 2056 1044 2129 Injuncta
1069 2059 1210 2129 enim
1235 2057 1380 2112 nobis
1405 2066 1546 2120 sunt,
1572 2057 1739 2129 inquit
1760 2056 2047 2115 Faustinus

462 2130 519 2183 in
545 2127 751 2199 synodo
771 2127 868 2183 ait;
882 2127 1008 2197 419,
1034 2145 1067 2181 a
1088 2127 1207 2182 sede
1226 2129 1511 2199 apostolica
1530 2128 1705 2199 aliqua
1726 2144 1814 2199 per
1834 2129 2047 2200 scriptu-

461 2215 597 2263 ram,
629 2200 805 2270 aliqua
831 2201 987 2254 etiam
1015 2199 1069 2253 in
1094 2200 1425 2270 mandatis...
1457 2201 1588 2254 sicut
1616 2201 1671 2253 in
1698 2200 1851 2270 gestis
1889 2199 2047 2268 supe-
2077 2258 2083 2265 ,

464 2270 686 2324 rioribus
714 2268 1052 2325 meminimus.
1101 2268 1316 2325 Utinam
1361 2268 1713 2339 superessent
1743 2269 1858 2325 haec
1894 2282 2049 2328 ante-

463 2342 624 2396 rioris
646 2341 833 2413 synodi
857 2350 1023 2413 gesta,
1045 2356 1167 2395 cum
1185 2342 1391 2397 scilicet
1412 2340 1614 2396 laudati
1634 2342 1789 2410 legati
1808 2340 2049 2397 Africam

464 2413 733 2482 ingressi,
781 2412 999 2480 Patres,
1046 2413 1137 2483 qui
1183 2413 1339 2469 citius
1383 2426 1713 2483 congregare
1758 2422 2049 2482 potuerunt

466 2498 610 2537 anno
654 2484 802 2555 118,
856 2482 1141 2553 antequam
1189 2491 1474 2555 cogeretur
1496 2482 1757 2553 ’plenaria
1800 2487 2049 2555 synodus

465 2553 718 2625 anni419
739 2552 1125 2619 convenerunt,
1160 2568 1223 2609 ac
1254 2552 1406 2609 suam
1433 2552 1752 2625 legationem
1782 2552 1853 2610 de
1883 2555 2049 2625 Apia-

466 2624 532 2680 rii
574 2625 934 2694 appellatione
960 2634 1315 2695 exsequentes
1347 2624 1674 2680 memoratos
1714 2624 1948 2681 canones
1990 2627 2048 2682 in

468 2696 883 2767 commonitorio
904 2696 1203 2764 descriptos
1222 2695 1553 2767 produxere,
1576 2709 1869 2767 eorumque
1889 2712 2047 2753 usum

467 2766 683 2837 inirem
725 2767 791 2821 de
831 2782 933 2837 qua
963 2766 1433 2837 agebatur’verbis
1471 2766 1858 2835 exposuerunt.
1911 2768 2049 2825 Hinc

467 2836 613 2893 enim
661 2836 1028 2905 palam'tleret
1065 2853 1169 2908 quo
1211 2852 1376 2894 sensu
1417 2852 1590 2894 canon
1636 2839 1934 2907 praesertim
1978 2840 2050 2895 de

465 2908 829 2993 appellatione
849 2910 1223 2993 episcoporum
1245 2924 1423 2993 causa:
1442 2908 1815 2993 appellationis
1834 2910 2049 2993 presby-

467 2982 831 3053 teri_aptatus
880 2980 1062 3035 fuerit.
1114 2980 1310 3053 Magna,
1348 2988 1405 3035 et
1450 2981 1699 3035 diuturna
1745 2980 2048 3053 disceptatio

465 3051 684 3122 prolixis
738 3060 993 3123 gestorum
1045 3051 1385 3123 uoluminibus
1426 3060 1668 3123 contenta
1714 3051 1944 3107 traditur
1990 3052 2046 3107 in

467 3121 695 3191 epistola
740 3121 1114 3177 Africanorum
1162 3122 1230 3177 ad
1277 3122 1607 3178 Bunifacium
1658 3139 1711 3179 η.
1741 3124 1768 3177 1
1799 3134 1855 3178 et
1886 3125 1941 3179 '5.
1992 3124 2048 3178 ln

468 3192 678 3265 synodo
706 3196 831 3247 anni
860 3192 964 3265 419
994 3193 1099 3248 hoc
1126 3208 1287 3247 unum
1315 3208 1344 3246 a
1379 3192 1634 3265 Faustino
1667 3194 1961 3260 indicatur,
2000 3196 2054 3250 in

469 3263 703 3336 laudatis
730 3264 1090 3318 anterioribus
1118 3266 1282 3335 gestis
1309 3276 1488 3320 actum
1518 3264 1685 3321 fuisse
1715 3267 2054 3336 potissimum

470 3334 538 3388 de
573 3332 803 3389 Nicwnis
844 3332 1143 3402 canonibus,
1190 3343 1247 3389 ut
1288 3346 1645 3389 conseruentur
1689 3332 1736 3390 et
1780 3336 2055 3390 constituta

470 3420 647 3459 eorum
689 3416 736 3459 et
775 3405 1119 3473 consuetudo;
1162 3408 1283 3476 quia
1328 3404 1504 3474 aliqua
1544 3405 1726 3460 ordine
1768 3417 1818 3460 et
1856 3422 2055 3462 canone

469 3482 739 3543 tenentur,
793 3477 967 3541 aliqua
1016 3477 1382 3532 consuetudine
1433 3476 1640 3545 ﬁrmata
1685 3486 1827 3531 sunt.
1881 3477 2057 3545 Quor-

473 3560 594 3602 sum
633 3545 824 3617 isthaec
865 3548 1091 3603 canonis
1129 3558 1289 3617 atque
1330 3547 1741 3617 consuetudinis
1782 3548 2055 3602 distinctio

469 3617 527 3672 in
565 3616 974 3688 appellationem
1012 3616 1258 3688 Apiarii?
1305 3618 1466 3683 Haec,
1519 3626 1576 3671 ut
1621 3616 1921 3684 credimus,
1969 3620 2056 3673 in-

470 3688 589 3759 nuit
637 3704 897 3744 cauonem
950 3689 1018 3745 de
1066 3688 1513 3759 appellationibus
1561 3689 1933 3757 episcoporum
1986 3690 2055 3744 ad

472 3757 777 3829 Romanum
819 3757 1125 3828 pontificem
1168 3762 1219 3814 in
1260 3758 1556 3829 presbyteri
1593 3772 1754 3814 causa
1791 3775 1857 3813 eo
1893 3774 2055 3815 sensu

472 3828 642 3885 fuisse
671 3830 990 3900 productum
1010 3872 1024 3896 ,
1069 3839 1129 3884 ut
1166 3830 1358 3883 eodem
1389 3828 1597 3884 canone
1626 3830 1919 3898 approbata
1963 3846 2056 3885 co-

472 3911 827 3971 gnosceretur
864 3901 1155 3971 apostolica
1185 3900 1451 3969 delegatio
1479 3905 1533 3955 in
1562 3901 2050 3969 appellationibus;

472 3970 919 4027 consuetudinem
970 3986 1102 4026 vero
1151 3972 1316 4025 fuisse
1364 3970 1630 4041 adjectam
1686 3986 1747 4027 ea
1800 3972 1938 4029 forte
1988 3973 2057 4028 de

473 4055 636 4114 causa
667 4043 809 4112 quod
840 4043 954 4096 haec
985 4041 1174 4098 eadem
1205 4042 1469 4112 delegatio
1510 4042 1729 4107 probata
1772 4046 1826 4099 in
1868 4044 2056 4114 appel-

476 4113 767 4185 lationibus
794 4114 1192 4185 episcoporum,
1217 4114 1413 4168 usitata
1434 4129 1648 4185 quoque
1670 4125 1813 4170 esset
1836 4117 1887 4171 in
1907 4113 2059 4185 pres-

478 4183 788 4255 byterorum
831 4183 1166 4255 aliorumque
1205 4183 1524 4240 clericorum
1566 4183 2053 4256 appellationibus;

476 4256 641 4327 961
668 4258 851 4325 sicque
879 4256 1115 4313 Africani
1145 4257 1382 4328 episc0pi
1425 4273 1530 4311 non
1572 4258 1963 4321 obniterentur,
2009 4260 2055 4314 si

476 4335 620 4394 quod
644 4328 711 4398 de
736 4328 893 4398 primi
915 4331 1128 4398 generis
1156 4328 1609 4398 appellationibus
1636 4330 1909 4384 decretum
1941 4329 2057 4385 fue-

480 4404 598 4463 rat,
642 4397 695 4448 in
725 4397 1084 4470 appellatione
1114 4397 1312 4467 Apiarii
1345 4400 1644 4470 presbyteri
1689 4400 2055 4470 recipiendum

2151 424 2461 490 lationibns,
2496 425 2561 481 de
2586 442 2685 495 qua
2721 426 2924 479 nullum
2953 428 3004 480 in
3034 424 3115 480 his
3144 424 3721 486 circumstantiis'iudi-

2148 496 2288 568 cium
2309 505 2413 557 est.
2440 512 2570 552 usus
2592 508 2645 553 et
2665 496 2956 567 explicatio
2981 499 3252 568 proposita
3274 498 3403 554 satis
3427 499 3720 567 probabiles

2144 566 2550 636 judicabuntur.

2216 637 2307 693 25.
2337 638 2393 692 In
2439 644 2538 693 hac
2561 648 2738 693 autem
2767 645 2877 694 tota
2916 638 3301 708 disceptatione
3332 640 3569 697 Africani
3606 658 3719 709 per-

2149 710 2391 783 spexisse
2414 709 2685 783 videntur,
2717 725 2817 765 nec
2839 725 3100 783 canonem
3132 711 3188 777 5,
3216 710 3351 765 alias
3375 712 3425 783 7,
3455 712 3528 767 de
3553 714 3720 783 appel-

2149 778 2351 853 latione
2372 780 2437 835 ad
2458 778 2751 836 Romanam
2768 781 2974 853 sedem,
2991 795 3089 837 nec
3109 782 3557 837 consuetudinem
3577 778 3720 853 quam

2150 849 2698 924 legatiingesserant,
2730 851 3009 924 suil‘ragari
3043 853 3094 907 in
3121 866 3283 908 causa
3305 852 3546 924 Apiarii;
3573 849 3723 924 siqui-

2148 921 2270 995 dem
2303 922 2395 977 ille
2421 938 2595 978 canon
2624 925 2691 978 de
2720 922 3122 995 episcoporum,
3141 937 3246 977 non
3264 921 3458 995 autem
3482 923 3552 980 de
3577 921 3719 995 pres-

2151 992 2463 1063 byterorum
2494 1005 2585 1049 aut
2629 994 2856 1049 aliorum
2890 993 3156 1049 inferioris
3183 994 3387 1049 ordinis
3417 992 3720 1053 clericorum

2154 1065 2604 1135 appellationibus
2629 1065 2899 1135 loquitur;
2930 1064 3264 1119 consuetudo
3290 1075 3475 1120 autem
3523 1082 3623 1135 qua
3652 1068 3722 1122 id-

2148 1132 2324 1206 ipsum
2348 1135 2593 1191 obtinere
2612 1132 2815 1192 dicium
2833 1134 2933 1190 fuit
2956 1135 3009 1189 in
3029 1137 3251 1190 istorum
3268 1132 3719 1206 appellationibus,

2151 1206 2252 1260 etsi
2282 1205 2424 1261 forte
2459 1207 2608 1272 alibi,
2640 1221 2735 1262 seu
2775 1208 2827 1260 in
2859 1206 3009 1261 Italia
3039 1208 3265 1271 vigeret,
3305 1205 3411 1262 non
3466 1218 3638 1262 tamen
3676 1212 3721 1264 in

2149 1276 2350 1342 Africa,
2377 1277 2463 1348 ubi
2494 1277 2605 1331 sola
2632 1278 2881 1333 omnibus
2912 1286 3035 1348 nota
3057 1276 3287 1332 Nicena-
3306 1277 3508 1348 synodi
3530 1280 3723 1348 decreta

2151 1347 2617 1420 custodiebantur,
2647 1350 2697 1401 in
2725 1348 2922 1420 quibus
2949 1346 3080 1402 nihil
3113 1348 3217 1403 tale
3235 1346 3602 1420 invenitur.“
3616 1350 3726 1403 sub:

2154 1417 2392 1473 indicare
2425 1417 2757 1475 arbitramur
2783 1419 2873 1474 illa
2897 1420 3152 1473 Afrorum
3186 1419 3348 1473 verba
3383 1419 3445 1475 in
3470 1420 3650 1476 litteris
3667 1420 3719 1476 ad

2151 1488 2492 1562 Bonifaciuni
2528 1504 2739 1560 papam,
2786 1490 2979 1562 quibus
3021 1504 3169 1545 num.
3214 1488 3425 1562 {hunc
3462 1502 3644 1562 rogant
3678 1500 3722 1544 at

2150 1560 2581 1631 quemadmodum
2599 1558 2611 1560 ⁷
2630 1578 2691 1615 ea
2719 1558 2860 1631 apud
2906 1560 3139 1631 Nicaeam
3181 1577 3214 1612 a
3242 1558 3504 1616 Patribus
3529 1558 3635 1616 acta
3657 1562 3720 1617 vel

2151 1632 2430 1685 constituta
2466 1641 2607 1697 sunt,
2649 1632 2721 1686 sic
2756 1630 2819 1685 ea
2862 1648 2894 1685 a
2921 1630 3064 1685 nobis
3091 1632 3252 1699 facias
3283 1634 3577 1697 custodiri;
3600 1643 3645 1688 et
3667 1634 3723 1686 ibi

2152 1702 2294 1773 apud
2317 1718 2404 1755 vos
2433 1702 2531 1756 ista
2561 1719 2674 1773 qua:
2696 1702 2907 1773 (legati)
2940 1702 2993 1755 in
3015 1703 3401 1757 commonitorio
3442 1703 3720 1770 attulerunt,

2152 1772 2320 1845 facias
2340 1771 2594 1845 exerceri;
2615 1784 2668 1828 et
2688 1771 2808 1845 cum
2828 1771 2965 1845 inira
2981 1789 3133 1845 num.
3172 1774 3205 1829 5
3240 1783 3431 1843 petunt
3463 1790 3531 1829 ne
3551 1788 3720 1845 eugan-

2153 1851 2241 1915 tur
2272 1844 2354 1898 his
2376 1843 2694 1910 canonibus,
2725 1842 2770 1899 si
2796 1858 2923 1915 vere
2953 1842 3292 1915 Nicaaninon
3323 1845 3468 1911 sint,
3500 1842 3713 1915 obligari,

2153 1914 2314 1985 etiam
2355 1932 2412 1968 eo
2452 1915 2631 1969 ordine
2657 1915 2734 1970 vel
2775 1914 2913 1985 apud
2950 1931 3037 1985 vos
3065 1916 3119 1968 in
3148 1913 3308 1968 Italia
3336 1913 3715 1970 custodirentur.

2156 1984 2291 2055 [line
2317 1986 2479 2039 etiam
2513 1985 2565 2039 in
2591 1984 2816 2055 epistola
2843 1984 2908 2055 ad
2930 1984 3279 2041 leestinum
3306 2002 3471 2041 num.
3494 1989 3554 2043 ὅς
3579 1984 3717 2040 Nulla

2153 2053 2379 2130 Patrum
2404 2053 2719 2125 deﬁnitione,
2749 2054 3017 2130 inquiunt,
3044 2060 3139 2110 hoc
3171 2057 3414 2130 Ecclesia
3452 2058 3718 2130 derogata

2153 2136 2227 2180 est
2264 2126 2556 2196 Africana;
2597 2130 2720 2197 quia
2751 2126 3001 2181 nimirum
3045 2141 3217 2182 canon
3264 2127 3332 2183 de
3378 2126 3718 2195 appellatione

2153 2198 2553 2267 episcoporum,
2586 2197 2799 2271 etiamsi
2825 2212 2983 2253 verus
3006 2206 3172 2271 esset,
3203 2198 3268 2253 ad
3298 2199 3716 2271 presbyterorum

2153 2280 2346 2339 causas
2380 2284 2485 2323 non
2512 2270 2762 2339 pertinet,
2813 2283 2914 2323 nec
2962 2268 3028 2321 ad
3072 2268 3309 2324 istorum
3352 2268 3717 2339 appéllatiooes

2156 2337 2264 2393 ulla
2290 2339 2430 2404 apud
2464 2337 2621 2393 Afros
2639 2339 3027 2395 consuetudine
3055 2348 3312 2396 extensus
3338 2337 3467 2395 fuit.

2226 2410 2317 2463 24.
2339 2408 2525 2477 Neque
2553 2418 2746 2481 tamen,
2762 2410 3068 2479 negarimus
3086 2412 3372 2467 occasione
3394 2410 3558 2481 hujus
3581 2425 3715 2467 cano-

2155 2479 2262 2540 nis.
2298 2481 2389 2550 qui
2423 2481 2491 2536 de
2516 2480 2781 2551 episcopis
2809 2482 3016 2551 statuit,
3049 2479 3503 2550 disceptationem
3535 2492 3586 2538 et
3609 2496 3717 2537 con-

2155 2551 2451 2624 tentionem
2492 2550 2729 2619 potuisse
2754 2550 3043 2608 deﬂectere
3082 2552 3149 2608 ad
3194 2554 3338 2622 ipsas
3364 2554 3713 2624 episcoporum

2154 2622 2565 2705 appellationes,
2583 2631 2848 2705 quatenus
2866 2636 2933 2676 eo
2952 2636 3160 2679 canone
3173 2622 3574 2705 proponuntur;
3592 2623 3715 2679 Licet

2153 2692 2299 2765 enim
2314 2692 2597 2765 episcopos
2611 2694 2834 2765 Romam
2853 2692 3353 2765 provocare,ibique
3365 2710 3524 2751 suam
3535 2708 3712 2750 causam

2154 2764 2329 2818 audiri
2341 2761 2591 2818 Africana
2609 2761 2909 2833 disciplina,
2926 2773 2983 2819 ut
2997 2780 3120 2820 mox
3138 2761 3516 2831 ostendemus,
3538 2780 3628 2820 non
3643 2765 3711 2819 in-

2155 2835 2469 2906 terdiceret,
2494 2844 2550 2890 et
2574 2834 2909 2891 consuetudo
2933 2836 3093 2891 etiam
3128 2836 3334 2906 aliquot
3357 2837 3610 2906 ejusmodi
3628 2848 3706 2905 ap-

2154 2905 2498 2973 pellationum
2528 2907 2801 2975 probaret,
2825 2906 2943 2960 haec
2960 2915 3137 2961 tamen
3158 2905 3518 2976 delegationis
3536 2914 3707 2976 aposto-

2154 2976 2275 3031 licae
2297 2976 2581 3033 methodus
2607 2992 2744 3033 nova
2776 2991 2997 3046 prorsus
3019 2977 3233 3049 accidit.
3249 2976 3499 3049 Cumque
3513 2976 3709 3049 episcopi

2154 3061 2223 3105 ex
2240 3062 2324 3113 ea,
2354 3049 2401 3104 si
2436 3049 2602 3103 semel
2629 3052 2981 3117 reciperetur,
3002 3047 3266 3104 Africanae
3286 3047 3582 3118 disciplima
3603 3062 3714 3102 nou-

2160 3120 2294 3172 niliil
2323 3119 2617 3188 praejudicii
2647 3119 2919 3186 timerent,
2942 3120 3056 3174 sive
3081 3120 3222 3188 quod
3249 3119 3351 3175 bac
3375 3122 3461 3175 via
3496 3120 3715 3188 frequen-

2159 3190 2327 3260 t_iores
2353 3192 2545 3245 tierent
2572 3190 2877 3259 huiusmodi
2914 3190 3320 3259 appellationes,
3363 3192 3479 3246 sive
3503 3189 3633 3260 quod
3658 3203 3715 3243 ex

2157 3258 2401 3315 Faustini
2443 3258 2714 3330 exemplo,
2762 3261 2853 3331 qui
2897 3258 3116 3331 Apiario
3160 3261 3388 3327 faverat,
3427 3277 3455 3315 a
3483 3258 3717 3331 delegatis

2157 3341 2488 3403 metuerunt,
2537 3329 2652 3387 sive
2696 3329 2801 3387 alia
2844 3329 3181 3403 quacumque
3218 3333 3287 3388 de
3323 3348 3500 3398 causa,
3541 3329 3717 3385 canopi

2158 3399 2299 3457 hanc
2328 3399 2639 3459 methbdum
2674 3399 2994 3473 proponenti
3024 3399 3266 3459 fortassis
3303 3418 3418 3459 sese
3470 3414 3714 3473 apposue-

2156 3482 2304 3541 runt,
2332 3488 2438 3529 non
2460 3485 2518 3528 ut
2539 3470 2893 3530 excluderent
2911 3487 3100 3530 omnes
3126 3474 3497 3544 appellationes
3513 3470 3709 3544 episco-

2157 3558 2372 3626 porum,
2404 3544 2497 3626 sed
2541 3554 2598 3626 ut
2642 3547 2781 3599 hanc
2809 3559 2999 3600 novam
3045 3541 3389 3626 delegationis
3417 3541 3711 3626 methodum

2157 3611 2503 3684 impedirent.
2553 3616 2666 3670 Hoc
2706 3630 2869 3670 sensu
2904 3630 3025 3670 cum
3072 3611 3245 3686 ipsum
3270 3628 3532 3686 canonem
3546 3611 3639 3686 abs
3662 3625 3718 3666 se

2157 3683 2559 3757 chequendum
2586 3686 2805 3757 polliciti
2832 3694 2958 3741 sunt
2974 3688 3026 3740 in
3044 3683 3268 3757 epistola
3294 3686 3362 3742 ad
3384 3683 3714 3757 Bonifacium,

2157 3757 2335 3827 quoad
2378 3760 2431 3811 in
2461 3756 2689 3811 Nicaanis
2718 3756 3022 3827 diligentior
3069 3755 3340 3826 inquisitio
3388 3758 3554 3821 fieret,
3602 3755 3718 3827 satis

2158 3824 2468 3883 indicarunt
2494 3842 2555 3883 se
2597 3827 2737 3882 nolle
2762 3824 2881 3899 cogi
2916 3828 2983 3883 ad
3024 3824 3158 3883 hanc
3186 3828 3517 3892 methodum,
3555 3826 3597 3881 si
3634 3824 3716 3880 Μ*

2158 3911 2310 3953 caeno
2349 3912 2558 3970 canone
2584 3901 2873 3970 constituta
2904 3914 3009 3953 non
3037 3900 3129 3967 sit,
3151 3900 3351 3970 quippe
3379 3915 3498 3969 quae
3524 3904 3718 3970 recepta

2158 3969 2289 4025 licet
2317 3971 2368 4024 in
2392 3968 2565 4037 Italia,
2591 3968 2861 4025 Africanis
2884 3972 3059 4039 ign0ta
3082 3968 3217 4025 erat.
3249 3968 3325 4025 Ita
3348 3968 3492 4025 nulla
3516 3968 3719 4039 quaestio

2159 4040 2229 4096 de
2252 4041 2626 4110 episcoporum
2654 4041 3121 4110 appellationibus,
3147 4042 3248 4097 nisi
3267 4042 3445 4112 quoad
3467 4044 3687 4112 modum.

2230 4112 2323 4168 25.
2378 4112 2486 4167 Has
2534 4112 2751 4181 quidem
2802 4112 3187 4181 appellationes
3232 4110 3337 4166 alia
3386 4110 3635 4169 methodo
3673 4110 3717 4163 in

2160 4183 2338 4240 Africa
2370 4185 2533 4238 fuisse
2557 4180 3058 4253 receptas,aliquot
3086 4185 3478 4252 episcopalium
3510 4180 3722 4253 appella-

2160 4256 2365 4310 tionum
2384 4251 2705 4309 documenta
2723 4251 3086 4310 manifestam.
3117 4256 3333 4311 Antonii
3349 4255 3587 4323 episcopi
3605 4251 3721 4306 Fus-

2159 4328 2388 4382 salensis
2414 4325 2725 4395 appellatio,
2755 4327 2841 4380 cui
2876 4334 3081 4380 tantum
3115 4327 3281 4381 abfuit
3308 4339 3365 4381 ut
3392 4324 3625 4383 Africani
3645 4335 3719 4395 reo

2163 4393 2556 4461 sisterent,nec
2571 4395 2860 4466 quidquam
2892 4397 2943 4451 in
2971 4410 3089 4452 eam
3120 4399 3322 4453 vellent
3344 4399 3639 4464 producere
3656 4393 3725 4466 (ut

478 4462 650 4527 esset,
682 4462 1133 4539 cumprmsertim
1163 4462 1322 4537 legati
1347 4462 1830 4536 sedis-apostolica:
1866 4475 1964 4525 hac
1989 4471 2056 4526 de
2082 4478 2133 4536 D
2161 4470 2219 4525 S.
2244 4467 2477 4523 Hilarius
2508 4462 2700 4539 fecisse
2717 4462 2980 4539 creditur)
3003 4484 3069 4522 ne
3091 4462 3459 4539 praeiudicium
3481 4462 3723 4539 Africanis

483 4547 646 4609 causa
680 4537 827 4609 missi
854 4539 919 4609 _in
950 4536 1342 4609 Africam,’non
1372 4541 1496 4603 soli,
1528 4539 1623 4593 sed
1656 4556 1757 4593 una
1787 4556 1909 4594 curn
1943 4542 2059 4609 epi-

484 4606 663 4669 scopis
704 4604 901 4675 vicinis
944 4608 1092 4673 juxta
1139 4607 1306 4674 ipsam
1362 4610 1699 4675 disciplinam
1750 4604 2056 4666 Africanam

479 4675 746 4729 delerent
770 4674 1034 4743 judicare,
1066 4680 1141 4731 uti
1182 4677 1317 4732 alter
1341 4674 1679 4733 Sardicensis
1707 4694 1879 4734 canon
1906 4695 2058 4736 com-

482 4746 773 4800 monitorio
801 4748 1031 4800 insertus
1055 4747 1262 4801 statuit.
1294 4746 1369 4801 Ita
1397 4763 1529 4803 sane
1552 4751 1833 4805 commode
1862 4752 2062 4807 intelli-

482 4817 627 4941 gitur
651 4832 758 4884 quo
785 4817 1093 4885 :equissimo
1119 4831 1279 4872 sensu
1312 4828 1536 4890 uterque
1562 4835 1734 4877 canon
1767 4822 1798 4875 7
1827 4832 1881 4878 et
1910 4823 1975 4878 17
2005 4823 2057 4878 in

524 4900 586 4940 ac
614 4902 775 4941 Causa
810 4887 1100 4941 productus
1128 4888 1319 4941 fuerit.
1362 4905 1483 4941 cum
1525 4891 1657 4941 alias
1695 4896 1854 4941 ambo
1894 4895 2056 4941 inanti

524 4900 586 4965 a_c
614 4902 781 4965 eausa
810 4887 1100 4965 productus
1128 4888 1319 4965 fuerit,
1362 4887 1483 4965 cum
1525 4891 1673 4965 alias
1695 4896 1854 4950 ambo
1894 4895 2058 4965 inepti

476 4955 727 5012 fuissent.
750 4957 907 5036 Solus
927 4959 1070 5036 enim
1092 4974 1265 5036 canon
1288 4962 1625 5036 Sardicensis
1644 4963 1881 5019 decimus
1903 4955 2063 5036 septi-

483 5042 625 5107 r_nu_s,
654 5042 775 5082 cum
805 5029 873 5107 de
899 5031 1256 5098 appellatione
1281 5029 2059 5107 quidemtu'esbyterorum'ad

485 5098 744 5176 finitimos
772 5101 1079 5176 episcopos,
1107 5116 1217 5176 _non
1243 5098 1421 5159 autem
1453 5104 1519 5159 ad
1546 5098 1846 5161 Romanum
1878 5108 2057 5176 ponti-

483 5167 639 5248 llcem
678 5167 975 5248 decernat,
1006 5171 1072 5225 ad
1106 5170 1243 5226 hanc
1273 5176 1684 5248 appellationem
1730 5178 1799 5233 ab
1842 5167 2060 5248 A'piario

482 5239 874 5315 interpositam,
900 5240 967 5296 de
986 5258 1088 5315 qua
1114 5252 1231 5297 erat
1250 5239 1498 5314 quaestio,
1525 5249 1747 5303 nihilum
1773 5239 2060 5315 pertinuis-

485 5320 598 5371 set;
618 5311 786 5363 multo
804 5322 982 5365 autem
1006 5311 1181 5367 minus
1197 5311 1516 5371 contulisset
1536 5332 1705 5373 canon
1726 5311 2060 5376 Sardicensis

482 5382 721 5462 quintus,
750 5381 889 5462 alias
913 5384 1190 5462 septimus,
1216 5385 1263 5462 si
1291 5402 1396 5462 non
1428 5403 1494 5442 eo
1523 5404 1684 5462 sensu
1713 5406 1868 5460 quem
1894 5406 2057 5458 expo-

468 5452 689 5531 suimus
716 5452 1061 5520 appellationi
1091 5456 1386 5524 presbyteri
1415 5469 1624 5531 aptatus
1652 5452 1855 5531 fuiiset.
1892 5452 2058 5531 Igitur

485 5536 555 5575 ne
578 5522 629 5599 lii
652 5523 758 5575 duo
776 5537 1011 5599 canones
1037 5522 1231 5599 praiter
1247 5522 1618 5597 quaestionem,
1641 5547 1759 5599 quae
1776 5522 2059 5586 Africanos

472 5594 717 5645 maxime
768 5594 1131 5660 sollicitabat,
1190 5594 1331 5652 circa
1381 5594 1693 5655 inferiorum
1739 5601 2055 5654 clericorum

485 5663 875 5740 appellationes
922 5666 1135 5736 allegati
1170 5666 1456 5740 dicantur,
1515 5680 1569 5725 et
1618 5686 1685 5725 ne
1736 5670 2080 5740 delegationi.

486 5732 794 5802 apostolicae
814 5742 870 5793 et
886 5732 1272 5797 concertationi
1295 5753 1416 5796 cum
1440 5732 1701 5800 Africanis
1721 5732 2058 5798 occasionem
2106 5771 2118 5779 -

2160 4551 2438 4606 crearent;
2491 4538 2618 4609 quin
2660 4539 2835 4608 potius
2877 4536 2997 4609 ipse
3041 4536 3298 4594 Numidiae
3346 4540 3552 4607 primas
3597 4536 3724 4609 illum

2161 4610 2559 4666 commendavit
2600 4608 2909 4673 Bunifacio,
2939 4624 3001 4665 ac
3043 4610 3238 4665 deinde
3285 4609 3353 4665 ad
3394 4608 3725 4666 leestinum

2161 4680 2419 4735 universas
2460 4681 2669 4744 retulit;
2714 4689 2777 4752 et
2812 4682 3140 4751 Augustinus
3182 4690 3332 4752 gesta
3373 4678 3727 4752 transmittens

2161 4752 2400 4828 rationes
2440 4752 2635 4821 adjecit
2672 4750 2868 4828 quibus
2901 4746 3268 4828 aequissimum
3300 4751 3578 4828 pontiﬁcis
3600 4746 3728 4828 judi-

2162 4822 2305 4896 cium
2330 4817 3022 4896 promoveret.‘0uid_poﬁo
3040 4817 3325 4896 dicendum
3346 4823 3418 4879 de
3438 4817 3610 4896 tribus
3627 4817 3731 4896 aliis

2163 4889 2343 4947 causis
2373 4909 2505 4957 quas
2547 4893 2622 4947 uti
2658 4889 2984 4948 recentiOres
3025 4894 3353 4963 Augustinus
3385 4892 3605 4948 laudat?
3631 4889 3727 4963 Etsi

2162 4964 2253 5036 illa
2292 4963 2452 5036 963
2502 4963 2773 5036 Laurentii
2816 4964 2987 5036 potuit
3026 4962 3283 5036 accidere
3309 4973 3435 5034 post
3460 4962 3731 5019 concilium

2162 5034 2283 5090 Maii
2310 5033 2652 5106 aii.7ll9,cui
2682 5033 2774 5090 ille
2802 5035 3135 5106 subscriptus
3160 5033 3550 5100 creditur,non
3570 5044 3731 5106 tamen

2163 5107 2342 5181 etiam
2366 5107 2486 5161 alia:
2526 5105 2647 5159 dua:
2672 5122 2686 5159 :
2731 5102 3226 5181 incredibileenim
3252 5118 3335 5181 est
3362 5116 3477 5181 tres
3504 5102 3733 5181 ejusdem

2162 5176 2610 5261 generisncausas
2644 5191 2875 5261 ‘exnuna
2923 5178 3193 5261 provincia
3241 5175 3564 5261 Cesariensi
3594 5175 3731 5261 brevi

2162 5246 2446 5303 intervallo
2473 5256 2694 5317 repente
2722 5246 2947 5301 Romam
2969 5246 3196 5315 delatas,
3218 5256 3275 5303 et
3298 5248 3459 5303 simili
3500 5246 3736 5317 modera-

2164 5320 2311 5374 mine
2353 5314 2620 5383 deﬁnitas,
2653 5317 2697 5373 si
2728 5317 2891 5372 nullae
2922 5334 3171 5388 umquam
3203 5326 3361 5374 antea
3393 5318 3592 5373 delata:
3619 5314 3739 5370 fuis-

2165 5399 2308 5444 sent.
2338 5390 2500 5460 lgitur
2527 5389 2693 5444 Prisci
2724 5397 2780 5444 et
2811 5388 3036 5444 Victoris
3065 5404 3276 5454 causas,
3305 5403 3425 5458 quze
3454 5398 3585 5444 ante
3620 5400 3737 5460 catt:

2166 5474 2281 5514 sam
2312 5455 2585 5515 Laurentii
2619 5461 2685 5515 ab
2711 5459 3009 5529 Augustino
3036 5455 3357 5525 referuntur,
3383 5469 3507 5528 post
3532 5475 3623 5514 an.
3644 5455 3738 5509 418

2168 5529 2417 5603 incidisse
2437 5530 2692 5603 affirmari
2722 5532 2929 5601 nequit,
2955 5531 3055 5586 nisi
3087 5546 3151 5587 ex
3178 5530 3457 5603 hypothesi
3493 5531 3741 5603 derrepu-

2166 5600 2328 5656 diatis
2353 5611 2509 5656 antea
2533 5600 2907 5671 episcoporum
2937 5600 3414 5672 appellationibus;
3437 5602 3585 5669 quod
3611 5611 3739 5668 ρτειξ-

2166 5674 2305 5743 sumi
2337 5675 2551 5743 quidem
2586 5682 2778 5743 potest,
2828 5673 3042 5742 probari
3083 5688 3188 5729 non
3230 5681 3424 5743 potest.
3453 5672 3574 5740 Qua
3624 5681 3742 5743 vero

2167 5741 2474 5812 conjeciura
2502 5741 2823 5801 Laurentius
2848 5744 2918 5800 ab
2941 5741 3243 5816 Augustino
3263 5751 3604 5813 nuncupatus
3632 5741 3741 5795 loco
