3984 6306
546 340 687 422 sn

586 484 835 541 Ali-orum
862 477 928 535 ad
956 476 1306 536 Caelestinum
1348 488 1505 544 paulo
1543 478 1665 542 post
1692 468 2163 544 reci_tandis,‘n_ec-
2190 476 2245 538 Α

588 538 694 615 non
727 568 792 607 ex
832 564 1036 606 canone
1086 538 1368 603 anterioris
1417 538 1601 666 synodi
1650 558 1735 595 an.
1781 540 1907 605 418,
1944 538 2030 608 qui
2062 540 2162 595 hoc

588 625 706 666 tnm
732 622 1008 666 rpnntiinr-
1041 627 1095 666 et
1136 618 1329 666 similia
1373 632 1433 666 ex
1460 615 1588 666 iibet
1611 613 1769 666 etiam
1798 612 1935 666 apud
1965 611 2162 666 Dionv-

586 611 706 681 loco
732 622 1009 693 repetituri,
1041 627 1100 693 et_
1127 618 1329 693 similia
1373 611 1589 693 exhibet
1611 613 1769 693 etiam
1798 612 1935 693 apud
1965 611 2163 685 Diony-

589 698 725 752 sium
750 683 867 747 can.
898 691 1021 753 125,
1051 690 1136 743 ubi
1171 690 1364 758 legitur
1395 704 1408 739 :
1444 686 1589 751 Quod
1628 685 1669 738 si
1712 693 1774 758 et
1794 683 1955 758 abeis
1983 683 2163 758 prouo-

593 766 813 823 candum
860 762 1167 832 putaverint,
1214 754 1313 813 ἧοη
1357 765 1626 832 provocent
1676 755 1775 808 nisi
1816 754 1881 806 ad
1925 754 2165 832 Africano

594 838 829 899 concilia,
860 823 941 887 'vel
988 832 1053 883 ad
1099 823 1757 901 primatesi'iprovinciorum
1810 823 2165 901 suarum._.4d

596 892 937 962 transmarina
968 892 1155 963 autem,
1184 910 1288 954 etc.
1323 892 1419 955 Hic
1446 912 1608 968 porro
1639 892 2163 968 animadvertendum

596 988 676 1033 est
710 978 936 1047 aliquam
977 975 1321 1047 mutationem
1376 966 1769 1047 idrepentendo
1816 966 2167 1047 hoc_c.anone

596 1048 758 1104 fuisse
782 1035 1045 1098 inductam
1080 1061 1092 1097 :
1124 1043 1207 1094 ubi
1239 1043 1379 1095 enim
1404 1056 1491 1092 an.
1521 1038 1625 1092 418
1646 1037 1896 1105 scriptum
1928 1035 2042 1094 fuit,
2066 1051 2169 1090 non

596 1124 861 1191 provocent
898 1116 1008 1191 nisi
1030 1115 1096 1166 ad
1125 1113 1367 1180 Africana
1398 1110 1633 1191 concilia,
1658 1119 1759 1162 etc.
1788 1122 1931 1190 anno
2088 1105 2169 1187 sic

597 1177 905 1257 expressum
939 1185 1055 1245 fuit,
1088 1177 1187 1238 non
1210 1193 1471 1257 provocent
1502 1180 1568 1257 a_d
1592 1177 2166 1257 tr_attsntarinaj_udiciu,

598 1247 682 1311 sed
723 1257 789 1308 ad
814 1258 1074 1327 primates,
1107 1247 1487 1327 ctcfSiprima
1525 1251 1682 1327 lectio
1720 1257 1927 1327 retenta
1959 1247 2166 1327 fuisset,

595 1320 1008 1383 additamentum
1054 1327 1180 1379 sicut
1203 1334 1248 1377 et
1283 1320 1344 1376 de
1373 1322 1614 1394 episc0pis
1637 1322 1821 1394 sajpius
1846 1320 2171 1394 constitutum

595 1408 686 1463 est,
721 1398 980 1452 indicaret
1024 1397 1207 1464 srrpt'us
1245 1389 1590 1448 constitutum
1630 1390 1792 1444 fuisse
1836 1399 1894 1464 ut
1933 1389 2167 1464 episcopi

594 1460 751 1525 etiam
768 1485 867 1521 non
886 1460 1263 1533 provocentnisi
1277 1466 1341 1516 nd
1362 1467 1764 1533 primates,etc.,
1782 1461 1858 1533 vel
1882 1460 1947 1513 ad
1968 1460 2171 1512 univer-

595 1540 701 1596 sale
717 1532 1010 1603 concilium;
1023 1537 1156 1607 quod
1170 1536 1330 1607 967
1346 1536 1481 1587 idem
1496 1544 1635 1587 esset
1648 1547 1707 1607 ac
1721 1532 1987 1607 declarare
2001 1539 2174 1607 trans-

594 1612 801 1663 marina
829 1601 1021 1677 judicia
1041 1601 1476 1673 'iisdeTn'q—uoque
1500 1603 1985 1677 interdictat‘uissc.
2017 1601 2085 1653 At
2111 1615 2173 1653 ea

594 1674 879 1734 verborum
899 1680 1116 1731 mutatio
1142 1678 1318 1745 aliquo
1339 1676 1585 1742 peculiari
1605 1674 1829 1745 consilio
1843 1680 2039 1742 prmter
2059 1685 2174 1745 mo:

596 1766 711 1806 rem
738 1751 947 1804 inducta
982 1749 1191 1804 videtur
1220 1742 1284 1799 ne
1312 1746 1514 1799 scilicet
1539 1745 1640 1801 hoc
1667 1744 2082 1796 additamentum
2107 1742 2173 1794 ad

598 1824 1071 1876 transmarinorum
1100 1819 1422 1885 iudiciorum
1464 1815 1801 1870 interdictum
1835 1813 2172 1869 referendum

597 1901 760 1959 esset,
780 1894 871 1945 sed
902 1891 963 1945 ad
991 1890 1206 1943 alteram
1238 1896 1438 1953 partem
1465 1896 1664 1959 tantum
1684 1899 1786 1953 qua
1809 1887 2095 1959 primatum
2119 1892 2174 1937 et

595 1955 939 2018 conciliorum
967 1960 1155 2015 African
1172 1959 1425 2025 judicium
1444 1957 1754 2011 conceditur
1776 1955 2011 2023 clericis,
2035 1955 2176 2009 sicut

596 2034 726 2103 ipsis
743 2034 1004 2101 episcOpis
1018 2031 1204 2103 impius
1218 2030 1558 2103 constiiutum
1576 2027 1644 2079 fui
1656 2038 1668 2103 ι
1680 2067 1692 2080 .
1704 2029 1959 2103 Autonoe
1973 2025 2176 2080 scilicet

602 2097 808 2173 tempus
838 2097 1165 2174 presbyteris
1187 2108 1305 2170 post
1322 2099 1556 2174 episcOpi
1588 2098 1668 2152 sui
1687 2097 1952 2174 judicium
1983 2111 2177 2174 provof

596 2168 736 2229 catio
774 2168 1017 2242 paiebat'
1038 2168 1238 2225 tantum
1270 2172 1334 2223 ad
1365 2169 1589 2242 vicinos
1615 2169 1895 2242 episcopos
1939 2182 2053 2231 sex,
2085 2168 2174 2242 qui

595 2239 789 2300 eorum
813 2259 1028 2302 caiisam
1062 2242 1447 2305 terminabant;
1488 2240 1629 2294 unde
1659 2240 1984 2306 Augustinus
2015 2239 2171 2307 epist.

596 2316 666 2373 65
706 2316 827 2373 anni
866 2314 991 2380 402,
1042 2331 1095 2369 ιι.
1142 2312 1199 2375 2,
1240 2312 1492 2375 scripsit:
1528 2311 1633 2366 Sex
1673 2311 1923 2381 episcopis
1958 2324 2174 2381 causam

596 2386 874 2455 presbyteri
904 2384 1163 2440 terminari
1192 2382 1410 2439 concilio
1423 2392 1676 2455 ﬂaturum
1703 2380 1809 2455 at,
1840 2380 2088 2455 nimirum
2118 2380 2171 2455 in

599 2451 929 2525 Hipponensi
975 2470 1064 2509 an.
1096 2454 1202 2509 395
1234 2462 1291 2508 et
1330 2455 1381 2506 in
1411 2452 1812 2525 Qarthagineusi
1840 2465 1929 2525 an.
1960 2451 2086 2515 597,
2119 2451 2170 2504 in
2244 2464 2247 2465 '

594 2523 1066 2597 quoiBreviarium
1107 2538 1371 2597 canonum
1416 2523 1831 2597 Hipponensium
1878 2523 2071 2597 lectum
2118 2530 2175 2574 et

596 2591 969 2656 confirmatum
1023 2595 1143 2649 fuit.
1199 2596 1332 2649 Cum
1392 2602 1569 2648 autem
1621 2593 1691 2647 ob
1757 2591 2171 2659 appellationem

600 2668 800 2735 Apiarii
844 2682 983 2721 anno
1013 2667 1117 2722 “8
1148 2667 1394 2722 omnibus
1423 2664 1637 2719 clericis
1662 2664 1960 2735 interdicta
1984 2661 2175 2735 fuisset

600 2732 907 2807 provocatio
945 2738 1009 2792 ad
1042 2736 1416 2807 transmarina,
1451 2749 1517 2791 ne
1545 2734 1617 2788 illi
1641 2734 1708 2787 de
1735 2734 1831 2785 hoc
1852 2732 2174 2807 judiciosihi

598 2802 809 2863 sublato
855 2817 1237 2877 quererentur,
1291 2806 1442 2862 tertia
1496 2819 1706 2877 quoque
1763 2803 1994 2877 cognitio
2044 2802 2175 2877 ipsis

599 2874 998 2937 concessa'iuit
1044 2892 1181 2933 novo
1225 2877 1367 2945 jure,
1411 2886 1465 2930 et
1508 2890 1603 2943 pro
1649 2876 1747 2929 hac
1784 2874 1942 2928 iidem
1968 2874 2176 2945 judices

598 2950 872 3027 constituti
918 2950 1149 3027 tuerunt_
1170 2943 1407 3027 clericis,
1439 2948 1539 3027 qui
1581 2947 1763 3027 saepius
1791 2946 2057 3027 episcopis
2081 2943 2170 3027 de-

600 3021 734 3077 creti
779 3022 1013 3085 fuerant;
1042 3018 1187 3074 unde
1216 3014 1535 3075 Africani'in
1573 3014 1799 3083 epistola
1830 3016 1895 3069 ad
1925 3014 2175 3069 Caelesti-

603 3107 726 3145 num
756 3092 854 3151 hoc
896 3093 947 3145 in
982 3090 1194 3159 negotio
1220 3092 1414 3157 scripta
1440 3088 1512 3145 ob
1541 3088 1644 3143 hoc
1674 3102 1864 3159 novum
1894 3086 2174 3141 decretum

598 3162 778 3219 favore
807 3156 1122 3223 clericorum
1156 3156 1377 3225 editum,
1433 3176 1537 3215 non
1586 3156 1943 3213 necessariam
1994 3166 2176 3210 osten-

598 3234 731 3289 dttnt
755 3234 1165 3303 appellationem
1188 3231 1253 3285 ad
1282 3232 1661 3303 transmarina.
1686 3228 1822 3285 hanc
1842 3228 2173 3303 praecipuam

604 3299 863 3359 rationem
891 3303 1176 3359 afferentes
1222 3318 1368 3357 num.
1402 3301 1436 3355 5
1465 3321 1477 3354 :
1514 3301 1740 3355 Maxime
1767 3300 1885 3366 quia
1912 3299 2180 3367 unicuique

598 3375 694 3441 (de
739 3374 1078 3427 inferioribus
1135 3381 1311 3429 autem
1363 3372 1574 3426 clericis
1613 3369 1922 3439 loquuntur)
1969 3384 2175 3422 conces-

602 3440 716 3496 sum
742 3453 830 3506 est,
861 3445 902 3495 si
922 3445 1123 3512 judicio
1163 3442 1385 3507 o/Iensus
1414 3443 1564 3511 fuerit
1594 3442 1931 3512 cognitorum,
1962 3440 2029 3491 ad
2059 3455 2181 3512 con-

602 3513 723 3565 cilia
751 3528 857 3566 sum
885 3510 1155 3579 provincia
1189 3513 1262 3583 (id
1294 3510 1547 3579 primates
1586 3510 1828 3583 respicit)
1847 3511 1932 3583 Ave!
1980 3510 2181 3562 uniuer-

603 3583 713 3636 τηις
735 3598 1027 3649 provocare.
1059 3584 1170 3639 Hoc
1195 3580 1407 3651 quidem
1429 3598 1591 3639 sensu
1610 3580 1737 3636 illud
1757 3580 2179 3651 additamentum

605 3653 972 3720 accipiendum
1010 3668 1147 3713 esse.
1175 3649 1241 3708 ei
1289 3653 1405 3721 ipso
1433 3652 1571 3707 Iacto
1603 3652 1788 3717 liquet.
1816 3649 1949 3703 Cum
1981 3651 2182 3719 aliquot

605 3722 839 3780 Africani
887 3739 1119 3779 canones
1168 3725 1503 3791 reperiantur
1548 3722 1637 3791 qui
1678 3721 2063 3791 appellationes
2110 3721 2179 3776 ad

610 3796 965 3851 transmarina
997 3795 1203 3850 clericis
1235 3795 1537 3861 prohibent.
1562 3808 1632 3849 ne
1659 3807 1821 3847 unum
1849 3792 2062 3859 quidem
2095 3806 2179 3847 re-

606 3864 769 3933 periri
799 3867 887 3932 qui
919 3865 1132 3922 easdem
1162 3866 1443 3920 interdicat
1464 3864 1750 3934 episcopis,
1778 3864 1823 3920 si
1852 3864 2035 3933 sapius
2059 3879 2180 3917 con-

603 3937 836 3991 stitutum
867 3935 1072 3999 fuisset,
1099 3946 1182 3990 est
1209 3937 1368 4006 plane
1394 3934 1724 3992 incredibile.

675 4006 764 4061 B8.
804 4007 990 4075 Neque
1034 4008 1178 4063 dicas
1210 4003 1326 4063 'non
1371 4022 1560 4062 omnes
1613 4004 1937 4060 anteriorum
1984 4003 2179 4059 Africae

604 4079 930 4147 synodorum
953 4092 1186 4133 canones
1211 4080 1275 4132 ad
1301 4093 1397 4135 nos
1422 4078 1746 4145 pervenisse.
1775 4076 1883 4147 Etsi
1906 4075 2050 4129 enim
2075 4090 2177 4128 non

605 4146 784 4203 omnia
827 4149 1073 4207 Africana
1112 4151 1335 4205 concilia
1376 4165 1496 4206 cum
1529 4149 1639 4203 suis
1668 4146 1961 4202 canonibus
1992 4161 2179 4212 super-

601 4220 730 4282 sint,
759 4236 880 4274 cum
926 4230 1100 4277 tamen
1146 4236 1209 4276 es
1241 4236 1344 4276 una
1379 4230 1526 4289 parte
1558 4222 1705 4285 plura
1741 4217 2042 4289 huiusmodi
2068 4231 2179 4289 ino-

606 4299 857 4360 ttumeutu
898 4292 947 4347 in
991 4292 1223 4360 antiquis
1252 4285 1515 4347 canonum
1559 4288 1966 4360 collectionibus
1992 4285 2180 4360 sedulo

605 4359 799 4416 iuerint
826 4361 1045 4427 inserta,
1073 4358 1137 4418 es
1169 4363 1270 4417 alia
1301 4379 1427 4417 vero
1466 4370 1616 4430 parte
1643 4360 1693 4414 id
1726 4358 1991 4413 Africanis
2015 4358 2180 4430 usita-

608 4439 715 4482 tum
748 4431 923 4503 fuerit,
948 4435 1275 4487 anteriorum
1296 4428 1622 4503 synodorum
1650 4443 1883 4503 canones
1911 4430 1961 4482 in
1995 4428 2181 4503 iubae:

609 4501 894 4569 quentibus
930 4503 1168 4559 conciliis
1215 4498 1459 4569 repetere
1500 4511 1555 4557 et
1588 4502 1934 4563 coniirmare,
1966 4498 2180 4567 aliquod

608 4568 797 4624 saltem
838 4571 1177 4641 antiquorum
1223 4568 1483 4628 canonum
1525 4574 1807 4640 vestigium
1848 4579 2091 4638 superest
2128 4570 2180 4624 in

608 4640 825 4712 synodis
855 4655 981 4709 quas
1034 4643 1323 4707 habemus,
1368 4657 1591 4712 quarum
1637 4643 1744 4712 fere
1790 4654 2022 4694 canones
2077 4654 2179 4694 non

610 4710 729 4761 novi
773 4720 915 4771 sunt,
949 4712 1041 4767 sed
1071 4728 1135 4765 ex
1164 4710 1396 4779 antiquis
1434 4722 1695 4765 constant.
1731 4711 1784 4763 Id
1824 4718 2001 4779 autem
2045 4712 2181 4764 adeo

610 4788 813 4834 certum
859 4790 960 4845 estI
993 4794 1045 4837 ut
1077 4778 1357 4851 Dionysius
1392 4784 1641 4847 Exiguus,
1682 4780 1771 4849 qui
1814 4782 1862 4834 in
1902 4778 2181 4835 referenda

610 4851 817 4919 synodo
849 4853 970 4906 anni
999 4854 1101 4907 ιιι)
1125 4856 1390 4907 recensuit
1412 4868 1597 4907 omnes
1621 4853 1917 4905 anteriores
1948 4852 2181 4920 synodos

607 4921 709 4975 sub
726 4922 944 4976 Aurelio
960 4924 1260 4979 celebratas
1285 4925 1349 4977 ab
1378 4940 1517 4977 anno
1537 4922 1659 4985 395,
1685 4924 1862 4991 plures
1888 4923 2179 4990 aliquarum

608 5005 840 5064 canones
866 4995 1200 5060 praeterierit,
1235 5008 1300 5049 eo
1327 4994 1465 5064 quod
1494 4994 1563 5047 ab
1590 4995 1705 5060 ipso
1728 4993 1810 5047 vel
1845 4994 1894 5046 in
1927 4992 2178 5046 anteriori

606 5063 814 5134 synodo
839 5064 948 5132 jam
979 5064 1255 5134 descripti,
1307 5063 1388 5119 vel
1435 5067 1488 5118 in
1532 5065 1807 5131 posteriori
1842 5064 2180 5118 describendi

609 5132 833 5189 fuerant.
863 5135 971 5190 Nos
1001 5138 1053 5189 in
1081 5132 1449 5205 antiquissimo
1478 5151 1579 5188 ms.
1607 5136 1823 5204 capituli
1858 5134 2181 5205 Veronensis

607 5204 861 5260 ineditam
903 5208 1164 5277 synodum
1217 5208 1684 5277 Carthaginiensem
1728 5221 1851 5259 anni
1897 5204 1995 5259 421
2044 5209 2180 5260 nacti

607 5289 791 5329 smnus
822 5287 964 5330 torno
997 5278 1057 5331 IIl
1090 5278 1457 5341 inserendam,
1490 5281 1540 5332 in
1573 5294 1675 5346 qua
1706 5292 1773 5329 ne
1801 5291 1937 5329 unus
1966 5277 2179 5343 quidem

604 5359 775 5399 canon
802 5362 968 5401 novus
995 5360 1097 5413 est,
1128 5350 1220 5403 sed
1253 5364 1438 5403 omnes
1469 5350 1553 5403 hic
1594 5348 1699 5403 illic
1727 5349 1777 5401 iu
1809 5348 2051 5402 conciliis
2071 5348 2177 5415 jam

606 5416 833 5489 vulgatis
860 5421 1055 5489 recepti
1092 5435 1153 5473 ac
1198 5421 1409 5487 repetiti
1455 5421 1814 5475 inveniuntur.
1859 5419 2009 5474 Adde
2038 5418 2179 5489 quod

601 5488 814 5561 etiamsi
864 5489 1173 5561 Dionysium
1219 5507 1246 5544 a
1302 5493 1605 5559 repetendis
1655 5491 1840 5543 iisdem
1888 5488 2181 5543 canonibus

604 5559 983 5615 abhorrentem
1006 5559 1215 5631 aliquot
1248 5564 1353 5616 rari
1381 5577 1613 5617 canones
1647 5563 1903 5629 fugerint,
1950 5574 2070 5613 cum
2104 5568 2181 5612 ta-

608 5645 727 5702 men
758 5631 809 5685 in
838 5632 1043 5702 synodo
1062 5632 1339 5698 atmiM9,
1366 5648 1523 5700 quam
1545 5648 1615 5685 ex
1642 5634 1915 5698 proposito
1936 5644 2044 5702 sua:
2069 5632 2183 5683 col-

606 5699 821 5772 lectioni
854 5699 1095 5769 inseruit,
1145 5704 1339 5772 agitata
1386 5705 1543 5757 fuerit
1575 5702 1938 5772 controversia
1979 5700 2046 5772 de
2076 5714 2181 5772 iap-

606 5769 1001 5838 pellationibus,
1020 5775 1071 5826 in
1100 5768 1389 5829 recitandis
1406 5774 1654 5828 omnibus
1665 5770 1959 5825 canonibus
1975 5768 2183 5825 Africa—

609 5837 691 5893 ttis
712 5838 775 5889 ad
798 5837 1180 5901 appellationes
1198 5844 1582 5901 pertinentibus
1596 5840 2033 5905 diligentissimus
2052 5839 2177 5903 fuit;

1057 353 1301 414 pasce.
1342 346 1729 422 quasnam
1767 342 2349 404 DISSER’I'A’I'IONES
2389 343 2456 402 IN
2489 342 2551 403 s.
2590 340 2836 403 LEONIS
2871 339 3087 403 MAGNI
3120 316 3370 402 ornas.

3718 340 3807 407 su

2266 462 2404 519 adeo
2444 472 2503 520 ut
2533 477 2791 535 canonem
2830 462 2931 535 qui
2958 462 3338 535 appellationes
3383 460 3455 535 ad
3487 466 3807 535 transmarina

2268 535 2477 591 clericis
2504 534 2771 604 prohibet,
2802 534 2869 589 ob
2888 533 3099 603 aliquod
3124 533 3406 590 verborum
3428 534 3703 591 discrimen
3730 553 3805 597 seu

2270 607 2340 661 ob
2360 606 2775 662 additamentum
2796 607 2952 674 paulo
2967 616 3089 663 ante
3108 605 3396 661 indicatum
3415 604 3499 660 bis
3514 612 3805 666 recensuerit

2268 692 2389 732 can.
2416 678 2485 733 28
2507 687 2561 730 et
2588 676 2710 734 125.
2734 674 2780 730 Is
2802 687 3001 747 autem,
3025 677 3114 747 qui
3136 678 3275 733 circa
3301 675 3682 747 appellationes
3700 678 3799 738 adet

2268 749 2529 803 sollicitus
2556 748 2682 815 fuit,
2713 756 2772 802 ut
2812 749 2893 803 vel
2921 763 3206 818 paucarum
3234 762 3423 804 vocum
3452 748 3706 803 rationem
3737 751 3786 807 bs

2268 819 2472 893 buerit;
2504 833 2607 872 non
2632 819 2907 893 omisisset
2937 818 3174 893 profecto
3209 833 3467 893 canonem
3500 818 3707 893 easdem
3737 836 3789 893 ap

2268 890 2587 961 pellationes
2631 888 3032 944 interdicentcm
3079 891 3365 961 episconis|l
3406 890 3450 961 si
3498 888 3690 947 alicubi
3715 888 3803 949 enin

2272 935 2457 1013 iiactus
2486 960 2696 1025 luisset,
2725 975 2844 1014 cum
2869 935 3336 1029 praisertit'n'nulyla
3350 935 3411 1014 ἰιι
3436 959 3580 1015 hunc
3601 935 3806 1030 repeiitia

2270 1032 2508 1086 caderet.
2561 1030 2773 1085 Nullum
2825 1033 2986 1101 igitur
3024 1046 3281 1088 canonem
3326 1030 3587 1099 ejusmodi
3637 1033 3804 1095 retulit,

2270 1102 2395 1173 quia
2424 1102 2474 1156 in
2503 1109 2580 1173 tot
2608 1102 2848 1173 conciliis
2874 1101 3138 1157 Africanis
3168 1102 3382 1157 insertis
3404 1102 3615 1173 synodo
3636 1117 3711 1156 an.
3730 1104 3805 1160 H9

2272 1170 2477 1227 nullum
2508 1172 2733 1229 invenit.
2765 1170 2818 1228 Si
2852 1182 3026 1227 autem
3064 1173 3268 1229 nullum
3313 1170 3579 1231 eiusmodi
3631 1173 3806 1231 interdi-

2271 1252 2413 1298 ctum
2447 1244 2655 1298 exstitit
2683 1244 2822 1298 inter
2844 1258 3076 1299 canones
3104 1244 3170 1299 ab
3195 1243 3415 1300 Aurelio
3441 1243 3498 1299 in
3527 1251 3641 1298 tam
3666 1246 3806 1300 multis

2272 1312 2492 1386 synodis
2515 1314 2709 1386 editos,
2743 1324 2797 1369 et
2825 1330 2849 1365 a
2894 1315 3183 1386 majoribus
3212 1314 3371 1370 etiam
3402 1324 3696 1384 susceptos,
3722 1319 3805 1386 qui-

2272 1383 2373 1438 bus
2400 1392 2513 1455 tota
2542 1384 2802 1439 Africanae
2840 1386 3091 1440 Ecclesia:
3132 1385 3409 1455 disciplina
3438 1383 3808 1454 comprehendi-

2273 1463 2379 1520 tur,
2429 1454 2548 1526 quis
2596 1457 2853 1524 suspicari
2903 1457 3075 1512 adhuc
3125 1454 3292 1526 possit
3349 1457 3453 1515 hoc
3505 1456 3802 1515 interdictum

2273 1527 2464 1597 sa’pitts
2492 1527 2835 1581 constitutum
2883 1526 3084 1583 fuisse?
3123 1526 3251 1582 Cum
3293 1543 3420 1596 ergo
3462 1528 3643 1584 nullus
3678 1544 3801 1585 canon

2278 1600 2652 1669 episcOporum
2682 1597 3066 1669 appellationes
3094 1599 3158 1654 ad
3200 1598 3556 1653 transmarina
3592 1598 3798 1667 inhibeat,

2274 1665 2372 1720 has
2402 1677 2577 1740 autem
2623 1665 2864 1739 exempla
2896 1669 3245 1737 quorumdam
3294 1669 3665 1740 episcoporum
3690 1665 3803 1740 paulo

2278 1749 2400 1792 ante
2423 1738 2655 1793 indicata
2677 1748 2938 1807 receptas,
2973 1756 3077 1794 non
3104 1749 3280 1795 autem
3311 1738 3501 1795 vetitas
3522 1738 3802 1796 manifestius

2279 1808 2545 1882 evincent,
2592 1808 2720 1863 illud
2746 1810 3166 1867 additamentum
3198 1809 3385 1865 referri
3418 1812 3610 1879 nequit
3642 1811 3694 1867 ad
3720 1827 3804 1882 par-

2202 1866 2251 1926 Β
2281 1880 2493 1933 ticulam
2532 1866 2646 1933 'non
2693 1891 2959 1949 provocent
2999 1866 3067 1935 nd
3109 1882 3469 1937 transmarina.
3508 1866 3647 1938 'Cum
3678 1866 3803 1949 porro

2279 1950 2571 2024 episcopis,
2592 1953 2792 2024 scopuli
2822 1954 3094 2009 constituti
3127 1954 3368 2024 legantur
3399 1951 3612 2021 jndices
3636 1950 3699 2011 rei
3718 1955 3805 2023 pri-

2281 2031 2451 2095 mates
2493 2022 2573 2076 vel
2606 2022 2893 2095 concilium
2912 2022 3218 2095 universale
3245 2024 3458 2091 Africar,
3482 2033 3550 2095 ut
3580 2027 3731 2095 legere
3746 2034 3805 2080 est

2278 2092 2332 2174 in
2365 2092 2695 2175 Iiipponensi
2721 2109 2806 2175 an.
2839 2093 3057 2175 593,_in
3089 2093 3497 2175 Carthaginensi
3526 2111 3618 2175 an.
3638 2092 3805 2175 ὅπερ

2240 2187 2249 2195 ο
2278 2162 2331 2216 in
2364 2162 2480 2217 aliis
2507 2163 2727 2238 synodis
2753 2166 2895 2238 jure,
2924 2165 2989 2220 ad
3021 2182 3079 2220 ca
3118 2162 3348 2238 tantum,
3400 2165 3490 2220 sed
3522 2168 3592 2220 ad
3619 2169 3805 2238 primum

2278 2235 2659 2307 suarum”
2674 2237 3066 2301 provinciarum,
3080 2235 3156 2291 vel
3174 2237 3240 2291 ad
3259 2239 3545 2291 universale
3566 2235 3803 2300 concilium,

2278 2303 2405 2357 illud
2438 2303 2878 2377 aditu—amentum,
2912 2310 3048 2377 quod
3082 2307 3164 2363 his
3199 2308 3414 2376 quidem
3456 2309 3629 2365 verbis
3650 2310 3804 2367 subne-

2278 2376 2459 2447 ctiiur,
2488 2374 2830 2431 referendum
2863 2374 3219 2447 agnoscimus.

2350 2446 2436 2499 29.
2481 2446 2614 2520 Num
2647 2463 2773 2520 vero
2805 2446 2941 2519 quod
2971 2448 3237 2520 episcopis
3264 2447 3593 2519 prohibitum
3625 2466 3709 2504 non
3736 2449 3804 2504 init

2280 2530 2446 2585 usque
2478 2518 2543 2572 ad
2571 2518 2833 2589 synodum
2860 2520 2980 2573 anni
3008 2518 3119 2575 H9
3147 2518 3364 2575 vetitum
3395 2520 3554 2575 fuerit
3585 2521 3636 2575 in
3662 2520 3803 2576 Subso-

2279 2589 2461 2657 quenti
2506 2591 2733 2662 concilio
2781 2590 2902 2644 anni
2948 2591 3162 2662 circiter
3209 2592 3313 2648 425
3341 2634 3355 2656 ,
3398 2607 3504 2662 quo
3534 2592 3748 2662 Apiarius
3768 2590 3805 2645 in

2281 2672 2413 2712 nova
2445 2659 2667 2731 crimina
2710 2662 2949 2729 relapsus
2979 2660 3231 2716 Faustino
3261 2659 3438 2731 legato
3468 2659 3651 2718 iterum
3680 2671 3805 2717 trans~

2279 2731 2571 2815 missoin“
2582 2730 2813 2815 Africam
2839 2732 3281 2815 jttdicoatusl'uit,
3323 2730 3573 2815 dubitare
3602 2735 3806 2815 quisplaui

2283 2800 2498 2876 poterit.
2534 2800 2740 2854 Etenim
2765 2819 2827 2856 ex
2848 2803 3061 2876 concilio
3081 2806 3317 2876 vigesimo
3338 2800 3685 2876 subAurclio,
3702 2803 3807 2873 quod

2278 2869 2419 2923 idem
2450 2880 2529 2925 est
2559 2884 2619 2927 ac
2644 2887 2703 2945 ea
2736 2869 3366 2945 synodusanni’circiter
3392 2874 3521 2938 425,
3546 2875 3638 2928 hoc
3664 2869 3809 2929 dcere.

2280 2949 2389 2992 tum
2418 2982 2431 3003 ,
2462 2956 2554 2998 seu
2583 2943 2779 3025 potius
2800 2943 3072 3013 cujusdam
3106 2944 3307 3001 decreti
3354 2945 3698 3070 compendium
3743 2945 3808 3021 vel

2283 3011 2469 3067 titulus
2493 3026 2599 3067 rect
2627 3023 2747 3068 atur
2772 3016 2822 3068 iu
2846 3012 3050 3070 svnodo
3071 3012 3248 3069 habita
3280 3030 3307 3069 a
3334 3015 3467 3070 Boni
3496 3019 3602 3070 acia
3625 3013 3808 3069 Cartha-

2283 3011 2469 3082 titulus
2493 3011 2599 3067 reci
2627 3023 2747 3068 atur
2772 3016 2822 3068 iu
2846 3011 3050 3082 synodo
3071 3012 3248 3069 habita
3280 3030 3307 3069 a
3334 3011 3602 3070 Bonifacio
3625 3013 3810 3069 Cartha-

2280 3081 2487 3151 gincnsi
2518 3098 2657 3137 anno
2686 3084 2790 3140 525
2823 3102 2836 3139 :
2879 3081 2951 3140 Ut
2990 3087 3163 3141 nullus
3199 3085 3267 3139 ad
3304 3089 3637 3140 transmarina
3666 3084 3811 3137 audeat

2282 3152 2563 3226 appellare.
2606 3155 2716 3209 Hoc
2746 3166 2921 3211 tamen
2954 3156 3227 3210 decretum
3259 3157 3544 3226 episcopos
3573 3174 3663 3209 non
3691 3170 3809 3209 com-

2282 3223 2633 3297 prehendisse
2664 3226 2761 3279 tria
2790 3228 2942 3281 nobis
2972 3226 3193 3282 suadent
3219 3247 3229 3280 :
3254 3223 3508 3297 primum,
3541 3229 3649 3297 quia
3676 3226 3815 3297 adhuc

2282 3295 2565 3369 post‘hanc
2590 3296 2789 3369 Aurelii
2818 3297 3079 3369 synodum
3108 3298 3320 3366 quidam
3352 3295 3579 3369 Africani
3600 3296 3819 3367 episcopi.

2283 3364 2493 3420 nemine
2519 3364 2933 3433 contradicente,
2959 3369 3021 3421 ad
3053 3364 3348 3422 Romanum
3394 3364 3682 3438 pontificem
3723 3364 3820 3438 pro-

2242 3454 2245 3457 <
2281 3445 2570 3510 vocarunt.
2604 3448 2661 3491 ut
2688 3453 2752 3492 ex
2783 3438 3139 3510 appellatione
3179 3436 3451 3510 Lupicini,
3481 3440 3543 3493 de
3575 3436 3819 3510 quainfc-

2281 3508 2390 3559 rius
2423 3508 2688 3571 dicemus,
2722 3507 3057 3563 manifestum
3103 3520 3213 3575 est;
3252 3507 3489 3575 secundo,
3525 3508 3639 3575 quia
3681 3507 3826 3561 Boni-

2283 3578 2399 3630 facii
2432 3588 2585 3632 aetate
2638 3582 2745 3633 noti
2784 3580 2893 3648 jam
2937 3590 3088 3635 erant
3128 3580 3179 3635 in
3212 3580 3374 3637 Africa
3405 3592 3623 3632 canones
3656 3578 3830 3648 Sardi-

2282 3661 2471 3702 censes
2498 3688 2532 3720 ι
2554 3648 2644 3719 qui
2684 3650 3054 3720 episcoporum
3104 3651 3474 3720 appellationes
3510 3647 3824 3720 approbant;

2281 3720 2421 3772 unde
2442 3735 2468 3770 a
2494 3718 2765 3775 Ferrando
2786 3718 3218 3789 Carthaginensis
3242 3722 3485 3776 Ecclesiae
3504 3718 3721 3773 diacono
3743 3719 3826 3773 sub

2282 3789 2421 3862 idem
2455 3800 2663 3859 tempus
2692 3806 2947 3862 expresso
2976 3792 3308 3848 Sardicensis
3348 3791 3559 3847 nomine
3599 3792 3650 3844 in
3696 3804 3824 3844 suum

2281 3859 2610 3917 Breviarium
2658 3859 2922 3916 canonum
2963 3863 3113 3917 relati
3145 3863 3380 3920 fuerunt.
3427 3862 3481 3918 Si
3528 3870 3695 3915 autem
3724 3868 3826 3915 tunc

2282 3940 2437 3985 erant
2465 3932 2575 3986 noti
2598 3973 2609 3996 ,
2645 3947 2737 3987 eos
2765 3932 2925 3989 etiam
2955 3933 3021 3986 ab
3048 3934 3189 3987 Afris
3214 3941 3460 4003 receptos
3486 3931 3715 4003 dubitare
3740 3946 3823 3984 non

2284 4003 2590 4073 Iicct,cum
2623 4018 2649 4054 a
2682 4003 2847 4058 Grato
2875 4004 3281 4073 Cartllaginensi
3312 4001 3363 4058 in
3406 4001 3697 4060 Sardicensi
3724 4016 3825 4055 cnn-

2284 4072 2409 4145 cilio
2438 4072 2633 4145 firmati
2662 4073 2880 4140 fuerint,
2912 4072 3114 4145 ipsique
3142 4075 3326 4129 Patres
3355 4074 3697 4130 conciliorum
3724 4087 3824 4145 ann.

2284 4142 2385 4197 418
2409 4155 2462 4215 et
2487 4143 2591 4199 M9
2617 4160 2737 4199 eum
2781 4142 2990 4215 quoque
3031 4142 3403 4201 Sardicensem
3442 4159 3693 4200 canonem
3717 4185 3729 4207 ,
3755 4142 3824 4210 qt'i

2283 4214 2512 4269 maxime
2542 4214 2873 4283 displicebat,
2908 4214 2965 4271 se
2995 4225 3305 4285 recepturos
3338 4216 3644 4281 iudicarint,
3670 4215 3705 4265 si
3730 4228 3823 4266 cunt

2286 4285 2337 4337 iu
2372 4285 2543 4354 aliqua
2575 4285 2962 4341 catholicorum
2992 4287 3197 4356 synodo
3234 4288 3592 4357 reperissent,
3630 4297 3679 4339 ul
3707 4299 3830 4357 ςιηιρο

2283 4358 2396 4408 rius
2425 4357 2917 4413 animadvertimus.
2963 4358 3055 4411 llis
3085 4367 3259 4412 autem
3290 4356 3587 4412 canonibus
3618 4356 3824 4422 receptis,

2288 4426 2592 4480 Bonitucius
2636 4430 2772 4482 inter
2816 4443 3049 4482 canones
3097 4428 3463 4482 observandos
3507 4427 3705 4482 referre
3747 4438 3828 4479 non

2285 4505 2495 4568 poterat
2539 4513 2797 4552 canonem
2849 4499 2935 4568 qui
2984 4498 3369 4568 appellationes
3414 4499 3832 4568 episcoporum_a

2284 4564 2587 4623 Sardicensi
2618 4564 2876 4634 probatas
2903 4564 3266 4624 interdiceret.
3302 4564 3655 4623 Illuc—autem
3694 4564 3831 4621 credi-

2288 4653 2403 4692 mus
2426 4653 2545 4692 eum
2569 4655 2825 4693 canonem
2850 4654 2953 4693 non
2980 4639 3042 4692 ad
3068 4639 3453 4708 appellationes
3469 4641 3831 4708 episcoporum,

2288 4656 2403 4692 mus
2426 4656 2545 4692 eum
2569 4656 2825 4693 canonem
2850 4656 2953 4693 non
2980 4656 3042 4692 an
3068 4656 3133 4707 ap
3175 4656 3453 4695 ettauones
3469 4656 3831 4708 εριςιιιιςιοτιιιιι,

2286 4708 2380 4762 sed
2414 4710 2477 4762 ad
2525 4710 2643 4763 illas
2669 4710 2984 4765 clericorum
3034 4711 3084 4764 in
3132 4656 3434 4765 gardicensi
3489 4709 3835 4777 prmtcrmissss

2286 4780 2623 4847 pertinuisse.
2665 4781 2847 4850 Neque
2875 4781 3139 4850 generalis
3164 4789 3220 4836 et
3250 4781 3527 4835 indefinito
3566 4796 3671 4833 vox
3696 4778 3835 4850 nullus

2287 4852 2587 4919 quempiam
2623 4847 2850 4906 moveat.
2880 4847 3049 4906 Simili
3076 4852 3215 4906 enim
3248 4851 3488 4917 generali
3518 4851 3774 4905 locutione
3798 4847 3837 4899 in

2287 4921 2475 4973 eadem
2512 4921 2761 4975 Bonifacii
2806 4922 3010 4993 synodo
3051 4922 3368 4989 exprimitur
3394 4922 3542 4976 aliud
3576 4921 3836 4993 decretum.

2285 4993 2369 5045 vel
2410 4995 2584 5060 potius
2628 4990 2846 5047 decreti
2873 4994 3244 5060 compendium
3285 5008 3348 5047 ea:
3384 4993 3609 5045 concilio
3639 4990 3841 5046 δαίσατο

2289 5064 2415 5115 rimo
2445 5064 2543 5116 sub
2575 5066 2789 5116 Aurelio
2821 5065 2901 5117 his
2931 5064 3109 5117 verbis
3140 5080 3154 5117 :
3186 5063 3266 5116 Ad
3294 5064 3648 5117 transmarina
3673 5063 3750 5130 qui
3771 5075 3843 5127 pa-

2289 5136 2464 5186 tnvrrit
2489 5133 2885 5205 appellandum,
2916 5140 2947 5186 α
2977 5135 3119 5186 nullo
3144 5134 3279 5187 intra
3306 5135 3540 5203 Africam
3568 5136 3622 5205 in
3654 5147 3845 5205 CD'illiili-

2289 5206 2485 5256 nionem
2514 5198 2841 5275 suscipiatur.
2889 5205 2998 5258 Hoc
3026 5205 3309 5259 concilium
3339 5198 3425 5257 in
3457 5214 3538 5258 εει
3577 5201 3704 5259 illud
3729 5198 3847 5275 liabl-

2287 5282 2397 5345 tum
2444 5290 2567 5331 ann.
2617 5270 2721 5329 H8
2754 5318 2768 5340 ,
2824 5274 2974 5345 cujus
3029 5289 3148 5330 can.
3209 5275 3310 5331 I25
3366 5274 3507 5342 apud
3567 5270 3847 5345 Dionysium

2287 5344 2577 5399 invenitur.
2624 5346 2701 5399 Ex
2728 5346 2935 5415 integro
2963 5357 3139 5400 autem
3176 5348 3275 5399 hoc
3300 5359 3506 5400 canone
3538 5344 3849 5415 cognoscitur

2286 5417 2427 5486 solas
2479 5415 2795 5471 clericorum
2864 5416 3253 5486 appellationes
3316 5415 3483 5470 fuisse
3542 5415 3850 5486 interdictas.

2286 5485 2430 5542 Idem
2461 5502 2589 5554 ergo
2633 5489 2700 5541 de
2746 5484 2949 5542 canone
2996 5487 3185 5558 synodi
3231 5487 3500 5557 vigesima;
3544 5484 3852 5558 credendum

2285 5568 2363 5610 est
2392 5599 2404 5619 ,
2445 5552 2570 5612 licet
2608 5560 2657 5611 in
2700 5560 2991 5612 summario
3025 5552 3601 5626 Bonifaeii'gcneralis
3653 5552 3852 5611 fortuiti:

2284 5629 2519 5682 adhibita
2554 5629 2729 5683 fuerit.
2783 5629 3020 5683 Tertium
3071 5630 3487 5698 peremptorium
3512 5670 3527 5689 ,
3560 5638 3627 5682 ut
3656 5629 3855 5698 videtur,

2284 5709 2654 5769 argumentum
2687 5701 2929 5754 elicimus
2966 5715 3032 5755 ex
3063 5700 3176 5769 ipsa
3220 5695 3441 5767 epistola
3482 5698 3715 5753 Patrum
3742 5695 3860 5751 Atri-

2284 5768 2541 5825 canorum
2572 5772 2638 5843 ad
2664 5771 3014 5843 Caelestinum
3044 5768 3258 5843 papam,
3287 5784 3406 5843 quae
3426 5769 3480 5825 in
3514 5770 3719 5843 eadem
3739 5768 3863 5843 vis"

2285 5843 2414 5894 sima
2447 5841 2652 5905 synodo
2682 5843 2873 5907 scripta
2908 5842 3021 5895 iuit.
3047 5836 3132 5896 ’ῐιὶ
3174 5836 3272 5895 hac
3303 5836 3385 5893 'de
3428 5836 3865 5907 sppellationlbu
