3984 6306
172 335 283 400 επ

743 329 1295 393 ΒΑιιεκιΝιοιωιί
1332 328 1735 390 OBSERVATll

1838 324 1893 385 ES
1930 327 1995 383 IN
2036 320 2338 387 DISSERT.
2383 326 2419 387 ν
2456 330 2861 402 QUESNELLI.

3318 332 3423 391 5⁸18

164 439 496 586 Εῗηιίηῖθιιυε
530 453 632 519 lll,
670 455 722 509 in
760 455 950 512 litteris
988 457 1056 513 ad
1095 458 1469 528 imperatorem
1490 454 1739 510 Theodo-
1767 460 1818 516 Α
1846 452 2014 506 visum
2062 450 2159 533 {pit
2204 462 2269 533 ut.
2312 453 2362 505 in
2408 454 2625 522 singulis
2666 459 2952 526 provinciis
2982 456 3205 529 singuli,
3248 465 3301 512 et
3327 457 3421 512 alii

205 530 331 586 'utn,
362 542 480 586 qua:
510 526 643 581 inter
672 526 931 582 Leouinas
950 536 1073 583 sunt
1091 530 1249 586 epist.
1277 526 1367 586 55.
1392 528 1528 583 idem
1560 526 1741 586 appel-
1844 538 2054 579 rursum
2083 538 2134 578 In
2168 526 2456 586 majoribus
2478 526 2792 583 dimeesibus
2814 533 3092 586 maiorem.
3116 543 3273 586 uuam
3299 530 3420 586 eoi-

205 530 331 593 ium,
362 542 486 598 quze
510 526 643 581 inter
672 526 931 582 Leouinas
950 536 1073 583 sunt
1091 526 1249 598 epist.
1277 526 1367 595 55,
1392 528 1528 583 idem
1560 526 1741 595 appel-

164 588 429 726 ﬁationum
468 596 554 665 jus
584 606 636 650 et
664 612 734 651 ex
770 588 1153 653 consuetudine
1180 606 1235 653 et
1263 614 1292 651 a
1323 588 1564 653 conciliis
1595 588 1740 666 'a'po-

221 671 371 723 olicm
400 668 511 722 sedi
541 668 790 722 tributum
818 670 967 726 huius
987 670 1085 726 rei.
1106 669 1158 724 id
1176 678 1257 724 est
1274 669 1553 726 primatus.
1576 670 1740 726 (tralia

221 671 371 739 oljcm
400 668 511 739 sedi
541 668 790 722 tributum
818 670 967 739 hujus
987 670 1085 733 rei,
1106 669 1158 724 id
1176 678 1257 724 est
1274 669 1553 738 primatus,
1576 670 1743 739 gratia

162 725 225 799 in
256 738 493 794 Flaviani
522 752 711 803 causa,
750 725 1289 809 quaz'appellationis'
1306 753 1467 793 causa
1496 725 1625 809 fuit,
1660 737 1739 793 ei-

168 811 294 880 dem
324 809 571 871 asseruit,
594 817 651 863 ut
675 810 728 863 in
755 808 1086 866 antecedenti
1126 812 1303 880 capite
1328 810 1577 864 vidimus.
1610 808 1742 880 lljnc

168 879 332 937 etiam
362 880 467 937 Leo
498 880 751 945 primatus
776 880 891 948 jura
919 881 987 935 ab
1014 877 1216 937 Hilario
1243 880 1458 947 violata,
1490 894 1611 933 cum
1641 877 1742 933 Ce-

168 950 355 1021 lidonii
384 951 723 1021 appellationi
746 952 1007 1007 restitisse
1032 952 1181 1005 visus
1210 961 1313 1015 est,
1340 967 1459 1018 cap.
1491 951 1548 1018 Ξ,
1580 950 1737 1018 epist.

167 1020 260 1085 12,
287 1020 609 1089 conquestus
643 1020 761 1075 luit.
785 1021 1104 1087 Quesnellus
1141 1031 1279 1090 part.
1321 1035 1371 1087 ι,
1401 1036 1452 1077 c.
1484 1021 1583 1083 15,
1614 1021 1739 1074 dum

165 1090 586 1159 appellationum
632 1091 1074 1147 consuetudinem
1126 1089 1455 1161 repudiatam
1516 1091 1744 1161 probare

166 1163 367 1234 studet,
386 1162 553 1234 [titius
581 1161 863 1233 disciplina:
891 1178 1099 1216 causam
1122 1172 1170 1215 et
1190 1160 1446 1234 originem
1462 1161 1521 1234 in
1540 1160 1747 1234 episco-

163 1232 301 1301 palis
344 1230 609 1302 dignitatis
650 1230 833 1285 natura
870 1241 917 1285 et
954 1230 1293 1285 sacrosanctis
1321 1230 1598 1302 privilegiis
1629 1230 1749 1298 furt-

163 1302 342 1355 datam
372 1300 567 1367 tradit,
598 1300 701 1356 hoc
728 1315 839 1372 est,
872 1302 925 1355 in
951 1302 1073 1369 jure
1098 1302 1307 1366 divino,
1328 1300 1515 1372 quod:
1523 1302 1616 1372 jus
1647 1317 1747 1353 non

162 1373 417 1437 scriptum
446 1381 621 1427 vocat.
656 1372 765 1426 Hac
794 1371 847 1425 in
889 1372 1169 1441 hypothesi
1193 1370 1402 1441 qunties
1427 1370 1508 1426 vel
1525 1370 1746 1440 antiqua

162 1443 253 1495 vel
310 1444 613 1497 recentiore
664 1441 947 1510 disciplina
991 1446 1363 1511 episcoporum
1408 1441 1604 1511 judicia
1651 1456 1746 1509 per

161 1512 587 1595 appellationem
617 1512 683 1565 ad
714 1513 1300 1593 sedemoapostolicam
1346 1512 1515 1565 delata
1562 1512 1740 1593 luere,

160 1583 411 1637 divinum
442 1582 757 1651 episcopalis
799 1582 1070 1651 dignitatis
1103 1587 1190 1651 jus
1232 1582 1481 1636 violatum
1527 1580 1738 1651 fuisset.

162 1652 303 1720 Quis
334 1650 539 1706 tantum
565 1663 919 1707 commentum
952 1653 1003 1706 in
1035 1650 1268 1706 animum
1314 1665 1534 1720 usquam
1587 1650 1741 1705 indu-

160 1723 297 1777 cet?
345 1721 573 1777 Interest
622 1721 777 1791 igitur
813 1737 916 1777 non
964 1723 1237 1776 minimum
1288 1720 1611 1790 pontiﬁcium
1650 1720 1739 1789 jus

164 1793 318 1872 circa
363 1793 738 1872 appellationes
772 1808 803 1847 e
836 1792 1000 1846 divini
1022 1792 1159 1872 juris
1189 1793 1426 1872 primatu.
1459 1791 1737 1872 ditna_n_ans

157 1863 441 1931 explicare
460 1872 514 1916 et
538 1862 879 1924 constituere.
912 1876 981 1917 ne
1006 1876 1109 1931 qua
1132 1861 1322 1929 injuria
1344 1861 1737 1931 episcopalibus

152 1930 381 2010 judiciis
411 1931 783 2010 exindejllata
820 1930 1091 2010 credatur.
1123 1931 1265 2010 Idem
1292 1930 1607 2010 Quesnellus
1636 1932 1736 1987 hoc

153 2001 664 2073 ipsum__aliquatido
712 2002 981 2073 pet-vidit;
1038 2017 1157 2055 nam
1188 2002 1399 2057 dissert.
1430 2002 1526 2064 16,
1572 2018 1732 2073 quam

154 2080 313 2125 torno
333 2070 399 2125 Ill
424 2072 749 2142 inseremus,
778 2070 807 2142 ς
838 2073 924 2134 M,
954 2088 1009 2127 n.
1040 2077 1092 2136 4,
1121 2082 1303 2140 aperte
1332 2070 1735 2133 declarat,‘Gal-

152 2143 388 2212 licanos.
417 2155 539 2195 cum
566 2140 953 2212 appellationes
978 2152 1295 2212 receperunt
1314 2184 1329 2203 ,
1364 2144 1641 2212 respexisse
1667 2145 1736 2196 ad

153 2211 415 2279 primatus
440 2211 687 2281 pontiﬁcii
714 2213 1029 2283 dignitatem,
1051 2211 1119 2267 ac
1141 2214 1473 2283 potentiorem
1490 2253 1502 2273 ,
1538 2224 1592 2266 ut
1622 2213 1736 2267 Ire-

153 2297 305 2355 ms
332 2283 573 2355 loquitur,
605 2282 1049 2355 principalitatem.
1082 2285 1199 2340 Jam
1230 2282 1284 2338 in
1314 2285 1607 2339 canonibus
1635 2283 1737 2339 Ec-

151 2353 344 2423 clesia:
372 2353 633 2423 Africana:
662 2353 959 2409 communis
1006 2357 1091 2409 illa
1125 2356 1302 2423 regula
1337 2356 1588 2423 inseritur
1612 2369 1731 2409 can.

150 2420 230 2497 i_5
258 2422 401 2497 apud
422 2422 772 2497 Dionysium,
804 2435 859 2497 ut
884 2443 916 2478 a
944 2419 1343 2497 quibuscumque
1359 2419 1619 2497 judicibus
1648 2441 1731 2479 ec-

150 2492 461 2546 clesiasticis
484 2493 553 2546 ad
573 2492 701 2547 alios
720 2494 926 2566 judices
948 2492 1331 2559 ecclesiasticos,
1357 2492 1440 2548 ubi
1462 2503 1539 2549 est
1556 2498 1735 2566 major

150 2565 461 2635 auctoritas,
492 2565 767 2635 provocare
797 2567 965 2622 liceat.
997 2566 1130 2621 Hinc
1156 2566 1522 2635 appellationis
1544 2565 1730 2635 jtts’ad

150 2633 464 2706 lt‘ontanum
494 2634 793 2706 pontiﬁcem
830 2639 881 2690 in
910 2645 1015 2690 tota
1054 2633 1287 2691 Ecclesia
1326 2638 1506 2703 negari
1547 2633 1733 2702 uetuit

150 2703 262 2776 nisi
296 2706 365 2758 ah
394 2720 459 2776 eo
486 2703 576 2775 Qui
605 2710 853 2774 Maiorem
891 2712 1241 2761 auctoritatem
1286 2723 1445 2775 supra
1473 2709 1732 2776 quaslibet

152 2775 344 2848 totius
360 2775 513 2848 orbis
538 2776 807 2831 Ecclesias
835 2777 1008 2832 eidem
1038 2792 1247 2848 summio
1268 2775 1503 2847 pontiﬁci
1536 2792 1730 2848 negare

151 2859 282 2900 cum
331 2844 595 2900 hrereticis
635 2858 688 2901 et
728 2848 1077 2902 schismaticis
1118 2844 1328 2902 audeat.
1380 2849 1504 2902 llaec
1553 2844 1728 2903 autem

152 2933 241 2968 ma
255 2919 332 2969 'or
356 2918 627 2971 auctoritas
658 2918 900 2985 primatui
928 2932 1022 2973 Seu
1049 2919 1320 2987 potentiori
1363 2920 1731 2987 principalitati

152 2936 445 3041 red-renda
476 2998 575 3042 est.
604 2988 877 3053 Quatenus
919 3004 1046 3043 vero
1075 2990 1174 3042 hoc
1201 2990 1613 3053 appellationum
1644 2989 1732 3053 jus

152 3004 445 3041 rcterenoa
476 3004 575 3042 eSt.
604 3004 877 3053 quatenus
919 3004 1046 3043 vero
1076 3004 1174 3042 noc
1201 3004 1613 3056 appettattonum
1644 3004 1732 3057 jus

152 3071 185 3111 e
215 3058 508 3140 pontiﬁcio.
528 3061 753 3140 primatu
772 3100 787 3122 ,
820 3059 1243 3140 acjproindeuex
1274 3059 1466 3139 (ιινιίιιο⁸
1486 3060 1620 3139 jure.
1651 3059 1733 3139 di-

152 3142 366 3195 manet,
401 3138 456 3181 ut
486 3128 683 3183 facilius
713 3143 776 3184 ac
796 3128 995 3184 rectius
1018 3128 1404 3197 intelligamus,
1456 3130 1506 3181 in
1547 3129 1729 3194 primi-

1766 1836 1815 1896 B

1844 538 2054 579 rursum
2083 522 2150 597 in_
2168 523 2456 597 majoribus
2478 522 2792 583 dimces‘ibus
2814 522 3092 596 majorem,
3116 543 3273 597 quam
3299 530 3420 597 epi-

1844 604 2099 669 scepatus
2125 593 2255 669 fert,
2290 593 2549 649 haberent
2591 593 2985 667 auctoritate—tn,
3018 593 3249 669 vi'cujus
3279 593 3420 655 inter

1842 674 2037 721 caetera
2068 664 2135 719 de
2160 666 2536 731 episcOporum
2564 670 2737 722 causis
2759 680 2904 725 certa
2940 664 3145 726 ratione
3160 664 3238 725 'ac
3260 671 3423 726 modo

1843 743 2259 806 cognoscerent,
2286 735 2357 807 de
2384 736 2578 805 quibus
2611 752 2679 793 ex
2710 739 2827 807 jure
2854 741 3029 796 divino
3052 742 3200 797 solus
3230 741 3420 797 Petrus

1842 820 1920 892 ac_
1930 820 2273 887 successores
2313 806 2432 876 ejus
2480 806 2806 890 cognoscere
2852 812 3273 892 potitissent,“et
3311 813 3419 892 hac

1844 877 2073 943 ratione,
2103 892 2221 946 qua:
2242 892 2371 949 sane
2400 878 2677 933 verissima
2717 889 2824 945 est,
2851 877 3146 949 iurisdictio
3182 883 3324 939 Petri
3353 900 3418 939 ac

1843 962 2212 1020 successorum
2243 947 2359 1016 ejus
2389 949 2699 1020 peculiaris?
2727 966 2791 1004 ex
2836 947 3161 1008 institutione
3203 956 3378 1009 divina
3398 998 3413 1020 ,

1843 1016 2635 1090 ecclesiastica_quodammodo
2671 1019 3006 1090 delegatione
3034 1024 3151 1077 aliis
3180 1016 3418 1079 commu;

1847 1087 2019 1141 tticata
2052 1086 2166 1161 fuit.
2200 1088 2356 1161 Tales
2386 1100 2509 1161 sunt
2531 1090 2606 1144 illi
2636 1092 2724 1159 qui
2753 1086 2939 1161 postea
2985 1093 3294 1161 patriarcha:
3335 1098 3416 1151 vel

1846 1158 2245 1225 metropolitani
2267 1160 2518 1227 appellati
2541 1158 2683 1215 sunt.
2718 1158 2776 1216 In
2808 1162 2943 1217 hanc
2978 1158 3154 1216 autem
3199 1165 3419 1218 institu-

1848 1227 2048 1281 tionem
2077 1230 2518 1301 ecclesiasticam,
2559 1246 2677 1301 quae
2710 1234 2981 1301 proprium
3014 1232 3157 1287 Petri
3200 1248 3262 1287 ac
3300 1250 3424 1288 suc-

1846 1310 2120 1370 cessorum
2149 1299 2264 1370 ejus
2284 1299 2371 1370 jus
2398 1300 2513 1355 aliis
2538 1299 3277 1370 episcopis—communicavit,
3305 1302 3419 1369 ipse

1848 1368 2031 1442 procul
2072 1368 2232 1442 dubio
2272 1368 2329 1423 S.
2382 1368 2685 1442 Petrusiaut
2712 1368 3055 1429 successores
3083 1374 3202 1442 ejus
3231 1368 3418 1429 saltem

1847 1440 2278 1506 interpretative,
2329 1450 2384 1493 ut
2423 1440 2492 1492 ita
2542 1440 2745 1508 dicam,
2793 1440 3131 1498 consensisse
3165 1444 3419 1499 credendi

1844 1519 1965 1589 sunt
1990 1526 2004 1573 ;
2045 1524 2203 1589 nemo
2222 1512 2360 1589 enim
2387 1510 2524 1565 alius
2546 1526 2638 1589 per
2664 1528 2723 1567 se
2748 1528 2809 1568 ea
2827 1514 3204 1589 jurisdictione
3232 1530 3425 1589 expers

1842 1577 1986 1658 illam
2026 1582 2281 1658 potujsset
2313 1581 2363 1658 in
2392 1577 2692 1658 quempiam
2728 1577 3017 1658 transferre
3043 1600 3108 1641 eo
3141 1577 3316 1658 inscio
3335 1586 3421 1658 vel

1843 1650 2035 1728 invito,
2078 1650 2186 1728 qui
2211 1651 2449 1728 eamdem
2490 1652 2636 1707 solus
2681 1670 2785 1708 non
2814 1655 3081 1728 humano,
3113 1656 3206 1710 sed
3238 1656 3420 1711 divino

1838 1719 1959 1791 j_u_re
1988 1719 2280 1775 obtinebat.
2314 1720 2532 1791 Vulgata
2580 1733 2663 1778 est
2702 1728 2844 1779 enim
2890 1726 2976 1780 illa
3021 1719 3155 1791 juris
3185 1728 3367 1791 regula
3401 1744 3414 1781 ς

1844 1786 2008 1841 Nemo
2053 1799 2213 1866 potest
2246 1792 2356 1860 plus
2399 1786 2529 1854 furis
2569 1797 2847 1866 transferre
2880 1798 2931 1850 in
2960 1786 3117 1849 alium
3145 1786 3299 1866 quam
3325 1798 3421 1851 sibi

1838 1868 2120 1938 competere
2148 1860 2495 1938 dignoscatur.
2534 1866 2687 1938 Quod
2714 1860 2762 1921 si
2792 1868 3021 1935 apostoli
3053 1860 3418 1937 pro'euraor-

1837 1929 2046 2005 dinario
2100 1929 2427 2001 apostolatus
2462 1929 2585 2003 jure
2641 1936 2693 1990 in
2742 1929 3415 2005 universam-Ecclesiam,

1835 2002 1974 2081 quod
2006 2004 2056 2081 in
2096 2006 2375 2081 ep_isc0po_s
2418 2002 2759 2081 successores
2793 2024 2905 2081 non
2942 2008 3215 2075 transivit,
3253 2002 3415 2077 supra

1836 2074 2103 2151 antistites
2160 2074 2769 2151 ipsos_jurisdicttonem
2825 2079 3080 2133 habentes
3128 2074 3416 2147 potuerunt

1836 2143 2152 2219 quibusdam
2174 2143 2415 2219 eamdem
2444 2149 2863 2211 communicare.
2896 2143 3412 2219 eatnque'prtcterea

1835 2212 2100 2291 aliquibus
2141 2214 2400 2282 majorum
2434 2220 2636 2271 sediuin
2669 2220 2931 2289 episcopis
2962 2212 3419 2283 rei'psa'commu-

1837 2295 2043 2361 ntcssse
2072 2296 2477 2361 praisumantur,
2508 2302 2629 2361 cum
2656 2291 3157 2361 communicassent
3194 2291 3416 2360 jurisdi-

1836 2357 2065 2407 ctionem
2086 2396 2100 2419 ,
2118 2370 2266 2435 “qua:
2290 2357 2409 2435 jure
2434 2359 2705 2435 ordinario
2731 2375 2793 2415 ac
2819 2361 2999 2415 divino
3028 2362 3126 2435 soli
3160 2357 3319 2416 Petro
3347 2377 3412 2417 ac

1834 2426 2233 2502 successoribus
2264 2431 2380 2495 ejus
2404 2431 2741 2495 competebat
2762 2472 2776 2493 ,
2816 2447 2918 2485 nou
2949 2434 3064 2486 sine
3091 2432 3409 2499 interpreta-

1838 2496 2154 2573 tivo_saltetn
2197 2499 2416 2573 ismrutn
2437 2515 2712 2573 consensu
2739 2517 2854 2556 eam
2876 2496 3302 2559 communicasse
3323 2503 3405 2557 di—

1832 2563 2231 2645 cendinessent,
2263 2569 2343 2622 vel
2374 2570 2559 2645 saltem
2585 2572 2956 2645 sineipsorum
2990 2574 3319 2645 prrejudicio,
3343 2588 3410 2629 ne

1828 2634 2132 2714 jttrisdictio
2159 2653 2275 2706 qua:
2303 2640 2575 2697 ordinario
2598 2652 2651 2697 et
2679 2634 2857 2697 divino
2880 2634 3006 2713 jure
3031 2634 3268 2714 ad'ipsos
3290 2634 3411 2713 per-

1834 2707 1967 2781 tinet
1992 2707 2365 2781 detrimentum
2397 2726 2633 2781 caperet.

1836 2844 1849 2857 .
1987 2777 2135 2858 lituo
2166 2792 2339 2833 autem
2387 2774 2811 2858 patriarcharum
2846 2799 2908 2839 ac
2950 2786 3411 2858 metropolitarum

1829 2847 2256 2925 jurisdictionem
2296 2847 2645 2925 conciliorum
2684 2870 2918 2909 eanoues
2960 2847 3185 2910 subinde
3217 2869 3414 2925 appro-

1834 2916 2049 2987 harunt,
2081 2920 2161 2971 vel
2190 2922 2352 2972 certis
2376 2921 2589 2985 ﬁnibus,
2617 2933 2771 2987 prout
2800 2927 3087 2978 necessitas
3109 2926 3190 2978 vel
3219 2916 3419 2980 utilitas

1834 2983 2133 3061 llagitabat,
2160 3002 2449 3061 coercuere
2492 3009 2506 3044 :
2546 2983 2695 3046 initio
2727 3009 2852 3047 vero
2896 2995 3131 3061 pluribus
3176 2996 3227 3045 itt
3274 2995 3405 3048 locis

1836 3057 2243 3111 immemorabili
2298 3068 2501 3114 tantum
2557 3057 2945 3117 consuetudine
2992 3076 3169 3117 certus
3228 3064 3418 3118 modus

1838 3128 2023 3202 viguit,
2049 3129 2288 3197 certique
2304 3130 2445 3202 lines
2474 3130 2691 3184 fuerunt
2719 3133 3034 3201 praescripti,
3059 3134 3145 3199 qui
3174 3148 3270 3200 pro
3301 3133 3416 3202 lege

152 3200 372 3267 geniaut
413 3199 788 3254 ecclesiastica:
814 3199 1202 3268 jurisdictionis
1244 3199 1502 3267 originem
1536 3198 1737 3268 paulis-
1762 3201 1809 3264 C
1842 3197 2194 3260 habebantur,
2221 3199 2354 3252 etin
2380 3203 2675 3254 canonibus
2716 3197 3012 3257 conﬁrmati
3053 3197 3412 3257 inveniuntur.

153 3283 255 3336 per
284 3270 642 3325 intendendus
668 3277 749 3323 est
773 3270 1022 3335 animus;
1051 3279 1104 3325 et
1142 3270 1267 3337 quid
1290 3284 1319 3323 a
1340 3268 1553 3323 Christo
1596 3271 1737 3324 circa

154 3340 471 3407 pontiﬁcum
519 3340 879 3395 Romanorum
925 3339 1014 3408 jus
1058 3354 1217 3408 supra
1261 3343 1542 3408 episcopos
1586 3338 1744 3395 fuerit

152 3410 484 3481 institutum,
511 3421 637 3466 ante
664 3422 743 3466 eat
767 3410 1228 3481 perspiciendum;
1255 3426 1427 3478 neque
1452 3411 1593 3465 enim
1620 3409 1741 3479 jura

152 3480 355 3535 melius
376 3496 533 3552 quam
564 3497 629 3536 ex
662 3483 774 3551 ipsa
800 3480 1133 3537 institutione
1161 3489 1216 3536 et
1248 3481 1457 3551 origine
1485 3482 1740 3550 cognosci

289 3562 405 3607 unt.

151 3563 515 3693 Ὕυὸιιίιηεε
542 3623 815 3693 apostolos
852 3620 993 3677 inter
1032 3638 1090 3678 se
1142 3622 1321 3677 divina
1357 3622 1739 3678 constitutione

152 3688 325 3748 fuisse
351 3688 608 3763 aequales,
638 3710 742 3747 ttno
771 3694 931 3748 Petro
950 3704 1195 3763 excepto,
1229 3693 1320 3761 qui
1351 3694 1563 3747 Christo
1588 3693 1737 3748 defe-

153 3773 313 3816 rente
342 3779 449 3818 non
476 3764 608 3818 uteri
633 3764 868 3827 ordinis,
914 3765 1005 3816 sed
1037 3764 1318 3833 peculiaris
1350 3764 1735 3832 jurisdictionis

153 3832 449 3901 primatum
475 3848 634 3902 supra
666 3850 849 3889 omnes
881 3832 1143 3900 obtinuit,
1173 3849 1235 3888 ac
1264 3842 1538 3902 propterea
1568 3836 1737 3889 nemi-

154 3918 279 3958 nem
307 3915 627 3959 cancrorum
662 3905 1023 3973 apostolorum
1049 3921 1114 3959 ex
1142 3904 1321 3959 divino
1343 3903 1462 3973 jure
1489 3906 1736 3960 habuisse

153 3986 320 4043 supra
348 3975 484 4029 ali0s
506 3975 958 4044 jurisdictionem,
991 3976 1164 4030 solum
1190 3986 1368 4030 autem
1395 3974 1607 4028 Petrum
1638 3990 1734 4029 eo-

153 4044 277 4098 dem
305 4044 430 4114 jure
454 4046 634 4099 divino
654 4048 771 4101 eain
806 4047 1083 4111 habuisse,
1128 4048 1263 4099 inter
1289 4044 1579 4099 catholicos
1600 4060 1733 4099 con-

152 4113 321 4170 venit.
348 4113 484 4171 Cum
511 4131 666 4184 porro
694 4116 880 4172 eodem
900 4116 1023 4185 jure
1066 4115 1321 4184 apostolis
1350 4117 1581 4185 episcOpi
1609 4129 1734 4169 suc-

152 4186 441 4257 cesserint,
458 4202 554 4242 nec
572 4196 745 4242 tamen
764 4187 1018 4257 majorem
1044 4202 1150 4253 prae
1170 4186 1274 4257 illis
1284 4185 1731 4253 jurisdictionem,

150 4254 374 4309 Christo
405 4256 739 4322 instituente,
770 4254 1375 4321 sintconsecuti,Petro
1416 4266 1589 4308 autem
1613 4270 1735 4309 suc-

150 4327 385 4397 cesserit
410 4325 683 4397 Romanus
711 4329 942 4397 pontifex
966 4367 982 4392 ,
1022 4336 1076 4382 et
1113 4342 1234 4381 cum
1258 4324 1443 4381 eadem
1467 4329 1735 4397 primatus

147 4396 525 4464 jurisdictioue
550 4396 901 4461 siiccesserit,
932 4412 1265 4467 consequens
1304 4398 1363 4467 lit
1390 4396 1590 4467 nullum
1620 4396 1735 4467 epi-

147 4482 447 4536 scoporum
474 4469 574 4522 nisi
603 4470 775 4523 solum
803 4465 1445 4535 Romanum'pontilicem
1486 4466 1606 4535 jure
1650 4466 1733 4518 di-

145 4535 283 4591 vino
322 4554 481 4607 supra
504 4540 637 4594 alios
663 4542 944 4608 episcopos
965 4537 1393 4607 jurisdictionem
1436 4535 1724 4605 accepisse.

146 4608 237 4663 Ad
268 4608 409 4662 hanc
434 4621 607 4663 autem
638 4609 1063 4679 jurisdictionem
1104 4624 1264 4677 supra
1305 4608 1582 4679 episcopos
1609 4620 1731 4679 per:

147 4679 290 4733 tinet
323 4693 514 4749 causas
542 4677 913 4749 episcoporum
952 4693 1274 4749 cognoscere
1298 4688 1352 4732 et
1374 4677 1643 4744 judicare;
1677 4677 1729 4749 id

144 4751 300 4803 enim
342 4747 732 4818 jurisdictionis
758 4762 871 4817 est,
920 4747 1039 4819 quai
1074 4749 1331 4817 superiori
1364 4747 1730 4819 tantummodo

142 4822 435 4888 competit.
471 4819 632 4889 Igitur
661 4837 725 4877 ex
756 4818 951 4875 Christi
981 4821 1313 4874 institutione
1333 4833 1393 4872 ac
1415 4818 1594 4872 divino
1609 4818 1730 4887 jure

142 4904 320 4945 nemo
347 4890 688 4972 singulorum
706 4890 1075 4961 episcoporum
1101 4891 1169 4972 de
1191 4891 1415 4972 aliorum
1446 4889 1728 4972 episcopo-

140 4975 276 5015 rum
310 4959 490 5015 causis
518 4970 696 5031 potest
721 4959 1045 5032 cognoscere
1068 4972 1121 5016 et
1150 4961 1436 5032 judicare;
1460 4959 1730 5032 Romanus

134 5040 338 5086 autem
380 5028 557 5098 potest
588 5048 603 5087 :
636 5032 775 5086 unde
794 5028 1213 5087 Valentinianus
1236 5034 1288 5085 in
1320 5030 1531 5091 laudata
1571 5028 1728 5098 epist.

137 5102 221 5157 55
247 5100 324 5156 ad
352 5100 714 5157 TheodOsium
746 5104 885 5157 inter
928 5102 1181 5173 primatus
1224 5102 1475 5173 pontillcii
1500 5100 1619 5173 jura
1648 5114 1733 5173 reg

134 5174 281 5227 tulit
308 5173 613 5244 generalem
642 5168 943 5241 potestatem
964 5174 1027 5227 de
1057 5173 1158 5242 ﬁde
1186 5168 1237 5227 et
1269 5170 1611 5227 sacerdotibus
1641 5168 1733 5244 (id

129 5252 230 5298 est
254 5240 560 5314 episcopis)
581 5240 835 5314 judicare.

216 5310 686 5383 5.7Hinc’qu'idein
716 5315 844 5368 nulli
872 5314 1205 5384 patriarchae,
1228 5311 1577 5384 metropolitte
1602 5310 1734 5366 nulli

122 5385 276 5456 jure
304 5384 485 5456 divino
515 5386 743 5439 instituti
770 5383 927 5450 sunt,
960 5384 1149 5454 quibus
1175 5384 1289 5438 haec
1316 5383 1613 5456 iurisdictio
1641 5398 1734 5456 eo-

126 5452 281 5512 dem
311 5454 434 5523 jure
480 5456 772 5521 tribuatur;
817 5456 911 5511 sed
954 5452 1141 5510 omnes
1183 5452 1554 5509 ecclesiasticae
1585 5452 1735 5508 insti-

131 5527 355 5597 tutioni
386 5524 550 5597 979
572 5527 725 5597 sicuti
754 5526 1009 5597 originem
1030 5566 1043 5588 ,
1071 5526 1145 5580 ita
1170 5536 1221 5579 et
1246 5524 1620 5597 auctoritatem
1650 5538 1734 5597 re:

124 5596 359 5654 ferunt.
379 5594 672 5652 Cotti—enim
689 5594 877 5651 Petrus
897 5596 1117 5667 ejusque
1141 5594 1734 5667 successores‘ilomani

122 5670 445 5739 pontiﬁces
474 5681 571 5721 nec
599 5668 795 5737 ubique
833 5663 1205 5739 pristo‘esse,
1235 5680 1332 5720 nec
1354 5663 1736 5739 omnibusom-

125 5734 314 5796 hiutn
336 5734 910 5814 episcoporum'causis
932 5751 1029 5814 pro
1045 5738 1281 5814 suojure
1296 5744 1513 5814 possent
1536 5734 1736 5803 ubique

122 5806 471 5882 opportune
498 5806 828 5880 prospicere,
867 5806 1227 5866 cctlesiastica
1256 5806 1587 5863 institutione
1608 5819 1738 5875 pro-

1845 3268 2107 3335 Quidquid
2152 3276 2327 3323 autem
2372 3270 2489 3324 sive
2516 3286 2751 3328 canones
2779 3273 2892 3327 sive
2920 3272 3251 3328 consuetudo
3275 3275 3419 3328 circa

1847 3339 2427 3410 liancjurisdictionetn
2462 3342 2774 3407 patriarchis
2805 3355 2896 3397 aut
2940 3342 3294 3410 metropolitis
3336 3352 3419 3399 at-

1843 3409 2056 3475 tribuit,
2097 3424 2217 3480 cum
2252 3409 2389 3480 juris
2417 3412 2486 3466 sit
2509 3424 2563 3467 et
2606 3414 2949 3469 institutionis
2981 3430 3141 3468 mera:
3168 3414 3422 3470 ecclesia-

1843 3482 2020 3546 sticae,
2075 3479 2389 3549 primigenio
2426 3491 2479 3536 et
2524 3483 2706 3538 divino
2759 3486 2897 3540 Petri
2949 3500 3010 3539 ac
3054 3484 3416 3541 Romanorum

1842 3552 2151 3637 pontiﬁcum
2192 3551 2304 3637 juri.
2344 3552 2701 3637 przejudicare'
2746 3572 2849 3611 non
2899 3559 3114 3637 potuit;
3157 3556 3418 3637 quidquid

1840 3624 1982 3696 enim
2012 3622 2397 3696 ecclesiastici,
2430 3622 2593 3679 immo
2626 3636 2681 3679 et
2705 3622 2983 3695 apostolici
3012 3626 3148 3696 juris
3170 3622 3284 3690 est,
3307 3622 3419 3695 juri

1839 3693 2019 3747 divino
2047 3707 2113 3747 ne
2145 3693 2404 3767 tantillum
2430 3696 2648 3767 quidem
2693 3693 2983 3766 decerpere
3013 3693 3220 3767 potest.
3252 3693 3413 3765 Qua:-

1838 3777 2067 3837 cumque
2092 3778 2220 3837 ergo
2243 3763 2602 3837 ecclesiastica
2629 3767 2707 3821 vel
2732 3763 2890 3822 etiam
2913 3763 3204 3837 apostolica
3235 3763 3420 3823 aucto-

1840 3834 2265 3907 ritateAinstit‘ttta
2296 3834 2457 3907 fuerit
2481 3838 2900 3904 patriarcharum
2930 3834 3019 3891 aut
3052 3840 3421 3907 metropolita-

1837 3903 2290 3978 rumnjurisdictio
2321 3906 2372 3978 in
2396 3903 2767 3978 episcoporum
2791 3910 2988 3965 causis.
3024 3908 3169 3961 salva
3200 3903 3416 3975 semper

1838 3973 2180 4043 intelligenda
2214 3984 2297 4028 est
2334 3973 2694 4031 Romanorum
2729 3978 3039 4044 pontiﬁcum
3076 3978 3239 4029 divini
3277 3973 3414 4043 juris

1836 4047 2151 4105 auctoritas;
2180 4045 2314 4099 adeo
2343 4056 2401 4099 ut
2431 4049 2571 4101 sicut
2598 4055 2721 4100 ante
2754 4062 2872 4101 eam
2902 4048 3293 4099 inetitulionem
3324 4062 3419 4101 ec-

1836 4114 2187 4169 clesiasticam
2229 4115 2317 4168 isti
2358 4130 2423 4168 ex
2464 4118 2645 4170 divino
2686 4117 2806 4183 jure
2856 4123 3099 4180 poterant
3130 4116 3197 4169 de
3241 4120 3418 4169 causis

1836 4184 2206 4252 episcoporum
2238 4197 2559 4250 cognoscere
2603 4186 2714 4249 ipsa
2762 4184 3065 4252 cognitione
3104 4186 3305 4249 prima,
3342 4185 3414 4240 ita

1838 4266 1956 4319 post
1997 4268 2117 4307 eam
2156 4253 2542 4306 institutionem
2572 4268 2725 4320 mque
2767 4269 2861 4322 pro
2904 4267 3002 4306 suo
3036 4254 3157 4321 jure
3188 4253 3412 4319 possint.

1835 4325 2011 4391 (Icare
2040 4336 2136 4376 nec
2151 4336 2383 4375 canones
2406 4338 2502 4377 nec
2521 4325 2873 4387 consuetudo,
2899 4323 3032 4376 sicut
3060 4338 3156 4379 nec
3179 4325 3410 4391 apostoli

1836 4395 1938 4462 ipsi
1971 4401 2255 4463 potuerunt
2282 4391 2497 4448 eilicere
2527 4403 2583 4447 ut
2605 4392 2830 4448 Romani
2852 4394 3162 4460 pontiﬁces,
3192 4396 3280 4462 qui
3310 4395 3415 4451 soli

1834 4474 1960 4517 sunt
1998 4463 2290 4533 immediati
2320 4465 2695 4532 episcoporum
2724 4464 3025 4532 superiores
3046 4466 3166 4533 jure
3196 4466 3411 4533 divino,

1834 4537 2021 4589 eadem
2045 4532 2347 4605 immediata
2363 4535 2737 4603 jurisdictioue
2762 4537 2814 4587 in
2839 4532 3118 4604 episcopos
3146 4551 3249 4590 non
3278 4532 3416 4605 gau-

1832 4605 2012 4671 deant,
2042 4618 2161 4673 qua
2187 4618 2251 4659 ex
2282 4604 2465 4659 divino
2491 4608 2611 4674 jure
2634 4606 2931 4675 descendit,
2962 4621 3062 4661 nec
3091 4616 3146 4661 ut
3172 4607 3237 4662 ad
3265 4604 3414 4675 ipsos

1831 4677 2020 4732 eodem
2044 4674 2165 4758 jure
2196 4690 2300 4729 non
2330 4676 2600 4758 pertineat
2637 4677 2749 4746 ipsa
2784 4678 3173 4758 episcopaliuni
3223 4674 3415 4758 causa-

1832 4762 1950 4803 rum
1984 4747 2152 4816 prima
2188 4749 2454 4815 cognitio,
2494 4747 2540 4801 si
2566 4762 2684 4802 eam
2704 4788 2719 4814 ,
2749 4748 2867 4801 aliis
2894 4748 3017 4803 licet
3046 4750 3409 4805 ecclesiastica

1832 4818 2163 4872 institutione
2184 4820 2650 4884 communicatam,
2681 4834 2750 4871 es
2781 4818 2971 4873 eodem
2990 4820 3110 4887 jure
3136 4821 3199 4873 ad
3232 4836 3290 4873 se
3323 4835 3410 4874 re-

1832 4903 2022 4959 vocare
2049 4889 2376 4943 crediderint
2410 4889 2683 4959 expedire.
2710 4888 2816 4943 Nec
2842 4890 2888 4944 si
2912 4890 2963 4943 id
2992 4890 3247 4952 iacerent,
3280 4890 3404 4959 alie-

1832 4974 1958 5013 num
1998 4958 2082 5040 jus
2110 4960 2349 5040 arripere
2369 5000 2385 5024 ,
2428 4958 2497 5013 eti
2527 4960 2944 5040 patriarcharum
2977 4959 3061 5013 vel
3092 4958 3408 5037 metrojioli-

1836 5037 2009 5083 tarum
2047 5028 2473 5097 jurisdictionem
2526 5045 2621 5094 per
2672 5030 2918 5099 injuriam
2949 5042 3207 5099 usurpare
3235 5037 3296 5099 et_
3329 5029 3412 5081 itt-

1836 5099 2107 5170 iringere,
2156 5099 2249 5155 sed
2292 5101 2561 5169 proprium
2589 5100 2678 5169 jus
2721 5097 2823 5154 sibi
2860 5100 3034 5170 divina
3074 5097 3408 5170 institutione

1836 5167 2148 5247 competens
2172 5167 2417 5247 repetere
2450 5183 2503 5247 et
2531 5167 3018 5247 esereeredicendi
3043 5177 3242 5247 essent.
3273 5167 3407 5247 lliuc

1838 5236 2033 5295 nullius
2062 5236 2277 5309 quidem
2324 5242 2525 5309 injurias
2571 5241 2624 5295 iit
2667 5240 3063 5294 Gallicanorum
3105 5236 3405 5309 antistitum

1841 5308 2125 5382 privilegia
2141 5308 2390 5382 accusari:
2410 5319 2583 5380 potest
2610 5310 2887 5382 Patroclus
2916 5308 3261 5382 Arelatensis,
3286 5322 3407 5361 cum

1839 5378 2054 5437 Proculi
2081 5378 2446 5445 Massiliensis,
2479 5391 2571 5434 aut
2600 5380 2781 5433 Hilarii
2810 5378 3166 5433 Narbonensis
3190 5392 3408 5432 causam

1838 5454 1892 5507 in
1938 5453 2107 5522 prima
2145 5454 2449 5521 cognitione
2476 5452 2540 5522 ad
2571 5453 2915 5522 apostolicam
2959 5454 3140 5522 sedent
3181 5448 3411 5522 detulit;

1839 5517 2021 5578 nec—in
2050 5537 2116 5578 ea
2146 5517 2470 5591 re'usurpati
2491 5521 2627 5590 juris
2657 5521 2827 5573 notari
2858 5531 3061 5591 queunt
3085 5517 3413 5591 Zositnipde-

1837 5602 1980 5649 creta
2001 5634 2017 5660 ,
2054 5609 2174 5663 quae
2213 5589 2469 5647 adversus
2500 5591 2779 5645 Proculum
2813 5605 2909 5659 pro
2940 5590 3267 5663 Arelatensis
3292 5589 3414 5657 jure

1838 5664 2000 5730 edita,
2032 5662 2146 5732 ipse
2172 5664 2489 5731 Quesnellus
2514 5672 2648 5730 part.
2674 5676 2743 5725 ll,
2764 5678 2812 5715 c.
2838 5663 2894 5729 Δ,
2921 5662 3085 5715 veluti
3108 5662 3413 5732 tequissinta

1836 5730 2112 5790 vindicare
2155 5730 2353 5789 studet.
2384 5732 2642 5803 Similiter
2668 5732 2981 5803 reprehendi
3013 5738 3281 5803 nequeunt
3311 5730 3415 5785 Va-

1837 5804 2057 5865 lentiam
2080 5804 2340 5862 Ecclesiae
2368 5802 2581 5872 clerici.
2613 5802 2737 5861 cum
2764 5802 2981 5862 Maximi
3004 5802 3243 5874 episcopi
3279 5816 3411 5859 cau-
