3994 6310
541 385 648 447 885

1001 374 1241 439 PASCH.
1281 373 1665 448 QUESNELLI
1701 370 2289 435 DlSSER’I'ATlONES
2325 373 2393 433 1N
2428 373 2489 433 S.
2527 373 2776 433 LEONIS
2812 372 3027 432 MAGNI
3063 373 3307 434 OPERA.

3657 375 3751 438 584

578 498 887 553 uiestionem
929 494 1209 563 implicuit,
1264 504 1318 549 et
1363 501 1563 563 negatis
1611 505 1707 559 pro
1741 489 2104 560 appellatione
2128 496 2179 552 Α
2206 489 2513 555 credantur,
2543 490 2595 543 in
2620 488 2705 545 his
2739 499 2917 545 tamen
2954 505 3015 545 se
3056 488 3332 545 moderate
3361 487 3665 559 defendisse,
3693 508 3754 550 ne

537 515 801 626 gelidonii
845 565 1232 622 consuetudine
1269 575 1427 626 atque
1478 562 1808 626 canonibus,
1867 561 2101 618 Leonem
2206 575 2303 626 pro
2326 560 2592 626 placando
2618 560 2800 617 Leone
2831 563 3000 626 magis
3035 561 3310 626 magisque
3339 560 3585 625 irritaret,
3617 561 3754 618 indu-

582 567 801 626 elidonii
845 561 1232 622 consuetudine
1269 561 1452 633 atque'
1478 562 1808 633 canonibus,
1834 632 1839 633 ί
1867 561 2101 633 Leonem

536 640 685 695 nullo
708 640 831 710 jure
851 638 919 692 de
945 651 1009 691 ea
1039 631 1380 710 cognovisse,
1399 648 1705 710 novumque
1720 632 1808 701 jus
1831 632 1881 686 in
1912 631 2102 710 Galliis

538 710 639 765 hac
678 704 986 781 cognitione
1014 704 1281 781 studuisse
1320 704 1421 781 s_ibi
1463 718 1775 781 comparare
1819 704 2103 761 Ostendere

541 781 726 845 voluit.
749 773 843 835 'uti
868 794 919 834 c.
950 778 985 832 4
1026 776 1262 833 recitatis
1304 776 1421 845 ejus
1471 775 1645 829 verbis
1683 773 2102 831 demonstratum

540 851 659 907 fuit.
687 852 795 907 Nos
824 865 953 905 vero
979 857 1089 903 tuin
1119 848 1559 903 consuetudinem
1603 854 1712 899 tum
1743 858 1980 899 canones
2002 860 2103 915 ap-

541 924 883 993 pellationum
918 919 1007 993 jus
1056 919 1107 993 in
1138 917 1535 993 episcopalibus
1573 916 1753 993 causis
1786 916 2105 993 apostolica:

539 986 653 1049 sedi
686 986 1153 1048 tribuere'duobus
1172 986 1620 1042 antecedentibus
1641 986 1900 1056 capitibus
1924 996 2107 1043 osten-

540 1063 734 1118 dimus.
771 1062 825 1116 ld
860 1071 1036 1115 autem
1063 1059 1196 1128 juris
1236 1071 1500 1127 quatenus
1530 1058 1582 1111 in
1612 1058 1958 1128 praerogativa
1991 1058 2106 1127 pri-

540 1143 714 1189 matus
738 1131 1006 1195 fundetiir,
1037 1126 1091 1187 et
1112 1144 1145 1184 e
1168 1126 1286 1198 jure
1324 1128 1505 1183 divino
1538 1126 1847 1193 descendat,
1886 1126 2108 1183 bocca-

579 1204 651 1259 ite
680 1203 810 1258 satis
839 1201 1135 1269 explicasse
1171 1207 1227 1255 et
1272 1198 1615 1269 constituisse
1652 1198 1803 1269 nobis
1838 1198 2103 1269 videmur.

579 1219 651 1259 ιιθ
680 1219 810 1258 satis
839 1219 1135 1269 8191108586
1171 1219 1227 1255 ει
1272 1219 1615 1253 ουιιδιιιυιιιδθ
1652 1219 1803 1251 110018
1838 1219 2103 1253 vruetnur.

539 1219 702 1343 fgitur
725 1288 844 1343 cum
889 1273 957 1343 S.
978 1271 1119 1343 Lep,
1136 1270 1401 1343 renitente
1432 1270 1557 1324 licet
1594 1267 1655 1323 8.
1687 1268 2109 1343 HilarioArela-

542 1338 701 1410 ténsi,
731 1342 989 1412 judicavit
1032 1338 1294 1396 Gelidonii
1334 1354 1719 1412 causam,_no_n
1750 1338 1979 1412 Hilarius
2012 1355 2108 1412 pro

539 1408 946 1477 consuetudine,
981 1426 1081 1466 nec
1122 1426 1222 1481 pro
1264 1410 1557 1464 canonibus
1585 1408 1834 1481 inﬂGallia
1878 1411 2108 1478 receptis

540 1487 809 1555 pugnavit,
854 1498 953 1555 nec
1000 1480 1335 1555 Leo’contra
1363 1480 1803 1555 consuetudinem
1832 1489 1992 1549 atque
2019 1496 2110 1555 _c_a-

540 1550 710 1611 nones
752 1554 1039 1623 quidquam
1077 1553 1260 1623 gessit,
1314 1550 1401 1623 uti
1440 1551 1759 1623 Quesuellus
1801 1551 2107 1617 contendit;

539 1626 635 1682 sed
673 1621 848 1693 potius
880 1621 1130 1689 Hilarius,
1156 1623 1201 1693 si
1238 1622 1359 1676 huic
1385 1621 1589 1690 judicio
1617 1621 1691 1675 uti
1735 1624 2109 1693 incompetenti

541 1696 848 1763 reStitisset,
888 1692 1258 1763 consuetudini
1303 1703 1358 1763 et
1396 1692 1690 1763 canonibns
1737 1692 1964 1763 receptis
1992 1707 2112 1748 sese

542 1760 903 1835 opposuisset,
933 1764 1097 1819 immo
1124 1762 1283 1818 etiam
1330 1762 1571 1835 divinum
1600 1760 1869 1830 primatus
1890 1762 1978 1831 jus
2014 1765 2111 1817 im-

544 1831 745 1907 petisse
772 1837 935 1891 Leoni
970 1834 1135 1907 videri
1181 1838 1392 1907 potuit;
1424 1831 1509 1886 liii:
1533 1844 1731 1907 _autem
1764 1837 1814 1886 in
1855 1848 1917 1888 ea
1948 1848 2109 1888 causa

540 1901 785 1977 judicans
810 1906 934 1960 fecit
960 1906 1100 1975 quod
1144 1914 1350 1977 poterat
1380 1904 1495 1971 jure
1527 1901 1703 1957 facere
1732 1912 1843 1957 tum
1873 1918 2107 1977 excon-

545 1975 828 2033 suetudine
856 1985 967 2030 tum
996 1992 1061 2029 ex
1086 1975 1592 2044 reguliscanonum,
1625 1989 1690 2028 ac
1720 1976 2015 2044 praesertim
2044 1990 2113 2029 ex

544 2048 913 2119 praerogativa
944 2042 1223 2115 primatus.
1275 2042 1905 2119 Cum__veri_i_in_Hilario
1956 2044 2113 2119 litijus

544 2114 970 2181 consuetudinis,
1011 2130 1273 2170 canonum
1306 2125 1361 2169 et
1396 2114 1562 2169 divini
1589 2114 1724 2182 juris
1761 2117 2111 2182 ignorantiam

545 2196 601 2243 et
629 2190 793 2243 mulio
817 2194 991 2241 minus
1014 2196 1375 2255 contemptum
1413 2199 1739 2252 nequeamus
1769 2185 2011 2255 credere,
2044 2200 2113 2241 ne

546 2260 828 2314 maximam
872 2257 972 2326 ipsi
1020 2254 1265 2326 injuriam
1309 2259 1677 2325 appingamus,
1707 2270 1827 2311 eum
1868 2254 2112 2311 Romano

542 2330 744 2398 judicio
795 2330 848 2398 in
893 2326 1154 2383 Celidonii
1198 2341 1355 2398 causa
1401 2340 1461 2398 ea
1510 2326 1714 2380 ratione
1759 2340 2110 2395 repugnasse,

544 2396 689 2468 quod
738 2401 789 2453 in
818 2397 998 2453 Leone
1035 2412 1121 2464 jus
1154 2396 1581 2466 appellationum
1622 2410 1724 2452 non
1771 2407 2108 2467 agnosceret,

543 2470 961 2539 haudquaquam,
982 2477 1249 2539 putamus.

619 2538 715 2595 t3.
748 2540 869 2594 Alia
898 2538 1055 2603 igitur
1096 2538 1164 2591 de
1188 2551 1347 2591 causa
1377 2551 1498 2591 eum
1530 2538 1793 2592 restitisse
1812 2539 2107 2607 credimus,

543 2612 688 2681 quod
719 2608 1088 2681 scilicetbanc
1114 2623 1331 2681 causam
1364 2610 1546 2681 homin
1588 2609 1837 2681 cognosci
1873 2624 1934 2663 ac
1960 2609 2109 2678 judit

546 2677 657 2736 cari
680 2695 785 2735 non
811 2680 1057 2733 crederet
1093 2679 1366 2747 expedire.
1397 2677 1515 2742 Qiio
1545 2680 1761 2733 nomine
1798 2680 1842 2733 si
1879 2677 2112 2733 cireum-

545 2754 756 2806 stantia:
785 2750 834 2805 id
858 2750 1123 2817 postulare
1161 2749 1499 2813 videbantur,
1543 2758 1712 2815 potuit
1744 2749 1958 2818 quidem
1989 2764 2111 2807 sese

548 2824 790 2876 modeste
811 2834 1102 2889 opponere,
1133 2829 1186 2873 et
1209 2833 1398 2874 causas
1430 2819 1691 2889 proferre,
1721 2821 1791 2874 ita
1822 2830 1876 2875 ut
1902 2822 2113 2889 pontifi-

546 2892 689 2946 cium
713 2890 801 2961 jus
823 2888 1079 2961 intactum
1111 2889 1454 2956 relinqueret.
1484 2888 1621 2943 Num
1653 2906 1779 2961 vero
1809 2893 1907 2947 liae
1927 2894 2112 2948 mode-

544 2959 753 3017 ratione
784 2975 911 3015 usus
939 2964 1029 3025 sit,
1058 2959 1179 3015 facti
1208 2960 1434 3029 quiestio
1472 2970 1557 3014 est
1582 2960 1734 3015 Valde
1770 2962 2015 3027 obscura,
2042 2977 2109 3017 eo

544 3032 685 3101 quod
717 3037 1006 3103 explorata
1031 3030 1372 3095 documenta,
1404 3045 1523 3099 qua:
1564 3033 1726 3085 tctius
1755 3033 1958 3087 dissidii
2002 3036 2110 3087 cir-

544 3101 892 3159 cumstantias
922 3101 1178 3163 iudicent,
1211 3116 1543 3170 nequaquam
1571 3112 1879 3172 suppetant.
1906 3103 2109 3159 Auctor

549 3174 683 3229 Vitae
707 3173 889 3228 Hilarii
912 3171 1328 3227 moderationem
1348 3186 1402 3226 et
1427 3171 1819 3227 onservautiam
1846 3183 1954 3229 tota
1984 3191 2107 3229 nar-

2246 575 2303 643 ro
2326 560 2592 685 placlando
2618 560 2800 617 Leone
2831 563 3000 631 magis
3035 561 3310 630 magisque
3339 560 3585 625 irritaret,
3617 561 3756 618 indu-

2246 647 2350 685 tum
2379 648 2429 685 vi
2470 642 2608 685 etur.

2242 632 2350 685 ium
2379 631 2608 686 videtur.

2277 702 2367 757 14.
2392 703 2448 757 ln
2473 710 2617 756 tanta
2640 712 2911 772 gestorum
2940 703 3290 769 obscuritate,
3329 701 3454 756 dum
3491 702 3575 768 jus
3598 704 3752 771 ponti-

2207 772 2718 846 ficisnonnegetur,
2742 772 3139 846 reprehendere
3165 773 3378 846 quidem
3404 773 3660 837 nolumus,
3678 778 3753 846 qui

2206 843 2266 899 8.
2306 844 2560 898 Hilarium
2598 846 2871 898 moderate
2918 843 3191 898 vindicare
3229 844 3472 906 student;
3518 857 3581 898 ac
3613 843 3755 902 satius

2207 914 2477 970 credimus
2500 913 2756 983 judicium
2791 916 2899 968 Deo
2929 929 3225 977 reservare,
3255 930 3416 983 quam
3450 923 3643 969 temere
3673 916 3752 970 ιιι.

2207 985 2334 1054 quid
2356 984 2616 1048 delinire;
2644 985 2786 1053 quod
2813 985 3095 1040 consilium
3130 985 3270 1038 idem
3298 992 3485 1038 auctor
3523 984 3651 1054 Vitae
3678 986 3753 1040 Hi-

2210 1053 2329 1110 larii
2358 1058 2633 1123 pr0posuit
2653 1057 2930 1110 scribens:
2961 1054 3238 1108 Tantorum
3264 1055 3491 1107 uirorum
3519 1053 3695 1109 Leonis
3711 1065 3755 1111 et

2210 1124 2396 1181 Hilarii
2429 1127 2707 1195 prasertim
2724 1128 2845 1197 jam
2863 1128 2931 1178 ad
2958 1141 3231 1197 supernam
3258 1126 3755 1197 graiiamcvocatortnti

2210 1211 2300 1250 nec
2328 1197 2384 1249 in
2428 1196 2908 1250 narrationeaudeo
2928 1196 3131 1265 judicia
3170 1196 3441 1250 ventilare.
3470 1196 3755 1262 Quesiiellus

2211 1280 2343 1320 vero
2360 1272 2579 1321 omnino
2593 1266 2981 1336 coarguendus,
3007 1268 3097 1335 qui
3119 1280 3239 1320 cum
3254 1266 3620 1320 vindicandum
3636 1282 3757 1321 suin-

2212 1337 2319 1404 psit
2350 1338 2407 1393 8.
2449 1337 2732 1401 Hilarium,
2772 1337 2845 1391 ita
2894 1337 3269 1391 vindicandum
3310 1339 3541 1406 putavit,
3585 1345 3754 1393 utnon

2212 1409 2384 1461 solum
2427 1409 2690 1461 accusarit
2716 1408 2973 1469 Leonem,
3001 1407 3095 1461 sed
3126 1410 3301 1475 ipsum
3333 1407 3657 1477 pontificium
3686 1409 3756 1477 jus

2212 1478 2281 1531 ab
2304 1477 2511 1547 Hilario
2529 1478 2649 1544 jure
2680 1479 2977 1547 impetitum
3012 1478 3322 1546 praetulerit.

2284 1546 2413 1622 Car.
2443 1547 2572 1603 Vlll.
2604 1547 2720 1622 Duo
2760 1546 2919 1622 Leoni
2968 1549 3167 1620 objecta
3199 1550 3253 1622 in
3291 1548 3551 1604 Celidonii
3590 1552 3756 1622 negotio

2213 1619 2538 1688 refelluntur.
2563 1648 2637 1690 _-—-
2662 1617 2714 1673 1.
2755 1617 3167 1674 Observationes
3210 1620 3265 1674 in
3315 1622 3547 1690 primam
3587 1617 3756 1690 partem

2216 1703 2321 1742 non
2351 1688 2732 1745 concludemus
2760 1690 2862 1744 nisi
2907 1691 3053 1757 prius
3074 1690 3207 1744 duas
3235 1688 3758 1759 gravissimas'crimi-

2217 1759 2463 1815 nationes
2500 1760 2784 1824 diluamus,
2817 1760 3010 1827 quibus
3038 1760 3356 1825 Quesnellus
3385 1759 3439 1814 in
3481 1760 3583 1816 fine
3602 1762 3756 1827 capitis

2218 1776 2463 1815 nationes
2500 1776 2784 1824 unuamus,
2817 1776 3010 1827 quibus
3038 1776 3356 1825 uuesneiius
3385 1776 3439 1814 in
3481 1776 3659 1816 uneca
3704 1776 3756 1816 tis

2218 1831 2391 1885 ultimi
2431 1831 2599 1899 partis
2640 1832 2825 1898 primat
2864 1830 3095 1885 Leonem
3135 1845 3321 1885 notare
3346 1846 3520 1886 ausus
3546 1841 3639 1887 est.

2140 1873 2193 1935 Β
2218 1873 2551 1956 ιιιυιιιέἷιιὶι⁷
2576 1873 3349 1971 εοὲυεειῖιιῐόἴιὶὲιιιιὶἱηῖἱιῖη
3383 1873 3754 1957 ἱῖἷηῖιιῖῖιὶἱιὸιὶίὶ

2214 1984 2327 2025 suae
2351 1972 2660 2040 participem
2684 1971 2907 2035 faciens,
2929 1972 3091 2025 sacris
3116 1973 3362 2027 altaribus
3402 1973 3643 2026 interesse
3661 1989 3756 2040 pes-

2215 2056 2301 2094 sus
2332 2053 2425 2103 est,
2462 2051 2731 2111 antequam
2756 2057 2926 2096 causa:
2948 2043 3059 2111 ejus
3077 2058 3288 2097 examen
3313 2044 3377 2096 de
3408 2058 3546 2097 notio
3563 2043 3752 2097 institu-

2215 2119 2385 2182 rptur;
2412 2113 2551 2177 quod
2599 2112 2839 2180 pluribus
2875 2114 3170 2168 canonibus
3215 2117 3435 2169 vetitum
3492 2116 3661 2182 prodit.
3692 2115 3750 2170 De

2215 2178 2494 2237 CelidOiiio
2520 2178 2725 2237 scilicet
2764 2184 3219 2249 interpretandum
3256 2184 3430 2239 credit
3466 2178 3577 2238 e'uin
3601 2186 3746 2239 locum

2386 2254 2569 2336 llilarii
2598 2267 2649 2336 ε.
2792 2254 3012 2336 quonic
3038 2268 3231 2336 coram_
3241 2255 3426 2336 Leone
3457 2263 3744 2336 questusest

2213 2322 2575 2406 aliquoscapud'
2596 2322 2795 2406 Gallias
2810 2323 3078 2406 .pub‘licam
3105 2326 3287 2406 merito
3584 2335 3750 2406 senten-

2214 2392 2359 2465 tiam,
2380 2404 2430 2448 et
2452 2392 2506 2448 in
2531 2392 2664 2448 Urbe
2688 2392 2847 2449 sacris
2871 2395 3117 2449 altaribus
3146 2396 3405 2465 interesse.
3429 2392 3507 2450 At
3532 2396 3580 2450 in
3597 2395 3751 2465 primis

2212 2462 2284 2535 de
2311 2465 2543 2533 legitima
2569 2465 2835 2519 sententia
2856 2480 2886 2519 a
2917 2466 3153 2535 legitimo
3172 2464 3355 2535 judice
3377 2466 3526 2521 edita
3553 2462 3749 2522 rationes

2213 2532 2522 2619 lcquuntur.
2564 2535 2898 2619 _Sente.uti_am
2922 2532 3113 2619 Iautein
3142 2532 3333 2619 iiilarii
3366 2538 3420 2591 iii
3448 2536 3748 2619 cciidocium

2213 2604 2283 2657 ab
2312 2608 2691 2676 incompetenti
2716 2606 2899 2674 judice
2921 2606 3080 2660 latam
3104 2606 3333 2661 vidimus
3357 2622 3375 2672 ;
3406 2608 3551 2662 unde
3571 2606 3749 2663 Celido-

2213 2675 2363 2758 nium
2376 2677 2796 2758 iiicouipetenter
2803 2676 3104 2758 depositum
3120 2676 3528 2758 Valentinianus
3544 2678 3745 2758 tradidit.

2212 2744 2543 2802 Sententiam
2556 2744 2748 2803 autem
2767 2744 3029 2815 ejusmodi
3052 2746 3332 2803 manifeste
3356 2749 3563 2804 nullam
3581 2760 3630 2805 et
3649 2748 3750 2805 irri-

2214 2822 2323 2873 tam
2350 2819 2441 2875 uui
2468 2832 2701 2874 canones
2726 2818 3039 2874 servandam
3075 2818 3385 2875 tradidere?

2282 2891 2339 2941 2.
2363 2888 2566 2943 Deinde
2588 2903 2820 2960 canones
2839 2891 2945 2960 Aqui
2987 2888 3299 2960 allegantur.
3322 2904 3453 2945 cum
3477 2905 3744 2947 excommu-

2213 2959 2419 3041 nicatos
2446 2960 2515 3013 ab
2542 2959 2661 3042 aliis
2688 2958 2853 3039 recipi
2882 2968 3086 3042 vetant,
3098 2958 3443 3042 "elegitimzc
3465 2962 3741 3042 appellatio-

2212 3032 2297 3085 nis
2319 3032 2738 3086 circumstantiis
2764 3030 3149 3099 praescindunt,
3186 3042 3241 3083 et
3266 3045 3395 3085 num
3424 3030 3637 3100 idipsuin
3661 3032 3745 3085 hoc

2211 3115 2424 3181 quoque
2450 3099 2788 3181 interposita:
2794 3101 3167 3181 appellationis
3185 3115 3315 3181 casu
3335 3102 3655 3181 servandum
3671 3102 3749 3181 sit.

2214 3169 2359 3225 nullo
2390 3171 2587 3225 indicio
2616 3169 2939 3242 significant.
2966 3172 3388 3240 Appellatioiiem
3410 3174 3618 3242 quidem
3645 3172 3752 3237 legi-

544 3246 751 3299 ratione
781 3252 1150 3312 repraesentat,
1174 3256 1273 3295 nec
1314 3242 1366 3295 in
1394 3242 1511 3308 ejus
1542 3244 1606 3295 ad
1638 3242 1871 3298 Leonem
1911 3245 2109 3299 allocu-
2135 3234 2181 3299 C
2216 3246 2343 3297 time
2385 3234 2775 3311 interpositam,
2820 3241 2922 3295 nisi
2969 3234 3749 3311 quid-speciaiiiii'escipiattir,

546 3313 708 3378 tione,
732 3329 890 3381 quani
916 3327 964 3366 c.
1000 3313 1066 3366 17
1104 3312 1378 3375 describit,
1409 3315 1571 3366 ullum
1602 3314 1823 3367 verbum
1853 3328 1936 3369 eat
1965 3318 2109 3383 quod

546 3383 823 3438 dissidioin
856 3384 1105 3451 praeferat
1135 3398 1275 3435 circa
1313 3383 1402 3449 jus
1432 3384 1791 3450 pontificium,
1828 3400 1990 3439 immo
2020 3389 2111 3440 Hi-

548 3453 739 3507 larium
787 3452 1060 3521 pontificio
1094 3452 1199 3519 juri
1230 3451 1559 3506 deferentem
1602 3452 1730 3507 satis
1774 3456 1971 3509 indicat
2002 3457 2111 3513 illis

549 3523 748 3589 verbis,
784 3523 978 3590 quibus
1002 3537 1122 3575 eum
1155 3529 1500 3589 protestatum
1523 3522 1728 3588 scribit,
1759 3524 1803 3577 si
1831 3523 1942 3579 Leo
1967 3528 2109 3581 aliud

549 3592 686 3657 velit,
724 3592 973 3664 nimirum
1008 3592 1053 3645 si
1079 3592 1205 3664 velit
1235 3605 1449 3644 causam
1481 3590 1727 3664 delinire,
1762 3611 1815 3648 se
1849 3610 1951 3647 non
1970 3597 2106 3664 [iitu-

548 3677 663 3733 rum
682 3661 997 3733 molestum;
1023 3676 1141 3729 qua
1159 3662 1539 3733 obsequentem
1566 3663 1797 3716 animum
1829 3675 1881 3718 et
1899 3661 1984 3733 jus
2006 3684 2110 3723 non

550 3731 871 3786 inliciantem
916 3732 1189 3786 exhibent.
1224 3730 1414 3784 Virtuti
1445 3731 1660 3801 quidem
1701 3744 1755 3787 et
1797 3730 2112 3794 constantia:

550 3801 752 3874 Hilarii
785 3800 1003 3874 ascribit
1048 3801 1210 3871 quod.
1254 3804 1393 3874 dum
1436 3800 1619 3855 Romae:
1660 3818 1813 3857 suum
1853 3806 2110 3874 judicium

548 3871 692 3927 circa
714 3870 1047 3947 Celidonium
1068 3870 1336 3947 defendit,
1351 3874 1488 3926 solus
1518 3882 1680 3947 tantos
1696 3870 1955 3947 sustinuit,
1977 3880 2113 3947 quod

548 3958 869 4013 nequaquam
888 3946 1139 3997 minantes
1162 3945 1380 4013 expavit,
1408 3944 1541 4013 quod
1566 3946 1867 4011 inquirentes
1896 3944 2111 4014 edocuit,

548 4014 685 4083 quod
740 4016 1040 4069 altercantes
1092 4015 1229 4080 vicit,
1285 4017 1418 4082 quod
1473 4016 1757 4083 potentibus
1801 4033 1899 4070 non
1943 4021 2110 4084 cessit,

548 4084 753 4155 quod...
802 4085 1147 4139 communioni
1176 4100 1301 4148 suae,
1322 4100 1470 4153 quem
1498 4100 1614 4138 cum
1643 4088 1797 4140 tantis
1828 4089 1949 4141 viris
1970 4091 2116 4142 dam-

550 4166 775 4229 naverat,
806 4157 1054 4229 conjungi
1092 4155 1384 4229 nullatenus
1415 4155 1684 4229 acquievit,
1710 4159 1961 4226 quod.....
1990 4177 2115 4229 quos

546 4227 742 4303 ratione
763 4242 863 4303 non
894 4227 1130 4303 ﬂexerat,
1162 4227 1376 4279 credidit
1414 4225 1921 4303 relinquendos;_sed

546 4297 662 4351 haec
689 4299 842 4350 nimis
864 4296 1129 4366 generalia
1157 4306 1299 4363 sunt,
1328 4310 1391 4351 ex
1421 4298 1613 4369 quibus
1638 4313 1763 4352 nutu
1794 4296 2115 4369 dispot'aiid'o

551 4368 765 4437 modum
786 4372 1013 4420 tenuerit
1042 4369 1157 4435 ejus
1182 4376 1382 4420 tantum
1405 4366 1546 4435 quod
1568 4370 1864 4437 expediret,
1882 4366 1959 4423 ’an
1988 4387 2114 4427 vero

552 4436 604 4491 iii
630 4441 727 4489 lioc
754 4437 1044 4491 ferventius
1065 4438 1239 4505 agenti
1263 4437 1438 4506 aliqua
1469 4436 1787 4507 exciderint,
1809 4455 1925 4503 quae
1947 4441 2115 4496 videri

555 4516 771 4578 possent
802 4507 974 4575 ipsum
998 4508 1086 4574 jus
1117 4508 1299 4578 ferire,
1335 4507 1512 4576 colligi
1531 4511 1750 4578 nequit.
1782 4510 2008 4565 Econtra
2037 4514 2117 4567 in-

553 4576 845 4648 solcntibus
875 4586 947 4648 et
980 4576 1355 4648 arrogantibus
1394 4577 1573 4631 verbis
1624 4576 1883 4633 Hilarium
1926 4598 2109 4648 usum,

551 4643 745 4713 quibus
786 4647 952 4717 ipsius
994 4643 1135 4702 beati
1178 4646 1321 4717 Petri
1356 4650 1707 4703 reverentiam
1752 4650 2029 4717 minuisse,
2059 4643 2114 4709 et

550 4722 870 4789 potestatem
908 4715 1084 4789 aliqua
1120 4716 1329 4789 ratione
1376 4717 1651 4789 inipetisse
1690 4720 1836 4773 visus
1872 4734 1972 4789 est,
2005 4715 2114 4779 Leo

548 4786 707 4854 epist.
740 4784 828 4862 10ε
856 4799 905 4840 c.
947 4784 1175 4862 {et},
1215 4802 1321 4862 non
1369 4784 1599 4862 obscure
1644 4789 1939 4862 signilicat;
1963 4784 2113 4862 quod

550 4862 741 4927 tamen
764 4855 830 4909 ad
865 4857 1260 4911 contentionem
1279 4857 1416 4927 juris
1441 4858 1585 4912 circa
1610 4855 2113 4927 appellation'es'ne-

547 4926 783 4999 cessarit)
814 4926 1157 4999 referendum
1177 4926 1412 4995 nonest,
1442 4943 1565 4983 cum
1596 4926 1708 4999 ipsa
1740 4931 1792 4985 in
1822 4934 2115 4999 quaestione

546 4996 664 5065 ejus
692 4996 832 5066 quod
867 4996 1103 5072 expedit,
1133 4998 1423 5054 ferventior
1450 4996 1724 5056 contentio
1746 4996 1920 5072 aliqua
1954 5006 2115 5061 verba

546 5081 848 5143 exprimere
898 5070 1164 5143 potuerit,
1212 5084 1330 5138 qua:
1366 5072 1753 5143 auctoritatem
1799 5070 2107 5143 apostolica:

548 5136 694 5191 sedis
714 5136 1021 5215 viderentur
1047 5136 1323 5215 impetere.
1354 5139 1550 5197 Confer
1580 5142 1682 5198 hac
1708 5144 1762 5197 in
1790 5136 1852 5199 re
1868 5160 1985 5215 qua:
2027 5147 2110 5201 di-

545 5218 733 5286 centur
754 5209 807 5286 i_n
835 5209 1359 5286 observat.ad_part._
1388 5226 1466 5277 iii,
1488 5226 1545 5286 _c.
1577 5216 1626 5268 1.
1653 5209 1946 5286 Auxiliar‘is
1973 5232 2111 5286 prie-

543 5275 735 5354 fe_ctus.
753 5278 819 5354 in
844 5281 1064 5354 epistola
1106 5280 1172 5335 ad
1200 5275 1457 5354 Hilarium
1488 5282 1619 5339 Vita:
1648 5285 1807 5354 hujus
1832 5275 2029 5343 inseris
2056 5303 2105 5343 c.

545 5348 635 5427 i7,
665 5351 763 5403 etsi
801 5352 1115 5427 arrogantia:
1152 5352 1448 5427 cons_i_lium_
1469 5354 1536 5410 ab
1578 5369 1643 5410 eo
1668 5348 1929 5421 aiiioveat,
1966 5374 2112 5427 qure-

542 5419 663 5474 dani
681 5429 855 5493 tamen
882 5419 1172 5489 acerbiora,
1202 5424 1390 5493 quibus
1415 5423 1669 5480 Romanae
1691 5442 1847 5482 aures
1872 5419 2111 5485 offende-

541 5501 745 5568 rentur,
778 5492 948 5568 eidﬁein
980 5492 1240 5568 excidisse
1270 5495 1489 5568 indicat.
1520 5496 1720 5552 Auctor
1740 5507 1921 5551 autem
1952 5499 2104 5568 Vitae,

540 5561 632 5629 qui
666 5565 811 5615 illum
846 5562 1027 5637 Ruuize
1055 5564 1267 5637 fortiter;
1291 5566 1631 5621 dimicantem
1652 5568 1912 5633 exhibuit,
1942 5561 2103 5637 perii;

543 5646 727 5685 nacem
760 5648 865 5687 non
891 5634 1054 5688 fuisse
1083 5634 1335 5701 ostendit,
1373 5651 1494 5691 cum
1542 5638 1788 5692 eumdem
1829 5634 2099 5693 reversum

543 5703 817 5772 Arelatuni
846 5706 915 5756 ad
940 5704 1245 5772 placandum
1292 5708 1517 5762 animum
1547 5706 1608 5762 S.
1640 5707 1825 5761 Leonis
1855 5709 2103 5763 inclinata

545 5770 827 5848 humilitate
848 5770 1141 5828 conuersum
1170 5777 1361 5843 tradit;
1392 5788 1445 5833 et
1475 5778 1599 5832 licet
1627 5793 1746 5848 qua:
1773 5793 1896 5834 eum
1928 5779 1982 5833 in
2004 5779 2103 5832 hac

542 5852 703 5895 causa
744 5845 955 5899 di:tusse
1000 5858 1382 5903 commemoret
1423 5849 1488 5903 ad
1528 5845 1798 5918 apol—ogias
1840 5851 2105 5918 pertinere

2212 3314 2494 3369 sententia:
2539 3312 2783 3366 effectum
2815 3315 3163 3381 suspendere,
3207 3313 3477 3382 generalis
3503 3327 3566 3368 ac
3600 3315 3751 3366 netis-

2211 3386 2345 3439 sima
2390 3383 2571 3451 regula
2600 3392 2705 3449 est,
2745 3396 2903 3451 quam
2941 3383 3083 3438 idem
3129 3383 3449 3450 Quesnellus
3496 3382 3754 3452 profitetur

2212 3456 2426 3508 dissert.
2452 3458 2505 3515 8.
2536 3468 2589 3508 ιι.
2619 3452 2671 3507 1.
2700 3454 2985 3508 Enimvero
3003 3469 3122 3508 cuin
3148 3455 3200 3508 iii
3224 3452 3518 3507 Sardicensi
3539 3452 3756 3506 concilio

2212 3538 2393 3580 sermo
2421 3533 2566 3578 esset
2590 3522 2657 3576 de
2679 3537 2805 3579 casu
2835 3524 3203 3593 appellationis
3232 3525 3296 3577 ad
3318 3522 3601 3593 Romanum
3625 3535 3744 3589 pon-

2214 3596 2409 3649 tilicem
2431 3594 2499 3648 ab
2525 3608 2590 3648 eo
2614 3590 2941 3662 interposiii'e
2970 3596 3058 3662 qui
3085 3594 3352 3664 depositus
3375 3590 3752 3664 Ιιιει-ιιιᾲωιβ-

2215 3676 2323 3719 tum
2365 3664 2464 3718 fuit
2508 3678 2631 3718 can.
2662 3666 2695 3717 4
2718 3661 2776 3718 ut
2814 3661 3172 3734 appellatione
3202 3664 3457 3732 pendente
3479 3661 3757 3734 nulluscin

2214 3736 2389 3790 locum
2439 3736 2557 3803 ejus
2597 3727 2905 3801 ordinetur;
2942 3736 3085 3802 quod
3114 3727 3242 3790 sane
3271 3732 3608 3805 depositionis
3631 3727 3755 3805 ene-

2213 3816 2355 3885 ctum
2401 3802 2511 3884 ipsa
2550 3805 2907 3885 appellatione
2929 3820 3247 3885 suspensum
3279 3802 3756 3885 priesuniitrunius

2213 3880 2353 3931 enim
2375 3874 2610 3944 episcopi
2630 3876 2862 3945 legitima
2876 3874 3139 3945 depositio
3154 3875 3374 3929 alterius
3384 3874 3759 3945 ordinationem

2215 3946 2499 4002 inferebat.
2533 3949 2587 4002 δι
2619 3944 2792 4001 autem
2825 3944 3176 4013 depositionis
3200 3945 3423 4000 effectus
3450 3944 3762 4014 suspenden-

2216 4019 2313 4071 dus
2358 4027 2472 4070 erat
2516 4017 2691 4086 quoad
2731 4014 3123 4072 ordinationem
3162 4017 3405 4080 alterius,
3444 4028 3761 4085 consequens

2214 4089 2494 4144 videbatur
2527 4086 2667 4157 quod
2697 4087 2813 4156 ipsa
2853 4087 3115 4156 depositio
3166 4088 3457 4141 haberetur
3497 4098 3759 4155 suspensa,

2214 4159 2287 4214 ita
2307 4170 2365 4212 ut
2379 4158 2469 4211 ille
2478 4156 2650 4211 adhuc
2664 4171 2943 4225 episcOpus
2959 4157 3233 4212 habendus
3245 4165 3410 4227 esset,
3426 4157 3603 4226 quoad
3617 4156 3765 4227 ipsius

2216 4244 2374 4285 causa
2404 4242 2542 4282 novo
2560 4229 2761 4296 judicio
2780 4228 3244 4282 determinaretur.
3276 4225 3414 4282 Hinc
3445 4225 3587 4283 forte
3614 4225 3665 4281 iii
3687 4239 3768 4282 eo-

2217 4301 2337 4355 dem
2352 4313 2555 4353 canone
2569 4297 2830 4368 ejusmodi
2845 4299 3127 4367 episcopus
3141 4314 3247 4352 non
3268 4298 3516 4368 absolute
3528 4298 3767 4368 depositus

2217 4370 2433 4433 dicitur,
2447 4371 2540 4423 sed
2561 4365 2649 4440 qui
2670 4370 2864 4423 videtur
2881 4365 2995 4422 esse
3022 4365 3299 4440 depositus,
3314 4384 3377 4424 ac
3405 4367 3452 4422 si
3485 4383 3582 4439 per
3597 4365 3769 4440 appel-

2219 4441 2470 4496 lationem
2520 4435 2711 4495 effectu
2754 4435 3165 4508 suspensivo’in
3222 4435 3577 4509 episcopaius
3621 4435 3773 4509 gradu

2219 4512 2549 4581 persisteret,
2582 4519 2638 4565 et
2666 4506 3043 4565 communione
3064 4506 3377 4579 episcopali,
3412 4506 3513 4565 seu
3543 4512 3597 4565 in
3623 4506 3772 4579 gradu

2217 4580 2452 4652 episcopi
2489 4582 2653 4650 recipi
2679 4590 2859 4651 posset
2887 4581 3183 4650 praesertim
3224 4582 3293 4635 ab
3319 4594 3389 4637 eo
3412 4580 3481 4636 ad
3512 4594 3672 4651 quem
3693 4591 3773 4649 ap-

2215 4653 2452 4723 pellavit.

2284 4723 2445 4793 991
2476 4723 2529 4777 5.
2544 4721 2696 4793 lianc
2724 4720 2940 4790 quidem
2963 4720 3298 4792 disciplinain
3324 4720 3631 4778 obtinuisse
3652 4716 3778 4793 apud

2216 4792 2508 4847 Romanam
2540 4792 2856 4858 Ecclesiam,
2875 4804 2931 4846 ut
2953 4795 3273 4862 quicumque
3302 4808 3330 4845 a
3362 4795 3540 4862 gradu
3568 4808 3665 4849 suo
3691 4792 3778 4845 de-

2218 4863 2377 4933 positi
2406 4872 2461 4945 et
2486 4866 2864 4945 communione
2903 4864 3224 4944 suigradus
3272 4862 3465 4945 privati
3512 4864 3587 4919 ad
3615 4865 3783 4945 sedeat

2216 4937 2560 5003 apostolicam
2586 4934 2971 5003 appellassent,
2995 4933 3061 4987 iis
3089 4934 3400 4989 communio
3427 4935 3481 4989 in
3506 4948 3610 4989 suo
3632 4933 3781 5003 gradu

2216 5006 2534 5073 traderetur,
2550 5006 2720 5073 quoad
2739 5018 2898 5059 causa
2922 5017 3027 5058 non
3053 5012 3202 5059 esset
3216 5005 3606 5073 determinata,
3625 5004 3784 5073 palam

2216 5076 2273 5129 lit
2303 5090 2369 5130 ex
2401 5076 2537 5128 laeto
2576 5076 2775 5143 Apiarii
2817 5076 3155 5145 presbyteri,
3182 5091 3327 5144 quem
3356 5076 3438 5144 (ut
3460 5078 3791 5145 scripserunt

2215 5145 2451 5201 Africani
2495 5142 2729 5213 episcopi
2760 5142 3066 5213 in‘epist'ola
3094 5144 3163 5200 ad
3188 5142 3550 5201 Cales‘tinum
3580 5142 3786 5215 pontiﬁ-

2215 5217 2355 5285 cem)
2395 5217 2761 5298 “(63013615108
2792 5216 3004 5297 credcns
3031 5215 3345 5298 appellasse,
3388 5219 3534 5298 quod
3582 5215 3789 5298 probare

2216 5284 2343 5340 non
2367 5287 2549 5355 potuit,
2592 5287 2935 5340 communioni
2982 5284 3308 5351 reddiderat;
3353 5284 3442 5340 ubi
3486 5284 3635 5341 ratio
3682 5284 3791 5338 red-

2215 5358 2402 5412 dendie
2425 5356 2642 5426 Apiario
2661 5356 3050 5412 communionis
3075 5374 3179 5412 non
3208 5359 3262 5413 in
3288 5372 3488 5412 iiovuin
3509 5356 3791 5426 judicium,

2215 5431 2356 5497 quod
2384 5428 2616 5482 nondum
2660 5429 2897 5483 habitum
2926 5429 3119 5496 fuerat,
3142 5429 3237 5484 sed
3268 5429 3321 5485 in
3353 5433 3535 5498 ipsam
3562 5426 3795 5498 appella-

2216 5496 2414 5569 tionem
2464 5498 2722 5564 refertur;
2777 5514 2952 5567 neque
2998 5498 3103 5554 hoc
3150 5496 3468 5569 reproba'iur
3517 5496 3792 5563 ab'Afris,

2216 5568 2319 5623 nisi
2339 5577 2602 5639 quatenus
2628 5570 2911 5639 appellatio
2934 5568 3246 5639 interposita
3272 5585 3397 5625 veie
3423 5582 3540 5627 nan
3576 5570 3679 5624 fuit
3704 5578 3798 5639 nec

2210 5638 2427 5708 probari
2474 5640 2662 5703 p0tuit.
2700 5638 2867 5695 lianc
2918 5639 3161 5708 eamdem
3212 5640 3465 5697 Romana:
3529 5638 3797 5697 Ecclesia:

2211 5706 2419 5781 praxim
2450 5708 2646 5781 factum
2678 5706 3185 5781 Lucipitii‘episcopi
3216 5711 3474 5777 Africani,
3513 5714 3611 5769 cui
3642 5712 3800 5777 depo-

2207 5779 2318 5852 sito
2344 5788 2469 5852 ante
2486 5779 2746 5849 judicium
2767 5779 3018 5852 sccunda:
3036 5779 3356 5852 cognitionis
3377 5782 3802 5852 communione»;

2210 5848 2307 5904 liac
2348 5846 2546 5905 ratione
2586 5852 2920 5921 reddidimus,
2966 5846 3137 5922 inquit
3181 5853 3291 5909 Leo
3331 5856 3492 5924 epist.
3532 5857 3622 5920 li,
3657 5872 3707 5905 ι’.
3745 5846 3801 5905 1'!-
