3994 6310
575 278 683 340 881

1044 263 1288 329 PASCH.
1326 267 1714 340 QUESNELLI
1753 265 2328 329 DlSSERTATlONES
2366 268 2432 326 1N
2470 267 2529 328 S.
2571 267 2814 329 LEONIS
2852 218 3071 328 MAGNi
3103 269 3356 332 OPERA.

3744 277 3840 343 588

645 400 700 454 4.
739 395 848 468 Nos
873 392 1090 468 quidem
1129 390 1616 468 probabilissimum
1635 388 2164 468 _crediinus,_Proje-
2195 389 2247 452 Α
2274 389 2328 468 pi
2371 387 2491 468 jure
2539 387 2593 442 in
2625 387 2870 468 eamdem
2899 387 3228 468 provinciam
3259 387 3475 468 decreta
3504 391 3703 468 tulisse,
3729 415 3840 468 qua;

573 477 717 525 ctum
752 460 917 521 fuisse
956 463 1268 532 episcopum
1309 463 1360 516 in
1411 461 1576 531 prima
1635 460 2000 526 Narbonensi;
2045 475 2162 514 eam

574 541 717 595 cnim
752 537 1038 592 lectionem
1067 533 1292 590 Leoniui
1321 543 1496 588 textus
1525 547 1588 587 ex
1609 545 1751 586 'niss.
1795 533 2160 600 prmtulimus:

575 611 713 677 Quid
739 609 833 664 sibi
856 607 1093 662 Hilarius
1110 606 1292 674 qnarit
1313 606 1365 658 in
1391 605 1560 677 aliena
1585 605 1863 677 provincia,
1887 613 1933 656 et
1953 603 2008 677 id
2027 604 2165 677 quod

572 674 749 736 nullus
772 681 1092 734 decesserunt
1121 677 1281 747 ipsius
1311 687 1447 747 ante;
1469 675 1770 729 Patroclum
1806 674 2003 740 habuit,
2037 676 2164 744 quid

570 753 828 823 usurpat?
849 769 963 805 cum
987 745 1244 823 etipsum,
1271 748 1405 816 quod
1426 745 1666 801 Patroclo
1689 765 1719 800 η
1741 747 1859 801 sede
1882 747 2164 823 apostolica

571 818 922 893 temporaliter
959 822 1221 893 videbatur
1249 835 1357 873 esse
1386 835 1709 893 _cpneessum,
1742 818 2068 893 postmodum
2096 819 2162 873 sit

574 889 828 972 sententia
859 894 1056 972 meliori
1088 892 1343 972 sublatum
1374 889 1568 972 (Epist.
1595 891 1690 954 '10,
1720 907 1766 943 c.
1790 890 2164 972 fi)..lntlicatur

574 969 719 1021 enim
751 967 832 1020 his
862 965 1041 1020 verbis
1064 963 1404 1032 episeopatus
1448 963 1631 1017 alienae
1659 963 1955 1034 provinciae,
1997 976 2156 1031 quam

573 1037 851 1093 Patroclus
879 1036 1090 1104 quidem
1115 1034 1331 1090 Zosimo
1358 1035 1689 1088 concedente
1710 1034 2039 1096 obtinuerat,
2065 1034 2160 1088 sed

569 1109 911 1178 postmodum
941 1113 1227 1162 retractata
1257 1104 1458 1178 Zpsimi
1501 1106 1852 1178 concessione
1877 1105 2157 1178 amiserat,

571 1175 644 1234 ita
674 1191 732 1234 ut
762 1179 953 1234 Leonis
985 1187 1226 1246 tempore
1267 1176 1438 1230 aliena
1474 1187 1636 1232 esset.
1679 1175 1757 1231 Dc
1811 1177 1923 1231 sola
1977 1185 2156 1230 autem

569 1249 907 1305 Narbonensi
939 1251 1112 1319 prima
1143 1249 1193 1302 id
1225 1263 1409 1303 verum
1439 1257 1540 1312 est,
1571 1247 1766 1319 quippe
1799 1262 1959 1318 quam
1987 1248 2156 1301 solam

565 1319 901 1378 Narbonensi
951 1321 1206 1390 episeopo
1251 1320 1664 1388 metropolitano
1704 1319 2006 1390 ademptam
2061 1319 2156 1372 Pa-

564 1397 738 1462 troclo
766 1389 999 1462 primum
1046 1391 1266 1445 tradidit
1294 1389 1563 1462 Zosimus,
1599 1401 1657 1446 et
1686 1392 1809 1444 dein
1854 1389 2156 1445 Bonifacius

562 1460 814 1521 Patroclo
836 1464 1124 1527 sublatam,
1149 1475 1404 1530 expresse
1432 1460 1763 1518 Narbonensi
1795 1462 2048 1531 episcopo
2071 1477 2156 1515 re-

561 1537 833 1590 stituerat.
867 1535 1032 1604 Igitur
1061 1535 1115 1587 in
1147 1533 1247 1588 hac
1273 1534 1559 1601 episc0pus
1584 1543 1698 1588 erat
1741 1533 2041 1603 Projectus,
2067 1534 2154 1604 cui

561 1605 800 1661 Hilarius
824 1603 945 1661 cuin
978 1605 1407 1673 superordinavit
1435 1617 1825 1668 successorem,
1857 1603 2153 1658 ordinatio-

560 1687 690 1733 nem
722 1679 776 1731 in
797 1676 1256 1747 atiena'provincia
1284 1675 1549 1747 quaesivit.
1583 1675 1709 1731 Hmc
1731 1683 1907 1731 autem
1937 1674 2153 1747 ordina-

517 1800 521 1810 ,
561 1751 641 1803 lio
671 1749 961 1818 contigisse
986 1745 1340 1816 videturpost
1363 1746 1625 1818 judicium
1666 1749 1716 1800 in
1745 1761 1902 1818 causa
1933 1745 2151 1802 Celido-

559 1821 635 1874 nii
669 1817 996 1874 Vesontione
1025 1818 1287 1883 habitum,
1318 1818 1452 1872 adeo
1482 1827 1538 1872 ut
1559 1817 1793 1872 Hilarius
1823 1817 2150 1874 Vesontione

560 1889 616 1943 in
645 1890 1050 1945 Narbonensem
1081 1889 1308 1959 prunam
1340 1888 1636 1960 profectus,
1660 1890 1909 1944 celeriter
1927 1889 2149 1960 ordina-

557 1959 697 2014 verit
735 1961 1071 2030 episcopum,
1103 1971 1162 2014 ut
1211 1959 1599 2014 mox‘ttomam
1644 1961 1902 2015 adversus
1937 1959 2150 2014 Celido-

558 2031 706 2102 pium
731 2043 1000 2102 pergeret.
1033 2032 1122 2086 Sic
1151 2031 1609 2102 enimicommo‘de
1648 2031 2018 2102 intelliguntur
2060 2033 2148 2086 illa

556 2100 756 2157 Leonis
776 2100 934 2172 epist.
968 2103 1054 2169 10,
1079 2118 1127 2158 c.
1161 2103 1196 2157 5
1223 2121 1235 2155 :
1267 2101 1456 2170 Cursu,
1492 2112 1546 2156 ut
1569 2100 1863 2169 didicimus,
1896 2103 2047 2157 celeri
2074 2105 2152 2157 iti-

557 2189 683 2228 nera
711 2175 874 2227 multa
897 2175 1194 2246 conficiens,
1219 2184 1266 2228 et
1295 2191 1385 2244 per
1416 2175 1723 2246 longinquas
1760 2176 2143 2243 prorincias....

561 2246 880 2312 discurrens,
938 2255 1040 2300 etc.
1065 2243 1326 2314 'Magnum
1363 2243 1759 2314 provinciarum
1805 2246 2146 2301 intervallum

553 2316 699 2372 inter
728 2317 1108 2372 Vesontionem
1141 2317 1192 2371 iu
1223 2315 1878 2386 'Maxima'Sequanortmi
1919 2330 1973 2373 et
2011 2317 2147 2372 Nar-

552 2387 849 2443 bonensem
876 2389 1098 2458 primam
1128 2388 1442 2459 intercedit;
1465 2389 1610 2459 quod
1629 2403 1733 2443 non
1754 2389 2142 2457 verilicaretur,

551 2459 597 2513 si
623 2460 854 2514 Hilaritts
876 2457 1093 2515 Arelate
1117 2460 1172 2513 in
1189 2457 1605 2514 ‘Narbonensem
1623 2460 1954 2529 provinciam
1978 2470 2145 2514 trans-

551 2529 705 2586 isset.
741 2531 875 2585 Hinc
909 2533 1071 2586 etiam
1106 2529 1336 2599 Proiecti
1369 2531 1588 2601 querela
1611 2541 1734 2601 post
1758 2543 2006 2586 exactum
2031 2531 2143 2585 Ro-

553 2615 772 2656 manum
798 2603 862 2656 de
887 2601 1161 2657 Celidonio
1184 2601 1442 2671 judicium
1465 2603 1532 2656 ad
1559 2601 1796 2657 Leonem
1825 2603 1998 2658 delata
2029 2611 2142 2658 tra-

552 2672 722 2741 ditur,
750 2689 871 2726 cuin
901 2674 1133 2727 Hilarius
1149 2669 1272 2742 jam
1291 2669 1463 2728 Roma
1492 2675 1834 2729 excessisset.

624 2743 676 2798 5.
723 2744 849 2799 Haec
878 2743 1091 2813 quidem
1119 2744 1388 2798 ordinatio
1429 2747 1480 2798 in
1509 2745 1683 2800 aliena
1712 2744 1984 2815 provincia
2018 2759 2141 2815 per-

551 2827 698 2882 acta,
729 2819 797 2870 ab
834 2816 1176 2884 usurpatione
1207 2816 1366 2870 alieni
1388 2816 1524 2884 juris
1554 2816 1813 2870 vindicari
1843 2815 2018 2886 aliqua
2057 2832 2142 2872 ra-

551 2887 702 2941 tione
725 2898 929 2956 posset,
953 2890 995 2940 si
1021 2886 1416 2954 metr0politani
1447 2901 1670 2942 assensu
1697 2898 1909 2956 peracta
1936 2888 2140 2944 dicere-

545 2966 653 3012 tur.
684 2958 740 3012 ιιι
771 2958 1240 3013 autem'videntur
1268 2958 1496 3013 innucre
1529 2957 1620 3013 illa
1663 2959 1860 3014 Leonis
1891 2960 2052 3015 verba
2086 2975 2136 3016 c.

544 3029 599 3091 ϐ,
630 3030 715 3083 ubi
745 3031 810 3084 de
832 3028 1261 3084 ordinationibus
1287 3045 1404 3098 qua:
1440 3031 1867 3100 metropolitanis
1902 3031 2140 3100 singula-

543 3114 664 3154 rum
702 3100 1099 3170 provinciarum
1141 3109 1451 3170 competunt
1491 3102 1716 3172 loquens
1753 3103 1859 3156 ait:
1900 3102 2137 3156 Alienum

2179 1777 2228 1840 B

2274 458 2474 514 Zosimi
2494 459 2786 514 constituta
2808 474 2869 514 ea
2906 460 2960 514 in
2991 468 3143 529 parte
3171 461 3506 528 rescindunt,
3530 464 3578 518 id
3619 458 3837 529 secundo

2272 531 2586 604 contendit,
2603 544 2668 586 ex
2695 531 2917 601 antiquo
2946 531 3278 604 Arelatensis
3307 533 3561 589 Ecclesiae
3581 537 3702 604 jure
3737 542 3836 600 hac

2270 601 2760 676 decretaedectum
2807 602 3108 676 nonjuisse
3160 605 3347 660 sortita
3376 605 3428 660 in
3456 601 3659 676 Galliis,
3692 622 3742 668 et
3764 615 3837 671 id-

2267 674 2415 730 circo
2445 673 2727 737 Hilarium,
2757 673 3158 751 cumi’rojecto
3199 689 3572 751 successorem
3600 673 3760 751 dedit,
3788 687 3834 743 in

2267 759 2384 811 sua,
2419 760 2527 800 non
2558 754 2736 800 autem
2780 745 2832 800 in
2859 745 3032 801 aliena
3058 747 3334 816 provincia
3364 749 3674 820 episcopum
3698 745 3831 812 ordi-

2270 831 2452 871 nasse.

2335 887 2386 962 2.
2423 888 2546 943 Haec
2575 887 2682 943 duo
2727 889 3040 962 quastionis
3083 890 3280 962 capita,
3323 898 3383 945 ut
3429 905 3589 962 quam
3641 896 3830 956 brevius

2266 958 2392 1038 l_l_eri_
2413 968 2594 1028 queat,
2637 958 3000 1038 essolvantur,
3049 958 3224 1030 quoad
3254 958 3488 1030 primum
3519 967 3587 1038 ad
3614 976 3830 1038 tempora

2273 1029 2487 1108 gosiuio
2531 1033 2801 1108 anteriora
2843 1029 3117 1108 Spectans,
3141 1029 3269 1108 _pro’
3299 1036 3689 1108 metropolitico
3721 1029 3827 1108 jure

2267 1101 2632 1158 Narbonensis
2662 1103 2901 1172 cpiscOpi
2933 1104 2986 1158 in
3032 1103 3435 1159 Narbonensem
3469 1101 3691 1174 primam
3725 1101 3826 1168 eer-

2264 1181 2375 1244 tum
2418 1175 2799 1229 documentum
2835 1175 3134 1228 litterarum
3167 1177 3585 1244 apostolicarum
3618 1179 3820 1238 Hilarius

2260 1243 2627 1301 Narbonensis
2661 1245 2726 1300 ad
2759 1248 2932 1313 ipsum
2960 1243 3234 1300 Zosimum
3249 1249 3491 1302 miserat.
3519 1249 3723 1305 Nullum
3745 1268 3823 1308 an-

2259 1317 2460 1386 tiquius
2491 1317 2870 1388 documentum
2912 1314 3200 1388 indicatur,
3228 1319 3369 1386 quod
3418 1334 3518 1388 pro
3551 1323 3817 1380 Arelatensi

2259 1389 2565 1456 Oppositum
2608 1388 2785 1443 fuerit.
2820 1387 3008 1443 Solum
3055 1387 3299 1442 Zosimus
3329 1387 3490 1459 epist.
3524 1393 3560 1447 6
3609 1394 3670 1447 ad
3704 1395 3818 1449 Hila-

2258 1460 2396 1513 rium
2459 1459 2862 1515 Narbonensem
2917 1459 3020 1513 hoc
3073 1460 3427 1528 apostolicum
3484 1463 3816 1522 Narbonensis

2258 1530 2402 1585 sedis
2441 1531 2776 1610 privilegium
2822 1529 3111 1610 affirmavit
3138 1531 3518 1610 subreptitium
3547 1552 3560 1587 :
3587 1533 3814 1610 ΔΕιιιιειιιιιο

2257 1616 2337 1665 eo,
2362 1603 2525 1674 Aquod
2557 1601 2834 1674 obtinuisse
2859 1619 2890 1654 a
2919 1601 3038 1674 sede
3061 1601 3343 1674 apostolica
3363 1604 3665 1674 subreptitie
3700 1625 3812 1663 com-

2253 1672 2487 1744 probaris
2505 1689 2524 1739 ;
2541 1683 2592 1727 et
2615 1674 2770 1740 epist.
2795 1673 2849 1744 1,
2881 1673 2946 1726 ad
2965 1674 3247 1742 episcopos
3275 1672 3486 1738 Galliae,
3510 1672 3564 1732 (ὲ.
3587 1678 3640 1741 2,
3662 1679 3812 1734 Arela-

2256 1743 2463 1800 tensem
2493 1744 2679 1799 sedem
2710 1743 3110 1817 ordinationum
3133 1745 3223 1813 jus
3251 1745 3304 1799 in
3337 1758 3624 1817 utramque
3647 1749 3810 1806 Narbo-

2256 1829 2693 1886 nensemsemper
2710 1814 2947 1886 habuisse
2961 1815 3160 1870 diserte
3187 1817 3440 1883 prodidit.
3455 1819 3516 1873 In
3538 1814 3617 1875 bis
3628 1832 3676 1875 et
3687 1822 3806 1876 simi-

2256 1885 2394 1941 libus
2436 1885 2828 1960 uniustantum
2857 1885 3400 1960 Zositnitestimoniis
3433 1899 3553 1947 tota
3579 1891 3806 1960 Quesnelli

2254 1959 2549 2012 auctoritas
2580 1967 2683 2012 est.
2715 1956 2783 2011 At
2809 1966 2996 2012 eontra
3039 1957 3308 2013 Zosimum
3341 1956 3709 2019 testaturLeo
3732 1980 3804 2018 ne-

2253 2030 2454 2084 minem
2484 2032 2858 2099 episcoporum
2881 2029 3276 2084 Arelatensium
3307 2042 3427 2085 ante
3455 2031 3738 2089 Patroclum
3760 2038 3801 2090 in

2253 2114 2372 2170 eam
2406 2102 2733 2170 provinciam
2765 2102 2816 2154 in
2847 2115 2946 2170 qua
2979 2108 3095 2155 erat
3115 2099 3415 2169 Projectus,
3439 2105 3796 2161 ordinationem

2247 2169 2350 2246 jus
2380 2171 2485 2228 sibi
2532 2171 2852 2246 vindicasse.
2905 2169 2972 2246 Id
3007 2174 3147 2246 quod
3184 2172 3357 2246 nullus
3412 2178 3798 2246 prcedecessorum

2250 2242 2416 2318 ipsius
2446 2253 2564 2318 gnte
2597 2242 2899 2318 Patroclum
2929 2242 3125 2318 habuit,
3144 2243 3269 2318 quid
3293 2242 3516 2318 usurpat
3539 2247 3697 2317 (Epist.
3720 2249 3789 2313 l0,

2252 2330 2299 2367 c.
2329 2314 2420 2384 .t)?
2447 2315 2583 2369 Tota
2631 2315 2790 2384 igitur
2839 2313 2902 2367 lis
2953 2315 3034 2368 bis
3061 2314 3268 2370 duobus
3297 2313 3582 2374 contrariis
3602 2313 3787 2373 testibus

2250 2384 2381 2440 fulta
2413 2400 2478 2442 ex
2506 2401 2570 2441 eo
2609 2385 2824 2456 pendet,
2858 2386 2964 2439 utri
2999 2385 3177 2455 potius
3205 2387 3542 2444 credendum
3574 2391 3651 2456 sit,
3673 2388 3795 2444 Zosi-

2250 2470 2409 2527 monc
2436 2458 2720 2512 aflirmanti
2740 2457 3014 2526 antiquum
3033 2458 3120 2525 jus
3149 2458 3386 2527 episcopi
3420 2462 3726 2517 Arelatensis
3752 2461 3791 2514 in

2249 2526 2476 2596 primam
2510 2528 2936 2600 Narbonensem,
2970 2527 3233 2600 anLeoni
3265 2526 3512 2600 neganti.
3549 2533 3642 2588 Pro
3669 2533 3791 2587 dece-

2249 2600 2650 2672 ptioneﬂautem-
2665 2599 2862 2672 Zosimi
2908 2615 3011 2672 non
3042 2598 3175 2654 levis
3206 2598 3556 2672 praesumptio
3589 2614 3678 2660 est.

2325 2673 2380 2725 '5.
2428 2671 2580 2725 Hunc
2633 2669 2940 2741 pontificem
2996 2671 3242 2725 Patroclo
3268 2669 3577 2730 Arelatensi
3611 2675 3788 2730 nimium

2247 2740 2428 2796 ﬁdissc
2447 2757 2509 2796 ac
2526 2742 2594 2796 ab
2607 2740 2798 2798 eodem
2826 2753 3090 2811 praesente
3107 2743 3258 2796 malis
3273 2744 3486 2800 artibus
3514 2749 3789 2802 circumven-

2249 2821 2359 2866 tum
2381 2813 2542 2867 fuisse
2561 2823 2612 2867 et
2632 2814 2937 2880 deceptum,
2957 2828 3024 2869 ex
3056 2813 3268 2869 Herotis
3293 2830 3454 2870 causa
3477 2820 3786 2872 certissimum

2247 2893 2348 2938 est.
2368 2887 2629 2954 Acceptns
2652 2884 2861 2940 scilicet
2883 2892 3030 2940 erata
3049 2885 3154 2954 pud
3169 2883 3444 2941 Zosimum
3462 2889 3720 2953 Patroclus,
3732 2902 3784 2942 eo

2247 2957 2390 3024 quod
2409 2958 2641 3010 amicitia
2663 2967 2716 3010 et
2735 2957 3033 3026 patrocinio
3049 2957 3365 3026 iungebatur
3381 2959 3660 3015 Constantii
3678 2973 3781 3014 con-

2243 3027 2376 3101 sulis
2402 3037 2456 3082 ct
2478 3028 2716 3101 magistri
2743 3027 2966 3101 militiae,
2988 3029 3133 3095 cuius
3155 3030 3436 3101 peripsum
3457 3034 3630 3101 gratia,
3644 3030 3780 3101 inquit

2245 3097 2473 3172 Prosper
2500 3097 2578 3171 (in
2608 3097 2866 3172 chronica,
2895 3100 2964 3152 ad
2982 3117 3069 3163 an,
3097 3097 3298 3170 ψη
3325 3097 3653 3172 quwfebatur.
3675 3097 3780 3156 Cum

543 3173 629 3242 ius
658 3167 787 3226 alter
818 3173 910 3227 sibi
935 3187 1038 3226 nan
1064 3173 1249 3226 audeat
1267 3167 1716 3229 'vindicarefSuis
1743 3173 2008 3240 limitibus,
2032 3176 2138 3228 suis
2167 3167 2213 3232 C
2249 3184 2374 3242 vero
2396 3167 2610 3224 Herotis
2632 3170 2819 3224 sedem
2849 3172 3154 3240 invasisset,
3183 3187 3214 3226 θ
3235 3167 3293 3226 re
3323 3167 3418 3228 sua
3441 3186 3558 3229 erat
3583 3186 3629 3228 ut
3647 3173 3783 3228 lieres

543 3245 774 3315 terminis
804 3245 865 3297 sit
903 3247 1248 3314 unusquisque
1277 3253 1574 3309 contentus;
1603 3253 1648 3298 et
1679 3245 2002 3315 privilegium
2040 3246 2137 3298 sibi

541 3312 771 3390 debitam
791 3316 844 3367 in
872 3312 1346 3390 aliunr'transferre
1370 3332 1424 3390 se
1446 3331 1591 3390 posse
1619 3312 1814 3390 nouerit
1839 3312 1938 3370 non
1965 3317 2134 3372 licere.

547 3384 699 3458 Quod
726 3387 770 3458 _si
799 3386 908 3455 quis
931 3385 1191 3458 negligens
1207 3384 1514 3458 apostolicus
1531 3388 1832 3458 sanctiones
1871 3390 1987 3457 plus
2009 3405 2132 3458 gra-

543 3456 1166 3528 tiwtribuenspersonali
1198 3457 1336 3527 (haec
1375 3457 1633 3512 Hilarium
1674 3456 1924 3512 videntdr
1967 3456 2135 3527 respi—

540 3530 687 3593 cere)
722 3529 818 3600 sui
849 3525 1078 3600 _liottoris
1121 3525 1348 3583 desertor
1383 3545 1490 3584 esse
1537 3530 1774 3594 voluerit,
1810 3525 2132 3600 privilegium

539 3611 690 3650 suum
716 3599 767 3650 in
807 3598 964 3651 alium
1005 3601 1279 3666 transferre
1308 3611 1464 3669 posse
1490 3616 1544 3654 se
1573 3602 1802 3666 credens,
1839 3617 1938 3653 non
1971 3598 2010 3653 is
2046 3603 2133 3654 cui

537 3670 762 3741 cesserit,
793 3672 879 3722 sed
904 3671 946 3722 is
971 3673 1058 3740 qui
1085 3672 1221 3723 intra
1252 3673 1568 3741 provinciam
1599 3673 1902 3740 antiquitate
1933 3673 2132 3739 episco-

537 3739 648 3808 pali
679 3751 886 3793 rtrteros
911 3743 1156 3810 praevenit
1183 3739 1490 3808 sacerdotes,
1535 3739 1812 3795 ordinandi
1833 3744 1929 3796 sibi
1960 3745 2130 3797 vindi-

537 3813 1107 3882 cetpotestatem.H:cc
1156 3824 1262 3866 tam
1313 3815 1542 3868 sollicite
1589 3815 1860 3868 declarata
1901 3824 1957 3869 et
1993 3829 2126 3869 con-

535 3885 721 3954 stituta
751 3900 853 3936 non
904 3883 1130 3936 inissent.
1161 3884 1216 3954 iu
1263 3895 1424 3937 cauSa
1456 3884 1661 3949 Hilarii,
1707 3885 1806 3939 nisi
1860 3886 2125 3954 personali

534 3951 692 4026 _hujus
738 3956 924 4026 grtr'tlte
974 3953 1312 4024 privilegiUm
1363 3969 1518 4009 suum
1565 3951 1943 4026 metropoliiue,
1985 3968 2038 4012 et
2072 3959 2122 4013 in

530 4021 1009 4079 bis‘Nar'boneusi’s
1032 4021 1340 4094 episcopus,
1357 4027 1704 4081 detulissent.

601 4099 656 4151 (ἱ.
693 4098 812 4151 rHoc
843 4105 1032 4150 tamen
1062 4096 1412 4151 vindiciarum
1441 4113 1662 4166 genere,
1693 4098 1834 4168 quod
1865 4101 2123 4167 apostoli-

526 4167 604 4222 cis
633 4169 866 4239 decretis
913 4169 1276 4238 reprobatur,'
1302 4168 1626 4238 Que'sncilus
1669 4186 1774 4225 non
1807 4180 2116 4239 contentus,

525 4238 858 4314 eantHilarii
905 4239 1274 4314 defensionem
1302 4241 1480 4314 inulto
1512 4253 1708 4296 conatu
1737 4243 1948 4309 extulit,
2001 4238 2121 4314 qua:

523 4323 630 4383 pro
649 4313 770 4378 jure
793 4325 892 4364 suo
931 4312 1188 4366 Hilarium
1233 4311 1408 4382 egisse
1451 4318 1687 4383 praefert,
1722 4323 1776 4368 et
1799 4314 1936 4369 hanc
1975 4311 2120 4369 ordi-

525 4381 798 4454 nationem
829 4395 935 4434 non
965 4383 1014 4436 in
1040 4383 1229 4448 aliena,
1264 4381 1318 4437 ut
1352 4381 1464 4438 Leo
1501 4386 1739 4449 tradidit,
1783 4387 1876 4441 sed
1910 4387 1960 4438 in
1995 4401 2120 4454 pro-

522 4452 972 4525 pria'_Arei;ttett_si
1008 4456 1279 4519 provincia
1300 4465 1571 4521 peractam
1595 4467 1833 4510 statuere
1850 4452 2111 4525 nisus—est,

523 4520 939 4590 quod-sequenti
965 4527 1136 4591 capite
1165 4520 1516 4591 expendetur.

588 4591 750 4663 997
795 4591 922 4644 CAP.
969 4592 1031 4645 ll.
1073 4593 1348 4648 Ordinatio
1403 4596 1466 4647 in
1511 4598 1682 4649 aliena
1739 4598 2000 4663 provincia
2044 4601 2108 4654 ab

520 4659 730 4738 Hilario
796 4673 1000 4738 peracta
1053 4665 1452 4738 demonstratur.
1504 4659 1858 4722 Narbonensis
1936 4671 2102 4738 prima

519 4731 852 4808 Narbonensi
883 4733 1214 4808 metropolitte
1253 4750 1450 4808 semper
1479 4739 1732 4808 subjecta,
1781 4731 2106 4808 abjud'icatur

517 4803 966 4881 ςςηιρινρροιξιαηο
1009 4803 1314 4881 Arelatensi.
1361 4803 1582 4881 gosiino
1608 4803 1902 4881 subreptum
1946 4813 2044 4881 fuit
2072 4830 2103 4867 a

515 4873 761 4950 _Patroclo
789 4875 925 4927 circa
952 4877 1242 4930 missionem
1265 4876 1325 4934 S.
1359 4875 1647 4946 Troy/simi.
1673 4873 1806 4936 —-i.
1832 4873 2100 4950 Que'sncl-

512 4943 594 5002 ius
625 4955 702 5020 _ut
727 4956 898 5020 suam
944 4950 1266 5020 sententiam
1315 4943 1636 5020 propugnet,
1689 4967 1809 5007 cum
1841 4943 2002 5008 multa
2031 4958 2097 5011 dc

509 5018 866 5072 Arelatensis
901 5017 1045 5095 sedis
1095 5018 1216 5088 jure
1243 5029 1246 5032 ‘
1273 5017 1516 5091 pluribus
1561 5022 1809 5093 capitulis
1835 5028 2094 5095 congerit,

508 5098 624 5143 tum
645 5099 928 5163 veroque:
965 5089 1510 5161 ad'mm'praesentem
1539 5089 1784 5163 spectant
1813 5096 1918 5152 huc
1941 5089 2098 5152 iero;

507 5167 737 5237 cantum
752 5160 809 5237 Id
826 5161 1063 5237 primum
1087 5160 1363 5237 contendit
1393 5160 1762 5237 Arelatensem
1783 5169 2096 5237 episcopum

502 5232 616 5302 jam
643 5232 1278 5305 abinitio-metropolitici
1304 5235 1440 5304 juris
1464 5238 1742 5305 praefuisse
1773 5232 2094 5296 totiNai-bo-

504 5303 900 5380 aenei-solidis,
927 5315 996 5359 ac
1023 5303 1317 5380 propterea
1358 5303 1654 5378 sttbjectam
1689 5309 1941 5367 habuisse
1971 5326 2094 5380 pro-

502 5375 734 5452 yinciam
766 5374 1527 5452 Narbonensetit'primatn,'in
1557 5393 1658 5452 qua
1689 5381 1922 5438 Hilarius
1959 5374 2092 5438 Pro-

499 5444 654 5525 jecti'
689 5457 1076 5525 successorem
1111 5444 1608 5525 ordinavit;’_adco
1662 5463 1719 5509 ut
1762 5469 2090 5525 permeruin

500 5519 904 5594 subi-optionem
953 5518 1330 5594 Narbonenses
1367 5523 1603 5594 episcopi
1629 5518 1882 5579 eam'sibi
1909 5539 2093 5593 posm-

500 5590 614 5663 rius
637 5589 984 5652 asserucrint.
1016 5592 1160 5661 quod
1192 5603 1371 5650 tamen
1403 5589 1500 5660 per
1553 5589 1828 5650 decretum
1867 5589 2086 5663 stimi,

499 5661 827 5730 reintegrato
852 5665 1181 5718 Arelatensis
1199 5665 1339 5734 jure,
1369 5675 1633 5722 cassatum
1663 5666 1781 5721 fuit.
1804 5666 1936 5721 Cum
1965 5661 2091 5724 vero

501 5743 698 5801 ngare
727 5745 834 5785 non
872 5744 1056 5801 posset
1082 5734 1282 5792 Zosimi
1315 5751 1656 5794 successores
1693 5737 2025 5794 Bonit‘acium
2067 5740 2088 5794 l

483 5808 566 5869 ..ει
578 5799 930 5870 (idaliuqu
949 5817 1050 5879 pro
1071 5810 1464 5882 metrOpolitico
1489 5810 1854 5871 Narbonensis
1873 5811 2091 5881 episco-

2241 3255 2270 3294 a
2300 3240 2514 3297 Zosintn
2557 3243 2922 3307 damnaretur,
2963 3243 3148 3312 sicque
3185 3258 3244 3298 se
3282 3244 3333 3298 in
3372 3245 3654 3300 Arelatensi
3683 3245 3781 3298 sede

2240 3312 2499 3372 ﬁrtnaiet.
2535 3312 2684 3368 Sicut
2738 3323 2914 3367 autem
2945 3329 3065 3383 qua:
3114 3314 3216 3367 hoc
3243 3317 3469 3370 consilio
3497 3317 3667 3371 Heroti
3703 3316 3782 3369 Pa-

2241 3386 2440 3438 troclus
2491 3384 2760 3454 imposuit,
2797 3383 3046 3439 Zosimus
3096 3386 3320 3440 nimium
3356 3387 3598 3442 credulus
3645 3387 3783 3441 ebibit

2238 3463 2292 3509 et
2332 3457 2520 3510 litteris
2544 3455 2785 3519 tradidit,
2819 3458 2890 3510 ita
2915 3457 3074 3509 etiam
3099 3457 3252 3512 facile
3283 3460 3529 3526 suscepit,
3561 3467 3611 3512 et
3635 3459 3783 3526 inges-

2236 3527 2326 3592 sit,
2357 3542 2474 3597 quac
2505 3527 2598 3582 ille
2621 3527 2912 3580 venditavit
2932 3541 3028 3595 pro
3053 3529 3380 3583 Arelatensis
3408 3530 3540 3582 sedis
3568 3529 3685 3596 jure
3730 3530 3778 3582 in

2234 3597 2636 3653 Narbonensem
2663 3599 2909 3668 primam,
2933 3608 2991 3651 ut
3015 3615 3080 3652 ne
3111 3599 3226 3653 hmc
3249 3600 3486 3668 majorem
3505 3599 3654 3652 ﬁdem
3677 3614 3782 3652 me-

2234 3681 2454 3724 reantur
2474 3684 2630 3740 quam
2659 3683 2778 3740 qua:
2799 3670 3055 3723 adversus
3079 3669 3590 3739 Herotcntopposuit.
3611 3668 3782 3740 Neque

2235 3744 2401 3811 magis
2430 3742 2653 3812 probant
2684 3750 2825 3812 gesta
2847 3752 2898 3794 et
2916 3746 3194 3795 multorum
3221 3743 3624 3796 consacerdotunt
3651 3743 3783 3795 testi-

2232 3811 2571 3881 monia,qu
2586 3811 3033 3884 proAreIatensis
3051 3814 3193 3868 sedis
3209 3813 3546 3884 prterogativa
3559 3813 3780 3868 lusimus

2230 3894 2496 3937 memorat
2527 3887 2686 3953 epist.
2719 3883 2772 3950 6,
2801 3884 2868 3937 ad
2907 3883 3164 3938 Hilarium
3205 3883 3618 3950 Narbonensem,
3661 3902 3706 3940 c.
3734 3888 3775 3939 L

2229 3954 2475 4009 Patroclo
2502 3959 2645 4009 enim
2686 3953 2887 4008 homini
2923 3954 3263 4010 fraudulento
3291 3965 3451 4025 atque
3469 3959 3694 4012 violento
3715 3957 3775 4010 la-

2227 4027 2328 4080 cile
2351 4026 2512 4100 fuerit
2539 4025 2590 4079 in
2618 4025 3034 4100 SHUHIAfJAVOI‘tNII
3061 4043 3123 4082 ac
3163 4042 3383 4082 sensum
3415 4045 3506 4084 eos
3529 4032 3774 4100 episcopos

2227 4098 2520 4166 captivare,
2554 4097 2744 4166 quibus
2769 4097 2952 4166 infanti
2967 4110 3192 4150 mercatu
3218 4102 3508 4154 sacerdotia
3528 4097 3774 4156 scnditabat

2226 4177 2365 4223 teste
2397 4169 2662 4238 Prospero
2692 4167 2891 4222 Tirone
2921 4169 2974 4221 in
3005 4169 3276 4225 Chronico
3299 4171 3364 4224 ad
3389 4186 3588 4228 annum
3612 4173 3672 4227 20
3693 4172 3774 4224 im-

2227 4241 2490 4308 peratoris
2540 4239 2851 4294 Theodosii.
2904 4239 3007 4294 Alii
3056 4249 3233 4296 autem
3289 4240 3524 4300 fortasse
3570 4252 3772 4298 nontam

2222 4309 2448 4366 fallaciis
2477 4327 2636 4380 quam
2663 4320 2831 4364 metu
2882 4311 3143 4379 compulsi
3190 4311 3430 4380 fuerunt,
3467 4331 3535 4372 ne
3561 4332 3669 4372 eum
3697 4313 3772 4368 ad-

2224 4385 2518 4438 versarium
2545 4382 2826 4447 baberent,
2851 4384 2938 4451 qui
2969 4383 3263 4438 Constantii
3297 4385 3484 4443 favore
3512 4388 3668 4444 fretus
3688 4384 3769 4439 lie—

2221 4465 2391 4510 rotein
2453 4454 2894 4530 persequebatur.
2943 4454 3083 4530 Quid
3107 4457 3247 4530 quod
3279 4456 3331 4511 bi
3367 4467 3535 4516 testes
3562 4467 3614 4514 et
3649 4464 3770 4530 gesta

2220 4539 2288 4579 ex
2331 4525 2646 4580 eorumdeut
2705 4524 3169 4580 testillcatmmbtis
3223 4529 3274 4581 in
3307 4542 3375 4583 eo
3427 4524 3765 4594 versabaittur,

2220 4608 2275 4649 ut
2305 4597 2697 4668 institutionem
2722 4597 3252 4668 metropoliticijuris
3281 4597 3614 4658 Arelatensis
3634 4599 3767 4657 reler-

2217 4678 2338 4723 rent
2381 4669 2434 4722 in
2465 4667 2522 4723 S.
2552 4667 2925 4736 Tropliimum,
2977 4684 3006 4721 a
3035 4667 3141 4738 quo
3175 4670 3268 4738 jus
3316 4673 3701 4730 ordinationutn
3726 4671 3766 4725 in

2216 4739 2390 4807 ipsam
2424 4739 2828 4794 Narbonensem
2858 4740 3084 4809 primam
3129 4741 3196 4796 ad
3221 4741 3574 4804 Arelatenses
3595 4757 3771 4800 succes-

2213 4824 2366 4887 sores
2390 4827 2516 4866 suos
2549 4810 2944 4887 transmissum,
2977 4821 3038 4887 et
3075 4814 3383 4887 custoditum
3415 4835 3576 4887 usque
3598 4819 3648 4871 in
3667 4829 3766 4886 pro-

2207 4883 2404 4936 a‘imum
2457 4894 2673 4959 tempus,
2724 4885 2874 4951 gestis
2900 4883 3038 4959 apud
3059 4899 3152 4959 nos
3175 4884 3383 4959 habitis,
3420 4883 3590 4959 999
3615 4883 3769 4959 multo-

2210 4969 2324 5025 rum
2366 4953 2779 5008 consacerdotum
2816 4955 3114 5008 testimoniis
3147 4953 3527 5025 approbatui'?
3540 4953 3628 5017 ‘Sic
3654 4957 3768 5014 cnitn

2207 5023 2451 5081 Zosiinus
2481 5026 2667 5081 eadem
2720 5027 2878 5094 epist.
2913 5027 2964 5088 ti,
3015 5042 3064 5082 c.
3107 5029 3150 5080 ι.
3183 5023 3322 5092 Quae
3374 5042 3561 5087 autem
3608 5029 3769 5086 debac

2207 5095 2764 5174 Tropbimimissione
2790 5097 3190 5174 ett-earumdem
3222 5100 3408 5174 utique
3433 5115 3697 5174 gestorum
3719 5112 3768 5174 ac

2208 5169 2423 5244 testium
2473 5168 2694 5244 {ide-ali
2740 5169 2849 5244 hoc
2895 5169 3146 5239 pontifice
3201 5168 3514 5244 traduntur,
3545 5170 3762 5229 nonnulla

2204 5236 2454 5317 falsitatis
2485 5239 2678 5317 indicia
2712 5236 3024 5317 prtefetfunt,
3067 5257 3187 5312 quo:
3212 5241 3331 5314 ipsa
3360 5236 3516 5317 gesta
3545 5261 3605 5301 ac
3634 5252 3768 5300 testes

2203 5312 2334 5365 satis
2363 5312 2415 5364 in
2445 5313 2805 5381 suspicionem
2838 5311 3132 5367 adducunt.

2274 5383 2329 5437 4.
2354 5382 2532 5438 Primo
2581 5381 3158 5454 ZosimusﬁTropltimi
3209 5386 3530 5444 missionem
3573 5387 3770 5444 aiiirtnal

2202 5453 2698 5530 primaniomuium
2743 5456 2798 5508 in
2824 5453 3044 5530 Gallias,
3077 5457 3212 5530 adeo
3241 5465 3300 5512 ut
3318 5474 3382 5514 ea:
3411 5461 3534 5530 ejus
3561 5463 3770 5530 {antelo-

2197 5534 2274 5578 tas
2302 5523 2499 5580 Gallias
2547 5528 2738 5600 rivulos
2768 5528 3024 5596 accepisse
3053 5529 3227 5582 tradat
3267 5523 3493 5597 epistfi
3513 5575 3528 5600 ,
3561 5523 3646 5586 'ad
3674 5526 3768 5597 epi-

2197 5611 2391 5669 scopos
2424 5613 2514 5666 per
2543 5597 2746 5653 Gallias
2775 5607 2830 5652 ct.
2855 5608 3064 5667 septem
3095 5600 3401 5669 provincias
3446 5597 3765 5658 constitutos.

2198 5667 2265 5722 Et
2293 5670 2450 5737 epist.
2484 5669 2539 5732 6,
2575 5670 2642 5722 ad
2671 5670 2932 5724 Hilarium
2965 5667 3369 5727 Narbonensem
3399 5673 3474 5730 de
3501 5671 3768 5731 ordinatio-

2197 5739 2353 5810 nibus
2382 5741 2756 5810 episcoporuui
2791 5743 3082 5810 provinciae
3113 5742 3440 5800 Viennensis
3473 5760 3540 5801 ac
3566 5746 3768 5800 duarum

2194 5809 2626 5873 Narbonensium
2647 5809 2959 5872 sermonem
2987 5814 3220 5881 laniem,
3260 5816 3346 5876 Ad
3380 5816 3518 5876 illas
3539 5816 3784 5890 regions!-
