3994 6310
549 285 652 350 891

1019 277 1261 343 ΡΑεαη.
1300 272 1685 351 QUESNELLI
1722 272 2300 336 DISSERTATIONES
2328 274 2394 331 IN
2432 274 2492 333 Β.
2534 272 2777 332 LEONIS
2815 272 3029 332 MAGNI
3066 273 3316 333 OPERA.
3688 276 3774 342 599

548 407 733 465 cuium
789 407 1070 465 suaserat;
1125 399 1463 454 Narbonensi
1511 401 1688 450 autem
1740 394 1994 463 episcopo
2043 393 2129 462 jus
2156 395 2206 453 Α
2234 390 2374 445 aliud
2424 389 2621 445 factum
2652 388 2719 444 ad
2760 387 3166 465 Narbonensem
3210 389 3434 465 primam
3462 393 3765 465 provinciam

547 492 703 534 suum
736 474 787 529 in
816 472 1220 528 Narbonensem
1252 470 1477 541 primam
1498 466 1762 541 intactum
1792 465 2006 534 reliquit
2026 474 2123 541 ,uet

547 549 686 603 sicut
718 546 764 600 is
794 543 898 599 hoc
933 544 1022 612 jus
1045 536 1649 612 apostolicoprivilegio
1689 536 1956 590 ﬁrmatum
2000 536 2123 589 olim

545 620 878 683 obtinuerat,
912 609 980 669 iia
1010 609 1169 669 etiam
1199 624 1317 682 p05t
1354 609 1553 665 Leonis
1591 610 1867 663 decretum
1911 623 2128 676 semper

545 690 801 747 obtinuit.

622 762 829 817 7.Hiuc
856 773 1014 828 porro
1042 756 1256 828 tertium
1289 753 1734 828 Quesnellicaput
1757 751 1994 828 eliditur,
2020 764 2126 816 quo

549 836 626 889 ita
668 821 987 887 Arelatense
1026 830 1110 897 jus
1142 829 1192 881 in
1236 826 1375 881 bane
1418 825 1743 897 provinciam
1790 821 2022 897 extulit,
2070 830 2126 875 ut

548 905 809 961 Bonifacii
837 894 1112 957 decretum
1143 899 1515 965 subreptitium
1540 906 1594 950 et
1616 898 1667 949 in
1692 894 1883 950 Galliis
1908 907 2013 946 non
2041 908 2125 965 re-

548 986 762 1046 ceptum
795 974 1097 1046 ingesserit.
1126 969 1195 1023 At
1218 964 1394 1046 qand
1419 968 1842 1046 stibi'eptionem.
1863 979 1985 1046 etim
2008 964 2128 1046 sub:

548 1035 759 1114 reptitia
783 1035 1175 1114 ostenderimus
1198 1035 1411 1094 decreta
1434 1035 1635 1114 Zosimi
1663 1054 1782 1105 quae
1812 1039 1861 1089 in
1896 1035 2122 1114 Patrocli

547 1109 769 1172 violenti
799 1124 852 1168 et
893 1112 1161 1167 vaferrimi
1192 1113 1414 1179 gratiam
1456 1109 1859 1163 Narbonensem
1896 1109 2123 1179 primam

545 1196 735 1240 centra
762 1192 996 1238 veterem
1026 1198 1178 1236 usum
1209 1177 1273 1235 et
1300 1192 1485 1235 contra
1520 1180 1871 1247 apostolicum
1905 1177 2122 1246 privile-

545 1257 689 1323 gium
719 1254 1019 1311 Arelatensi
1053 1256 1165 1307 sedi
1191 1254 1552 1319 subjecerant,
1595 1249 1865 1323 quomodo
1894 1248 2126 1323 subrepo

545 1321 709 1382 ti0uis
736 1327 912 1382 n'itail
946 1334 1118 1391 potest
1142 1326 1412 1377 decretum
1451 1321 1733 1384 llonifacii,
1764 1336 1869 1386 quo
1894 1321 2121 1387 impacta

543 1396 762 1453 ZOsimo
792 1395 1002 1468 1003
1032 1394 1310 1461 subreptio
1332 1394 1503 1447 recisa
1537 1392 1685 1468 fiiit?_
1716 1392 2125 1468 Nonhmeminit

543 1470 760 1540 quidem
794 1459 1102 1540 Einit‘acius
1141 1459 1784 1540 rescriptogitn_Zosiim.
1830 1459 1963 1515 Cum
1995 1477 2123 1540 vero

541 1533 609 1596 éa
642 1549 750 1594 tam
782 1537 1042 1593 solemnia
1075 1533 1392 1599 fuerint,et
1424 1536 1693 1588 Bunilacio
1724 1534 1978 1587 Romana:
2025 1533 2124 1587 Ec—

542 1611 727 1666 clesiae
752 1611 1062 1680 presbytero
1086 1618 1347 1676 praesente
1378 1608 1541 1680 edita.
1557 1604 1994 1680 euindenilatere
2016 1619 2121 1680 non

544 1676 869 1752 potuerunt;
915 1676 1059 1752 quod
1104 1680 1235 1732 satis
1259 1687 1347 1752 est
1392 1688 1449 1729 ut
1476 1676 1714 1745 ejusdem
1755 1676 2024 1752 silentium
2068 1678 2118 1729 in

541 1746 878 1821 obreptionis
909 1760 961 1803 et
1008 1749 1319 1821 ignorantiae
1370 1752 1734 1821 suspicitinem
1789 1746 1975 1821 adduci
2027 1762 2121 1802 ne-

538 1817 725 1893 queat.
759 1822 865 1876 Nec
888 1818 1464 1893 opus_fuit_aud_ire_vel
1498 1818 1799 1893 Patroclum
1843 1817 2123 1893 Arelaten-

537 1888 675 1962 ἰείη,
703 1908 859 1964 quem
893 1888 1535 1964 per_fratides_Zos_imum
1564 1891 1843 1959 decepisse
1866 1888 2120 1957 explora-

540 1960 821 2027 tum‘erat,
846 1964 928 2017 vel
962 1961 1215 2015 Hilarium
1246 1960 1648 2015 Narbonensem
1670 2002 1682 2021 .
1721 1975 1815 2027 pro
1856 1974 1962 2029 quo
1988 1964 2121 2014 satis

537 2035 895 2102 loquebantur
920 2034 1108 2086 littera:
1138 2047 1270 2101 quas
1292 2047 1395 2085 una
1425 2048 1546 2086 cum
1579 2032 1875 2102 apostolico
1901 2045 2010 2084 sua:
2035 2047 2121 2086 se-

539 2106 627 2177 dis
650 2107 929 2177 privilegio
968 2103 1034 2158 ad
1080 2103 1347 2177 Zosimum
1403 2104 1613 2177 misisse
1659 2102 1960 2177 Bonifacius
2011 2112 2119 2157 tum

535 2174 726 2232 Romae
754 2190 990 2246 praesens
1020 2176 1241 2229 sciebat.
1284 2174 1568 2242 Quomodo
1609 2175 1841 2228 tamdem
1882 2174 2121 2246 obrepti-

534 2248 671 2302 tium
717 2245 820 2301 diei
868 2256 1045 2315 potest
1087 2246 1245 2313 hujus
1294 2246 1564 2313 pontiﬁcis
1585 2247 1888 2309 decretum,
1918 2245 2059 2315 quod
2090 2261 2119 2300 a

534 2319 687 2374 nullo
708 2317 967 2373 Bonifacii
999 2331 1315 2385 successore
1362 2325 1671 2371 revocatum
1698 2359 1712 2383 ,
1757 2319 1921 2370 immo
1954 2316 2118 2370 veluti

532 2391 758 2444 omnino
804 2398 977 2444 ratum
1019 2398 1072 2443 et
1105 2387 1312 2456 justum
1343 2401 1373 2440 a
1420 2386 1715 2442 Caelestino
1744 2390 2120 2456 conﬁrmatum

530 2458 655 2529 fuit,
688 2470 741 2516 et
763 2455 1114 2530 cujusicausa’
1138 2458 1248 2513 Leo
1282 2459 1333 2511 in
1358 2460 1519 2525 epist.
1550 2459 1619 2513 10
1648 2459 1934 2513 afﬁrmavit
1967 2473 1981 2511 :
2018 2455 2118 2530 Id-

531 2531 726 2603 r'psum,
754 2531 892 2602 quod
920 2529 1165 2583 Patroclo
1204 2547 1235 2581 a
1282 2530 1402 2582 sede
1443 2531 1725 2603 apostolica
1768 2529 2120 2603 temporaliter

530 2601 805 2657 uidebatur
842 2617 951 2655 esse
994 2616 1305 2670 concessum,
1355 2601 1678 2670 postmodum
1721 2616 1827 2654 esse
1870 2601 2122 2653 sententia

528 2674 743 2728 meliore
772 2671 1056 2738 sublatum;
1080 2682 1130 2724 et
1158 2669 1229 2724 ita
1246 2669 1515 2726 Sublatum
1545 2682 1600 2724 ut
1620 2671 1987 2725 Narbonensis
2006 2671 2121 2737 epi-

528 2757 728 2814 scopus
771 2743 961 2799 eodem
1016 2742 1139 2812 jure
1187 2756 1404 2814 semper
1452 2742 1652 2809 potitus
1697 2742 1804 2797 sit?
1845 2740 2120 2814 Videbatur

534 2812 857 2879 concessum,
889 2816 1061 2883 inquit
1083 2814 1141 2870 S.
1185 2812 1318 2878 Leo,
1357 2814 1480 2884 quia
1517 2814 1793 2869 decretum
1823 2813 2023 2867 Zosimi
2052 2812 2122 2869 ob

525 2885 945 2941 fraudulentiam
974 2897 1027 2940 et
1052 2885 1315 2939 notariam
1349 2884 1754 2954 subreptionem
1784 2885 1989 2938 irritum
2026 2887 2119 2937 ha-

526 2955 666 3013 buit.
695 2958 1017 3026 Quesiiellus
1047 2965 1225 3011 autem
1264 2964 1321 3009 ut
1348 2956 1455 3013 hoc
1481 2957 1757 3011 decretum
1790 2963 2114 3025 pr0pugnet,

523 3041 635 3084 non
667 3040 773 3083 tam
796 3028 1071 3083 Bonifacio
1088 3042 1247 3098 quam
1268 3027 1565 3083 leestino
1587 3036 1642 3082 et
1664 3027 2119 3097 Leonideceptio-

523 3113 650 3157 nem
682 3100 981 3170 impingere
1008 3114 1115 3154 non
1141 3110 1377 3153 veretur.

2151 1786 2201 1847 B

2233 470 2523 531 spectans,
2568 462 2841 516 memoriae
2884 461 3193 515 mandatum
3233 469 3318 516 est
3343 460 3412 515 ad
3458 458 3513 514 S.
3546 461 3768 523 Hilarium

2234 550 2423 604 usque,
2452 534 2541 603 qui
2567 532 2816 601 Projecto
2848 546 3218 604 successorem
3249 532 3432 587 dedit:
3463 533 3594 604 unde
3635 538 3769 591 mira-

2231 603 2351 660 mur
2378 605 2647 673 Quesnelli
2679 603 3096 671 animositatem,
3128 621 3230 669 qua
3252 606 3370 659 sine
3401 604 3509 657 ullo
3536 603 3665 659 facto
3689 608 3769 666 hoc

2230 677 2505 731 decretum
2547 687 2672 729 ante
2710 676 2765 731 S.
2818 676 3080 729 llilarium
3134 676 3509 730 Arelatensem
3558 676 3767 736 effertuiii

2230 764 2335 802 non
2361 748 2525 802 fuisse
2555 748 2828 819 sortitum,
2859 761 2953 819 seu
2988 764 3090 800 non
3121 757 3396 819 receptum
3424 750 3765 819 pronuntiavit,

2236 834 2355 873 cum
2387 820 2683 889 praesertim
2715 818 2855 871 idem
2896 818 3175 873 decretum
3214 833 3245 871 a
3286 818 3576 889 Caelesﬁno
3612 818 3770 875 conﬁr-

2231 887 2434 945 malum
2468 892 2643 954 fuerit,
2677 899 2730 943 et
2752 890 2860 942 Leo
2884 890 3021 958 ipse,
3067 890 3192 944 dum
3224 889 3458 943 aflirtttat
3494 887 3674 944 Zosimi
3700 893 3771 946 de-

2229 965 2393 1016 cretis
2421 962 2665 1016 Patroclo
2701 960 2789 1030 jus
2833 961 2885 1014 in
2930 976 3048 1014 eam
3096 960 3430 1030 provinciam
3467 965 3771 1031 temporuﬁtcr

2231 1032 2398 1087 fuisse
2425 1048 2778 1096 Concessum,
2810 1032 3118 1101 llilarioque
3156 1032 3460 1086 Arelatensi
3493 1044 3768 1100 succenset,

2228 1105 2371 1174 quod
2406 1114 2528 1173 post
2557 1106 2913 1158 cassatioaetn
2948 1102 3207 1157 Bonifacii
3240 1103 3381 1156 idem
3403 1104 3493 1171 jus
3521 1108 3766 1174 usurparit,

2230 1173 2497 1230 neminem
2526 1185 2642 1244 pest
2673 1174 2975 1229 Patroclum
3003 1184 3058 1229 et
3089 1185 3206 1241 post
3234 1175 3514 1230 decretum
3555 1173 3768 1233 Bonifacii

2227 1246 2369 1302 idem
2397 1251 2482 1315 jus
2510 1247 2611 1302 sibi
2633 1260 2915 1315 armgasse
2938 1257 3245 1315 przesumat.

2301 1322 2356 1373 9.
2392 1318 2570 1388 Atqui,
2600 1318 2773 1384 inquit
2803 1319 2891 1371 ille
2911 1333 2961 1371 c.
2992 1319 3044 1380 5,
3074 1333 3193 1371 cum
3220 1316 3279 1372 S.
3309 1316 3421 1371 Leo
3466 1318 3653 1375 scribat
3679 1322 3767 1375 nul-

2228 1388 2336 1443 ltttn
2364 1390 2550 1443 Hilarii
2588 1389 2928 1445 decessorem
2969 1387 3057 1457 jus
3094 1390 3551 1456 metropoliticum
3592 1392 3637 1444 in
3677 1408 3767 1445 eam

2229 1462 2560 1529 provinciam
2585 1461 2682 1530 sibi
2714 1460 3011 1514 vindicasse
3032 1466 3148 1513 ante
3171 1458 3497 1524 Patroclum,
3522 1460 3663 1530 hujus
3682 1478 3770 1517 suc-

2228 1546 2473 1587 cessores
2514 1529 2772 1584 Bonifacii
2807 1532 3028 1587 decreto
3073 1531 3318 1597 neglecto
3346 1530 3492 1585 idem
3530 1529 3607 1601 jus
3648 1549 3769 1587 exer-

2226 1605 2407 1659 cuisse
2431 1603 2627 1658 exinde
2656 1603 2918 1672 sequitur.
2953 1602 3076 1657 llaec
3103 1616 3234 1656 vero
3262 1617 3412 1656 mera
3444 1604 3693 1658 cavillatio
3708 1613 3769 1659 «πει

2228 1675 2561 1729 inanissima.
2594 1674 2728 1727 Cum
2758 1673 2902 1727 enim
2935 1688 3001 1727 eo
3033 1674 3150 1727 loco
3171 1674 3226 1726 S.
3260 1673 3368 1727 Leo
3406 1674 3669 1743 antiquam
3704 1690 3769 1730 so.

2227 1745 2523 1809 lummodo,
2547 1761 2665 1814 qum
2691 1742 3075 1814 praeferebatur
3097 1788 3111 1811 ,
3142 1744 3473 1799 Arelatensis
3525 1746 3772 1815 possessio-

2231 1833 2352 1872 nem
2377 1826 2504 1871 ante
2531 1817 2838 1870 Patroclum
2872 1815 3103 1887 voluerit
3129 1818 3435 1877 revincere,
3470 1828 3532 1870 et
3556 1817 3769 1887 justitiam

2228 1890 2443 1957 aperire
2472 1888 2675 1941 decreti
2708 1886 3124 1954 prmdecessoris
3155 1890 3234 1939 sui
3264 1886 3669 1954 Bonifaeii,qua
3690 1888 3766 1941 Zo-

2230 1962 2348 2015 simi
2374 1960 2652 2014 decretum
2686 1959 3029 2012 emendatum
3066 1957 3231 2010 fuisse
3254 1960 3435 2012 statim
3459 1960 3770 2028 subjicit.soli

2226 2040 2601 2086 anteceSsores
2642 2029 2871 2083 Patrocli
2900 2029 3362 2083 commemorandi
3411 2028 3642 2085 fuerunt.
3673 2030 3770 2083 Fur-

2227 2106 2331 2157 tius
2358 2101 2523 2156 videri
2566 2110 2740 2169 potest
2781 2109 3156 2169 argumentum
3188 2114 3253 2154 ex
3278 2100 3561 2156 leestini
3587 2102 3769 2170 epistola

2225 2175 2291 2228 ad
2322 2172 2532 2245 1005
2560 2174 2821 2245 episcopos
2850 2189 2938 2241 per
2970 2171 3305 2245 Viennensem
3336 2182 3381 2245 et
3408 2170 3765 2245 rNarbonensem

2225 2242 2512 2315 proﬁiiciui
2539 2242 2863 2315 constitutos,
2888 2245 2940 2297 in
2971 2258 3070 2312 qua
3098 2242 3357 2315 Bonifacii
3384 2244 3643 2299 decretum
3662 2258 3764 2296 con-

2226 2314 2469 2381 firmans,
2496 2314 2768 2368 neminem
2801 2329 2915 2368 sute
2944 2315 3235 2385 provincia)
3266 2314 3465 2369 limites
3502 2317 3768 2385 przrterire,

2225 2403 2327 2443 nec
2352 2388 2640 2454 quidquam
2693 2386 2748 2440 in
2784 2386 3005 2439 alterius
3043 2385 3277 2453 cpiSt-opi
3327 2385 3580 2455 injuriam
3614 2400 3770 2453 prtesu.

2224 2459 2478 2513 mendum
2511 2460 2773 2512 decernit.
2824 2456 2916 2511 llis
2956 2460 3010 2510 S.
3061 2459 3388 2511 Honoratum
3439 2459 3765 2513 Arelatensem

2224 2529 2448 2584 iudicari
2476 2528 2797 2593 Quesuellus
2830 2538 2975 2596 putat
3002 2570 3016 2589 ,
3059 2544 3121 2582 ac
3150 2529 3196 2581 si
3231 2528 3499 2582 Bonifacii
3536 2529 3765 2583 decretum

2224 2601 2524 2670 negligens,
2551 2614 2739 2654 omnes
2763 2600 3067 2668 provincias
3096 2614 3124 2650 a
3149 2598 3369 2652 Zosiino
3395 2614 3673 2655 concessas
3691 2640 3703 2661 ,
3727 2606 3767 2651 ct

2223 2672 2394 2737 ipsam
2423 2672 2821 2725 Narbonensem
2850 2672 3073 2739 primam
3098 2670 3318 2724 rexerit.
3344 2670 3451 2726 Sed
3496 2673 3660 2725 titulus
3676 2684 3765 2735 ept-

2224 2744 2377 2797 stolae
2426 2758 2547 2797 cum
2596 2742 2868 2811 provincia
2904 2741 3192 2796 Viennensi
3236 2742 3452 2796 unicam
3504 2743 3769 2798 Narbonen-

2222 2828 2337 2869 sem
2370 2813 2604 2881 pra'fert.
2636 2813 2789 2868 Unde
2814 2824 2991 2867 autem
3014 2813 3234 2882 colligas
3263 2828 3577 2868 sermonem
3598 2812 3658 2866 ibi
3675 2823 3766 2882 esse

2223 2882 2404 3010 Bittius
2429 2886 2496 2940 de
2520 2884 2853 2939 Narbonensi
2907 2884 3078 2954 prima
3129 2881 3286 2954 quam
3334 2884 3407 2939 de
3448 2881 3764 2940 secundalln

2263 2972 2324 3010 ac
2352 2956 2565 3010 auidem
2608 2956 2893 3010 enisconus
2929 2957 3196 3010 Aottensis
3234 2956 3319 3010 ius
3353 2956 3762 3010 metronoliticuin

2263 2972 2324 3010 ac
2352 2956 2565 3024 quidem
2608 2956 2893 3025 episcopus
2929 2957 3196 3025 Aqttensis
3227 2956 3319 3024 jus
3353 2956 3762 3026 nietropoliticuut

2222 3022 2480 3082 exercere
2501 3022 2730 3082 debebat
2753 3022 2816 3081 ei
2850 3022 3108 3081 Bonifacii
3136 3022 3361 3081 decreto
3380 3070 3395 3092 ,
3431 3038 3491 3082 ut
3520 3022 3767 3093 explicabi-

2226 3114 2345 3153 mus
2366 3114 2417 3153 c.
2449 3098 2504 3164 6,
2537 3116 2592 3151 n.
2615 3098 2668 3152 5.
2706 3099 2814 3152 Hoc
2841 3108 3015 3153 tamen
3039 3098 3318 3153 decretum
3347 3113 3475 3154 cum
3504 3096 3680 3154 iionita
3703 3109 3770 3148 es-

596 3171 652 3226 8.
690 3164 822 3238 Quae
855 3164 1028 3240 porro
1070 3170 1393 3237 conjectum
1435 3184 1464 3223 a
1502 3168 1794 3237 Quesnello
1830 3169 2124 3223 afferuntur
2150 3164 2195 3228 C
2229 3180 2312 3227 set
2332 3184 2647 3238 expressum
2679 3169 2747 3223 de
2775 3168 3113 3225 Narbonensi
3141 3168 3403 3236 secunda,
3445 3172 3519 3225 uti
3544 3169 3699 3240 fuerat
3720 3164 3771 3218 de

526 3257 652 3313 cap.
679 3243 713 3297 5
739 3252 801 3297 ut
829 3240 1091 3313 Bonifacii
1116 3241 1401 3295 decretum
1426 3243 1479 3295 in
1502 3240 1696 3313 Galliis
1742 3255 1841 3293 usu
1890 3257 1995 3294 non
2028 3256 2116 3295 re-

522 3312 739 3381 ceptum
772 3326 872 3366 nec
897 3312 1146 3367 effectum
1171 3316 1420 3365 sortitum
1450 3312 1722 3376 ostendat,
1765 3313 1900 3365 adeo
1932 3314 2115 3367 incon~

521 3396 675 3454 gruae
701 3393 756 3437 et
781 3382 953 3437 exiles
992 3399 1066 3454 ac
1097 3382 1308 3451 longius
1352 3384 1590 3454 quaesita:
1615 3391 1742 3454 sunt
1767 3422 1781 3443 ,
1830 3391 1887 3435 ut
1926 3397 2021 3454 per
2057 3399 2115 3438 se

522 3452 661 3509 nihil
687 3453 994 3508 conﬁciant.
1028 3453 1165 3508 Usus
1190 3468 1298 3523 quo
1339 3452 1560 3508 effectus
1591 3452 1848 3521 probetur
1882 3468 1913 3506 a
1961 3453 2115 3509 factis

521 3525 746 3596 pendet.
782 3523 1009 3578 Unicum
1042 3521 1221 3578 autem
1244 3521 1451 3579 factum
1483 3524 1806 3596 Lutubensis
1832 3524 2110 3596 Ecclesiae,

520 3594 667 3666 quod
702 3595 963 3649 hactenus
991 3596 1259 3663 prodituro
1289 3596 1390 3663 sit,
1441 3596 1508 3650 ad
1547 3595 1874 3666 provinciam
1910 3594 2114 3650 Narbo-

520 3665 749 3723 nensem
773 3666 998 3733 primam
1030 3668 1279 3734 pertinet,
1307 3676 1362 3721 et
1386 3666 1532 3721 istud
1570 3679 1830 3736 praeterea
1856 3665 2113 3722 Bonifacii

522 3739 912 3793 constitutione
962 3736 1233 3807 posterius
1265 3752 1371 3791 non
1403 3747 1504 3791 est.
1539 3738 1598 3791 In
1635 3739 1736 3792 hoc
1773 3748 1951 3791 autem
1996 3737 2113 3806 ipso

521 3810 666 3862 facto
697 3807 859 3878 solus,
876 3806 1157 3863 Patroclus
1186 3806 1384 3863 Zosimi
1408 3808 1689 3863 decretum
1730 3808 1781 3862 in
1807 3822 1957 3862 usum
1987 3824 2111 3878 per-

519 3878 805 3945 ducturus,
838 3877 1247 3933 Lutubensibus
1283 3883 1593 3949 episcopum
1640 3880 1769 3933 dare
1810 3877 2106 3936 contendit.

516 3949 589 4007 At
608 3966 727 4005 cum
760 3949 975 4005 Zosimo
996 3950 1312 4016 subreptum
1345 3954 1547 4005 scirent
1573 3951 1819 4017 ejusdem
1855 3952 2111 4007 Ecclesiae

516 4021 699 4076 clerus
724 4032 778 4075 et
808 4021 1057 4090 populus,
1094 4023 1298 4090 legatos
1324 4021 1390 4075 ad
1418 4022 1747 4076 Bonifaciutn
1780 4023 1997 4087 misere,
2020 4026 2108 4092 qui

518 4092 590 4147 de
622 4092 867 4147 Patroclo
888 4094 1061 4162 questi
1080 4102 1204 4147 sunt
1230 4094 1368 4148 inter
1383 4104 1580 4149 caetera
1606 4094 1706 4147 hoc
1730 4097 1945 4149 nomine
1960 4095 2101 4163 quod

514 4163 568 4235 in
608 4164 777 4217 aliena
822 4164 1094 4235 provincia
1118 4166 1461 4233 prietermisso
1494 4166 1886 4235 metropolitano
1926 4178 2105 4219 contra

515 4231 739 4287 Patrum
768 4231 973 4305 regulas
1000 4231 1306 4289 ordinasset.
1356 4236 1453 4291 llic
1491 4231 1668 4290 autem
1717 4238 1954 4304 pontifex
1987 4238 2107 4291 nul-

514 4305 622 4376 lam
652 4307 914 4359 rationem
946 4305 1155 4359 habens
1186 4307 1568 4376 rescriptorum
1600 4307 1825 4373 Zosimi,
1850 4323 1968 4374 quae
1998 4324 2105 4364 non

512 4374 833 4444 ignorabat,
894 4376 1029 4428 adeo
1073 4392 1133 4429 ea
1166 4378 1316 4431 irrita
1349 4374 1593 4444 censuit,
1644 4388 1699 4433 ut
1733 4379 1799 4433 ad
1843 4378 2102 4434 Hilarium

511 4443 917 4499 Narbonensem
940 4447 1397 4515 scripseritepist.
1429 4448 1497 4504 12
1531 4469 1541 4502 :
1580 4450 1775 4503 Nostra
1803 4451 2107 4505 auctoritate

513 4515 873 4587 commonitus,
904 4517 1040 4584 quod
1068 4517 1271 4582 quidem
1300 4519 1465 4583 facere
1489 4534 1673 4587 sponte
1700 4523 1907 4574 deberes
1930 4566 1941 4587 ,
1975 4522 2108 4576 desi-

512 4585 669 4661 deriis
696 4587 1096 4661 supplicantium
1122 4599 1166 4661 et
1199 4588 1457 4661 voluntate
1482 4585 1733 4661 respectu,
1768 4593 1835 4644 ad
1868 4585 2102 4647 eumdem

510 4656 682 4728 locum
713 4657 767 4709 in
799 4673 897 4725 quo
926 4656 1183 4711 ordinatio
1212 4660 1331 4711 talis
1369 4656 1622 4714 celebrata
1660 4663 1880 4728 dicitur,
1918 4676 2103 4717 metro-

510 4725 732 4801 politani
748 4728 1159 4801 jﬁurentunitus,‘
1178 4740 1225 4781 et
1254 4734 1679 4801 prwceptionibus
1722 4725 1909 4787 nostris
1942 4735 2101 4801 {retiis

507 4797 728 4864 accede;
762 4797 1290 4875 intclligensarbitrio
1324 4797 1721 4858 tuo'secundum
1761 4797 1963 4875 regulus
1996 4806 2104 4859 Pa-

506 4876 647 4945 trum
675 4884 1009 4945 quacumque
1034 4872 1273 4945 facienda
1297 4883 1417 4926 sunt
1450 4894 1479 4927 a
1500 4877 1645 4930 nobis
1674 4894 1780 4931 esse
1819 4872 2101 4945 concessa;

506 4940 581 4994 ita
610 4950 664 5019 ut
687 4941 904 5019 peractis
927 4942 1183 5019 omnibus,
1215 4944 1517 5012 apostolicae
1544 4949 1651 5001 sedi
1673 4990 1688 5012 ,
1718 4948 1969 5019 quidquid
1995 4940 2102 5003 sta;

507 5013 686 5089 tueris,
714 5021 760 5065 te
784 5012 1032 5089 referente
1061 5013 1330 5089 clarescat,
1356 5020 1434 5070 cui
1458 5019 1617 5072 totius
1647 5012 1926 5089 provincia:
1956 5023 2097 5074 ordi-

509 5084 766 5136 rationem
802 5083 959 5153 liquet
1000 5099 1108 5137 esse
1137 5088 1457 5143 mandatam.
1490 5089 1606 5145 Non
1634 5083 1767 5145 dicit
1797 5107 1856 5146 se
1884 5094 1984 5147 hoc
2014 5093 2101 5148 de-

504 5166 654 5234 creto
683 5154 932 5207 mandare
950 5194 983 5234 ε.
1005 5155 1100 5234 sed
1128 5154 1320 5234 liquere
1348 5176 1456 5234 esse
1498 5164 1803 5234 mandatum
1823 5207 1836 5227 ,
1876 5165 2099 5234 antiquo

503 5227 711 5301 scilicet
740 5241 850 5278 suae
873 5225 1017 5301 sedis
1038 5225 1312 5301 jure,_cui
1341 5232 1689 5301 subreptitias
1719 5225 1924 5289 Zosimi
1964 5225 2098 5290 con-

506 5297 816 5351 stituiiones
846 5298 1021 5371 reipsa
1050 5315 1153 5352 non
1180 5298 1469 5371 derogasse
1510 5297 1811 5360 credidisse
1842 5307 2055 5361 videtur
2081 5325 2092 5361 :

506 5372 645 5445 I_Inile
667 5382 788 5421 eum
813 5367 1097 5445 afﬁrmavit
1118 5381 1298 5438 sponte
1319 5367 1417 5426 sua
1435 5374 1550 5443 jam
1588 5378 1830 5445 potuisse
1863 5377 2095 5445 idipsum

500 5436 703 5502 facere,
730 5451 785 5516 ut
811 5436 1467 5516 attctoritateapostolica,
1508 5436 1611 5516 qua
1647 5446 1846 5500 Zosimi
1879 5436 2081 5502 consti-

504 5517 615 5585 tuta
646 5509 1103 5578 rescinderentur,
1139 5509 1243 5567 non
1270 5509 1553 5583 indigeret.
1582 5518 1658 5571 Ne
1680 5519 1805 5585 quid
1838 5534 1965 5572 vero
1998 5521 2087 5573 du-

502 5577 573 5634 bii
607 5591 943 5658 stipi-re~set_.
995 5577 1244 5658 eumdem
1291 5577 1763 5655 metropolitanum
1814 5588 1929 5658 ejus
1959 5605 2084 5658 pro-

499 5658 690 5727 Ytncitn
712 5652 810 5705 hac
836 5652 1063 5727 epistula
1092 5656 1381 5710 declaravit
1400 5652 1862 5727 confirmavitque;
1891 5652 2083 5715 tte-for-

500 5722 657 5798 lassis
685 5740 913 5798 cuquam
938 5722 1133 5777 Zositni
1167 5727 1378 5781 decreta
1405 5722 1793 5798 impedimento
1823 5722 1943 5785 esse
1973 5747 2084 5787 cre-

494 5791 774 5851 derentur.
792 5794 916 5849 Post
945 5800 1045 5850 hoc
1064 5805 1243 5853 autem
1270 5791 1862 5864 Battifactircscriptum
1877 5803 2082 5861 uullutn

2133 4557 2187 4619 D

2223 3242 2557 3312 Narbonensi
2587 3241 2780 3308 prima,
2815 3242 3119 3295 Honoratus
3162 3242 3214 3295 iii
3251 3242 3395 3295 illam
3443 3243 3530 3312 jus
3568 3239 3660 3294 sibi
3702 3251 3771 3290 su-

2259 3328 2441 3370 eresse
2468 3310 2712 3366 fortassis
2739 3314 2987 3377 credidit,
3016 3312 3175 3382 idque
3198 3330 3226 3365 a
3251 3310 3544 3368 Caelestino
3564 3312 3661 3382 illis
3678 3322 3775 3362 ver-

2262 3387 2304 3439 is
2328 3383 2552 3438 indicari
2582 3383 2786 3452 potuit.
2822 3394 2876 3437 ut
2917 3399 2983 3439 ne
3024 3380 3099 3437 ad
3133 3383 3532 3439 Narbonensem
3573 3380 3776 3450 primam

2220 3456 2324 3511 hoc
2351 3456 2716 3509 testimonium
2757 3455 3103 3520 traducitur;
3140 3470 3259 3524 qua!
3300 3470 3418 3510 cum
3462 3465 3707 3524 expresse
3755 3462 3781 3503 ι

2218 3526 2495 3581 Bonifacio
2523 3527 2741 3580 exclusa
2769 3525 2955 3581 fuisset
2979 3541 3007 3579 a
3027 3520 3554 3595 jure'metropolitico
3580 3520 3780 3590 episco.

2218 3601 2271 3668 pi
2298 3597 2654 3662 Arelatensis,
2681 3598 2781 3652 hoc
2808 3593 3085 3652 decretum
3116 3615 3142 3649 a
3166 3593 3352 3652 saneto
3376 3599 3489 3650 viro
3511 3593 3777 3648 llouorato

2216 3678 2585 3735 contemptum
2617 3668 2731 3722 sine
2759 3668 2871 3723 ullo
2900 3680 3050 3723 certo
3078 3678 3212 3724 teste
3234 3669 3532 3731 afﬁrmare,
3557 3674 3782 3735 temeraf

2216 3741 2357 3797 rium
2394 3734 2447 3794 et
2476 3738 2632 3807 hujus
2665 3740 2938 3794 memoriae
2966 3740 3282 3807 injuriosuin
3312 3750 3414 3795 est.
3460 3737 3607 3794 Adde
3656 3734 3782 3802 Quod

2217 3822 2513 3868 memorata
2545 3810 2822 3867 leestini
2855 3812 3082 3881 epistola
3131 3812 3183 3865 iii
3215 3812 3347 3866 duas
3418 3809 3581 3866 veluti
3622 3813 3780 3876 partes

2216 3882 2584 3953 distinguitur.
2648 3882 2823 3937 Prima
2873 3898 2999 3951 pars
3041 3883 3210 3937 tribus
3248 3882 3515 3950 Capitibus
3558 3891 3784 3953 compre-

2217 3951 2513 4011 lteusa'eos
2554 3954 2755 4007 abusus
2785 3955 2873 4022 qui
2902 3954 2969 4008 ad
3005 3954 3312 4024 pontiﬁcem
3348 3955 3515 4010 delati
3554 3951 3781 4024 fuerunt3

2217 4026 2502 4081 manifeste
2535 4018 2874 4095 perstringit;
2926 4035 2980 4080 et
3007 4018 3084 4079 'in
3120 4025 3219 4080 hac
3252 4026 3387 4079 nihil
3436 4024 3631 4096 legitur
3665 4018 3785 4089 quod

2214 4097 2375 4152 alieni
2405 4096 2541 4165 juris
2572 4097 2976 4169 usurpationem
3004 4097 3270 4169 insinuet.
3311 4097 3655 4169 Alterarv‘ero
3679 4102 3783 4169 pars

2214 4169 2472 4238 quasdam
2495 4168 2778 4236 generales
2805 4167 3103 4236 disciplina:
3140 4171 3353 4238 regulas
3383 4166 3639 4237 subjicit,
3684 4166 3784 4232 qui-

2213 4239 2313 4295 bus
2344 4238 2648 4294 ioserendis
2687 4240 2829 4293 nulla
2862 4239 3146 4305 peculiaris
3196 4241 3419 4309 querela
3466 4238 3784 4309 occasionem

2213 4311 2429 4365 dedisse
2452 4310 2738 4365 indicatur.
2775 4304 2940 4365 Immo
2965 4327 3024 4366 ea
3061 4304 3262 4366 tantum
3292 4312 3433 4366 ratio
3463 4310 3686 4365 affertur
3704 4304 3785 4358 sub

2214 4383 2373 4437 liuent
2404 4396 2453 4436 c.
2492 4383 2544 4446 3,
2574 4392 2631 4435 ut
2661 4382 2974 4449 apostolica:
2998 4383 3143 4436 sedis
3165 4392 3367 4436 statuta
3400 4384 3521 4436 licet
3564 4380 3785 4450 plerisque

2214 4454 2439 4522 cognita,
2467 4453 2564 4507 hac
2589 4453 2909 4522 repetitione
2932 4455 2999 4505 ad
3020 4454 3565 4523 disciplinicnnrmam
3587 4454 3789 4523 quisque

2215 4540 2470 4579 remeare
2502 4524 2737 4578 festinet.
2778 4526 2839 4578 Et
2866 4525 3000 4578 sicut
3033 4522 3276 4593 quaedam
3302 4525 3355 4579 in
3390 4526 3478 4579 his
3506 4523 3697 4594 regulis
3718 4522 3786 4571 iu—

2216 4596 2438 4650 terdicta
2464 4595 2532 4649 ab
2564 4595 2835 4649 llonorato
2864 4596 3057 4650 violata
3088 4597 3265 4665 colligi
3301 4593 3689 4657 nequennt,ita
3709 4601 3791 4665 nec

2214 4668 2442 4737 primum
2468 4677 2721 4720 statutum
2744 4667 2811 4721 de
2837 4664 3295 4736 metrupolitarum
3317 4669 3541 4737 jttribus
3568 4682 3672 4721 non
3696 4664 3791 4737 rio:

2214 4730 2411 4802 laudis,
2439 4737 2578 4806 quod
2619 4740 2692 4791 titi
2727 4730 3055 4793 recentius-at
3084 4730 3362 4793 Bonifacio
3401 4740 3615 4793 editum
3645 4746 3695 4789 et
3732 4730 3787 4785 ad

2211 4809 2425 4863 easdem
2462 4810 2763 4877 provincias
2791 4810 3064 4879 pertinens
3097 4812 3235 4865 inter
3262 4820 3463 4865 cmtera
3492 4813 3673 4880 primo
3692 4806 3792 4861 loco

2212 4880 2560 4947 repetendum
2586 4880 2757 4935 visum
2791 4892 2893 4935 est.
2925 4883 3056 4936 Ilinc
3087 4884 3300 4937 tandem
3320 4884 3675 4936 resolvuntur
3694 4891 3793 4932 cm-

2210 4967 2309 5006 nes
2340 4951 2613 5017 Que-nelli
2648 4952 2815 5017 nisus,
2866 4953 3061 5022 quibus
3112 4954 3373 5008 Hilarium
3428 4955 3791 5007 Arelatensem

2209 5033 2582 5086 excusaturus,
2614 5022 3018 5079 Narbonensem
3054 5025 3276 5092 primam
3302 5026 3649 5092 provinciam
3680 5022 3797 5076 Areo

2205 5094 2399 5149 latcnsi
2433 5096 2848 5163 metropolitano
2871 5096 3166 5165 subjectani
3214 5096 3381 5152 fuisse
3423 5107 3622 5151 contra
3655 5106 3792 5161 aper-

2204 5175 2315 5220 tum
2355 5165 2552 5219 Leonis
2593 5166 2959 5221 testimonium
2994 5166 3304 5233 Contendit;
3351 5167 3641 5237 simulque
3672 5169 3799 5234 patet

2201 5252 2362 5306 quam
2384 5240 2505 5305 jure
2531 5237 2669 5291 idem
2698 5238 2934 5306 pontifex
2960 5240 3132 5306 ipsum
3168 5239 3429 5293 llilarium
3468 5239 3580 5292 hoc
3604 5246 3797 5305 quoque

2201 5314 2419 5390 nomine
2445 5310 2859 5377 reprehenderit
2879 5352 2892 5373 ,
2924 5310 3137 5390 quia‘in
3168 5309 3340 5363 aliena
3372 5311 3655 5379 provincia
3684 5306 3776 5361 Pro

2196 5382 2341 5449 jecto
2364 5394 2734 5434 successorem
2757 5382 3117 5435 consecravit.

2269 5452 2393 5505 (3η.
2424 5451 2669 5506 lll.—De
2690 5453 3022 5520 dispositione
3042 5452 3178 5506 civili
3199 5455 3602 5522 provinciarum
3626 5452 3803 5509 Gallic

2191 5524 2479 5596 prtesertim
2512 5524 2651 5576 circa
2686 5522 3077 5596 Narbonensem
3110 5524 3352 5579 solidam.
3392 5526 3654 5596 Quinque
3696 5538 3804 5595 pro-

2188 5594 2366 5666 vincia:
2397 5611 2497 5646 non
2529 5610 2591 5646 ex
2613 5595 2725 5647 sola
2761 5594 3091 5650 Narbonensi
3118 5598 3323 5661 excisa,
3353 5600 3451 5649 sed
3471 5594 3805 5666 Aquitaniam

2188 5674 2235 5717 et
2254 5663 2769 5735 Norempopulanam
2786 5668 3299 5734 comprehendebant.
3326 5668 3447 5720 Alia
3476 5663 3673 5725 divisio
3696 5681 3807 5735 pro-

2186 5738 2469 5812 vinciarum
2494 5753 2584 5789 sex.
2604 5748 2694 5812 suo
2724 5736 3012 5791 Theodosio
3131 5738 3324 5812 Divisio
3354 5751 3573 5812 septeni
3609 5738 3813 5812 prosin-

2184 5807 2382 5863 ciarum
2415 5824 2468 5864 iv
2492 5810 2680 5865 sacqu
2702 5813 2853 5871 facta
2881 5811 3191 5867 ostenditur.
3220 5808 3476 5866 Omnium
3507 5807 3817 5873 Galliarum
