3994 6310
510 361 620 429 893

1002 364 1241 425 PASCH.
1280 363 1666 435 QUESNELLI
1709 361 2293 421 DlSSERTATlONES
2331 363 2398 421 ΙΝ
2437 361 2493 423 S.
2525 361 2769 423 LEONIS
2807 365 3022 423 MAGNI
3058 366 3307 423 OPERA.

3669 359 3769 428 506

512 488 712 546 vincies
740 500 982 559 qumque,
1015 486 1058 539 si
1093 485 1235 559 bane
1264 500 1317 538 tn
1361 483 1594 555 quinque
1625 479 1926 552 provincias
1956 493 2104 537 eom-
2131 490 2183 541 Α
2209 495 2380 559 ncnsts
2419 496 2601 559 prima:
2642 488 2688 535 et
2725 480 3080 559 Lugdunensis
3124 484 3360 559 secundae
3380 523 3395 550 ,
3424 491 3468 538 et
3512 486 3766 559 prouincia

516 558 839 634 prehensam
869 572 974 613 non
1005 558 1362 634 cognovisset.

591 635 643 687 7.
680 632 850 686 Porro
884 624 1183 697 Aquitania:
1229 626 1447 680 nomine
1491 624 1809 679 Pliilastrius
1850 639 1957 697 non
1996 633 2102 677 tam

518 704 861 774 Aquitaniam
890 695 1105 771 proprie
1134 699 1330 774 dictam
1364 697 1624 766 significat
1647 711 1843 774 ,_quam
1875 695 2105 750 Novem-

518 767 865 848 po'pulanarn,
893 767 1339 848 ququuitanite
1372 778 1631 848 pars_cst._
1658 767 1712 821 ld
1746 776 2103 848 pat_et_exnte-

520 838 778 903 stimonio
817 838 1035 913 Sulpicii
1056 887 1070 911 ,
1100 838 1185 912 qui
1218 843 1340 896 dum
1376 838 1720 913 Aquitaniam
1752 855 1783 893 a
1813 838 2102 913 Priscillia-

522 920 676 975 nistis
703 910 951 973 infectam
975 910 1149 981 docet,
1180 917 1316 968 inter
1353 925 1544 967 caetera
1582 912 1798 965 Elusam
1823 911 1890 963 ab
1915 910 2101 966 iisdem

520 1003 828 1061 corruptam
861 988 1041 1061 tradit,
1074 1002 1195 1057 qure
1220 986 1271 1040 in
1295 982 2097 1061 Novempopulanacollocatur.

521 1061 634 1117 Iter
661 1055 728 1116 eis
755 1055 1114 1131 (Priscilliano
1144 1069 1195 1113 et
1218 1056 1402 1131 sociis)
1425 1064 1610 1131 prazter
1625 1055 2104 1131 interioremAqui-

524 1136 717 1191 taniam
735 1127 863 1202 fuit;
882 1131 963 1184 ubi
977 1140 1083 1183 tum
1098 1132 1159 1184 ab
1172 1129 1417 1200 imperitis
1429 1127 1699 1202 magnifice
1711 1128 1948 1202 suscepti,
1963 1142 2105 1197 spar-

520 1222 633 1259 sere
668 1197 897 1276 perﬁdia:
934 1204 1149 1276 semina,
1180 1197 1499 1265 maximeque
1528 1197 1813 1276 Blttsanam
1838 1198 2100 1276 Plebem...

558 1268 697 1331 nucis
726 1268 1173 1346 prwdicationibus
1206 1282 1503 1346 pervertere.
1536 1268 1815 1346 Aquitania
1850 1269 2028 1346 igitur_
2050 1279 2105 1326 et

558 1296 697 1331 αιιειδ
726 1296 1173 1346 prwatcattonwus
1206 1296 1503 1342 pervertere.
1536 1296 1815 1339 thtutuutu
1850 1296 2007 1335 Igitur
2050 1296 2102 1326 es

521 1296 995 1417 Novempopulana
1039 1346 1180 1399 inter
1208 1343 1440 1417 quinque
1480 1343 1787 1417 provincias
1824 1342 2102 1417 recensitte

523 1420 691 1474 fuere.
730 1412 969 1483 ldi'psunt'
994 1427 1178 1486 aperte
1208 1412 1487 1471 confirmat
1518 1414 1733 1486 Sextus,
1756 1412 1943 1486 Rufus,
1975 1413 2102 1486 d_um

524 1491 577 1546 in
619 1491 895 1545 Breviario
921 1491 996 1542 ait
1024 1483 1041 1540 Ξ
1074 1489 1207 1542 Sunt
1240 1485 1423 1541 Gallice
1456 1500 1571 1539 cum
1607 1485 1880 1552 Aquitania
1909 1494 1956 1536 et
1987 1483 2105 1537 Bri-

524 1564 717 1617 tanniis
763 1562 1037 1633 provincia:
1080 1560 1249 1633 decent
1289 1566 1334 1633 et
1382 1568 1550 1633 octo_:
1595 1556 1748 1633 Alpes
1794 1555 2098 1633 maritima,

524 1626 786 1703 provincia
823 1631 1151 1697 Viennensis,
1200 1629 1585 1703 Narbonensis,
1615 1626 2099 1703 Novfmpopulana,

524 1697 814 1776 Aquitania:
852 1704 989 1776 duce,
1021 1702 1175 1776 Alpes
1212 1701 1404 1776 Graia',
1439 1700 1673 1776 illam-ima
1714 1697 2101 1776 Sequanorum,

526 1768 813 1831 Germania:
844 1775 979 1840 dute,
1011 1768 1233 1843 Belgium
1255 1774 1389 1827 dum.
1434 1769 1499 1825 In
1526 1768 1830 1843 Britanniis
1872 1769 2103 1824 Maxima

525 1846 871 1934 Qmsariensis,
908 1834 1087 1934 Flauia
1107 1834 1488 1934 "'C‘t'l’sariensi's,
1516 1842 1781 1896 Britannia
1823 1844 1987 1934 primit
2012 1881 2025 1906 ,
2055 1852 2101 1896 et
2132 1872 2179 1934 Β

526 1919 799 1973 Britannia
843 1918 1085 1971 secunda.
1134 1917 1292 1970 Plura
1339 1916 1390 1969 in
1433 1916 1536 1969 boc
1578 1925 1723 1968 textu
1766 1912 2103 1968 animadver-

526 1991 685 2046 tenda
714 2000 857 2043 sunt.
883 1988 1013 2044 Cum
1040 1988 1224 2055 primis
1246 1987 1424 2042 verbis
1455 1985 1789 2055 Aquitaniam
1814 1996 1863 2038 et
1893 1983 2104 2039 Britan-

528 2060 645 2117 nias
672 2076 701 2115 a
728 2059 913 2117 Galliis
942 2060 1127 2114 stricte
1159 2060 1385 2126 sumptis
1424 2057 1732 2126 distinguat,
1762 2056 1860 2109 tria
1891 2057 2106 2124 provin-

527 2134 731 2187 ciarum
754 2146 976 2202 corpora
1009 2130 1200 2193 innuit,
1232 2145 1353 2200 qua:
1375 2132 1702 2202 cnnstabani
1719 2143 1781 2202 ex
1814 2128 2105 2202 provinciis

532 2204 719 2260 decem
750 2212 803 2258 et
828 2199 968 2257 octo.
995 2202 1125 2269 Qum
1147 2199 1326 2256 essent
1357 2200 1644 2268 provincia:
1675 2199 2101 2269 Britanniarum,

530 2289 787 2344 expresse
813 2267 1047 2329 declarat
1076 2273 1183 2328 illis
1212 2271 1389 2327 verbis
1419 2288 1432 2324 :
1459 2270 1523 2324 In
1548 2270 1827 2344 Britanniis
1850 2267 2107 2344 _Maxima

530 2340 892 2409 Ctesariensis,
926 2354 1029 2401 etc.
1072 2344 1204 2398 Alite
1229 2360 1359 2399 vero
1390 2342 1687 2397 anteriores
1715 2340 2000 2411 provincia:
2025 2342 2105 2395 in-

529 2427 615 2473 ter
642 2417 840 2473 Gallias
862 2427 915 2471 et
945 2414 1283 2485 Aquitaniam
1308 2414 1611 2469 dividendae
1637 2422 1779 2469 sunt.
1804 2412 1976 2485 Porro
1998 2412 2108 2485 etsi

531 2505 639 2543 non
669 2492 740 2543 ita
770 2482 1024 2558 expresse
1044 2487 1288 2557 designet
1314 2502 1432 2556 qua:
1458 2494 1638 2558 essent
1666 2483 1953 2558 provinciae
1984 2482 2108 2558 Gal-

526 2559 746 2627 liarum,
776 2554 895 2629 quae
923 2568 1099 2613 autem
1130 2554 1461 2628 Aquitaniae,
1493 2556 1647 2610 facile
1688 2566 1863 2608 tamen
1904 2554 2107 2629 intelli-

528 2646 643 2704 ges,
674 2633 716 2686 si
735 2625 1375 2704 'animadvertas,_'Alpes
1415 2629 1710 2704 maritimas
1739 2625 2108 2704 cumreliquis

531 2698 703 2772 usque
730 2702 796 2757 ad
827 2702 1141 2771 Aquitanias
1167 2701 1299 2754 duas
1320 2701 1570 2755 continua
1592 2698 1948 2767 geographica
1981 2712 2107 2772 sue-

531 2768 778 2829 cessione
805 2773 874 2830 ab
894 2768 1083 2829 eodem
1105 2772 1363 2838 describi,
1393 2780 1449 2825 ut
1469 2787 1535 2826 ex
1561 2772 1766 2839 mappis
1791 2768 2110 2837 geographi-

530 2844 611 2900 cis
640 2845 836 2911 liquet;
866 2844 1029 2911 Alpes
1064 2854 1238 2898 autem
1269 2843 1477 2911 Graias,
1521 2857 1640 2895 cum
1672 2840 1741 2894 ab
1782 2839 2111 2910 Aquitanicis

530 2913 837 2971 immediate
860 2916 1149 2986 prmmissis
1173 2913 1481 2986 longissime
1510 2913 1707 2976 absint,
1735 2927 1856 2986 cum
1882 2911 2109 2965 ll‘laxima

530 2982 900 3058 Sequanorum
951 2995 1006 3041 et
1042 2982 1390 3058 sequentibus
1433 2985 1684 3058 continua
1736 2982 1869 3058 it_em_
1898 2997 2113 3058 succes-

530 3053 683 3134 sione
713 3059 976 3115 nominari
1011 3074 1023 3111 :
1058 3053 1183 3134 hinc
1213 3058 1355 3134 enim
1388 3056 1732 3134 perspicuum
1758 3053 2110 3134 fit_duplicem

532 3133 928 3201 provinciarum
967 3131 1160 3185 seriem
1205 3132 1271 3183 ab
1312 3139 1530 3183 auctore
1576 3127 2109 3201 distinguipquarum

530 3196 752 3259 alteram
794 3204 859 3256 ad
907 3201 1103 3257 Gallias
1141 3202 1340 3264 retulit,
1372 3202 1592 3255 alteram
1634 3198 1699 3251 ad
1740 3196 2103 3267 Aquitaniam.

529 3273 698 3329 Porro
724 3275 789 3328 ad
819 3274 1019 3329 Gallias
1046 3273 1230 3325 stricte
1257 3272 1427 3325 dictas
1453 3268 1793 3325 referendam
1837 3282 1957 3322 esse
1988 3284 2105 3323 eam

530 3346 728 3399 seriem
758 3361 875 3414 quae
905 3359 935 3397 a
958 3343 1132 3398 Graiis
1180 3342 1398 3414 Alpibus
1427 3341 1721 3414 exorditur,
1758 3338 1931 3414 palam
1965 3339 2022 3393 fit
2042 3355 2110 3394 ex

534 3409 881 3485 sequentibus
906 3413 1193 3485 provinciis
1211 3409 1442 3467 Maxima
1470 3411 1867 3485 Sequanorum,
1888 3409 2114 3485 Germa-

532 3482 633 3541 niis
680 3482 919 3549 duabus,
948 3494 1052 3538 etc.
1077 3526 1091 3551 ,
1123 3499 1244 3552 quae
1270 3498 1485 3552 semper
1530 3482 1671 3536 inter
1705 3482 1905 3537 Gallias
1927 3482 2112 3537 stricte

531 3566 780 3626 acceptas
820 3556 1099 3626 exstitere.
1132 3554 1250 3608 Alia
1286 3569 1415 3626 ergo
1439 3553 1606 3626 series
1630 3552 1891 3626 incipiens
1922 3552 1991 3606 ab
2020 3554 2112 3626 Al-

569 3622 686 3682 ibus
717 3625 1000 3680 maritimis
1021 3634 1228 3693 spectat
1256 3624 1322 3679 ad
1344 3623 1706 3695 Aquitaniam.
1730 3622 1879 3695 Cum
1904 3638 2031 3695 vero
2058 3625 2111 3679 in

569 3645 686 3682 ιυυε
717 3645 1000 3680 martumts
1021 3645 1228 3693 speetat.
1256 3645 1322 3679 au
1344 3645 1706 3695 aquuamaut.
1730 3645 1863 3677 ιιιιιιι
1905 3645 2031 3677 νθτυ
2058 3645 2108 3679 Ill

529 3645 633 3753 liae
662 3699 801 3753 serie
827 3703 1094 3766 ponantur
1121 3696 1280 3763 Alpes
1311 3695 1615 3758 maritimis,
1644 3694 1918 3762 provincia
1948 3693 2108 3766 Vien-

533 3770 718 3824 nensis
744 3779 801 3823 et
832 3765 1211 3822 Narbonensis
1231 3810 1245 3831 ,
1279 3781 1412 3837 quas
1439 3765 1503 3820 ad
1544 3766 1781 3835 quinque
1811 3765 2112 3835 provincias

532 3841 854 3908 pertinuisse
892 3853 1053 3893 nemo
1096 3837 1333 3903 dubitat,
1389 3838 1546 3893 etiam
1577 3836 1918 3908 Aquitaniam
1948 3846 2111 3893 totam

532 3906 767 3980 quinque
796 3908 1091 3981 provinciis
1132 3910 1458 3981 accensitam
1487 3906 1682 3981 ambigi
1718 3908 1926 3981 nequit.
1959 3909 2113 3976 Quod

528 3978 577 4037 s'i
608 3983 659 4036 in
682 3978 957 4037 bac'serie
985 3980 1117 4035 duas
1148 3980 1466 4050 Aquitanias
1496 3979 1690 4035 Sextus
1727 3978 1894 4033 Rufus
1926 3995 2113 4036 recen-

529 4068 677 4122 sens,
732 4068 833 4108 non
866 4052 1100 4123 quinque
1124 4092 1139 4114 ,
1184 4059 1239 4105 at
1265 4066 1371 4123 sex
1395 4050 1693 4123 provincias
1716 4060 2028 4117 enumerat,
2059 4052 2112 4108 id

528 4138 595 4180 ex
624 4140 690 4180 eo
716 4122 977 4181 accidisse
998 4123 1265 4178 credimus
1288 4122 1410 4194 quia
1433 4138 1497 4179 ex
1528 4122 1815 4194 provinciis
1842 4125 2075 4193 quinque
2093 4166 2109 4191 ,

528 4210 667 4253 nova
706 4198 864 4251 unius
908 4194 1209 4263 Aquitaniae
1244 4193 1507 4249 divisione
1554 4194 1606 4246 in
1638 4193 1790 4258 duas,
1822 4194 2112 4261 provinciae

528 4282 646 4333 sex,
677 4267 803 4322 dum
831 4267 1119 4331 scriberet,
1148 4263 1350 4321 effecta:
1375 4264 1611 4321 fuerunt.
1638 4266 1861 4332 Scripsit
1891 4266 1979 4320 ille
2011 4266 2114 4323 sub

530 4338 907 4393 Valentiniano
930 4336 971 4403 l,
1000 4336 1143 4392 circa
1173 4352 1261 4390 an.
1305 4336 1430 4392 569.
1467 4335 1661 4390 Verum
1694 4344 1817 4390 ante
1848 4336 1947 4391 boc
1979 4348 2113 4391 tem-

570 4423 655 4475 us,
690 4410 898 4479 1011
932 4418 988 4460 ut
1022 4408 1326 4462 observavit
1352 4407 1545 4477 Pagius
1585 4407 1650 4461 ad
1679 4424 1767 4461 an.
1800 4409 1925 4471 574,
1960 4424 2109 4463 num.

570 4424 655 4475 us,
692 4424 898 4479 ιυιι
932 4424 988 4460 ut
1022 4424 1326 4462 observavit
1352 4424 1545 4477 ragtus
1585 4424 1650 4461 ao
1679 4424 1767 4461 an.
1800 4424 1925 4471 om,
1960 4424 2108 4463 num.

531 4424 586 4543 Β,
617 4479 717 4549 sub
736 4488 923 4533 eodem
956 4479 1280 4547 imperatore
1302 4494 1402 4532 una
1428 4486 1628 4549 tantum
1660 4490 1773 4533 erat
1803 4481 2108 4549 Aquitania,

572 4548 677 4602 uod
710 4557 855 4616 patet
896 4563 961 4602 ex
994 4549 1339 4616 inscriptione
1364 4548 1502 4617 apud
1534 4548 1820 4604 Gruternm
1851 4548 2108 4617 cccchv,

533 4565 605 4678 ἓξ
632 4617 934 4673 Salaminio
957 4618 1194 4675 Secundo
1217 4635 1262 4672 υ.
1295 4635 1341 4673 c.
1371 4620 1576 4678 prasidi
1598 4620 1868 4678 provincia:
1898 4621 2108 4678 Aquita-

591 4636 605 4674 :
632 4617 934 4703 Saturninio
957 4618 1194 4701 Secundo
1217 4635 1262 4672 υ.
1295 4620 1868 4703 c.1prtesidiprovincite
1898 4621 2114 4691 Aquita-
2143 4642 2197 4703 Β

533 4690 662 4762 uicta
681 4688 926 4760 magistro
952 4690 1333 4762 naeniarum”!
1350 4688 1659 4762 0b__cgregia
1686 4694 1797 4762 ejus
1820 4693 1871 4743 in
1902 4688 2110 4760 rempu-

533 4760 718 4816 blicam
745 4758 927 4815 merita
962 4759 1031 4815 ι).
1056 4758 1126 4814 D.
1162 4760 1236 4814 N.
1281 4761 1355 4815 Ν.
1415 4758 1802 4816 Valentinianus
1843 4772 1889 4817 et
1923 4758 2113 4820 Valens

530 4832 741 4888 uictores
776 4833 1258 4915 detriumphamus
1286 4847 1481 4915 semper
1514 4832 2113 4915 Augttstinstatuamsub

529 4920 659 4959 auro
681 4903 922 4959 constitui
939 4902 1197 4974 locarique
1215 4902 1501 4976 jusserunt.
1544 4902 1705 4976 Vides
1744 4904 2111 4963 Saturniuium

529 4976 802 5046 prcsidcm
824 4976 1097 5048 prouincia:
1138 4974 1457 5048 Aquitanica:
1484 4974 1775 5048 appellari,
1823 4992 1929 5031 non
1984 4994 2111 5034 vero

529 5049 804 5120 provincia:
825 5046 1123 5120 Aquitania
1151 5046 1350 5120 primm,
1364 5046 1439 5101 vel
1466 5046 1730 5120 secundae,
1758 5048 2108 5120 quemadmo-

529 5117 657 5173 dum
687 5120 1027 5175 scribendum
1055 5117 1247 5188 fuerat,
1274 5121 1314 5172 si
1341 5118 1623 5188 Aquitania
1644 5127 1753 5173 tum
1780 5119 1952 5175 divisa
1983 5121 2113 5176 fuis-

531 5197 615 5258 set
645 5190 699 5247 in
730 5190 903 5246 duas?
930 5190 986 5246 ld
1019 5191 1188 5245 multo
1216 5189 1515 5246 evidentius
1550 5193 1924 5258 comprobatur
1954 5207 2021 5247 ex
2052 5192 2110 5249 S.

530 5257 735 5317 Hilario
751 5261 1091 5333 Pictavorutn
1111 5262 1384 5331 episcopo,
1403 5277 1522 5329 qua:
1542 5257 1749 5316 urbs’ad
1774 5263 2110 5333 Aquitaniam

529 5333 821 5389 secundam
855 5344 1039 5401 postea
1061 5332 1365 5388 distinctam
1388 5333 1659 5401 pertinuit.
1698 5333 1793 5387 llic
1821 5334 1963 5387 enim
1987 5345 2113 5390 ante

529 5402 752 5459 Sextum
784 5403 979 5459 Rufum
1007 5403 1248 5459 scribens
1275 5402 1468 5459 librum
1496 5406 1559 5457 de
1578 5402 1803 5460 Sunodis
1829 5406 1928 5459 sub
1952 5406 2110 5460 finem

529 5475 657 5530 anni
682 5475 785 5533 558
814 5476 868 5530 in
894 5474 1243 5542 inscriptione
1271 5475 1444 5530 eidem
1488 5474 1703 5543 prmﬁxa
1734 5476 1865 5529 duas
1894 5477 2112 5543 quidem

529 5543 845 5603 Germanias
868 5590 881 5612 ,
916 5546 1157 5616 Belgicae
1192 5546 1343 5611 duas,
1377 5555 1432 5601 et
1462 5546 1595 5600 duas
1628 5544 2013 5615 Lugdunenses
2040 5548 2118 5602 di-

529 5617 771 5687 stinguit,
792 5629 846 5673 at
884 5619 1096 5674 unicam
1134 5618 1452 5687 prouinciam
1486 5618 1863 5686 Aquitanicam,
1896 5620 2034 5673 sicut
2062 5628 2118 5675 et

528 5689 744 5760 unicam
786 5688 1320 5760 Novempopulanam
1352 5705 1415 5744 ac
1456 5689 1859 5745 Narbonensem
1906 5690 2115 5746 unicam

532 5756 797 5827 designat.
834 5756 1191 5831 Dilectissimis
1222 5771 1269 5815 et
1298 5761 1600 5815 bealissimis
1624 5761 1867 5831 fratribus
1885 5769 1931 5815 et
1948 5764 2118 5830 coepi-

530 5832 701 5902 {copis
726 5834 999 5902 prouincia,
1028 5830 1319 5902 Germania:
1343 5833 1522 5901 prima!
1552 5843 1595 5886 et
1624 5830 1910 5887 Germania
1938 5850 2115 5887 secun-

530 5898 634 5965 da,
657 5909 701 5955 et
727 5898 914 5971 prima
948 5900 1168 5973 Belgica
1210 5913 1253 5958 et
1286 5898 1503 5973 Belgica:
1533 5905 1788 5970 secundm,
1832 5913 1877 5960 et
1904 5903 2111 5976 Lugdu-

2207 551 2527 621 Aquitanica:
2542 560 2589 605 et
2604 551 2879 622 provincia:
2904 552 2954 606 Ν
2960 555 3397 623 ovempopulanaz,
3421 566 3463 609 et
3488 551 3550 611 ea:
3578 558 3763 614 Narbo-

2209 623 2351 675 nensi
2382 624 2525 692 plebe
2553 633 2603 677 et
2632 625 2827 679 clericis
2860 624 3157 691 Tolosanis,
3190 638 3237 681 et
3270 629 3640 694 prouinciarum
3660 630 3763 684 Bri-

2207 694 2503 749 tanniarum
2543 695 2793 767 episcopis
2822 696 3080 751 Hilarius.
3121 698 3175 754 Si
3208 699 3368 767 igitur
3399 698 3450 753 in
3482 699 3625 755 Sexti
3658 702 3759 757 Rufi

2207 768 2348 820 serie
2387 767 2597 821 unicam
2635 766 2975 837 Aquitaniam
3018 766 3285 835 colloces,
3321 772 3394 824 uti
3437 782 3551 825 erat
3594 773 3759 827 Hil'll'li

2209 846 2472 907 tempore,
2501 855 2745 907 quaenam
2771 839 2967 895 fuerint
2987 852 3111 895 ante
3140 843 3387 897 eumdem
3410 841 3603 896 Rufum
3625 846 3759 909 quin-

2212 910 2656 983 queprovincice,
2687 912 3023 966 manifestum
3057 911 3165 966 ﬁet.
3197 912 3427 969 Habebis
3455 918 3594 969 enim
3615 916 3756 983 Alpes

2206 982 2532 1048 maritimas,
2560 984 2892 1107 provinciam
2928 983 3317 1051 Viennensem,
3354 982 3753 1055 Narbonensem,

2206 1051 2552 1107 Novemnonu
2582 1070 2737 1107 anam
2770 1065 2823 1107 et
2847 1054 3211 1107 Aquitaniam.
3239 1057 3484 1107 Ouinane
3509 1072 3631 1107 eruo
3654 1072 3753 1107 nro-

2205 1051 2737 1125 Novempopulanam
2770 1065 2823 1109 et
2847 1054 3211 1123 Aquitaniam.
3239 1057 3484 1124 Quinque
3509 1072 3631 1121 ergo
3654 1051 3755 1125 pro;

2206 1124 2395 1179 vincite
2421 1142 2526 1179 non
2555 1141 2584 1178 e
2611 1125 2720 1181 sola
2752 1126 3083 1181 Narbonensi
3114 1126 3304 1193 splida,
3354 1126 3448 1181 sed
3490 1143 3555 1181 ex
3579 1124 3757 1182 Narbo-

2206 1195 2361 1269 pensi
2379 1197 2963 1269 AspimulﬂetrAquitania
3010 1198 3344 1253 coaluerunt.
3385 1198 3563 1269 Neque
3608 1210 3758 1254 tamen

2209 1267 2277 1321 ita
2293 1266 2515 1322 Sulldatlt
2536 1267 2937 1324 Narbonensem
2960 1266 3511 1338 comprehenderunt,
3526 1270 3596 1324 uti
3621 1279 3756 1325 totam

2208 1338 2545 1407 Aquitaniam
2582 1356 2596 1394 :
2628 1356 2746 1393 nant
2780 1342 2953 1397 Graite
2987 1342 3148 1410 Alpes
3194 1358 3223 1395 e
3250 1342 3424 1395 solida
3456 1339 3758 1397 Narbonensi

2206 1410 2472 1475 disscetm,
2507 1412 2558 1465 in
2588 1411 2788 1466 Gallias
2814 1412 3025 1481 proprie
3046 1415 3235 1477 dictas,
3268 1424 3323 1467 ut
3345 1429 3412 1468 ex
3435 1413 3622 1469 eodem
3644 1412 3757 1468 Rufo

2206 1484 2531 1552 accepimus,
2571 1483 2822 1538 traducta:
2864 1484 3095 1539 fuerunt.

2277 1552 2332 1608 8.
2368 1554 2489 1609 llaec
2521 1569 2680 1623 porro
2708 1557 2940 1624 quinque
2972 1556 3362 1623 provinciarum
3392 1556 3587 1610 divisio
3621 1556 3758 1610 Sesto

2209 1624 2346 1693 Rufo
2361 1628 2600 1679 anterior
2619 1641 2647 1678 a
2665 1624 3015 1681 Constantino
3029 1626 3271 1681 fortassis
3293 1628 3557 1693 Originetn
3581 1627 3752 1681 habuit.

2205 1692 2446 1766 Cumque
2484 1698 2536 1751 in
2570 1696 2669 1752 liae
2694 1697 2960 1753 divisione
3008 1698 3289 1767 Aquitania
3318 1692 3512 1752 Galliis
3549 1708 3659 1752 ante
3689 1711 3757 1752 ae-

2206 1768 2432 1838 eensita,
2466 1768 2531 1822 ad
2565 1768 2661 1823 bas
2688 1770 2925 1838 quinque
2947 1769 3249 1837 provincias
3279 1769 3638 1824 conficiendas
3658 1784 3755 1823 cum

2206 1836 2540 1910 Narbonensi
2573 1836 2853 1907 eoaluerit,
2895 1836 2959 1895 et,
2993 1841 3245 1910 distingui
3274 1846 3555 1909 cmperita
3584 1839 3755 1905 Galliis,

2208 1910 2418 1965 videtur
2466 1909 2850 1966 Constantinus
2908 1909 3187 1968 universas
3234 1911 3436 1967 Gallias
3495 1911 3756 1967 secassein

2208 1990 2383 2054 partes
2415 1981 2566 2045 duas,
2600 1983 2667 2036 ita
2698 1992 2754 2036 ιη
2783 1984 3122 2054 Aquitaniam
3146 1992 3200 2037 et
3225 1982 3626 2038 Narbonensem
3653 1996 3756 2049 pro.

2206 2051 2411 2133 vincias
2440 2054 2494 2107 in
2518 2054 2755 2178 quinque
2774 2051 3076 2122 provincias
3105 2054 3466 2121 dispertierit,
3508 2054 3756 2110 Galliarum

2210 2139 2427 2178 nomine
2476 2140 2533 2178 re
2561 2134 2664 2178 tcto
2715 2126 3006 2178 provinciis
3049 2126 3293 2178 cmteris.
3342 2142 3461 2178 oua:
3527 2127 3755 2178 antiquam

2210 2124 2427 2195 nomine
2476 2124 2664 2179 relicto
2715 2126 3006 2190 provinciis
3049 2126 3293 2189 caeteris,
3342 2142 3461 2195 qua:
3527 2127 3755 2193 antiquam

2210 2194 2472 2265 Belgicam
2507 2206 2559 2250 et
2592 2196 3001 2265 Lugdunensem
3051 2194 3550 2265 comprehendunt,
3575 2208 3620 2251 et
3641 2199 3754 2250 inter

2209 2264 2319 2321 bas
2338 2266 2581 2321 concludi
2614 2264 2842 2322 voluerit
2871 2268 3031 2335 Alpes
3056 2264 3265 2333 Graias,
3310 2284 3432 2337 quze
3460 2268 3535 2321 ad
3556 2282 3628 2321 eas
3649 2280 3748 2337 par-

2209 2346 2288 2392 tes
2315 2340 2530 2406 propius
2557 2339 2839 2393 accedunt.
2870 2338 2946 2394 lta
2975 2339 3108 2394 duas
3131 2336 3395 2393 diteceses
3419 2338 3674 2394 constituit
3710 2336 3756 2390 in

2209 2407 2429 2474 Galliis,
2461 2425 2580 2478 qua:
2619 2409 2671 2463 in
2705 2409 2892 2464 notitia
2938 2426 2966 2464 a
2995 2410 3306 2465 marcbioue
3335 2410 3555 2465 Mafl‘eio
3584 2426 3612 2463 e
3645 2416 3758 2463 vetu-

2210 2480 2450 2551 SliSsimO
2478 2479 2666 2536 codice
2693 2482 2910 2551 capituli
2963 2482 3290 2536 Veronensis
3331 2481 3489 2536 edita
3520 2481 3757 2548 designan-

2212 2558 2317 2617 tur,
2363 2550 2618 2622 nimirum
2650 2550 2927 2608 ditecesim
2964 2551 3350 2617 Viennensem,
3399 2570 3529 2617 qua:
3565 2555 3757 2622 quinque

2214 2620 2518 2689 provincias
2546 2624 2874 2689 continebat,
2898 2624 3093 2691 cuique
3123 2632 3354 2690 prmerat
3381 2620 3613 2678 vicarius
3635 2637 3757 2692 qutu-

2209 2708 2315 2766 que
2339 2694 2730 2766 provinciarum
2755 2694 3002 2750 laudatus
3025 2696 3075 2749 in
3104 2697 3219 2764 lege
3243 2696 3330 2760 15,
3355 2696 3419 2748 de
3452 2694 3666 2766 Paganis
3687 2708 3754 2746 an.

2210 2764 2337 2837 399,
2371 2764 2573 2837 directa
2606 2763 2889 2837 Procliano
2920 2768 3108 2820 vicario
3135 2763 3359 2837 quinque
3385 2763 3757 2837 prouinciarum;

2211 2844 2265 2889 et
2288 2834 2563 2891 dioecesim
2594 2836 2887 2893 Galliarum
2939 2838 2992 2893 in
3036 2833 3224 2893 eadem
3257 2833 3452 2893 notitia
3512 2833 3753 2893 Veronensi

2211 2905 2569 2979 designatam,
2597 2924 2716 2978 qua:
2737 2910 2973 2978 reliquas
2998 2908 3298 2978 provincias
3320 2910 3749 2979 complectebatur.

2213 2979 2405 3048 euiqne
2428 2978 2592 3051 alium
2618 2980 2876 3035 vicarium
2909 2981 3009 3035 sub
3039 2980 3294 3047 praefeCto
3314 2978 3573 3051 praetorio
3594 2978 3751 3037 Gallia-

2213 3063 2328 3102 rum
2358 3048 2634 3119 praefuisse
2661 3051 2793 3107 nihil
2831 3052 3182 3107 dubitandum
3222 3048 3332 3115 est,
3358 3054 3503 3108 sicut
3528 3052 3617 3107 sub
3642 3062 3753 3119 pre-

2215 3120 2355 3173 fecto
2382 3123 2632 3191 praetorio
2656 3121 2819 3178 Italiae
2844 3125 2902 3193 in
2930 3124 3064 3179 duas
3086 3124 3348 3179 dimceses
3370 3124 3653 3193 dispertita.
3672 3120 3758 3175 duo

2216 3201 2370 3262 erant
2410 3193 2615 3257 vicarii,
2647 3196 2784 3249 alter
2812 3192 2989 3262 Urbis,
3046 3195 3209 3250 Italiae
3232 3194 3390 3251 alter.
3422 3192 3552 3250 Cum
3594 3194 3757 3250 Sextus

2135 3250 2182 3315 C
2213 3260 2381 3316 Rufus
2412 3263 2579 3337 initia
2593 3250 2788 3337 laudati
2818 3250 2991 3321 textus
3015 3269 3116 3322 tria
3142 3267 3536 3337 provinciarum
3561 3275 3758 3334 corpora

2218 3343 2506 3408 memorat,
2536 3333 2738 3408 Gallias
2786 3354 2902 3391 cum
2929 3333 3207 3408 Aquitania
3241 3348 3287 3393 et
3319 3337 3621 3398 Britanniis,
3652 3333 3761 3408 iret

2217 3404 2479 3479 direeeses
2510 3406 2719 3462 videtur
2749 3404 3098 3464 innuere'sub
3117 3408 3370 3479 prtefecto
3399 3408 3631 3479 praetorio
3655 3404 3761 3479 Gal-

2215 3475 2429 3549 liarum,
2462 3494 2580 3549 quae
2607 3493 2637 3531 a
2661 3478 2833 3534 tribus
2862 3479 3074 3535 vicariis
3100 3475 3437 3549 regebantur.
3468 3478 3693 3533 Concinit
3713 3476 3761 3549 in

2217 3546 2331 3621 bac,
2346 3545 2503 3603 trium
2531 3548 2833 3621 diceceseon
2856 3550 3119 3606 divisione
3140 3545 3399 3621 Sulpicius
3420 3550 3650 3621 Severus,
3672 3545 3755 3612 qui

2216 3619 2466 3691 similiter
2512 3620 2791 3691 distinguit
2830 3623 3153 3691 Aquitanos,
3186 3619 3359 3679 Gallos
3385 3633 3438 3677 et
3465 3620 3758 3691 Britannos;

2215 3689 2308 3744 ubi
2353 3687 2749 3764 Aquitanorum
2795 3687 2993 3749 nomen
3041 3710 3195 3764 teque
3242 3710 3305 3748 ac
3342 3692 3500 3747 Rufus
3537 3706 3627 3760 pro
3646 3687 3766 3764 illis

2216 3760 2504 3835 provinciis
2536 3776 2777 3831 usurpat,
2800 3777 2923 3835 qua
2950 3760 3292 3834 Aquitaniam
3318 3777 3370 3821 et
3396 3775 3621 3819 veterem
3646 3760 3764 3835 Nar-

2217 3829 2509 3905 bonensem
2541 3829 2857 3903 complexre,
2881 3829 3101 3905 quinque
3125 3838 3402 3905 provincia:
3432 3836 3579 3889 aliter
3608 3829 3769 3905 appel-

2214 3902 2316 3975 lari
2345 3904 2611 3960 solebant.
2643 3905 2853 3961 Clarius
2876 3902 2928 3959 in
2961 3902 3145 3961 notitia
3173 3908 3490 3975 dignitatum
3524 3904 3767 3972 utriusque

2216 3973 2429 4043 imperii
2462 3976 2650 4032 barum
2680 3980 2842 4032 trium
2872 3976 3180 4035 diteceseon
3203 3973 3476 4033 distinctio
3506 3975 3763 4039 indicatur,

2216 4060 2338 4100 cum
2359 4057 2725 4103 memorantur
2748 4049 3038 4105 rationales
3058 4064 3415 4113 summarum,
3440 4058 3496 4105 et
3516 4046 3765 4103 rationales

2216 4115 2293 4171 rei
2320 4120 2540 4187 privatae
2579 4120 2799 4191 quinque
2827 4122 3209 4191 provinciarum
3228 4162 3244 4189 ,
3278 4121 3567 4175 Galliarum
3595 4129 3637 4174 et
3667 4116 3764 4171 Bri-

2216 4191 2531 4245 tanniarum.

2288 4262 2341 4313 9.
2373 4260 2507 4317 Huic
2550 4262 2753 4317 vicario
2782 4262 3080 4319 Galliarum
3102 4307 3117 4333 ,
3151 4278 3312 4333 quem
3363 4273 3480 4319 tum
3534 4260 3771 4319 exstitisse

2216 4329 2626 4404 affirtnavimus,
2658 4335 2818 4402 objici
2853 4344 3031 4403 potest
3057 4329 3245 4390 petilia
3292 4335 3645 4404 dignitatum,
3674 4346 3769 4404 qutc

2216 4400 2342 4481 dum
2368 4414 2631 4459 memorat
2666 4400 2967 4481 provincias
2997 4408 3096 4461 sub
3116 4400 3379 4475 praefecte
3400 4406 3647 4481 praetorio
3672 4402 3772 4456 Gal-

2218 4472 2409 4554 liarum
2427 4516 2441 4539 ,
2474 4484 2528 4529 et
2561 4472 2942 4554 per_'_diteceses
2960 4472 3189 4547 quatuor
3202 4492 3265 4533 ea
3288 4472 3452 4533 aetate
3471 4479 3773 4554 distributas,

2218 4547 2469 4619 nimirum
2500 4562 2595 4617 per
2625 4548 2956 4616 HiSpaniam,
2989 4564 3085 4619 per
3115 4559 3321 4618 septem
3351 4549 3669 4616 provincias.
3697 4559 3773 4612 per

2222 4614 2421 4672 Gallias
2450 4614 2515 4672 et'
2533 4634 2627 4685 per
2651 4614 3115 4688 Britanniam-tres
3140 4614 3285 4675 solos
3317 4614 3552 4676 vicarios
3571 4660 3586 4685 ,
3617 4619 3776 4683 Hispa-

2222 4688 2430 4743 niarum
2471 4689 2704 4756 scilicet,
2732 4701 2938 4759 septem
2988 4692 3389 4761 provinciarum
3420 4702 3477 4747 et
3507 4691 3776 4747 Britannia-

2222 4774 2338 4813 rum
2353 4769 2643 4834 _recenset;
2671 4777 2902 4831 cumque
2927 4764 3172 4818 vicarium
3202 4774 3394 4834 septem
3422 4763 3775 4834 provinciarum

2222 4831 2492 4897 nominat,
2524 4848 2629 4886 non
2658 4843 2863 4901 septem
2889 4842 3127 4901 tantum,
3157 4831 3265 4891 sed
3292 4831 3481 4892 decem
3514 4845 3570 4890 et
3598 4842 3775 4902 septem

2222 4904 2527 4970 provincias
2557 4904 2830 4970 describit,
2858 4904 2909 4959 id
2940 4914 3043 4971 est,
3080 4921 3269 4961 omnes
3297 4918 3409 4961 tum
3442 4917 3648 4971 septem
3676 4918 3778 4971 pro-

2220 4972 2560 5040 vinciarum,
2612 4984 2721 5029 tum
2774 4976 3107 5043 Galliarum,
3157 4992 3221 5033 ac
3266 4980 3312 5031 si
3361 4992 3561 5034 omnes
3611 4974 3779 5031 vicario

2222 5057 2429 5117 septem
2480 5046 2875 5115 provinciarum
2930 5048 3243 5114 subessent;
3292 5065 3363 5104 ex
3405 5065 3514 5117 quo
3567 5044 3782 5102 nonnulli

2225 5115 2434 5187 1013
2476 5133 2717 5174 errorem
2765 5118 3020 5189 suspicati
3051 5119 3102 5174 in
3145 5122 3298 5174 titulo
3347 5115 3442 5174 sub
3473 5121 3782 5190 dispositione

2217 5190 2394 5261 vicarii
2434 5198 2624 5261 septem
2664 5191 3079 5259 provinciarum,
3125 5192 3507 5261 corrigendum
3558 5196 3784 5259 putarunt

2217 5260 2659 5332 s_ub_dispasitione
2691 5262 2869 5315 vicarii
2897 5263 3066 5315 decem
3094 5272 3143 5316 et
3179 5260 3372 5331 septem
3404 5264 3782 5332 prouinciarum.

2217 5329 2325 5386 Sed
2388 5332 2633 5385 vicarium
2685 5334 2903 5403 quinque
2960 5329 3556 5404 provittciaruquua:
3623 5340 3785 5404 postea

2216 5413 2422 5471 septem
2470 5404 2627 5457 dictae
2669 5413 2825 5471 sunt,
2859 5405 2975 5460 sine
3019 5406 3127 5459 ulla
3171 5402 3577 5474 provinciarum
3621 5402 3787 5459 Gallia:

2217 5474 2566 5548 attributigne
2603 5475 2844 5530 nominat
2875 5477 2960 5531 lex
3005 5475 3105 5541 15,
3147 5476 3212 5531 de
3256 5477 3521 5548 Paganis;
3562 5477 3788 5530 vicariam

2222 5553 2399 5599 autem
2448 5545 2738 5600 Galliarum
2786 5548 3133 5603 astruendum
3181 5545 3370 5604 notitia
3412 5565 3441 5603 a
3497 5548 3791 5603 marcbtone

2222 5615 2431 5672 Maﬂ'eio
2462 5619 2677 5688 vulgata
2710 5619 2953 5675 dubitare
2980 5634 3085 5674 non
3115 5619 3259 5675 sinit.
3287 5620 3341 5677 In
3376 5621 3480 5676 hoc
3523 5623 3668 5676 enim
3694 5632 3794 5688 mo-

2223 5699 2480 5745 numento
2506 5686 2755 5745 distincte
2787 5694 3132 5746 nominantur
3172 5692 3433 5750 dimceses
3474 5702 3621 5759 tres,
3655 5686 3794 5745 nimi-

2222 5776 2338 5816 rum
2371 5762 2599 5816 diwcesis
2642 5760 2967 5828 Galliarum,
3012 5764 3239 5820 dioecesi:
3286 5764 3710 5825 Britanniarum,
3754 5765 3793 5811 ει

2221 5831 2450 5888 άὶωεεδίε
2490 5832 2818 5900 Viennensis,
2867 5851 2987 5905 qua:
3028 5844 3294 5903 postrema
3337 5838 3468 5891 alias
3516 5836 3795 5891 vocabatur

2219 5914 2409 5977 septem
2434 5906 2532 5975 (uti
2556 5915 2681 5963 tunc
2695 5904 2871 5981 erant)
2888 5904 3285 5977 provinciarum.
3304 5907 3392 5964 lla:
3413 5916 3599 5965 autem
3625 5914 3793 5961 omnes
