3994 6310
236 249 340 310 601

780 249 1341 310 ιιΑιιειιιΝιοιιυιι
1380 246 1820 308 οΒεΕιινΑτιο]

1927 248 1951 305 5
1988 247 2053 303 IN
2097 248 2403 306 DISSERT.
2446 251 2485 305 V
2525 248 2935 319 QUESNELU.

3399 251 3517 317 σοι

240 371 306 426 de
335 368 561 439 catalogi
593 370 905 440 antiquitate
932 386 994 427 ac
1023 371 1125 428 ﬁde
1166 370 1544 441 ambigendum
1576 369 1667 423 sit.
1697 366 1816 441 ipsa
1845 371 1895 429 A
1925 374 2070 441 sunt,
2106 365 2341 441 secunda
2380 366 2743 441 Narbonensis
2784 372 2960 427 excisa
3000 368 3100 425 fuit
3128 369 3243 426 sive
3281 385 3346 427 es
3374 368 3514 430 Nar-

237 442 377 498 ratio
423 457 583 513 quam
614 442 703 496 ille
730 442 880 498 atfert
909 458 1004 498 cur
1033 444 1172 499 idem
1211 440 1485 513 catalogus
1521 441 1697 497 serius
1739 440 1820 513 di-

240 523 422 579 gestus
454 512 632 585 fuerit,
667 513 910 568 nimirum
935 526 991 569 ut
1016 516 1217 571 veritas
1249 512 1568 585 probaretur
1594 512 1819 567 canonis

242 585 309 639 18
356 583 567 655 concilii
620 586 946 640 Arelatensis
992 602 1059 653 ιι,
1094 588 1145 641 in
1196 583 1303 655 quo
1354 585 1669 642 Arelatense
1708 598 1821 655 rex

239 654 473 709 omnibus
526 656 704 709 mundi
756 657 980 725 partibus
1029 654 1313 713 collectum
1364 656 1631 720 traditur;
1676 654 1819 709 unde

239 726 402 780 etiam
451 727 563 795 ipse
592 728 863 795 catalogus
892 728 1193 785 Arelatensi
1225 745 1261 784 ιι
1302 733 1353 782 1η
1392 743 1523 783 mss.
1570 726 1821 797 praeﬁxos

238 797 473 883 legitur;
486 798 633 883 inec,
653 798 877 883 inquam
894 843 907 863 ,
933 802 1094 883 ratio,
1112 818 1229 883 quire
1258 800 1648 883 antiquitatem
1678 798 1820 883 alni:

238 882 368 939 pere
381 868 587 931 nititur,
603 869 737 923 adeo
750 870 1027 926 arbitraria
1049 882 1103 927 et
1126 868 1407 927 imbecillis
1423 882 1528 933 est.
1550 868 1820 939 utduplici

238 938 370 993 falsa
403 940 688 1009 liypotbesi
716 942 935 998 nitatur.
968 943 1145 999 Prima
1176 953 1278 1009 est,
1305 943 1615 999 Arelatense
1638 957 1673 996 ιι
1701 955 1821 997 esse

238 1010 553 1076 concilium;
586 1027 707 1065 cum
732 1018 802 1065 sit
829 1028 954 1069 vere
983 1030 1129 1070 mera
1157 1016 1402 1071 collectio
1430 1028 1697 1069 canonum
1721 1012 1821 1068 sub

237 1079 389 1134 initio
418 1096 484 1154 vt
519 1083 701 1137 saeculi
725 1083 956 1153 digesta,
1003 1094 1059 1139 ut
1081 1094 1228 1141 tonio
1268 1085 1425 1140 tertio
1476 1084 1820 1154 probabitur;

273 1166 343 1205 uo
362 1153 579 1221 quidem
608 1162 851 1223 tempore
872 1159 915 1209 si
945 1158 1218 1224 catalogus
1242 1158 1294 1210 in
1327 1172 1447 1213 eum
1472 1156 1631 1210 linem
1664 1169 1823 1225 quem

273 1166 343 1205 uo
362 1166 579 1221 quidem
608 1166 851 1223 tempore
872 1166 915 1209 st
945 1166 1218 1224 catalogus
1242 1166 1294 1210 in
1327 1172 1447 1213 cum
1472 1166 1631 1210 linem
1664 1169 1823 1225 quem

234 1166 559 1291 guesnellus
591 1228 866 1297 prtesumit
903 1226 1089 1282 fuisset
1112 1236 1394 1294 exaratos,
1425 1227 1541 1297 ejus
1571 1226 1670 1281 ξιξνί
1701 1242 1824 1297 pro-

237 1296 425 1351 vinciae
451 1296 799 1367 designanda:
823 1296 1071 1353 fuissent.
1102 1299 1283 1353 Altera
1307 1308 1409 1364 est,
1434 1297 1607 1368 ipsum
1624 1296 1825 1351 catalo-

234 1379 356 1437 gum
378 1369 431 1421 in
449 1383 581 1421 mss.
605 1368 804 1435 prmligi
828 1370 1035 1437 synodo
1054 1370 1349 1424 Arelatensi
1371 1386 1428 1433 ιι,
1454 1384 1517 1423 ac
1542 1370 1585 1423 si
1605 1368 1667 1422 ad
1688 1370 1824 1423 hanc

234 1436 528 1510 referatur.
558 1438 613 1492 Id
636 1437 848 1508 quidem
869 1455 933 1494 es
949 1440 1153 1510 aliquot
1178 1440 1554 1496 vetustioribus
1580 1440 1825 1494 editioni-

238 1508 339 1580 bus
368 1509 546 1578 colligi
580 1519 773 1577 potest,
808 1510 858 1563 in
890 1508 1083 1580 quibus
1109 1511 1248 1567 idem
1277 1513 1550 1580 catalogus
1579 1511 1647 1563 ab
1686 1511 1823 1565 Are-

240 1578 433 1633 latensi
461 1595 477 1633 ι
509 1589 820 1645 separatur,
855 1578 920 1636 et
945 1582 1243 1637 Arelatensi
1288 1599 1324 1637 ιι
1365 1578 1721 1651 ρταὲιιιὶιιὶιυτ.
1762 1580 1819 1636 id

238 1664 370 1722 vero
402 1651 887 1707 inconsideratione
917 1653 1033 1722 ejus
1062 1655 1283 1709 editoris
1310 1654 1533 1718 accidit,
1567 1654 1655 1721 qui
1696 1668 1817 1707 cum

240 1719 294 1822 in
350 1722 627 1822 codipi'bus
656 1738 761 1822 senl
784 1719 1280 1822 edit.is;lsidoriani.s
1308 1725 1500 1822 qnibus
1528 1719 1655 1778 uJus
1700 1732 1813 1822 est,
1848 1760 1896 1822 Β

1787 1809 1817 1849 il

242 1789 388 1847 hunc
408 1792 700 1861 catalogum
730 1792 1053 1862 deseriptum
1094 1789 1381 1861 reperisset
1409 1796 1549 1849 inter
1590 1796 1779 1849 conciti

234 1862 555 1935 Arelatense
592 1879 605 1916 ι
636 1874 688 1917 et
715 1879 786 1927 ιι,
818 1880 948 1935 qua:
980 1864 1173 1919 ibidem
1208 1866 1462 1920 continue
1501 1874 1817 1935 sequuntur,

229 1930 353 1985 haec
385 1947 640 1999 separans
660 1973 675 1999 ,
706 1930 978 1988 laudatum
1009 1939 1308 2004 catalogmn
1340 1936 1407 1991 ad
1436 1930 1749 1992 Arelatense
1781 1930 1821 1992 ιι

224 2015 478 2072 speetare
503 2004 747 2072 credidit,
773 2020 872 2060 nec
903 2014 1067 2060 totam
1098 2009 1502 2075 inscriptionem
1532 2008 1707 2063 eidem
1730 2023 1819 2062 ca-

226 2075 410 2148 talogo
440 2075 766 2148 praemissam
789 2079 1030 2148 exactius
1055 2078 1457 2144 animadvertit,
1490 2096 1608 2146 quae
1640 2079 1817 2148 ipsum

223 2144 296 2197 ad
339 2146 667 2199 antecedens
696 2147 1013 2203 Arelatense
1042 2164 1058 2202 ι
1088 2150 1427 2213 apertissime
1457 2144 1641 2206 refert.
1662 2144 1817 2205 'Con-

219 2215 551 2285 jectationes
590 2217 726 2272 adeo
756 2218 944 2273 inanes
986 2236 1165 2275 nonne
1195 2222 1559 2277 sinceritatem
1594 2232 1645 2276 et
1674 2226 1818 2276 anti-

220 2287 488 2361 quitatem
521 2287 749 2361 catalogi
769 2292 1093 2345 conﬁrmant
1122 2293 1296 2360 potius
1324 2308 1485 2361 quam
1514 2293 1819 2347 inﬁrmant?

222 2358 369 2433 Hinc
390 2359 511 2427 jure
526 2359 593 2413 de
606 2362 713 2433 _lioc
734 2361 1008 2428 Quesnclli
1032 2358 1153 2417 nisu
1171 2358 1543 2419 Tillemontins
1564 2365 1776 2433 scripsit
1802 2382 1814 2416 :

217 2426 330 2505 Car
527 2431 617 2500 qui
655 2441 740 2485 ont
761 2426 920 2505 voulu
950 2434 1060 2487 dire
1088 2451 1186 2505 que
1217 2436 1325 2489 cela
1364 2438 1497 2487 avnit
1536 2438 1615 2491 été
1643 2426 1820 2497 ajoull

216 2499 410 2577 depuis
453 2499 855 2577 n‘ennntpoint
884 2504 945 2558 de
974 2499 1159 2575 preuve
1184 2504 1357 2577 (Tom.
1394 2506 1512 2572 XV,
1552 2508 1605 2560 in
1634 2505 1811 2562 Hilar.

214 2581 327 2625 art.
361 2572 418 2646 8,
460 2591 511 2644 p.
548 2572 658 2646 52).
699 2573 839 2629 Nihil
876 2572 1034 2645 igitur
1062 2572 1445 2644 impedimento
1486 2593 1607 2634 csse
1637 2587 1814 2646 potest

214 2645 518 2720 quominus
546 2645 921 2720 biccatalogns
941 2648 1049 2720 sub
1068 2648 1247 2720 ipsam
1279 2645 1651 2705 Arelatensem
1678 2665 1693 2703 ι
1721 2664 1814 2720 sy-

213 2715 427 2791 nodunt
458 2732 524 2769 ex
553 2716 720 2791 ipsius
744 2716 909 2791 gestis
940 2718 1213 2773 lucubrata
1238 2719 1521 2791 credatur,
1550 2721 1693 2791 quod
1728 2715 1813 2777 v'el

213 2785 346 2855 ipse
374 2786 711 2861 Quesnellus
741 2788 842 2861 alia
871 2792 1078 2861 ratione
1124 2790 1373 2861 conﬁteri
1418 2785 1635 2847 coactus
1678 2791 1812 2861 fuit,

212 2871 350 2929 cum
381 2873 437 2911 tt.
468 2860 502 2912 4
528 2858 760 2927 seripsit,
791 2859 1041 2926 indicem,
1082 2863 1167 2929 qui
1207 2860 1471 2915 Breviario
1501 2858 1813 2928 annectitur,

212 2944 282 2981 ea:
312 2928 433 3005 ipsa
455 2930 672 2998 epistola
714 2939 759 2983 et
788 2929 905 2984 aliis
932 2928 1149 3000 forsitan
1180 2944 1414 2987 actorum
1444 2934 1816 3005 exemplaribus

215 3015 322 3053 con
328 3000 519 3065 fectum
554 3018 679 3055 esse.

294 3071 392 3126 15.
428 3070 504 3125 Ex
530 3072 629 3126 hoc
650 3086 809 3141 porro
840 3073 1104 3143 catalogo,
1135 3075 1211 3128 uti
1244 3074 1297 3128 in
1324 3073 1709 3130 sincerioribus
1762 3086 1817 3132 et

213 3143 610 3198 vetustioribus
638 3145 1045 3200 collectionibus
1073 3145 1386 3200 Corbeiensi
1417 3154 1470 3201 et
1510 3147 1815 3203 Colbertina

214 3213 581 3281 describitur,
608 3214 870 3270 discimus
900 3218 1061 3283 Alpes
1091 3218 1389 3272 maritimas
1418 3218 1653 3271 nondum
1686 3222 1820 3274 Are-

213 3285 452 3341 latensis
483 3301 501 3340 ι
529 3288 861 3358 temporibus
898 3285 1062 3342 fuisse
1101 3288 1430 3358 provinciam
1468 3302 1496 3341 a
1525 3288 1819 3347 Viennensi

213 3358 561 3413 distinctam.
594 3356 725 3412 Nam
758 3358 1021 3414 diaconus
1062 3356 1258 3415 Portus
1281 3358 1574 3414 Nicaeensis
1605 3360 1819 3418 Alpium

215 3377 561 3413 uisunciam.
595 3377 725 3412 nam
758 3377 1021 3414 uiaconus
1064 3377 1258 3415 l’Ol‘lttS
1281 3377 1574 3414 metuensns
1605 3377 1665 3414 Al
1713 3379 1819 3418 tum

215 3428 622 3483 maritimarum
644 3430 967 3502 describitur
984 3432 1082 3486 sub
1114 3432 1269 3485 titulo
1286 3430 1370 3485 Ea:
1384 3432 1646 3502 provincia
1674 3377 1822 3488 Bien-

214 3502 529 3573 ηεηιὶηιοη
550 3515 678 3573 vero
705 3500 787 3555 Ea:
809 3504 1067 3570 provincia
1086 3503 1293 3573 Alpium
1320 3500 1714 3570 moritimarum,
1745 3508 1819 3563 uti

213 3572 516 3647 dicendum
540 3571 731 3647 fuisset
760 3573 803 3647 s_i
829 3574 1045 3628 concilii
1069 3571 1401 3629 Arelatensis
1428 3590 1446 3629 ι
1475 3584 1631 3629 actate
1658 3578 1818 3647 Alpes

218 3644 519 3719 niaritirna:
552 3644 878 3719 provinciam
909 3646 1322 3719 constituissent
1340 3662 1376 3719 na
1423 3646 1629 3719 1021
1663 3644 1822 3719 Vicu-

214 3715 383 3770 nensi
404 3714 695 3787 diversam.
712 3715 859 3770 Idem
881 3715 1092 3771 videtur
1113 3717 1181 3771 de
1209 3714 1649 3787 Alpibus—Graiis.
1672 3718 1821 3776 Licet

210 3788 370 3841 enim
397 3802 464 3840 ex
490 3784 677 3858 barum
705 3787 1011 3843 civitatibus
1030 3789 1206 3843 nullus
1233 3784 1376 3843 ineo
1394 3790 1624 3844 concilio
1646 3791 1820 3858 profe-

210 3868 378 3912 ratur
407 3858 552 3913 unde
582 3856 701 3914 haec
723 3872 809 3913 res
826 3861 1163 3927 comprobari
1196 3870 1384 3930 queat,
1410 3860 1611 3914 notitiae
1639 3856 1817 3919 tamen

211 3930 560 4003 posteriores
578 3929 969 4003 provinciarum
990 3932 1175 3986 Galliae
1196 3929 1327 4003 satis
1346 3930 1581 3985 indicant
1601 3974 1614 3997 ,
1649 3935 1818 4003 Alpes

210 4001 417 4057 Graias
459 4014 613 4070 teque
648 4016 711 4055 ac
740 4002 1037 4055 maritimas
1085 4002 1212 4055 olim
1254 4001 1417 4056 fuisse
1463 4012 1640 4071 partes
1688 4001 1817 4070 pru-

207 4073 419 4128 vincite
439 4072 783 4137 Viennensis,
807 4089 928 4127 cum
958 4074 1119 4142 Alpes
1146 4072 1334 4127 Graias
1363 4074 1631 4142 appellent
1664 4073 1821 4128 Vien-

207 4160 436 4198 nensem
468 4145 706 4213 tertiam,
749 4153 804 4199 et
832 4145 1131 4199 maritimas
1167 4143 1497 4197 Viennensem
1521 4144 1819 4200 secundam.

207 4215 353 4271 Hmc
379 4216 526 4270 enim
558 4215 930 4271 denominatio
965 4232 1075 4270 non
1100 4215 1317 4269 aliunde
1341 4215 1599 4283 originem
1624 4216 1822 4272 ducere

204 4304 388 4358 posse
416 4287 652 4355 videtur,
694 4287 798 4342 nisi
831 4287 957 4358 quia
984 4299 1212 4356 utraque
1232 4288 1367 4358 tunc
1395 4284 1667 4353 provincia
1697 4296 1821 4343 ante

204 4356 547 4414 divisionem
582 4358 635 4414 in
670 4356 955 4416 Viennensi
1004 4356 1557 4427 comprehenderetur
1590 4374 1601 4407 :
1632 4373 1821 4427 quem-

200 4431 519 4487 admodum
587 4440 696 4487 tres
754 4430 1141 4501 Lugdunenses
1186 4428 1454 4501 secunda,
1526 4428 1716 4493 tertia,
1768 4439 1823 4486 et

203 4510 418 4573 quarta
448 4503 500 4556 in
531 4502 720 4558 iisdem
753 4499 957 4557 notitiis
988 4503 1089 4556 lioc
1124 4500 1343 4573 nomine
1373 4499 1663 4573 donantur,
1695 4501 1818 4568 quia

202 4569 577 4644 Lugdunensi
593 4574 776 4628 solida:
793 4584 951 4629 antea
974 4572 1224 4641 ascripta:
1244 4569 1476 4644 fuerant.
1500 4570 1636 4644 Cum
1658 4585 1819 4639 porro

202 4642 554 4701 Viennensis
592 4645 862 4713 provincia
893 4661 957 4699 es
1000 4642 1334 4698 Narbonensi
1377 4642 1820 4713 solidadissecta

199 4716 433 4779 fuerit,
483 4712 604 4784 jam’
623 4728 770 4786 patet
811 4717 947 4770 banc
978 4716 1206 4783 primam
1250 4714 1415 4769 fuisse
1452 4712 1819 4770 Narbonensis

198 4788 417 4843 solida:
448 4785 793 4851 divisionem,
827 4788 1076 4842 nimirum
1107 4789 1369 4854 in'partcs
1400 4785 1562 4849 duas,
1594 4800 1818 4853 quarum

195 4862 399 4915 altera
433 4861 513 4915 cis
543 4858 862 4913 Rhodanum
900 4858 1173 4927 provincia
1218 4856 1512 4911 Viennensis
1551 4857 1819 4924 appellata

200 4940 308 4987 est
328 4973 347 4996 ,
379 4947 503 5001 qua:
531 4930 693 4985 etiam
722 4930 887 5000 Alpes
928 4930 1119 4984 Graias
1149 4938 1203 4983 et
1249 4928 1554 5001 maritimas
1571 4928 1821 4982 contine-

196 5002 356 5069 bat;
400 4999 571 5057 altera
595 5018 722 5057 vero
752 4999 895 5056 trans
927 5000 1273 5061 Rhodanum,
1318 5000 1405 5053 tibi
1436 4999 1612 5053 Narbo
1636 5001 1817 5067 jacet,

196 5073 597 5129 Narbonensis
628 5074 913 5140 provincizc
944 5086 1137 5125 nomen
1166 5070 1411 5136 retinuit;
1442 5082 1493 5125 et
1516 5070 1615 5124 hac
1644 5072 1821 5139 prima

192 5146 502 5201 divisione
533 5146 840 5212 obtinente,
892 5160 1011 5212 qum
1040 5143 1173 5197 forte
1215 5142 1601 5196 Diocletianum
1636 5142 1823 5195 habuit

189 5229 536 5280 aucmrem,
561 5208 873 5271 Arelatense
901 5208 923 5268 ἱ
956 5214 1241 5268 concilium
1274 5214 1511 5267 habitum
1540 5212 1661 5266 fuit.
1684 5212 1821 5267 Tum

189 5298 421 5346 secuta
448 5299 531 5342 est
554 5289 745 5351 altera,
764 5296 823 5341 ut
844 5286 1074 5349 videtur,
1100 5285 1432 5339 Constantini
1457 5285 1667 5352 divisio,
1698 5299 1819 5337 cum

186 5363 260 5417 in
298 5359 704 5415 constitutione
744 5362 979 5427 quinque
1028 5355 1420 5427 provinciarum
1455 5372 1483 5410 a
1526 5355 1820 5411 Viennensi

183 5433 487 5490 dissecti):
517 5430 732 5485 fuerunt
758 5426 921 5498 Alpes
960 5429 1241 5483 maritimae
1268 5438 1321 5482 et
1350 5426 1524 5484 Graiae
1545 5469 1561 5493 ,
1611 5428 1683 5481 uti
1735 5443 1823 5481 su-

183 5504 424 5577 perius
443 5501 934 5577 explicavimusnln
959 5502 1108 5577 tertia
1135 5498 1425 5577 divisione,
1440 5514 1553 5577 qua
1576 5513 1639 5552 ex
1668 5499 1824 5577 quin-

181 5569 353 5648 que,
388 5569 679 5648 provinciis
706 5588 820 5648 scit“
845 5571 999 5627 facta:
1037 5571 1267 5648 fuerunt
1293 5612 1307 5635 ,
1338 5570 1471 5648 nihil
1502 5585 1565 5623 ex
1588 5569 1823 5648 antiqua

177 5639 579 5705 Narbbnensi
634 5645 716 5699 vel
764 5642 1052 5698 Viennensi
1082 5651 1288 5697 sectum
1334 5640 1468 5703 fuit;
1521 5639 1634 5693 sola
1679 5640 1823 5693 enim

181 5716 533 5791 Aquitania
559 5714 727 5791 divisa
758 5723 840 5770 est
869 5716 920 5769 in
965 5716 1119 5769 duas.
1153 5716 1221 5768 At
1258 5711 1311 5766 in
1332 5718 1530 5791 quarta
1561 5710 1825 5791 divisione

175 5783 326 5852 sui)
392 5785 701 5847 Theodosio
745 5802 793 5857 ι,
821 5801 925 5851 qua
952 5795 1157 5857 septem
1189 5783 1485 5857 provinciae
1521 5783 1828 5841 consututae

1845 3144 1892 3209 C
1924 3146 2237 3213 meU'OpOIiS
2270 3146 2418 3199 initia
2442 3157 2601 3215 atque

1924 436 2172 511 bonensi,
2204 438 2343 511 sive,
2372 450 2440 511 Aut
2466 440 2554 494 alii
2588 443 2917 511 probabilius
2939 442 3215 511 judicant,
3248 458 3316 498 ex
3353 443 3513 501 Vien-

1925 509 2101 584 nensi,
2153 509 2241 563 cui
2295 509 2516 584 tinitima
2560 509 2675 584 est,
2724 509 3022 584 interjeétis
3055 515 3197 569 inter
3239 514 3408 579 ipsam
3455 524 3512 573 et

1922 580 2332 656 Narbonensem
2365 583 2587 656 primam
2620 582 2835 639 ﬂumine
2862 580 3134 641 Rhodano
3161 595 3213 641 et
3240 594 3348 640 tota
3382 602 3512 656 pro-

1924 652 2099 707 vincia
2132 652 2449 726 Viennensi,
2474 654 2545 710 ita
2578 665 2637 709 ut
2668 672 2786 724 pars
2812 657 3175 713 Narbonensis
3201 652 3410 726 primae,
3443 674 3511 715 ex

1924 740 2029 794 qua
2060 724 2491 799 esscinderetur,
2511 741 2634 781 esse
2652 728 2970 799 nequiverit.
2998 730 3053 783 in
3072 724 3315 799 catalogo
3341 732 3507 785 etiam

1923 806 2050 851 ante
2100 795 2330 871 laudato
2366 797 2699 871 Arelatensis
2737 795 2925 871 prima:
2978 801 3167 871 synodi
3226 795 3511 871 presbyter

1923 869 2178 937 Aptensis
2206 866 2571 923 Narbonensis
2602 870 2851 923 secunda:
2877 866 3185 926 recensetur
3220 866 3321 927 sub
3352 866 3507 928 titulo

1924 956 1987 993 ex
2026 940 2286 1006 provincia
2322 940 2625 1002 Viennensi,
2660 940 2801 1007 quod
2833 951 2940 994 tutn
2968 941 3032 994 ad
3054 958 3171 996 eam
3192 946 3507 1010 pertineret.

1925 1011 2287 1065 Narbonensis
2343 1027 2472 1066 vero
2525 1013 2776 1066 secundat
2832 1011 3278 1080 appellationem,
3328 1016 3427 1070 etsi
3477 1030 3509 1071 a

1928 1081 2222 1154 Viennensi
2274 1094 2418 1154 secta
2470 1082 2693 1146 fuisset,
2730 1081 2975 1137 obtinere
3011 1085 3215 1154 potuit,
3246 1093 3510 1154 quatenus

1926 1152 2054 1207 olim
2097 1162 2220 1209 ante
2262 1152 2583 1210 divisionem
2618 1154 2937 1210 Viennensis
2968 1170 2997 1208 a
3037 1152 3406 1219 Narbonensi,
3458 1159 3511 1213 in

1926 1223 2262 1279 Narbonensi
2292 1225 2459 1279 solida
2490 1226 3045 1281 continebatur.1l:cc
3070 1225 3138 1280 de
3165 1227 3310 1278 varia
3339 1228 3513 1293 dispo-

1927 1296 2121 1421 gitione
2140 1296 2293 1379 .civili
2322 1296 2709 1367 provinciarum
2738 1298 2791 1352 in
2821 1296 2993 1353 Gallia
3039 1299 3340 1367 praesertim
3370 1297 3509 1353 Nar-

1965 1382 2174 1421 onensi.

1965 1382 2174 1422 OHCHSI.

1995 1440 2123 1493 CAP.
2159 1436 2245 1492 IV.
2276 1437 2352 1492 De
2380 1439 2601 1493 Arelatis
2630 1451 2675 1495 et
2706 1438 2913 1495 Vienna:
2939 1440 3292 1509 prarogativis
3320 1441 3373 1493 in
3404 1440 3515 1494 dis-

1924 1510 2170 1581 positione
2215 1510 2372 1581 εἰιιίιὶζ
2418 1510 2697 1581 Utriusque
2742 1512 3034 1578 metropolis
3083 1512 3229 1565 initia
3275 1520 3516 1565 statuun-

1924 1589 2025 1633 tur.
2084 1578 2279 1633 Notitia
2331 1578 2625 1636 Galliarum
2680 1583 2904 1650 civilem,
2968 1600 3067 1636 non
3114 1584 3513 1637 ecclesiasticam

1922 1652 2309 1726 dispositionem
2332 1653 2549 1726 exhibet.
2576 1653 2709 1726 Ejus
2736 1655 3015 1725 antiquitas
3043 1671 3076 1707 a
3101 1655 3363 1726 Quesnetti
3394 1671 3515 1708 cen-

1920 1724 2053 1776 suris
2077 1724 2383 1778 vindicatur.
2404 1754 2473 1765 -—
2494 1724 2540 1780 1.
2572 1724 2700 1780 Post
2723 1724 3067 1780 constitutam
3091 1725 3301 1779 civilem
3325 1726 3511 1791 dispo-

1922 1793 2168 1849 sitionem
2204 1795 2597 1861 provinciarum
2636 1795 2821 1851 Gallia:
2864 1814 2925 1852 ac
2960 1797 3259 1865 praesertim
3299 1795 3508 1850 Narbo-

1923 1869 2106 1937 nensis
2151 1866 2366 1933 solidae,
2402 1867 2470 1922 de
2512 1869 2795 1937 praecipuis
2830 1868 3074 1937 ejusdem
3120 1867 3510 1936 metropolibus

1927 1936 2126 1992 Vienna
2167 1946 2221 1993 et
2268 1936 2521 2001 Arelate,
2561 1936 2689 2009 quae,
2719 1939 2784 1994 ad
2832 1936 2943 1994 rem
2992 1948 3231 1993 nostram
3279 1938 3512 2009 maxime

1922 2010 2214 2076 pertinent,
2269 2010 2525 2065 nonnulla
2574 2008 2814 2065 exactius
2855 2010 3137 2064 statuenda
3183 2018 3327 2067 sunt.
3380 2008 3511 2065 Nam

1920 2080 2241 2145 Quesnellus
2270 2090 2325 2134 ut
2349 2083 2565 2137 Arelato
2592 2084 2876 2147 primatum
2908 2083 3199 2146 tribueret,
3229 2080 3346 2149 ejus
3371 2095 3513 2147 pra:-

1921 2152 2187 2219 rogativas
2230 2152 2419 2207 civiles
2470 2153 2693 2207 nimium
2750 2153 2975 2207 multum
3026 2151 3239 2205 extulit.
3287 2150 3507 2208 Vienna:

1920 2235 2099 2276 autem
2130 2223 2405 2293 privilegia
2442 2234 2494 2278 et
2535 2224 2847 2294 dignitatem
2890 2224 2933 2278 si
2979 2238 3085 2279 non
3114 2220 3348 2294 omnino
3375 2238 3511 2291 pra!-

1922 2294 2084 2366 t_eriit,
2102 2304 2258 2366 certe
2280 2306 2571 2350 extenuare
2592 2311 2654 2350 ac
2678 2295 2983 2366 deprimere
3005 2293 3226 2366 studuit.
3243 2293 3509 2366 Episcopi

1920 2363 2056 2419 Galli
2083 2365 2415 2421 Arelatensis
2450 2366 2597 2422 urbis
2629 2363 2853 2422 studiosi
2879 2367 3041 2435 epist.
3068 2364 3158 2430 65,
3189 2364 3254 2419 ad
3283 2364 3343 2421 S.
3374 2364 3512 2419 Leo-

1921 2452 2119 2509 neutnc.
2150 2436 2214 2504 4,
2248 2436 2384 2493 hanc
2423 2438 2493 2493 ob
2523 2438 2799 2509 privilegia
2840 2438 3016 2493 civilia
3048 2451 3207 2509 supra
3246 2436 3508 2493 Viennam

1918 2508 2313 2581 extollerenisi
2346 2517 2498 2581 sunt,
2541 2511 2681 2565 inter
2721 2508 2841 2581 quae
2871 2508 2998 2565 illud
3033 2508 3360 2577 praecipuum
3393 2516 3508 2574 est,

1918 2579 2058 2649 quod
2091 2580 2287 2634 ibidem
2315 2580 2600 2647 praefectus
2625 2579 2875 2650 praetorio
2896 2590 2949 2636 et
2971 2581 3190 2649 reliquae
3214 2588 3509 2648 p0testates

1918 2665 2131 2718 semper
2161 2651 2496 2718 inbabitent;
2531 2654 2669 2719 quod
2704 2654 2843 2707 idem
2874 2661 2953 2707 est
2980 2666 3043 2705 ac
3073 2651 3229 2706 istam
3268 2651 3510 2705 omnium

1918 2720 2209 2777 Galliarum
2270 2724 2612 2793 metropolim
2657 2724 2953 2779 declarare.
3013 2723 3243 2793 Econtra
3276 2720 3510 2793 S.Leo,

1917 2794 2005 2861 qui
2054 2795 2389 2866 atlegationes
2435 2791 2697 2866 utriusque
2741 2796 2900 2865 partis
2931 2792 3295 2866 espennderat,
3330 2791 3397 2866 iu
3425 2805 3511 2845 re-

1918 2864 2208 2932 sponsione
2234 2866 2299 2917 ad
2332 2865 2550 2919 eosdem
2576 2864 2851 2929 epist.’b‘6,
2884 2880 2932 2917 c.
2961 2865 3017 2929 2,
3054 2864 3273 2917 Viennte
3294 2873 3348 2917 et
3375 2864 3509 2932 Are-

1919 2931 2026 2988 lato
2057 2951 2319 2989 commune
2353 2939 2444 3005 jus
2482 2938 2739 2999 quondam
2774 2936 2932 3003 fuisse
2972 2952 3001 2985 (ι
3040 2932 3305 3005 gentibus,
3340 2931 3391 2984 id
3424 2938 3509 2987 est

1919 3006 2092 3073 quoad
2120 3006 2305 3059 civiles
2327 3004 2734 3073 praerogativas,
2770 3013 3012 3060 testatur.
3052 3004 3105 3056 Id
3134 3012 3505 3073 autemquam

1920 3072 2045 3129 vere
2086 3074 2289 3129 dictum
2335 3072 2586 3129 fuerit’ut
2622 3079 2849 3141 quisque
2890 3073 3186 3141 intelligat,
3231 3072 3509 3141 utriusque

2660 3092 2849 3141 msque
2890 3092 3186 3141 llllClllgdl,
3231 3092 3509 3141 UU'IUSQIIO

2622 3092 2888 3212 (dignitas,
2918 3160 3037 3214 quae
3066 3145 3117 3197 in
3147 3142 3289 3197 civili
3321 3144 3509 3214 dispo-

1924 3219 2119 3273 sitione
2144 3218 2374 3272 maxime
2398 3213 2725 3285 spectantur,
2758 3213 3078 3287 explicanda
3108 3223 3252 3271 sunt.
3280 3213 3355 3269 De
3377 3213 3510 3271 Are-

1924 3289 2033 3344 late
2058 3287 2321 3357 imprimis
2354 3297 2674 3344 statuamus.

1993 3360 2045 3414 2.
2079 3354 2300 3425 Arelas,
2344 3361 2442 3414 sita
2479 3362 2527 3415 in
2569 3360 2841 3430 provincia
2875 3357 3197 3419 Viennensi,
3230 3356 3364 3430 licet
3380 3354 3509 3413 olim

1923 3442 2065 3487 esset
2096 3431 2333 3499 pluribus
2360 3428 2667 3487 nominibus
2695 3430 2957 3495 celebris,
2985 3430 3050 3485 ad
3083 3428 3398 3497 metropolis
3420 3437 3508 3482 ta-

1922 3519 2044 3559 men
2070 3505 2331 3559 honorem
2363 3520 2466 3557 non
2500 3503 2745 3572 pervenit
2771 3502 2872 3557 nisi
2899 3504 3039 3559 circa
3066 3516 3265 3572 annum
3293 3500 3398 3555 405
3423 3500 3507 3572 vel

1921 3576 2047 3643 407,
2078 3591 2197 3629 cum
2231 3584 2449 3645 propter
2479 3569 2801 3643 irruptiones
2839 3574 3187 3628 barbarorum
3221 3569 3509 3645 Petronius

1924 3649 2207 3715 praeit-ctus
2233 3643 2488 3714 praetorio
2511 3646 2802 3702 Galliarum
2830 3661 2861 3701 e
2887 3647 3137 3701 Treveris
3158 3643 3342 3699 sedem
3369 3656 3508 3715 prce-

1921 3714 2142 3773 fecturae
2172 3716 2446 3773 Arelatum
2482 3719 2787 3787 transtulit,
2834 3717 3011 3786 ibique
3041 3726 3248 3783 septem
3286 3714 3509 3787 provin-

1921 3790 2124 3843 ciarum
2172 3800 2495 3844 conventum
2544 3785 2830 3860 quotannis
2877 3785 3176 3859 cogendum
3228 3785 3507 3860 praecepit.

1921 3860 2070 3915 Tunc
2097 3860 2240 3915 enim
2272 3860 2386 3915 haec
2425 3854 2664 3916 nrbs'ob
2702 3860 2883 3915 sedem
2918 3854 3086 3927 ipsius
3117 3854 3354 3925 praefecti
3397 3870 3509 3927 non

1922 3932 2096 4005 solum
2127 3941 2332 3999 septem
2357 3930 2750 4005 provinciarum
2777 3924 2959 4005 caput,
2988 3928 3081 4005 sed
3114 3924 3355 4005 Omnium
3383 3924 3511 4005 Gal-

1924 4003 2113 4057 liarutn
2138 3995 2450 4067 metropolis
2472 4018 2592 4055 esse
2614 4002 2798 4070 υωρὶι,
2827 3995 2882 4054 et
2910 3999 3009 4052 bac
3031 4000 3097 4051 de
3124 4010 3284 4070 causa
3310 3996 3361 4048 in
3391 3995 3510 4070 lege

1924 4073 2154 4144 Honorii
2175 4089 2262 4127 an.
2295 4072 2401 4144 418
2430 4073 2638 4142 1023
2669 4067 3063 4144 meti-apotitana
3084 4067 3281 4144 _civitns
3318 4067 3507 4144 appel-

1923 4143 2229 4215 latur.“|lo_c
2264 4137 2695 4215 primuTn'tﬁij'us
2712 4140 2933 4215 honoris
2977 4137 3511 4215 testittionnimdegi-

1925 4224 2030 4267 tur.
2078 4204 2292 4267 Nullum
2323 4220 2469 4266 certe
2496 4204 2767 4281 antiquius
2791 4225 2820 4263 a
2856 4208 3150 4275 Quesnello
3188 4204 3388 4281 aﬂerri_
3413 4219 3511 4274 po-

1925 4285 2047 4338 tuit.
2078 4284 2195 4356 Non
2218 4297 2421 4356 parum
2453 4273 2668 4356 quidem
2704 4282 2748 4335 is
2789 4273 2995 4356 laborat
3028 4285 3163 4356 par_t.
3195 4290 3323 4356 t,_c_.
3357 4273 3513 4356 5,7'ut

1927 4356 2062 4408 hanc
2084 4347 2396 4423 dignitatem
2420 4347 3067 4423 vetustioremostendat.
3095 4352 3165 4403 At
3184 4347 3510 4423 niliil_c_og_it.

1923 4427 2074 4492 Quod
2112 4419 2254 4480 enim
2286 4438 2351 4481 ex
2390 4424 2579 4478 eadem
2611 4425 2727 4493 lege
2756 4420 2977 4477 Honorii
3004 4419 3251 4488 opponit,
3286 4419 3376 4473 ubi
3400 4419 3511 4493 ille

1926 4506 2129 4567 septem
2165 4497 2557 4567 provinciarum
2580 4492 2897 4567 conventus,
2920 4507 2985 4547 ex
3013 4506 3120 4564 quo
3150 4492 3505 4567 metropoliti-

1927 4562 2049 4624 cu'm
2083 4562 2312 4624 Arelatis
2336 4566 2421 4636 jus
2443 4564 2674 4633 elicitur,
2708 4565 2910 4619 incuria
2932 4562 3216 4636 temporum
3242 4572 3287 4616 et
3312 4562 3514 4617 desidia

1925 4650 2262 4712 tyrannorum
2300 4633 2629 4707 interruptus
2657 4636 2912 4700 traditur;
2948 4633 3323 4712 intermeditnn
3366 4645 3505 4712 tem-

1928 4704 2025 4779 pus
2071 4710 2320 4780 respicit.
2363 4726 2469 4779 quo
2502 4704 2622 4779 post
2666 4725 2814 4780 eumn
2834 4718 3159 4780 conventum
3196 4720 3226 4759 a
3259 4704 3513 4780 Petronio

1927 4775 2251 4849 institutum,
2286 4775 2669 4837 Constaotinus
2699 4790 2754 4836 et
2781 4777 3045 4835 Constans
3074 4778 3273 4843 aliique
3297 4775 3511 4849 tyranni

1927 4855 2129 4910 Gallias
2151 4864 2205 4909 et
2234 4846 2505 4909 Arelatum
2538 4860 2868 4920 occuparunt
2895 4866 2959 4906 ac
2989 4846 3389 4921 perturbarunt.
3415 4846 3511 4901 ille

1928 4941 2059 4980 sane
2092 4934 2390 4981 conventus
2422 4939 2546 4997 cum
2578 4924 2850 4997 laudatum
2885 4922 3195 4997 Petronium
3236 4928 3511 4997 auctorem

1931 4998 2154 5064 habent,
2186 5005 2312 5069 ante
2341 4996 2523 5069 sedem
2552 4996 2825 5069 Arelatnm
2868 4996 2936 5048 ab
2964 5008 3031 5069 eo
3060 4989 3391 5069 traductam,
3414 4989 3514 5069 _i_n-

1927 5057 2152 5123 stitutus
2172 5066 2278 5122 dici
2308 5068 2512 5137 nequit,
2544 5082 2604 5121 ac
2637 5066 2864 5135 proinde
2892 5080 2956 5139 es
2990 5066 3090 5139 bne
3117 5068 3381 5139 conventu
3414 5057 3517 5139 ibi-7

1929 5141 2049 5194 dem
2075 5134 2603 5209 praescriptu'Arelas
2625 5134 2941 5209 metropolis
2954 5134 3179 5209 probari
3206 5145 3311 5209 non
3344 5136 3517 5209 potest
3578 5134 3581 5141 ‘

1929 5220 2055 5265 ante
2075 5202 2171 5264 an.
2197 5202 2314 5265 405‘
2330 5210 2411 5265 vel
2433 5209 2560 5277 107,
2592 5210 2676 5263 cui
2708 5202 2829 5280 ejus
2852 5202 2995 5280 sedis
3030 5202 3364 5280 traductio-et
3384 5216 3516 5280 cott-

1931 5292 2123 5336 ventus
2152 5281 2371 5335 indictio
2410 5270 2664 5350 al‘ligi'tur,
2697 5270 2753 5332 ut
2783 5276 2967 5350 videre
3006 5270 3256 5350 est_apt_td
3293 5270 3515 5350 i‘agium

1930 5353 1996 5407 ad
2029 5369 2115 5405 an.
2148 5352 2273 5417 401,
2302 5369 2356 5405 n.
2382 5354 2473 5419 36,
2501 5341 2557 5407 Et
2578 5346 2977 5419 Ttllemontinm
3007 5344 3058 5398 in
3088 5342 3301 5419 zosimo
3328 5350 3431 5395 art.
3458 5341 3514 5406 1,

1932 5436 2062 5481 tom.
2099 5422 2165 5495 Χ,
2198 5416 2317 5493 pag.
2350 5416 2477 5487 68:2,
2507 5423 2641 5495 etin
2681 5417 2919 5495 llonnrio
2946 5416 3145 5495 not._2.
3221 5485 3231 5495 .

2001 5497 2054 5551 5.
2098 5480 2328 5551 Gravius
2380 5480 2618 5548 tortaSsis
2655 5490 2922 5545 videbitur
2963 5485 3331 5540 testimonium
3375 5480 3519 5553 quod

1932 5568 2073 5625 idem
2115 5567 2434 5633 Quesncllus
2474 5562 2692 5630 subjicit
2718 5577 2798 5633 ex
2845 5560 3001 5628 epist.
3037 5559 3108 5612 65
3146 5556 3519 5633 episcopnrum

1931 5626 2229 5696 Arelateitsi
2252 5626 2643 5692 adlizerentiiim
2667 5632 2733 5687 ad
2759 5626 2990 5686 Leonem
3015 5642 3227 5698 papam,
3260 5626 3513 5698 ubinbanc

1933 5710 2122 5765 urbem
2156 5725 2260 5765 non
2292 5710 2359 5762 ab
2391 5703 2631 5762 Honorio
2661 5712 2895 5765 tantum,
2945 5700 3041 5755 sed
3075 5697 3235 5754 etiam
3265 5713 3295 5753 a
3328 5697 3523 5753 Valen-

1935 5781 2140 5841 tiniano
2164 5780 2182 5841 1
2209 5781 2292 5841 vel
2316 5779 2379 5847 il,
2405 5787 2619 5835 matrem
2644 5775 2869 5836 omnium
2892 5768 3177 5835 Galliarum
3198 5769 3523 5844 appellatam
