3994 6310
234 341 345 400 υοε

770 335 1325 397 BALLERINIORUM
1367 331 1938 393 OBSERVATIONES
1976 333 2043 390 IN
2085 330 2391 391 DISSERT.
2430 334 2476 392 V
2516 334 2925 400 OUESNELLI.

3407 336 3515 398 606

233 453 417 519 brata,
448 459 663 529 trustra
714 467 858 529 eam
878 458 976 529 sub
1032 449 1515 529 Burgundionibus
1556 453 1809 529 scriptam
1840 454 1895 513 Α
1920 464 2050 529 vero
2074 449 2213 529 banc
2242 451 2478 507 notitiam
2501 452 2792 529 Galliarum
2824 457 3173 513 vetustiorem
3198 458 3506 529 credamus,

234 525 551 593 Quesnellus
607 525 1062 588 comminiscitur;
1108 538 1227 577 cum
1276 523 1571 592 praesertim
1617 522 1660 578 si
1714 523 1814 579 hoc

234 598 396 652 etiam
431 605 671 663 tempore
710 597 906 663 scripta
940 597 1269 661 crederetur,
1305 610 1408 648 non
1439 609 1555 649 eam
1586 595 1815 663 disposi-

235 612 396 652 ettam
431 612 671 663 tempore
710 612 810 652 seri
858 612 906 650 ta
940 612 1269 661 crederetur,
1305 612 1408 648 non
1439 612 1555 649 eam
1586 612 1815 663 msposr-

235 671 433 723 tionem
466 668 676 723 civilem
704 612 971 738 praeierat,
1005 682 1123 737 quze
1143 666 1246 720 sub
1277 667 1519 720 barbaris
1546 666 1815 738 Romanas

234 740 538 811 provincias
573 741 625 793 in
662 736 843 807 partes
883 736 1435 811 discindentibusalia
1468 747 1581 792 erat
1611 753 1638 789 a
1673 736 1811 811 divi-

232 808 385 866 sione
412 811 802 875 Romanorum;
848 810 941 865 sed
976 826 1092 866 eam
1123 809 1528 878 dispositionem
1564 808 1813 864 exhibeat

232 898 351 950 quae
382 881 619 936 Romana
644 895 744 949 est,
769 892 823 937 et
848 883 999 937 initio
1025 882 1203 935 smrttli
1228 896 1258 931 v
1279 882 1377 935 sub
1402 880 1652 935 Romanis
1675 880 1813 934 obti-

231 955 364 1007 nuit.
399 954 607 1009 Sidonii
638 953 1020 1017 testimonium,
1053 953 1192 1022 quod
1222 952 1274 1005 in
1306 967 1455 1005 suam
1489 952 1810 1007 sententiam

230 1024 551 1089 Qnesnellus
611 1025 842 1093 allegat,
895 1024 1117 1078 nimium
1167 1023 1459 1078 enormiter
1508 1026 1574 1077 ab
1620 1023 1812 1077 eodem

232 1097 547 1163 explicatur.
578 1095 711 1151 Cum
744 1096 884 1151 enim
907 1096 997 1151 ille
1024 1096 1059 1149 l.
1090 1109 1149 1159 tt,
1188 1094 1343 1163 epist.
1382 1095 1434 1157 'I,
1466 1094 1530 1147 ad
1567 1095 1813 1149 Grzerum

230 1168 541 1239 episcopum
593 1169 979 1221 Massiliensem
1021 1166 1235 1239 scripsit
1280 1181 1367 1239 an.
1403 1165 1628 1239 circiter
1667 1163 1810 1239 475;

230 1238 351 1291 1am
378 1235 476 1293 non
499 1240 651 1310 primi
682 1236 1438 1310 comprovincialium»rmpistis
1470 1252 1595 1302 esse,
1625 1235 1817 1310 sedul-

232 1310 342 1362 timi
372 1307 575 1364 nonde
609 1310 1029 1366 Massiliensibus
1062 1308 1328 1376 loquitur,
1360 1323 1584 1377 quorum
1632 1307 1817 1363 civitas

231 1380 282 1434 in
311 1381 500 1435 notitia
538 1380 828 1435 Galliarum
873 1381 1062 1433 ultimo
1092 1379 1210 1433 loco
1252 1378 1582 1448 designatur,
1618 1382 1709 1432 sed
1744 1379 1819 1432 lo-

229 1452 412 1518 quitur
429 1452 497 1507 de
517 1450 743 1507 Leomio
765 1451 1087 1510 Arelatensi,
1111 1448 1306 1503 Fausto
1330 1448 1597 1519 Regiensi,
1623 1449 1819 1505 Basilio

230 1524 495 1592 Aquensi,
528 1531 581 1574 et
608 1521 797 1577 Graeco
825 1521 1167 1583 Massiliensi,
1202 1522 1289 1589 qui
1322 1522 1422 1574 sub
1452 1520 1815 1592 Romanorum

233 1591 443 1647 ditione
472 1594 779 1659 constituti,
813 1603 871 1647 ut
896 1608 955 1648 se
986 1599 1037 1645 et
1071 1604 1193 1645 suas
1228 1592 1472 1646 civitates
1507 1606 1534 1644 a
1576 1591 1818 1645 barbaris

234 1671 381 1719 tutas
414 1664 719 1731 redderent,
769 1665 1131 1719 Arvernorum
1179 1662 1391 1725 urbem,
1440 1663 1522 1715 cui
1562 1662 1816 1717 Sidonius

236 1743 490 1805 praeerat,
527 1734 714 1790 iisdem
754 1733 1237 1805 barbariscedere,
1271 1741 1325 1785 et
1350 1734 1426 1787 sic
1456 1747 1637 1805 pacem
1680 1736 1816 1788 inire

238 1803 541 1861 studebant.
592 1806 697 1861 Hos
727 1817 902 1859 autem
931 1803 1176 1858 Sidonius
1219 1817 1535 1871 coarguens.
1583 1804 1681 1858 hac
1722 1821 1812 1859 ur-

234 1875 382 1929 bium
422 1876 663 1931 cessione
705 1890 810 1930 non
843 1875 1044 1944 primos
1077 1874 1126 1927 in
1154 1873 1299 1927 civili
1330 1875 1708 1944 dispositione,
1742 1878 1815 1931 uti

230 1957 358 2001 ante
397 1946 713 2017 {nerantob
743 1945 1045 2017 Arelatum,
1072 1960 1193 2017 qua:
1233 1945 1390 2017 sedes
1431 1954 1546 2001 erat
1574 1948 1816 2017 prtereeti

224 2018 483 2085 pratorio
515 2016 829 2079 Galliarum,
863 2016 958 2071 sed
990 2016 1204 2069 ultimos
1233 2014 1437 2071 futuros
1471 2014 1814 2085 praenuntiat,

225 2101 351 2141 eum
379 2087 479 2141 hac
502 2087 977 2142 distrahendarum
1008 2086 1216 2141 urbium
1243 2087 1347 2153 via,
1378 2088 1450 2143 ita
1480 2102 1661 2158 pauere
1688 2092 1819 2146 civi-

221 2165 365 2228 tates
404 2159 661 2213 Romanis
702 2167 1070 2228 superessent,
1103 2167 1160 2212 ut
1188 2158 1410 2214 minima
1446 2159 1556 2228 jam
1588 2172 1733 2217 esset
1761 2165 1814 2219 in

214 2227 416 2284 Galliis
442 2227 811 2285 Romanorum
848 2229 1001 2302 ditio,
1042 2244 1140 2285 nec
1170 2233 1392 2302 majores
1431 2227 1663 2300 amplius
1709 2234 1815 2291 dici

218 2309 471 2372 possent,
515 2302 628 2372 qui,
661 2312 717 2356 ut
748 2317 873 2357 mox
903 2301 1103 2372 subdit,
1136 2301 1356 2356 minores
1383 2303 1690 2372 incipiebant
1714 2322 1817 2362 non

221 2371 437 2425 habere.
470 2371 568 2428 Hic
593 2388 883 2443 germanus
906 2371 1110 2429 Sidonii
1134 2386 1344 2427 sensus.
1378 2374 1815 2433 Comminiscitur

220 2457 358 2513 ergo
391 2443 745 2509 Quesnellus,
780 2459 900 2499 cum
937 2444 1096 2498 aliam
1132 2443 1409 2499 Sidoniani
1446 2454 1620 2503 textus
1650 2448 1815 2504 inter-

218 2518 585 2597 pretationem
628 2530 658 2569 a
696 2516 959 2597 sententia
996 2524 1049 2570 et
1083 2525 1265 2597 mente
1301 2518 1811 2597 auctoris__aliepam

217 2586 458 2658 ingerit;
509 2601 804 2658 omnesque
840 2586 954 2655 ejus
984 2586 1421 2655 conjectationes,
1462 2588 1651 2658 quibus
1688 2588 1812 2648 huic

216 2656 663 2730 interpretationi
711 2656 1268 2730 innixustexponere
1310 2656 1499 2730 nititur
1541 2663 1813 2730 quomodo

215 2729 420 2783 notitia
447 2729 547 2784 sub
574 2729 814 2783 barbaris
842 2727 1053 2784 condita
1083 2727 1263 2796 fuerit,
1295 2727 1589 2785 arbitrariae
1615 2742 1669 2789 et
1692 2734 1811 2790 ina-

215 2814 328 2855 nes
358 2801 813 2856 demonstrantur.

302 2870 393 2926 10.
434 2871 565 2938 Quae
595 2887 723 2927 vero
753 2871 1249 2927 animadversiones
1280 2872 1333 2926 in
1363 2873 1531 2942 ipsam
1563 2874 1809 2932 notitiam

214 2943 290 2998 ab
326 2956 393 2999 eo
425 2952 811 3013 proponuntur,
858 2951 915 2995 ut
952 2942 1093 2997 illam
1124 2944 1442 3011 posterioris
1468 2947 1642 3000 :etatis
1691 2962 1813 3003 esse

215 3014 473 3086 suadeat,
498 3030 603 3070 non
636 3015 819 3086 minus
839 3014 1123 3086 imbecilla:
1150 3022 1294 3086 sunt.
1326 3014 1558 3083 Opponit
1582 3017 1812 3086 primum

217 3085 523 3158 Arelatem,
556 3102 675 3155 qua:
704 3102 769 3141 ex
810 3085 929 3155 lege
968 3084 1318 3158 llonoriilan.
1354 3087 1472 3158 418A
1504 3084 1816 3158 metropolis

215 3156 552 3223 declaratur,
580 3173 752 3227 eoque
776 3166 1016 3226 tempore
1040 3156 1108 3209 ob
1130 3157 1310 3210 sedem
1339 3156 1816 3226 prtefecturte'om-

1919 521 2051 599 illud
2094 520 2147 575 in
2194 537 2351 599 causa
2387 531 2473 599 est
2526 526 2669 599 quod
2711 528 2761 581 in
2806 529 3166 599 descriptione
3218 520 3508 599 provincia;

1922 592 2245 669 Viennensis
2278 594 2461 669 Arelas
2494 592 2612 650 sine
2645 602 2949 669 metropolis
2988 592 3142 655 iitulo
3176 592 3503 657 recensetur.

1921 662 2087 740 Porro
2116 665 2313 740 Arelas
2335 664 2398 717 ad
2434 665 2694 740 honorent
2722 662 3167 740 tuetropoliticum
3202 688 3379 728 erecta
3410 674 3508 730 iuit

1920 736 2063 813 circa
2370 751 2489 790 cum
2525 735 3036 813 prml'ectiprreiorio
3070 746 3227 799 sedes
3255 755 3310 799 et
3343 755 3503 813 caput

1920 808 2157 885 otttnium
2186 807 2475 863 Galliarum
2499 824 2621 885 esse
2639 811 2818 879 cmpit,
2844 822 2902 885 ut
2923 814 3149 869 vidimus
3174 818 3331 885 paulo
3353 807 3499 872 ante.

1920 878 2122 933 Civitas
2160 895 2289 934 vero
2322 888 2467 934 tanto
2501 878 2706 935 honore
2730 878 2953 947 pra'dita
3000 885 3115 938 sine
3148 878 3248 941 ulla
3285 890 3502 944 honoris

1924 959 2047 1029 pota
2080 954 2341 1006 recensita
2371 966 2475 1029 non
2503 950 2694 1029 luisset
2716 954 2766 1029 in
2792 953 2975 1029 notitia
3009 958 3215 1029 1029
3244 977 3358 1019 qua:
3388 970 3504 1028 post

1925 1018 2029 1074 hoc
2052 1032 2260 1091 tempus
2284 1022 2475 1092 scripta
2502 1022 2705 1077 fuisset.
2732 1018 3050 1090 Quesnellu?
3065 1018 3249 1082 ἕῖῒῖιε
3268 1018 3505 1085 animad-

1924 1092 2365 1168 versioneumulto
2396 1094 2745 1168 posterioren
2774 1096 3020 1168 credidit,
3058 1112 3175 1151 cum
3208 1108 3379 1154 tamen
3410 1116 3503 1168 po-

1926 1164 2139 1240 steriori
2172 1164 2296 1240 licet
2324 1172 2476 1240 tetate
2522 1165 2817 1240 secundum
2857 1167 3159 1240 Romanam
3200 1164 3503 1240 diSpositio-

1925 1249 2045 1305 nem
2066 1232 2163 1289 hac
2183 1235 2231 1288 in
2250 1236 2435 1289 notitia
2458 1236 2752 1290 cxhibitam
2773 1238 2837 1291 ab
2856 1238 2953 1290 hoc
2973 1240 3191 1293 honoris
3213 1232 3375 1305 gradu
3401 1258 3505 1297 non

1924 1303 2236 1359 decesserit.
2272 1306 2434 1374 Igitur
2462 1308 2627 1360 multo
2659 1309 2985 1375 probabilius
3008 1303 3247 1365 anterior
3282 1312 3505 1368 dicenda

1928 1384 2010 1448 est
2039 1378 2150 1431 haec
2173 1376 2379 1448 notitia,
2405 1391 2468 1431 eo
2490 1378 2695 1432 scilicet
2722 1389 2961 1448 tempore
2986 1392 3203 1436 exarata
3234 1399 3355 1438 cum
3381 1400 3484 1437 non

1923 1446 2050 1520 dum
2101 1447 2286 1502 Arelas
2328 1449 2391 1520 ad
2444 1446 2893 1520 metropoliticam
2949 1452 3260 1520 dignitatem
3321 1464 3508 1511 evecta

1922 1514 2128 1593 fuerat;
2165 1522 2227 1593 ita
2258 1526 2317 1593 ut
2345 1518 2473 1593 nihil
2508 1514 2699 1574 mirum
2729 1524 2796 1576 sit
2836 1524 2877 1576 si
2912 1514 3050 1579 inte}
3077 1528 3511 1593 Comprovincia-

1923 1586 2001 1641 les
2035 1590 2319 1657 provincia:
2356 1588 2677 1646 Viennensis
2718 1594 2959 1648 civitates
3006 1596 3125 1650 sine
3157 1586 3263 1650 ullo
3309 1608 3510 1651 metro-

1921 1659 2059 1732 polls
2100 1661 2252 1713 titulo
2296 1664 2556 1717 recensita
2601 1663 2714 1716 fuit.
2760 1664 2911 1732 Quod
2964 1682 3089 1720 vero
3123 1667 3261 1721 inter
3294 1669 3507 1724 ultimas

1922 1726 2176 1805 refertur,
2212 1745 2329 1786 eam
2362 1732 2521 1787 habet
2546 1726 2911 1805 causamquia
2942 1736 3144 1792 notitim
3172 1749 3359 1793 auctor
3386 1756 3508 1795 eum

1921 1802 2163 1877 ordinent
2194 1814 2410 1877 secutus
2433 1813 2515 1877 est
2536 1822 2691 1871 quem
2719 1802 3107 1877 geographicus
3132 1810 3264 1863 situs
3292 1810 3506 1866 obtulit.

1921 1870 2097 1927 Primo
2119 1876 2259 1948 enim
2286 1882 2403 1945 post
2437 1870 2692 1930 Viennam
2721 1870 3061 1948 metropolim
3096 1885 3254 1935 urbes
3284 1882 3505 1936 vicinio-

1920 1958 2006 1999 res
2038 1955 2090 1998 et
2116 1944 2538 2001 mediterraneas
2568 1950 2788 2012 notavit,
2822 1944 2929 2003 tum
2960 1952 3179 2006 vero-ad
3213 1968 3360 2007 mare
3388 1968 3507 2008 ver-

1917 2024 2124 2084 gentes,
2157 2015 2299 2071 inter
2330 2033 2460 2087 quas
2492 2019 2681 2074 Arelas
2705 2032 2757 2076 et
2790 2020 3018 2077 Massilia
3052 2022 3298 2079 ultimum
3332 2025 3507 2081 locum

1921 2094 2122 2141 tenent.

1992 2159 2076 2213 12.
2111 2159 2335 2214 Czeterre
2366 2160 2633 2229 Quesnelli
2663 2162 3160 2221 animadversiones
3186 2166 3237 2221 in
3263 2167 3503 2223 notitiam

1921 2227 2212 2306 galliarum
2239 2227 2467 2306 leviores
2493 2242 2637 2306 sunt.
2663 2234 2813 2300 Quod
2836 2238 2975 2290 enim
3001 2237 3202 2306 profert
3222 2240 3289 2293 de
3314 2240 3503 2293 Castro

1918 2299 2148 2380 Nicmnsi
2184 2303 2233 2380 in
2268 2302 2455 2358 notitia
2476 2299 2699 2380 omisso,
2726 2308 2867 2377 quod
2891 2299 3015 2363 ante
3038 2307 3273 2364 Leonem
3297 2311 3505 2380 episco-

1918 2383 2043 2449 patu
2072 2371 2382 2449 fruebalttr,
2409 2371 2828 2449 ecclesiasticam
2880 2380 3123 2435 notitiam
3151 2396 3272 2436 esse
3306 2371 3505 2449 p'razsu-

1920 2443 2039 2516 mit,
2069 2459 2226 2512 quam
2258 2443 2474 2501 civilem
2499 2447 2607 2516 jam
2640 2448 2894 2503 diximus.
2924 2449 3056 2506 Cum
3082 2466 3209 2507 vero
3232 2452 3282 2507 iu
3307 2443 3500 2507 eadem

1916 2514 2062 2593 civili
2102 2516 2285 2593 notitia
2335 2519 2434 2593 tria
2482 2514 2584 2573 alia
2629 2531 2801 2575 castra
2842 2522 3247 2593 Sequanorum,
3298 2532 3353 2577 et
3397 2523 3505 2577 duo

1915 2583 2288 2659 Lugdunensis
2319 2590 2504 2658 prima:
2535 2583 2949 2659 memorentur,-
2972 2593 3213 2649 Nicmnse
3235 2583 3502 2648 omissum

1917 2656 2201 2735 dicendum
2236 2656 2330 2714 est
2350 2661 2432 2715 vel
2460 2664 2694 2718 auctoris
2723 2656 2947 2731 incuria,
2989 2665 3075 2721 vel
3115 2669 3309 2734 potius,
3362 2668 3505 2735 quod

1915 2726 1987 2808 ita
2018 2744 2111 2795 per
2142 2731 2243 2785 hoc
2272 2740 2485 2802 tempus
2524 2736 2774 2808 exiguum
2816 2726 2961 2808 esset
3000 2747 3053 2791 et
3095 2726 3401 2808 augustum:
3449 2745 3508 2791 ut

1916 2798 2057 2853 inter
2082 2809 2254 2855 castra
2286 2798 2672 2859 recensendum
2707 2822 2811 2860 non
2843 2807 3145 2872 videretur;
3166 2798 3321 2862 itnde
3354 2808 3504 2861 llila-

1917 2884 2183 2946 ruspapa
2215 2888 2320 2926 non
2351 2882 2605 2946 castrum,
2636 2877 2730 2946 sed
2771 2876 3087 2933 diminutive
3114 2878 3381 2932 castellum
3410 2894 3504 2946 ap-

1918 2940 2118 3014 pellata
2151 2943 2282 3007 Quae
2322 2958 2482 3010 porro
2531 2940 2745 3014 subjieit
2794 2962 2857 3001 ex
2898 2948 3121 3001 Paulino
3171 2948 3397 3007 Nolano,
3438 2940 3504 3000 ab

1919 3011 2151 3087 auctoris
2183 3023 2359 3087 mente
2385 3011 2725 3087 alienissima
2750 3027 2892 3072 sunt.
2925 3017 2981 3072 lit
3010 3019 3167 3087 epist.
3198 3019 3290 3085 28,
3322 3018 3388 3071 ad
3418 3016 3506 3071 Vi-

1921 3081 2163 3159 ctricium
2190 3084 2674 3159 llothomagensem
2698 3086 2764 3159 de
2785 3081 3097 3159 celebritate
3121 3081 3375 3159 loquitur,
3399 3100 3504 3157 qua

1920 3148 2312 3230 Rolltomagum
2335 3169 2399 3208 ex
2426 3148 2650 3230 egregiis
2669 3157 2907 3230 ejusdem
2928 3148 3164 3230 episcopi
3187 3148 3508 3229 gestis'in'ter

213 3230 388 3301 nibus
417 3229 601 3283 Galliis
638 3224 991 3301 prmsideliat,
1034 3241 1098 3301 ea
1130 3226 1192 3301 in
1231 3224 1416 3301 notitia
1463 3229 1669 3301 nedum,
1698 3232 1815 3288 sine
1843 3225 1888 3289 C
1922 3224 2069 3301 arbos
2098 3233 2325 3301 sacratas
2353 3228 2655 3293 eminebat;
2688 3224 2831 3298 quod
2857 3230 2922 3283 ad
2946 3224 3348 3299 dispositionem
3377 3230 3508 3284 civi-

214 3300 341 3354 ullo
400 3298 715 3365 metropolis
761 3300 948 3363 titulo,
993 3299 1086 3354 sed
1128 3298 1270 3354 inter
1313 3298 1528 3354 ultimas
1571 3300 1815 3360 civitates

256 3370 523 3426 rovincitc
547 3372 866 3427 Viennensis
891 3371 1180 3425 recenseri.
1196 3369 1271 3441 At
1292 3370 1684 3427 observandum
1710 3383 1812 3441 est,

238 3459 272 3498 n
310 3458 373 3498 ea
408 3444 627 3509 natitia,
681 3442 807 3497 licet
854 3444 954 3497 sub
986 3439 1208 3496 llonorii
1255 3449 1467 3514 tempus
1508 3439 1812 3514 descripta,

214 3515 403 3570 notari
457 3516 725 3585 cujusque
772 3514 1063 3583 provincias
1114 3512 1461 3582 metr0poles.
1514 3512 1814 3573 Provincite

217 3595 407 3641 autem
443 3584 761 3640 Viennensis
794 3585 1111 3652 metropolis
1141 3585 1277 3639 sicut
1302 3585 1410 3654 jam
1455 3586 1577 3641 inde
1614 3601 1643 3639 a
1674 3588 1812 3642 divi-

216 3657 378 3712 sione
402 3655 724 3712 Viennensis
754 3656 1042 3726 provinciae
1071 3670 1099 3709 a
1131 3654 1464 3711 Narbonensi
1503 3658 1672 3713 solida
1721 3660 1817 3715 fuit

217 3726 459 3795 Vienna,
503 3730 573 3783 ita
617 3736 671 3783 et
712 3730 809 3781 sub
850 3728 1085 3782 llonorio
1124 3728 1366 3782 eamdem
1408 3731 1812 3798 pratmgativam

217 3801 591 3871 conservavit.
628 3800 815 3871 Arelas
840 3801 1005 3862 enim,
1031 3814 1149 3871 cum
1174 3814 1237 3853 ex
1265 3800 1501 3855 traducta
1529 3801 1656 3855 sede
1681 3817 1815 3871 prm-

217 3870 450 3926 fecturae
473 3870 785 3939 metropolis
813 3884 931 3925 esse
954 3870 1119 3939 ccepit
1138 3913 1151 3938 ,
1185 3878 1388 3939 septem
1421 3870 1813 3940 provinciarum

216 3943 547 4013 metr0polis
569 3942 856 3997 constituta
880 3942 997 4010 fuit,
1019 3954 1120 3995 non
1144 3953 1319 3995 autem
1347 3944 1633 4012 provinciae
1658 3944 1815 4000 Vien-

218 4012 437 4079 nensis,
470 4015 554 4068 cui
577 4013 750 4068 adhuc
778 4013 981 4067 Vienna
1015 4012 1317 4085 antiquiore
1362 4013 1641 4083 privilegio
1671 4030 1813 4085 pra:-

216 4084 462 4156 sidebat.
498 4085 608 4139 Etsi
646 4099 773 4139 vero
803 4100 919 4151 qua:
950 4083 1193 4156 pluribus
1224 4085 1516 4153 provinciis
1544 4083 1818 4156 metropo-

216 4154 373 4211 litico
402 4157 609 4211 honore
634 4167 881 4225 prmeral,
912 4156 1098 4210 eodem
1128 4154 1441 4225 plerumque
1475 4154 1735 4225 gauderet
1762 4159 1814 4213 in

215 4240 378 4281 suam
415 4227 739 4295 peculiarem
776 4228 1128 4295 provinciam,
1158 4225 1211 4279 id
1251 4236 1426 4279 tamen
1467 4225 1668 4281 Arelati
1712 4244 1816 4285 non

212 4298 445 4361 accidit,
471 4314 593 4352 cum
624 4296 893 4369 antiquior
924 4297 1143 4369 Vienna:
1174 4298 1442 4366 possessio
1470 4298 1684 4369 exclusa
1710 4313 1817 4355 non

219 4369 426 4432 fuerit;
458 4372 596 4424 sicut
626 4384 723 4424 nec
750 4366 1027 4439 antiquum
1054 4366 1379 4439 Viennensis
1408 4368 1695 4438 provinciae
1725 4385 1819 4425 no-

217 4456 353 4495 men
394 4441 493 4495 fuit
525 4442 860 4495 immutatum
885 4437 900 4492 ξ
925 4437 1066 4509 quod
1109 4450 1287 4494 tamen
1318 4437 1591 4494 evertisset
1625 4440 1669 4495 si
1702 4457 1817 4497 me-

214 4513 595 4581 tropoliticum
629 4513 796 4581 ipsius
822 4511 1109 4581 provincite
1135 4510 1222 4578 jus
1252 4526 1281 4564 a
1313 4509 1514 4565 Vienna
1545 4512 1817 4567 Arelatem

1922 3294 2051 3372 lem,
2100 3296 2167 3350 de
2211 3312 2312 3372 qua
2363 3312 2505 3353 nunc
2538 3294 2766 3372 agimus,
2805 3294 3311 3372 nihilnm'pertinet.
3355 3301 3507 3358 Licet

1921 3368 2064 3440 enim
2095 3381 2158 3422 ea
2186 3368 2373 3422 civitas
2399 3379 2522 3424 ante
2555 3370 2654 3425 hoc
2689 3381 2898 3440 tempus
2934 3368 3076 3429 essei
3104 3374 3275 3429 civilis
3307 3383 3504 3430 metro-

1920 3438 2079 3508 polis,
2123 3454 2227 3492 non
2270 3448 2446 3495 tamen
2485 3452 2609 3495 ante
2650 3438 2959 3500 Victricium
3002 3444 3073 3501 ita
3111 3445 3340 3502 celebris
3376 3447 3508 3502 inter

1918 3519 2145 3585 sacratas
2180 3511 2323 3585 urbe;
2352 3512 2469 3585 fuit.
2497 3511 2657 3585 idem
2698 3525 2779 3570 est
2808 3515 2875 3571 de
2905 3516 3232 3573 Morinorum
3269 3519 3503 3585 civitate,

1918 3594 2073 3650 quam
2112 3582 2364 3637 Paulinus
2400 3583 2596 3638 ibidem
2641 3598 2901 3642 memorat
2939 3589 3146 3645 ratione
3174 3588 3354 3644 habita
3384 3582 3507 3645 relié

1918 3653 2112 3731 gionis,
2147 3670 2251 3731 non
2296 3666 2473 3731 autem
2496 3657 2887 3731 dispositionis
2912 3663 3108 3726 civilis,
3152 3676 3309 3731 quam
3343 3676 3505 3717 unam

1917 3724 2106 3804 notitia
2154 3724 2867 3804 describit.__A_rgumentum
2926 3724 3140 3789 tandem
3168 3724 3256 3787 ὀι
3302 3733 3509 3804 synodo

1919 3793 2373 3875 Taurinensiltuc
2402 3793 2627 3875 ttiltiltitn
2658 3803 2910 3875 pertinet,
2942 3819 3060 3860 cum
3093 3806 3145 3858 in
3175 3804 3275 3875 hac
3301 3793 3509 3875 simodo

1918 3866 2125 3944 nonde
2154 3868 2322 3934 civili,
2344 3870 2438 3944 sed
2462 3871 2528 3925 de
2555 3866 2919 3929 ecclesiastica
2947 3874 3229 3944 metropoli
3248 3866 3508 3929 dubitatio

1918 3936 2097 4013 fuerit,
2150 3952 2206 3993 ut
2252 3941 2426 4009 capite
2473 3946 2717 4013 sequenti
2767 3936 3141 4001 OSIendemus:
3195 3944 3332 3998 Nihil
3378 3960 3509 4013 ergo

1919 4012 2124 4086 politis:
2155 4014 2529 4066 auctoritatem
2554 4012 2738 4080 elidit;
2773 4030 2836 4069 ac
2872 4025 3155 4086 propterea
3186 4014 3415 4069 solidum
3443 4012 3511 4070 ex

1919 4077 2019 4155 ltac
2044 4096 2256 4150 quoque
2277 4077 2933 4155 argumentumsuppetit,
2963 4077 3066 4155 quo
3091 4083 3348 4139 Viennam
3373 4086 3511 4139 civi-

1920 4150 2023 4224 lem
2053 4154 2390 4224 metropolim
2425 4153 2590 4208 fuisse
2617 4150 2879 4219 dicamus,
2921 4150 3365 4223 'et'antiquiorem
3392 4156 3508 4224 qui-

1921 4220 2309 4295 detu_Arel_ate,
2343 4224 2595 4295 nimirum
2621 4224 2730 4294 jam
2766 4225 2888 4279 inde
2917 4226 2985 4281 ab
3015 4220 3351 4280 institutione
3383 4220 3508 4295 p'ro-

1919 4292 2110 4365 vincite
2148 4292 2491 4365 Viennensis,
2541 4292 2661 4363 qua:
2698 4311 2729 4350 a
2762 4295 2962 4351 Vienna
2998 4296 3279 4365 metropoli
3312 4292 3507 4353 nomen

1921 4364 2148 4432 accepit.
2183 4364 2348 4417 Immo
2378 4374 2661 4435 antequam
2692 4368 2879 4421 Arelas
2906 4368 2975 4423 ob
3003 4364 3187 4422 sedem
3226 4367 3509 4435 praefectu-

1922 4450 1996 4490 ra:
2025 4450 2091 4489 eo
2118 4435 2415 4509 traductam
2445 4436 2510 4509 ad
2557 4438 3006 4508 metropoliticam
3060 4440 3253 4493 nedum
3303 4451 3508 4509 septem

1921 4508 2341 4582 provinciarum,
2367 4508 2740 4582 sedetnniunt
2763 4511 2920 4566 etiam
2949 4509 3241 4568 Galliarum
3271 4508 3506 4582 dignita-

217 4582 422 4639 fuisset
444 4580 794 4673 'traductum.
824 4580 992 4665 Quid.
1023 4595 1151 4664 ergo
1198 4582 1391 4636 mirum
1412 4584 1479 4673 ‘si
1527 4582 1578 4665 i_n
1629 4586 1817 4669 notitia
1848 4612 1898 4673 υ
1926 4581 2400 4673 lettreveh‘crolur,
2435 4580 2889 4673 Vielllllalpfuni‘sse
2910 4580 3511 4673 .sedentvicariilprm-

212 4669 348 4724 qum
374 4656 524 4710 solas
556 4654 815 4724 cujusque
845 4653 1135 4723 provinciae
1162 4653 1490 4724 metropoles
1514 4654 1618 4708 ritu
1647 4656 1816 4712 veteri

212 4672 348 4724 qum
374 4672 524 4710 solas
556 4672 618 4708 cu
644 4672 815 4723 usque
845 4672 1135 4723 provmcue
1162 4672 1490 4724 metropmcs
1514 4672 1618 4708 ritu
1647 4672 1814 4712 veteri

212 4726 581 4852 gignaﬁnsiqla
621 4672 856 4792 JVienna,
906 4739 1012 4780 non
1060 4733 1237 4781 autem
1271 4724 1462 4781 Arelas
1501 4727 1814 4799 metropolis

255 4813 363 4852 one
414 4814 444 4852 e
543 4838 555 4851 .

253 4813 555 4868 ppettetur.

298 4870 390 4924 11.
436 4870 801 4942 llactenusea
837 4866 891 4922 in
930 4870 1197 4942 sententia
1241 4867 1404 4942 locuti
1452 4885 1665 4935 sumus,
1712 4886 1834 4942 qua

210 4939 348 4997 hac
385 4941 576 4996 notitia
609 4940 767 5012 paulo
799 4950 917 5009 post
947 4940 1155 5012 initium
1196 4940 1366 5011 quinti
1402 4941 1583 4998 smculi
1618 4939 1815 5012 scripta

209 5010 621 5082 praesumatur.’
644 5010 699 5067 Si
721 5011 1120 5083 verolproierre
1142 5010 1301 5068 liceat
1323 5014 1462 5083 quod
1489 5010 1816 5082 probabilius

206 5081 527 5149 credimus,
559 5085 694 5138 hanc
723 5081 963 5137 notitiam
1004 5084 1198 5138 saeculo
1230 5099 1258 5135 v
1292 5081 1613 5139 anteriOrem
1658 5095 1812 5152 puta-

207 5170 373 5209 mus.
409 5154 679 5210 Hactenus
706 5155 923 5226 quidem
954 5156 1209 5210 vetustior
1236 5153 1413 5210 babita
1445 5166 1549 5211 nun
1589 5156 1715 5225 fuit,
1747 5171 1812 5211 eo

204 5227 374 5297 quod
406 5225 740 5311 mentionem
781 5225 1179 5311 faciatseptem
1224 5226 1614 5311 provinciarum
1635 5242 1817 5311 ,‘qua-

203 5312 353 5353 rum
394 5299 712 5353 divisionem
746 5306 866 5367 post
896 5298 1100 5367 initium
1146 5299 1328 5353 saeculi
1360 5317 1389 5353 v
1420 5297 1611 5354 factam
1647 5297 1813 5356 fuisse

203 5370 373 5439 apud
407 5384 596 5424 omnes
624 5366 875 5441 obtinuit.
906 5366 1037 5423 Cum
1069 5383 1200 5424 vero
1227 5369 1325 5425 has
1356 5380 1559 5441 septem
1594 5372 1812 5441 provin~

202 5442 349 5496 cias
379 5443 480 5495 sub
508 5440 814 5497 Theodosio
849 5440 1214 5498 [constitutas
1251 5445 1424 5511 capite
1466 5440 1813 5499 anteCedenti

200 5511 813 5585 ostenderimus,nihil
845 5512 969 5585 hinc
997 5512 1371 5585 impedimenti
1391 5514 1652 5580 exoritur,
1681 5529 1814 5585 quo-

198 5586 418 5641 minus
460 5600 520 5640 ea
561 5584 747 5639 notitia
781 5584 981 5640 saeculo
1018 5598 1051 5638 v
1079 5586 1316 5639 anterior
1354 5584 1583 5655 judicari
1633 5584 1810 5655 queat.

196 5656 499 5714 Similiter
528 5656 658 5711 nihil
681 5658 831 5711 obest
856 5665 1084 5725 quatuor
1110 5656 1543 5726 Lugdunensium
1573 5657 1811 5727 partitio,

194 5729 438 5801 quippe
493 5742 650 5798 quam
701 5728 1000 5801 reperimus
1038 5728 1094 5801 in
1139 5727 1322 5783 libello
1375 5728 1766 5801 provinciarum
1798 5768 1811 5792 ,

192 5798 399 5872 duelli
421 5810 601 5872 antcv
625 5801 876 5872 saeruhlm
904 5798 1239 5872 lucubratum
1263 5798 1551 5872 cardinalis
1576 5799 1815 5872 Norisius

192 5868 477 5931 detendit
516 5870 747 5937 (Eooch.
795 5868 897 5935 Syr
968 5870 1169 5928 Maced.
1222 5872 1422 5927 dissert.
1461 5870 1493 5926 4
1532 5887 1577 5927 c.
1621 5870 1703 5931 1).
1749 5870 1817 5929 Ut

1924 4650 2045 4723 lecti
2073 4653 2348 4723 praetorio,
2373 4651 2627 4723 quamdiu
2657 4652 2745 4708 hic
2767 4653 3001 4711 Treviris
3033 4654 3200 4718 stetit,
3231 4664 3285 4711 et
3311 4650 3509 4713 idcirco

1920 4722 2083 4779 fuisse
2108 4722 2268 4778 etiam
2312 4722 2652 4795 metropolim
2684 4742 2787 4780 non
2820 4727 2992 4783 solum
3033 4742 3147 4783 sua:
3197 4730 3505 4794 provinciae,

1919 4810 2124 4870 verum
2134 4800 2297 4870 etiam
2330 4797 3012 4870 quinquelprovinciarum,
3045 4814 3165 4870 quot
3196 4811 3378 4867 postea
3422 4815 3508 4854 sc-

1920 4874 2064 4937 ptem
2096 4866 2426 4952 dicttn‘sunt,
2469 4866 2646 4952 colligi
2679 4866 3171 4952 posselvidetur'e}
3198 4866 3507 4950 vetustissi-

1921 4941 2222 5011 manotitia
2255 4938 2573 5006 Veronensi,
2607 4938 2659 4995 in
2682 4938 2789 5011 qua
2820 4941 3043 4998 dimcesis
3086 4940 3380 4993 Viennensis
3410 4957 3506 5007 ap-

1921 5010 2416 5082 pellanturseptem
2448 5010 2756 5081 provinciae,
2787 5012 2978 5082 quibus
3002 5011 3229 5066 vicarius
3258 5019 3503 5077 pra-erat.

1920 5080 2102 5151 Neque
2128 5081 2269 5137 enim
2317 5082 2531 5137 aliunde
2562 5084 2676 5138 hznc
2715 5080 2965 5139 dioécesis
3006 5099 3033 5136 a
3076 5082 3275 5151 Vienna
3308 5098 3505 5138 nomen

1917 5150 2143 5220 accepit,
2193 5153 2292 5207 nisi
2324 5154 2465 5224 quod
2515 5153 2711 5208 ibidem
2763 5156 2992 5211 vicarius
3036 5150 3271 5222 praefecti
3318 5152 3503 5208 sedem

1918 5223 2159 5279 haberet.
2181 5224 2257 5279 Ex
2287 5223 2368 5278 his
2400 5240 2561 5294 porro
2585 5226 2836 5281 omnibus
2866 5224 3031 5278 multo
3049 5226 3284 5289 apertius
3308 5239 3507 5291 cogno-

1918 5296 2107 5361 scitur,
2137 5312 2292 5367 quant
2321 5295 2443 5366 jure
2478 5296 2533 5352 S.
2565 5296 2675 5351 Leo
2703 5297 2997 5365 scripserit,
3034 5294 3254 5367 Vienna:
3295 5295 3506 5367 etAre-

1918 5368 2026 5440 lato
2063 5364 2335 5440 commune
2359 5371 2454 5440 jus
2490 5368 2749 5440 quondam
2785 5364 3011 5440 fuisse}
3041 5364 3272 5440 gentibus
3307 5366 3503 5440 (Epist.

1918 5437 2007 5495 66.
2040 5455 2084 5492 ο.
2117 5438 2195 5512 2).
2232 5436 2527 5512 Quondam,
2558 5439 2747 5512 inquit,
2776 5436 3507 5512 quiadiversistemporibus

1920 5454 2007 5495 oo.
2040 5455 2084 5492 c.
2117 5454 2195 5512 2).
2232 5454 2527 5506 Quondam,
2558 5454 2747 5565 m‘qutt,
2776 5454 2895 5508 quia
2923 5454 3154 5492 (llVel'SlS
3179 5454 3498 5506 temportous

1920 5512 2089 5567 altera
2122 5514 2278 5568 alteri
2312 5510 2580 5580 praestitit,
2650 5512 2802 5563 ienna
2820 5509 3034 5579 quidem
3056 5508 3337 5580 antiquiori
3363 5524 3498 5575 aevo,

1918 5597 2037 5638 cum
2065 5598 2175 5637 sua:
2200 5579 2487 5651 provinciae
2519 5581 2851 5651 metropolis,
2895 5592 2947 5636 et
2984 5579 3311 5650 probabilius
3339 5580 3503 5635 etiam

1919 5654 2102 5710 vicarii
2130 5654 2284 5710 sedes
2313 5654 2411 5710 fuit
2436 5671 2449 5711 :
2484 5652 2672 5709 Arelas
2706 5667 2835 5707 vero
2865 5661 3021 5709 aetate
3048 5654 3352 5723 posteriori,
3381 5668 3503 5709 cum

1918 5728 2060 5781 circa
2084 5742 2170 5781 an.
2195 5726 2301 5783 407
2334 5726 2665 5796 praelectum
2707 5723 2865 5781 sedes
2892 5739 3012 5780 esse
3043 5726 3225 5795 coepit.
3256 5723 3411 5781 Nunc
3438 5725 3505 5781 ad

1918 5798 2400 5872 ecclesiasticarum
2431 5796 2827 5867 provinciarum
2858 5804 2912 5854 et
2933 5796 3295 5869 Metropoleon
3316 5797 3508 5872 dispo-

1920 5869 2168 5926 sitionem
2194 5869 2533 5927 accedamus.
2848 5910 2849 5913 η
