3994 6310
556 235 659 298 0H

1028 232 1268 319 PASCll.
1312 228 1700 303 QUESNELLI
1740 227 2329 289 DISSERTATIONES
2363 227 2429 285 IN
2469 228 2527 286 S.
2570 226 2815 287 LEONlS
2855 228 3071 289 MAGNI
3108 231 3355 290 OPERA.

3715 239 3814 302 θη

557 365 695 413 totas
720 355 924 414 Gallias
946 397 958 419 .
988 354 1184 408 nedum
1222 360 1385 405 totam
1418 349 1774 405 Viennensem
1808 348 2139 417 provinciam
2170 352 2221 410 Α
2250 346 2408 403 Solus
2440 346 2713 403 Patroclus
2740 346 2839 401 sub
2864 345 3253 419 Zosimoﬁlitem
3279 348 3355 401 illi
3380 348 3675 419 intentavit,
3698 368 3811 413 eum

556 429 871 495 occupavit,
908 441 1006 479 nec
1039 426 1144 477 tilla
1181 424 1334 493 hujus
1374 423 1467 475 fuit
1509 425 1558 475 in
1591 433 1768 490 partes
1799 420 2140 495 scissioqua‘.

560 492 1135 565 Viennensipriuiatui
1182 492 1483 547 inducendu
1524 495 1880 565 occasionem
1909 492 2136 546 dederit.

554 572 767 627 Falsum
796 580 877 623 est
893 563 1068 622 etiam
1091 568 1400 621 Gallicanos
1427 568 1711 634 episcopos
1738 563 1940 628 jamdiu
1972 578 2141 629 expe-

555 643 703 697 tiisse
745 642 800 695 S.
850 641 1190 694 Atnbro~ium
1216 678 1230 702 ,
1278 647 1335 689 nt
1374 638 1439 690 de
1486 636 1862 705 episcoporum
1904 634 2140 689 dissidiis

555 715 693 769 lianc
723 714 791 768 ob
818 727 1031 767 causam
1059 711 1268 764 exortis
1299 712 1348 760 iu
1390 709 1661 762 Gallicana
1699 705 1907 777 synodo
1936 720 2134 774 cognoo

554 793 731 840 sceret
773 795 824 839 ct
862 784 1141 851 judicarct.
1177 780 1563 834 'l‘estimouium
1609 779 1751 832 enim
1797 777 1965 851 ipsius
2009 782 2137 831 Am-

555 858 741 917 brosii,
772 850 911 924 quod
938 853 1253 921 Quesnellus
1282 852 1473 920 allegat
1497 866 1561 903 ex
1585 866 1847 924 sermone
1874 853 1923 901 in
1954 850 2138 924 luncre

556 921 915 982 Valentiniani
961 926 1179 993 Augusti
1202 964 1215 985 ,
1248 940 1351 977 non
1386 926 1478 974 has
1506 939 1533 973 a
1562 922 1849 989 Quesnello
1883 921 2137 993 cotilictas

555 999 917 1054 dissensiones
969 990 1219 1062 respicit,
1263 994 1356 1048 sed
1404 996 1522 1046 illas
1566 1008 1594 1046 a
1651 994 1852 1048 Severo
1898 990 2139 1060 Sulpicio

557 1070 721 1139 (Hist.
750 1071 839 1124 lib.
874 1085 908 1123 ιι
937 1074 987 1121 tn
1010 1068 1133 1137 ﬁne,
1163 1078 1208 1119 et
1229 1066 1439 1139 Vitas.
1469 1063 1681 1139 Martini
1712 1063 1840 1117 dial.
1865 1066 1925 1139 _5,
1957 1080 2007 1115 η.
2047 1062 2135 1134 15)

554 1135 834 1203 iudicatas,
866 1135 1057 1208 quibus
1104 1136 1365 1193 Gallicani
1410 1139 1479 1189 ob
1518 1135 1814 1190 ltliacianos
1864 1135 1914 1208 in
1959 1142 2136 1208 partes

553 1212 738 1275 divisi,
770 1205 1000 1266 schisma
1044 1209 1311 1277 quoddam
1343 1208 1716 1270 confecerant,
1752 1205 1894 1277 quod
1928 1208 1977 1259 in
2022 1206 2133 1277 ipsa

553 1283 869 1338 Taurinensi
924 1276 1129 1353 synodo
1176 1288 1504 1353 memoratur
1551 1293 1679 1353 cau_._
1721 1276 1928 1353 6.__His
1975 1276 2135 1343 igitur

551 1355 822 1422 Quesnelli
859 1349 1181 1409 commentis
1210 1351 1535 1419 repudiatis,
1571 1350 1715 1404 nulla
1754 1349 1855 1422 alia
1886 1356 2136 1422 superest

550 1420 750 1494 {nquior
776 1442 934 1481 causa
962 1424 1313 1479 dissensionis
1335 1422 1402 1475 tle
1424 1423 1556 1494 jure
1574 1420 1967 1494 metropol‘itico
1996 1420 2135 1494 inter

550 1490 921 1553 Arelatensem
970 1504 1025 1551 et
1064 1490 1468 1557 Viennensem,
1511 1492 1611 1548 nisi
1658 1491 1783 1559 quia
1830 1490 1883 1544 in
1928 1493 2133 1545 recenti

550 1570 923 1637 metropoleon
947 1567 1430 1623 ecclesiasticarum
1460 1561 1991 1637 institutionepaulo
2008 1572 2134 1637 ante

551 1655 669 1695 eam
705 1633 967 1711 synodum
1007 1653 1103 1707 pro
1133 1638 1244 1693 suis
1271 1638 1499 1707 quisque
1536 1634 1898 1706 praeregativis
1928 1633 1996 1688 ad
2028 1634 2133 1703 pri-

550 1722 751 1767 tnatunt
777 1711 1069 1766 contendit.

1116 1794 1306 1835 recens
1333 1778 1600 1833 institutio
1628 1776 1926 1832 evidentior
1952 1775 2040 1831 ﬁet
2065 1792 2129 1832 ex
2164 1748 2209 1807 Β

548 1854 704 1910 tertia
742 1855 1040 1923 qumstione
1071 1853 1138 1906 ab
1167 1852 1354 1907 eodem
1386 1849 1613 1923 concilio
1642 1848 1960 1923 Taurinensi
2000 1848 2133 1923 deli-

548 1929 657 1981 nita
686 1918 805 1979 can.
840 1927 893 1979 5.
930 1926 1169 1992 Quatuor
1198 1924 1468 1991 episcopi,
1500 1918 1755 1975 Octavius
1777 1960 1789 1982 ,
1828 1919 1996 1984 Urso,
2026 1919 2131 1973 Re-

547 1998 741 2066 migius
769 2006 827 2052 et
850 1996 1129 2061 Tril‘erius,
1164 1996 1253 2064 qui
1281 1993 1689 2066 innsurpatione
1709 1992 1935 2066 «modum
1966 1992 2036 2066 d_e_
2055 2006 2132 2044 or-

547 2062 807 2123 dinatione
827 2069 1147 2123 sacerdotum
1168 2062 1235 2119 ad
1250 2065 1493 2118 invidiam
1516 2065 1843 2126 vocabantur,
1859 2062 2133 2132 simplices

550 2140 730 2209 utique
770 2138 1046 2209 episcopi,
1080 2153 1183 2193 non
1216 2145 1392 2191 autem
1430 2134 1830 2209 metropolitani
1859 2144 2031 2209 erant.
2066 2134 2131 2188 Hi

548 2206 726 2264 autem
759 2206 818 2264 se
851 2211 922 2265 ob
956 2206 1099 2265 hanc
1136 2224 1353 2263 causam
1401 2222 1503 2261 non
1544 2206 1981 2260 condemnandos
2010 2220 2131 2274 pro-

548 2280 777 2345 barunt,
817 2282 951 2351 quod
994 2283 1219 2335 dicerent
1266 2281 1404 2349 prius
1444 2295 1497 2333 se
1546 2294 1645 2331 non
1684 2294 1793 2351 esse
1840 2286 2127 2351 conventas.

546 2352 696 2408 Hanc
740 2348 1139 2408 exctisationem
1186 2348 1273 2406 ob
1305 2360 1455 2404 actus
1498 2349 1796 2418 przcteritos
1843 2348 2128 2402 concilium

548 2427 754 2494 acet-pit
778 2469 790 2491 ,
829 2441 895 2479 ne
931 2440 1024 2479 eos
1056 2425 1161 2478 ulla
1203 2436 1358 2493 poena
1398 2422 1696 2494 tnnlctarct.
1730 2420 1892 2494 Igitur
1918 2420 2134 2494 ordina-

547 2492 723 2551 tiones
750 2498 1123 2566 episcoporum
1144 2537 1157 2559 ,
1191 2510 1309 2564 quae
1336 2503 1458 2547 ante
1488 2492 1826 2566 interdictum
1862 2492 2019 2561 hujus
2043 2506 2133 2560 sy-

546 2569 671 2621 nodi
713 2563 1170 2635 nnllam'pmnam
1210 2563 1527 2618 meruerunt
1553 2604 1567 2627 ,
1614 2574 1738 2616 ante
1780 2563 1880 2614 hoc
1924 2573 2131 2635 tempus

544 2640 741 2693 nullius
770 2640 910 2692 sedis
933 2633 1037 2708 juri
1061 2646 1215 2692 erant
1242 2636 1471 2708 alligata:
1494 2635 1611 2703 lege
1636 2635 1719 2688 vel
1742 2633 2132 2708 consuetudine

546 2712 689 2773 tilla;
726 2711 856 2763 alias
894 2706 969 2764 illi
1012 2710 1139 2764 satis
1166 2724 1232 2763 ex
1265 2706 1366 2761 hoc
1411 2707 1478 2760 de
1516 2706 1863 2774 usurpatione
1906 2706 2132 2759 conventi

543 2780 787 2835 fuissent.
815 2780 979 2851 Igitur
1002 2781 1132 2835 nulli
1161 2780 1289 2834 certi
1318 2776 1671 2851 metropolita;
1702 2786 1850 2830 erant
1876 2787 2003 2851 ante
2031 2776 2131 2831 hoc

543 2848 973 2918 eontiliunﬁsed
1005 2852 1183 2906 induci
1215 2859 1494 2919 cmpcrunt
1524 2849 1754 2913 sensim;
1784 2848 2004 2902 vetitum
2032 2864 2129 2902 au-

547 2934 651 2977 tem
681 2925 883 2978 eisdem
925 2924 1194 2994 episcopis
1226 2921 1323 2975 fuit
1352 2936 1420 2975 ne
1450 2920 1577 2994 quid
1620 2920 1796 2973 simile
1824 2920 1897 2994 Ade
1936 2928 2132 2994 caetero

543 2996 643 3051 sibi
688 2992 1030 3065 arrogaretit,
1073 2996 1196 3064 quia
1238 2992 1773 3065 ntetrOpoliIanorum
1822 2992 2124 3065 institutio,

541 3082 662 3135 qua:
713 3061 867 3135 paulo
912 3077 1038 3123 ante
1078 3061 1258 3121 induci
1305 3066 1498 3133 C(Bpit,
1550 3065 1617 3117 ab
1659 3061 1847 3117 eodem
1898 3062 2128 3117 concilio

539 3130 854 3193 conﬁrmata
905 3139 1024 3193 fuit.
1080 3138 1187 3191 llas
1248 3130 1437 3190 omnes
1487 3136 1891 3189 observationes
1930 3136 1981 3188 iu
2031 3136 2126 3189 tria
2157 3130 2199 3193 C

541 3214 718 3277 priora
749 3212 961 3265 eoncilii
999 3209 1350 3265 Taurinensis
1389 3208 1559 3275 capita
1602 3206 1646 3260 si
1688 3206 1740 3259 itt
1785 3220 2129 3277 unntnrcom-

541 3276 823 3349 plcetari‘s,
852 3292 1053 3336 etcum
1086 3281 1148 3334 iis
1173 3281 1363 3349 jungas
1402 3296 1519 3347 qua!
1558 3294 1624 3333 ex
1666 3278 1896 3332 concilio
1932 3276 2127 3331 Valen-

541 3353 657 3405 tino
677 3352 1173 3416 auimadvertimus,
1197 3352 1260 3404 ad
1286 3349 1707 3418 persuadeudam
1734 3363 1905 3401 seram
1928 3357 2128 3402 metro-

540 3425 825 3484 politarntn
858 3422 1246 3476 institutionem
1290 3426 1339 3474 in
1370 3421 1557 3473 Galliis
1597 3418 1727 3472 nihil
1773 3419 2124 3473 desiderabis.

618 3495 695 3547 l2
731 3496 838 3547 liae
868 3504 1043 3546 autent
1071 3494 1240 3561 prima
1264 3493 1560 3559 quzl‘sllOtle
1587 3490 1855 3556 expedita,
1881 3500 2129 3558 superest

544 3564 732 3627 altera,
777 3580 900 3617 nunt
940 3564 1003 3616 ad
1052 3564 1448 3631 provinciarum
1486 3576 1548 3614 ac
1587 3564 1952 3631 ntelropoleun
1998 3562 2128 3615 civi-

540 3634 668 3689 lium
720 3638 946 3689 l'ortnam
994 3630 1371 3688 ecclesiastica:
1434 3630 1848 3685 accommodatae
1894 3630 2127 3699 fuerint,

542 3722 641 3760 nec
674 3722 759 3759 ne.
797 3705 890 3758 llic
914 3722 1018 3759 non
1049 3708 1305 3773 qtneritur
1328 3703 1395 3757 de
1417 3718 1481 3756 eo
1510 3702 1648 3771 quod
1679 3716 1837 3755 cursu
1872 3706 2128 3767 temporis

540 3779 755 3830 accidit.
785 3778 1005 3829 Certum
1047 3785 1129 3829 est
1164 3774 1304 3828 enim
1350 3774 1583 3843 sequiori
1624 3783 1780 3827 (etate
1818 3774 1883 3827 ad
1918 3776 2125 3829 civilem

541 3848 655 3902 fere
701 3848 926 3901 fortnam
967 3850 1017 3900 in
1062 3846 1247 3901 Galliis
1286 3845 1680 3903 ecclesiasticas
1727 3846 2025 3913 provincias
2075 3856 2129 3901 et

540 3920 871 3989 ntelropoles
920 3918 1132 3989 1039
1176 3926 1392 3989 exactas
1437 3915 1698 3989 inveniri;
1756 3917 1895 3985 quod
1950 3926 2124 3973 tamen

538 3988 866 4058 ipsumtunc
890 3988 1144 4054 obtinuit,
1174 4006 1294 4043 curn
1328 3988 1571 4042 Romano
1598 3988 1822 4057 imperio
1853 3989 1904 4041 in
1938 3989 2125 4045 iisdem

538 4062 725 4116 Galliis
774 4062 1081 4126 exstincto,
1125 4070 1278 4115 vetus
1321 4060 1683 4114 Romanarum
1732 4060 2124 4128 provinciarum

536 4132 736 4199 ferina,
778 4134 993 4188 nomine
1034 4142 1237 4187 tantum
1285 4140 1525 4196 retento,
1561 4130 1781 4185 confusa
1812 4148 2033 4197 irrorsus
2062 4149 2123 4190 ac

538 4206 743 4260 sublata
779 4204 971 4259 fuerat.
1010 4209 1081 4259 lle
1104 4205 1269 4259 initiis
1290 4204 1603 4274 qu;eritutts,
1629 4218 1749 4257 eum
1772 4203 1914 4259 civili
1937 4204 2121 4272 diapo-

534 4278 729 4330 silione
756 4282 964 4345 vigente
990 4277 1374 4332 ecclesiastica:
1408 4275 1693 4344 provincia:
1716 4284 1769 4329 et
1798 4277 2123 4345 tnetrnpoles

534 4347 767 4402 inducta:
791 4348 1023 4402 luerunt.
1060 4349 1163 4401 llas
1190 4347 1407 4417 quidem
1435 4346 1577 4401 civili
1605 4348 1791 4401 formae
1814 4363 2121 4402 accommo~

533 4418 686 4471 datas
718 4420 1006 4484 Qttesnello
1035 4435 1345 4485 persuasum
1374 4418 1472 4471 fuit
1502 4435 1513 4469 :
1549 4433 1666 4471 nam
1702 4426 1837 4485 part.
1869 4435 1908 4485 ι,
1944 4435 1990 4473 c.
2032 4420 2116 4487 12,

529 4489 717 4542 scribit
751 4506 763 4539 :
801 4489 926 4542 Cum
963 4490 1311 4543 ecclesiasticw
1349 4491 1634 4555 disciplina:
1664 4488 1996 4558 fundamenta
2030 4510 2119 4560 p0-

530 4560 629 4612 sita
670 4561 1249 4632 sunt,constitntusque
1288 4562 1414 4613 ordo
1445 4563 1763 4624 lucrare/tite,
1796 4563 1863 4614 ad
1903 4565 2118 4632 formam

533 4631 725 4696 palilia:
746 4630 904 4697 civilis
928 4632 1147 4683 ordinati
1169 4642 1281 4683 sunt
1310 4632 1635 4684 rcrlrsiastici
1661 4634 1870 4699 gradus,
1894 4630 2117 4687 stabilita

531 4702 728 4754 sediizm
748 4701 1119 4774 epist-aprilium
1148 4702 1398 4774 dignitas,
1431 4703 1871 4774 metropolilarum
1899 4716 2118 4774 potestas

532 4783 716 4826 erecta.
745 4771 883 4825 Nihil
922 4773 1219 4827 evidentius
1264 4772 1473 4825 lalsunt.
1502 4773 1559 4827 Si
1605 4774 1745 4825 enini
1792 4771 1906 4827 ιιςιείέ
1946 4776 2115 4833 civilis

530 4842 700 4917 farina
726 4845 1007 4917 observata
1038 4844 1243 4917 luisset,
1269 4845 1439 4898 divisa
1467 4844 1598 4913 jam,
1630 4845 1699 4917 uti
1728 4859 1777 4917 c.
1803 4849 1835 4900 5
1860 4846 2110 4917 vidimus,

528 4916 695 4969 solida
730 4915 1058 4969 Narbonensi
1103 4917 1153 4967 in
1191 4914 1587 4980 Viennensem,
1633 4914 1683 4968 in
1730 4916 1862 4969 duas
1904 4914 2111 4973 Narbo;

528 5002 747 5051 nenses,
776 4989 829 5039 in
866 4989 1028 5059 Alpes
1056 4987 1351 5041 maritimas
1378 4997 1431 5040 et
1461 4989 1513 5041 in
1554 4988 1716 5055 Alpes
1752 4988 1961 5054 Graias,
1994 5007 2111 5059 qua:

525 5068 811 5128 postrema:
852 5056 1038 5113 Galliis
1087 5059 1302 5127 proprie
1348 5058 1505 5111 dictis
1540 5064 1820 5127 assignato:
1861 5056 2067 5116 fuerunt
2092 5105 2106 5129 ,

528 5129 746 5183 totidem
780 5130 1064 5199 provincite
1094 5130 1471 5185 ecclesiastica:
1501 5145 1563 5184 ac
1600 5134 1952 5200 tut-trepolitzc
1985 5136 2105 5188 toti—

526 5200 647 5253 dem
680 5202 953 5257 Constituti
986 5202 1211 5256 lttissent
1253 5202 1304 5255 in
1343 5203 1529 5272 quavis
1578 5200 1764 5256 ltarnm
1801 5206 2103 5271 provincia-

524 5286 643 5325 rutn
688 5274 991 5341 metropoli.
1036 5273 1086 5327 Id
1130 5286 1305 5328 tamen
1350 5288 1453 5328 non
1492 5274 1667 5328 evenit
1716 5291 1729 5328 :
1772 5288 1920 5330 certe
1959 5282 2102 5332 enim

522 5342 888 5399 Narbonensis
922 5344 1174 5409 secunda,
1210 5347 1371 5415 Alpes
1401 5345 1685 5399 maritima:
1711 5356 1765 5399 et
1794 5347 1968 5401 Graia:
1994 5350 2105 5404 diu-

525 5416 631 5469 tius
671 5418 887 5485 proprio
927 5419 1338 5484 metropolitano
1379 5425 1649 5481 eXpertes,
1686 5419 1983 5473 Arelatensi
2016 5422 2097 5476 vel

522 5485 813 5542 Viennensi
846 5490 1198 5558 metropolitte
1228 5490 1485 5558 subjecta:
1516 5487 1749 5542 fuerunt.
1780 5487 1912 5543 Cum
1938 5505 2098 5558 porro

521 5559 665 5613 nulla
701 5576 950 5632 umquam
991 5566 1217 5630 qtttcstio
1260 5562 1417 5614 luerit
1457 5574 1576 5612 cum
1619 5558 1953 5632 Narbonensi
1981 5568 2097 5632 epi-

518 5642 682 5701 scopo
716 5640 838 5686 ante
870 5630 1170 5685 Patroclum
1204 5632 1572 5685 Arelatensem
1595 5672 1609 5695 ,
1646 5630 1743 5703 ille,
1768 5634 1987 5699 paciﬂee
2013 5630 2101 5703 jus

516 5713 675 5755 suum
699 5706 747 5757 iu
775 5706 1046 5773 provincia
1076 5705 1404 5757 Narbonensi
1439 5704 1607 5770 prima
1638 5702 1935 5758 obtinuisse
1956 5706 2101 5760 vide-

516 5779 612 5833 ω
632 5811 651 5840 ,
676 5776 816 5844 quod
846 5786 898 5831 et
934 5777 1208 5845 privilegio
1243 5773 1539 5842 apostolico
1576 5773 1949 5831 conﬁrmatum
1978 5777 2103 5834 fuit.

2249 428 2424 473 tamen
2460 434 2617 473 nemo
2644 429 2758 472 ante
2789 419 3036 473 eumdem
3061 418 3357 474 Patroclum
3388 422 3437 475 in
3466 422 3587 491 ejus
3610 430 3810 491 provin-

2245 492 2327 545 cia
2351 491 2546 560 aliquid
2571 491 2677 545 sibi
2703 501 3025 560 arrogasset,
3060 501 3116 546 ut
3141 508 3205 546 es
3238 494 3417 548 Leone
3441 496 3803 555 intelleximus.

2247 561 2302 615 lit
2336 564 2433 616 hac
2467 565 2645 632 itaque
2674 563 2942 631 provincia
2964 564 3028 617 ad
3058 564 3270 619 civilem
3302 565 3704 631 ἀίδιιαδίιίοηρηι
3726 587 3806 624 ec-

2243 633 2541 705 clesiastica
2570 644 2747 701 aptata
2786 633 2903 687 fuit.
2936 636 3007 689 At
3046 651 3149 689 non
3181 638 3250 689 ita
3279 635 3333 689 in
3368 638 3638 705 provincia
3668 641 3806 697 Vien-

2245 705 2419 760 nensi.
2448 703 2579 760 Cum
2607 707 2750 761 enim
2789 721 2856 759 eo
2897 716 3139 774 tempore
3170 722 3276 775 quo
3309 703 3515 763 institui
3547 724 3805 778 coeperunt

2245 778 2681 845 metrOpolitani,
2728 778 2841 831 sola
2882 778 3080 832 Vienna
3127 787 3272 833 esset
3318 779 3489 833 civilis
3540 786 3801 847 provincia:

2242 849 2585 917 metropolis,
2620 858 2678 904 ut
2707 864 2771 904 es
2812 850 3095 918 disputatis
3132 852 3306 917 Capite
3344 852 3674 909 antecedenti
3707 872 3801 910 ina.

2243 918 2495 973 niteatum
2527 930 2627 989 est,
2663 923 2706 974 si
2738 934 2803 975 es
2831 922 2974 991 reivili
3006 923 3361 991 tliSpOs‘ltiune
3388 933 3598 989 sumpta
3638 926 3800 983 fuisset

2242 990 2604 1067 ecclesiastica
2642 990 2949 1067 dispositio,
2981 990 3404 1067 spli’Viennensi
3436 997 3685 1065 episcopo
3710 1001 3800 1067 pri-

2243 1071 2417 1117 matus
2439 1064 2753 1118 tribuendus
2773 1062 2965 1119 fuerat.
2994 1064 3210 1120 Certum
3240 1062 3590 1121 nihilominus
3609 1062 3686 1123 est
3707 1062 3797 1126 iam

2241 1131 2599 1206 Viennensem
2642 1144 2750 1206 tum
2793 1134 3165 1191 Arelatensem
3205 1139 3520 1205 episcopum
3563 1150 3677 1206 pust
3708 1141 3795 1195 Va-

2240 1202 2493 1259 lentinam
2514 1248 2527 1271 ,
2561 1207 2637 1261 uti
2666 1205 2926 1270 vid2mus,
2956 1208 3216 1278 synodum
3240 1202 3340 1263 'an.
3371 1208 3498 1271 574,
3529 1202 3795 1267 ordinatio-

2240 1290 2336 1349 nes
2389 1278 2761 1347 episcoporum
2814 1281 3122 1334 exercuisse
3187 1278 3241 1334 in
3311 1281 3503 1335 eadem
3558 1283 3793 1349 provincia

2240 1346 2550 1423 Viennensi,
2579 1346 2746 1423 idque
2776 1364 2871 1418 pro
2890 1350 3017 1423 jure
3056 1350 3279 1420 quisth
3319 1365 3418 1406 suo
3448 1346 3571 1407 esse
3601 1354 3791 1423 putavit,

2239 1432 2347 1474 non
2381 1435 2444 1474 ex
2476 1420 2828 1489 dispositione
2854 1420 3030 1485 civili,
3061 1437 3180 1491 qua:
3208 1422 3374 1476 Solam
3410 1420 3663 1479 Viennam
3693 1420 3791 1481 tunc

2238 1492 2562 1558 agnoscebat
2590 1492 2957 1565 metropolim,
2990 1494 3083 1565 sed
3122 1508 3187 1547 ex
3230 1493 3611 1549 ecclesiasticis
3645 1498 3790 1565 cujus-

2238 1575 2341 1633 que
2370 1563 2771 1633 praerogativis,
2798 1578 2931 1633 quas
2958 1564 3290 1633 potissimum
3321 1564 3373 1618 in
3402 1563 3712 1622 Taurinensi
3731 1570 3770 1622 al

2237 1630 2511 1701 legarttnt;
2542 1630 2597 1689 et
2627 1630 2828 1689 harum
2860 1630 3076 1705 quidem
3124 1645 3306 1691 natura
3348 1636 3552 1691 ibidem
3593 1654 3787 1704 expensa

2238 1717 2359 1777 cum
2396 1705 2659 1761 incertum
2698 1706 3023 1762 reddidisset
3058 1716 3176 1762 utra
3214 1708 3456 1763 Ecclesia
3508 1708 3653 1763 alteri
3682 1726 3790 1777 prata

2237 1776 2535 1847 emineret.
2564 1785 2725 1847 atque
2747 1777 2971 1833 aliarum
3004 1779 3362 1834 Ecclesiarum
3390 1787 3569 1835 mater
3593 1776 3783 1836 senate-

2239 1846 2462 1922 tropolis
2492 1846 2666 1922 esset,
2694 1849 2935 1918 ejusdem
2976 1850 3165 1922 synodi
3194 1850 3380 1922 Patres
3409 1852 3460 1905 in
3505 1851 3600 1907 hoc
3626 1853 3788 1907 incerto

2232 1916 2353 1987 jure
2376 1921 2701 1993 provinciam
2726 1916 2870 1976 inter
2896 1936 2991 1977 eos
3006 1916 3302 1993 episcopos
3327 1920 3665 1977 dividendam
3689 1938 3785 1977 sua-

2236 2002 2443 2044 serunt.
2472 1990 2621 2058 Quod
2648 2000 2826 2046 autem
2861 1990 3086 2048 subinde
3113 2008 3140 2046 a
3168 1993 3387 2048 Zosinto
3425 1993 3688 2049 decretum
3713 1995 3785 2049 fuit

2237 2074 2335 2130 pro
2361 2063 2615 2133 episeopo
2646 2064 2968 2129 Arelatensi,
3004 2064 3135 2119 nihil
3164 2066 3334 2134 cegit,
3370 2080 3505 2119 cum
3529 2081 3556 2121 a
3585 2066 3783 2120 Patroclo

2236 2146 2331 2201 per
2356 2134 2754 2201 subreptionem
2774 2176 2789 2199 ,
2819 2144 2878 2189 ut
2906 2135 3139 2190 vidimus
3157 2178 3172 2201 ,
3206 2145 3493 2190 extortum
3528 2138 3682 2191 fuerit.
3706 2136 3783 2191 Po-

2239 2204 2550 2278 tiusgcogit,
2585 2206 2725 2275 quod
2766 2208 3099 2263 consideratis
3133 2207 3535 2278 allegationibus
3569 2209 3782 2278 utriusque

2238 2276 2398 2343 partis
2419 2278 2746 2345 prwsentium
2769 2279 3069 2333 clericorum
3094 2276 3318 2335 testatur
3335 2277 3394 2333 S.
3419 2278 3538 2335 Leo
3555 2283 3679 2344 epist.
3701 2276 3775 2343 66,

2235 2360 2285 2400 c.
2317 2349 2351 2401 2
2372 2390 2385 2413 ,
2416 2348 2489 2401 ita
2514 2364 2711 2415 semper
2736 2349 2871 2403 intra
2900 2352 3213 2416 provinciam
3246 2352 3464 2404 vestram
3504 2363 3547 2405 et
3577 2350 3782 2405 Vtinam-

2234 2433 2338 2490 sem
2366 2427 2412 2472 et
2442 2418 2789 2474 Arelatensem
2816 2421 3043 2476 civitates
3072 2422 3239 2477 claras
3277 2423 3475 2488 fuisse,
3510 2433 3561 2476 ut
3582 2438 3782 2490 quarum-

2237 2488 2355 2542 dam
2376 2506 2650 2544 cattsarum
2676 2491 3101 2560 alterna,ratione
3122 2510 3257 2548 nunc
3282 2494 3373 2547 illa
3396 2495 3453 2547 in
3482 2488 3789 2547 ecclesiastico

2234 2561 2515 2635 privilegiis
2532 2603 2547 2627 ,
2573 2578 2705 2617 me
2734 2565 2835 2635 ista
2860 2566 3191 2635 praecelleret.
3232 2566 3363 2633 Qua:
3390 2580 3521 2619 cun
3549 2567 3776 2634 antiquum

2238 2634 2514 2699 utriusque
2542 2633 2868 2689 exercitium
2894 2646 2950 2692 et
2978 2638 3128 2706 quasi
3167 2636 3570 2705 possessionem
3598 2633 3776 2690 ἀειηοιιο

2235 2714 2517 2768 strassent,
2546 2720 2611 2777 es
2641 2721 2742 2775 qua
2776 2708 2948 2762 neutri
2978 2708 3263 2777 primatum
3304 2706 3509 2763 deferri
3544 2716 3627 2762 aut
3648 2706 3774 2761 adimi

2236 2787 2435 2848 posset,
2473 2778 2525 2829 in
2559 2776 3219 2835 Tauriueusium’Patrtsm
3252 2780 3577 2834 sententiam
3600 2780 3779 2848 provin-

2234 2846 2545 2921 ciamiinter
2575 2848 2728 2921 ipsos
2768 2849 2975 2917 divisit;
3011 2850 3153 2921 quod
3193 2850 3471 2920 posterius
3496 2846 3769 2921 custoditum

2232 2915 2351 2971 fuit.
2386 2920 2457 2973 Ita
2484 2915 2655 2973 civilis
2681 2915 3072 2989 provinciarum
3103 2915 3296 2979 divisio
3316 2924 3368 2976 in
3395 2924 3513 2991 ipsa
3539 2917 3771 2977 Viennensi

2236 2990 2507 3114 provincia
2546 2992 3029 3049 ecclesiasticarum
3069 2990 3473 3064 provinciarum
3503 3008 3665 3049 norma
3686 3004 3769 3046 non

2259 3071 2354 3114 un.

2259 3071 2354 3115 llll.

2306 3132 2393 3188 15.
2428 3134 2504 3189 Et
2538 3133 2621 3189 his
2658 3146 2836 3191 autem
2875 3137 2982 3192 duo
3020 3136 3307 3192 corollaria
3350 3138 3603 3193 adversus
3639 3135 3775 3201 Ques-

2234 3205 2433 3279 nellnm
2456 3206 2637 3279 colligi
2664 3219 2897 3279 queunt.
2934 3210 3113 3263 Primo
3146 3226 3267 3263 cum
3309 3209 3681 3279 metropolitani
3707 3220 3775 3279 ec:

2232 3276 2515 3350 clesiastiei
2559 3275 2609 3331 in
2650 3275 2836 3335 Galliis
2876 3281 3111 3335 nondum
3156 3280 3258 3333 sub
3293 3275 3580 3336 Valentiam
3615 3275 3776 3350 synodi

2235 3356 2444 3419 tempus
2480 3348 2681 3404 fuerint
2708 3351 3002 3415 constituti,
3030 3367 3091 3406 ac
3117 3351 3317 3406 ideirco
3344 3352 3461 3419 ipse
3488 3348 3775 3406 Arelatensis

2232 3418 2515 3492 episcopus
2541 3436 2635 3489 per
2662 3422 2717 3475 id-
2754 3433 2962 3492 tempus
2997 3423 3225 3489 primum
3250 3418 3427 3478 locum
3457 3438 3553 3475 non
3578 3420 3778 3474 tenuerit

2231 3488 2282 3543 iu
2330 3506 2395 3544 eo
2420 3488 2677 3557 cuneilio,
2710 3495 2851 3562 quod
2867 3488 2935 3548 ’in
2974 3488 3260 3549 νίς-τινεηεί
3288 3495 3431 3563 ejus,
3468 3502 3519 3546 ut
3542 3492 3626 3544 ille
3661 3506 3779 3563 con-

2233 3563 2421 3633 tendit,
2463 3561 3000 3631 proviitcia’coacttnn
3033 3565 3230 3628 ftterat,
3266 3561 3446 3619 falsam
3476 3561 3771 3633 agnoscitur,

2231 3632 2371 3706 quod
2401 3634 2676 3688 Patroclus
2707 3646 2761 3688 et
2794 3638 3027 3691 fautores
3061 3638 3177 3706 ejus
3213 3636 3418 3691 Zosiuto
3446 3632 3775 3706 ingesserunt.

2230 3703 2600 3759 Arelatensem
2637 3710 2929 3761 antistitem
2957 3711 3026 3763 ob
3052 3703 3107 3762 δῖ
3144 3710 3416 3778 'l‘mpliimi
3453 3703 3776 3778 reverentiam

2234 3778 2519 3855 primatum
2548 3794 2741 3849 semper
2765 3779 3095 3855 obtinuisse;
3125 3773 3268 3851 quod
3295 3780 3395 3855 etsi
3428 3778 3490 3833 de
3516 3773 3776 3855 jure_ordi-

2230 3848 2503 3918 nationum
2544 3848 2803 3903 aesertunt
2842 3853 2937 3918 sit,
2974 3867 3043 3905 ex
3075 3848 3335 3917 ejusmodi
3370 3861 3543 3905 tamen
3574 3848 3773 3916 primatu

2230 3917 2282 3993 in
2314 3918 2711 3993 ordinationem
2733 3922 2875 3990 jure,
2912 3917 3171 3990 primatus
3202 3925 3363 3977 etiam
3388 3923 3441 3976 in
3470 3918 3674 3993 synodis
3696 3932 3774 3971 ea-

2229 3989 2349 4043 dem
2379 3989 2448 4043 de
2486 4006 2643 4045 causa
2695 4006 2843 4047 ortus
2884 3989 3088 4049 luisset.
3125 3994 3391 4049 Praeterea
3438 3989 3515 4047 ρι’
3542 4002 3639 4045 tant
3676 4001 3774 4043 sera

2229 4060 2565 4135 institutione
2611 4064 2976 4135 tnetropoleon
3026 4066 3075 4119 itt
3122 4065 3312 4121 Galliis
3339 4066 3603 4133 colligitur
3628 4060 3771 4115 eccle-

2228 4132 2497 4206 siasticam
2528 4132 2898 4191 Arelatensem
2930 4138 3268 4205 metropolim
3298 4149 3416 4206 post
3446 4132 3665 4191 medium
3689 4145 3771 4184 sa:-

2227 4204 2404 4258 culum
2436 4221 2484 4257 tv
2509 4208 2740 4274 cupisse
2764 4208 2989 4272 institui,
3015 4204 3136 4263 cum
3168 4204 3569 4263 Narbonensem
3595 4216 3773 4275 quoque

2226 4277 2536 4349 episcopum
2585 4280 2634 4349 in
2674 4278 3003 4334 Narbonensi
3046 4282 3215 4349 prima
3244 4282 3331 4349 jus
3359 4277 3777 4348 metropolitictus

2226 4347 2570 4424 exercuisse,
2602 4348 2930 4424 Quosnellus
2973 4347 3260 4424 occasione
3300 4352 3400 4420 (uti
3449 4347 3771 4424 putat)_notte

2226 4418 2502 4473 divisionis
2535 4420 2755 4475 inliciari
2791 4440 2891 4475 non
2923 4423 3134 4478 audeat.
3168 4424 3289 4477 Non
3310 4418 3605 4493 idiﬁtentur,
3635 4418 3773 4486 inquit

2225 4500 2361 4565 part.
2394 4507 2451 4553 tt,
2482 4506 2601 4565 cap.
2636 4494 2667 4565 5
2694 4533 2707 4557 ,
2739 4496 3031 4565 episcOpum
3065 4494 3457 4549 Narbonensem
3485 4495 3668 4560 aliquot
3700 4504 3774 4540 ση-

2224 4564 2302 4614 nis
2341 4563 2708 4628 metromlitico
2746 4563 2869 4636 jure
2910 4563 3128 4635 potitum
3168 4583 3277 4620 esse
3316 4569 3366 4619 in
3427 4566 3773 4619 Narbon

2225 4635 2536 4702 provinciam
2554 4636 2715 4701 prima
2739 4635 2809 4689 η..
2825 4676 2860 4690 ..
2888 4638 3155 4691 occasione
3174 4653 3315 4691 nam
3337 4636 3620 4700 divisionis,
3642 4645 3769 4702 quatit

2221 4700 2339 4779 ante
2367 4700 2636 4779 dimidium
2670 4708 2875 4779 1041
2902 4711 3066 4778 quarti
3096 4710 3271 4763 siccati
3312 4710 3505 4763 iactam
3538 4700 3685 4761 fuisse
3711 4700 3774 4754 al-

2222 4776 2451 4830 ﬁt'matit
2480 4792 2599 4845 cap.
2636 4776 2987 4834 armantem
3031 4782 3127 4834 sub
3169 4782 3311 4836 idem
3347 4783 3565 4835 circiter
3595 4788 3770 4843 tempus

2220 4850 2551 4921 Arelatensis
2586 4857 2639 4902 et
2666 4848 3030 4905 Narbonensis
3066 4853 3305 4921 episeopi
3347 4849 3768 4921 uietropolitimlm

2213 4920 2303 4996 jus
2328 4926 2698 4996 Aevercebant,
2736 4938 3037 4996 perperam
3071 4920 3593 4996 igituri'Quesnellus
3636 4920 3771 4996 jactat

2220 4991 2619 5045 Narbonensem
2664 4991 2973 5062 episcopum
3027 4991 3098 5047 in
3129 4995 3462 5049 Narbonensi
3512 4994 3669 5059 prima
3703 4991 3772 5056 jus

2217 5064 2316 5136 sibi
2347 5077 2634 5136 usurpasse
2662 5067 2932 5133 proprium
2963 5067 3313 5129 Arelatensis,
3346 5082 3411 5119 ac
3436 5068 3481 5118 si
3522 5064 3771 5136 Arelaten-

2216 5135 2293 5189 sis
2323 5145 2448 5189 ante
2477 5130 2875 5191 Narbonenseni
2904 5138 3041 5191 idem
3069 5138 3155 5204 jus
3182 5138 3629 5205 ηιθιι-υνυιιιιοιιιιι
3658 5130 3772 5183 obti-

2218 5207 2443 5261 nuissel.
2486 5205 2619 5260 Hinc
2648 5209 2807 5261 etiam
2841 5208 3153 5277 intelligitur
3178 5220 3391 5263 veterem
3418 5209 3565 5261 illaut
3592 5214 3772 5277 consqu

2216 5278 2483 5349 tudincnr,
2528 5287 2575 5329 et
2606 5279 2826 5345 priscam
2861 5281 3232 5332 institutionem
3287 5296 3448 5349 quam
3506 5278 3772 5333 Arelatem

2217 5348 2395 5403 tribuit
2425 5346 2691 5414 Zosimus,
2721 5358 2779 5403 ιιι
2806 5349 3205 5405 Narbonensem
3235 5346 3553 5406 recentioris
3584 5357 3771 5411 usurpa'

2214 5422 2376 5492 tionis
2418 5422 2712 5475 revinceret
2733 5461 2746 5480 ,
2780 5436 2939 5476 more
2977 5421 3206 5476 Patrocli
3238 5423 3551 5490 importune
3583 5419 3771 5492 inuisa!

2213 5490 2408 5555 fuisse;
2453 5501 2677 5563 utraque
2711 5493 2854 5546 enim
2900 5496 3215 5563 metropolis
3257 5486 3443 5549 eadem
3490 5508 3609 5548 sera
3648 5486 3772 5563 initia

2218 5552 2424 5635 habuit.
2452 5552 2605 5629 Quod
2633 5564 2681 5618 si
2702 5563 2937 5619 Hilarius
2951 5552 3653 5635 Narbonensisnon-potuit,
3670 5552 3770 5635 qui!

2212 5623 2732 5709 Itabuisseliontiqua
2772 5637 3121 5701 consuetudo,
3157 5654 3433 5709 suggerere
3463 5623 3776 5709 'exgepis'tﬁ

2216 5704 2414 5779 Zosimi
2440 5743 2459 5772 ,
2486 5704 2686 5762 idcirco
2727 5723 2831 5779 non
2878 5712 3045 5777 potuit
3089 5704 3508 5779 quia—sincerior
3538 5707 3631 5761 fuit
3655 5707 3776 5779 .900

2217 5777 2387 5835 voluit
2412 5778 2467 5833 in
2495 5793 2609 5835 sua:
2631 5778 2777 5836 sedis
2796 5780 3019 5849 gratiam
3052 5777 3120 5838 ei
3142 5782 3358 5847 antitjua
3382 5777 3779 5835 committ-
