3994 6310
780 306 1347 369 ΒΑιιΕιιιΝιοῐιωί
1382 305 1810 368 OBSERVATIO

1920 306 1952 366 5
1986 306 2057 366 ιιι
2094 306 2405 367 υιδδειιτ.
2446 307 2489 367 ν
2526 309 2939 378 ρυεειιιεω.

3418 320 3529 380 οη

284 442 475 492 crare,
502 441 621 496 qua:
648 424 922 482 Patroclus
951 425 1174 480 absente
1204 432 1262 480 et
1291 422 1460 479 inscio
1488 421 1692 477 llilario
1731 436 1831 492 pro
1856 424 1907 485 Α
1932 429 2094 478 antes
2127 435 2344 489 setuper
2374 428 2577 475 certum
2614 422 2861 491 ejusdem
2901 422 3086 480 fuisse]
3123 424 3236 495 fug,
3277 436 3335 485 οι
3375 441 3523 488 εει-ι,

248 446 556 557 Ἇτειυιειιδι
588 498 828 553 conlisit.
1940 494 2231 557 possessio.
2265 508 2385 557 quae
2416 491 2558 544 nullo
2586 492 2780 549 idoneo
2827 497 3153 554 documento
3186 501 3395 557 probari
3430 519 3523 557 no-

306 501 556 555 relateusi
588 499 724 553 conti
737 498 828 552 sit.

328 570 413 626 H.
453 571 529 624 Ex
564 585 629 625 eo
661 585 817 636 porro
859 569 1001 638 quod
1047 566 1189 622 civili
1237 567 1631 635 provinciarum
1652 565 1834 638 dispo-

250 645 432 699 sitioni
460 651 634 710 aptata
664 657 768 694 non
800 636 891 694 luit
922 638 1203 709 dispositio
1232 638 1612 710 ecclesiastica,
1641 636 1833 710 {slsum

252 706 575 778 ostenditur,
602 712 741 781 quod
771 706 1092 779 Quesnellus
1120 710 1398 765 venditare
1429 709 1671 773 studuit,
1700 706 1835 765 Nar-

251 786 545 839 bonensem
585 784 894 853 episcopum
937 782 1387 852 tnetropoliticum
1425 782 1515 848 jus
1546 793 1833 853 usurpasse

250 858 303 911 in
330 851 732 911 Narbonensem
768 851 991 923 primam
1024 851 1312 909 occasione
1362 866 1515 908 novas
1557 851 1833 908 divisionis

249 926 447 991 civilis,
481 942 603 981 eum
639 927 845 981 scilicet
876 926 1043 980 divisa
1077 926 1175 979 fuit
1204 924 1569 981 Narbonensis
1602 924 1771 992 prima
1802 937 1832 976 a

255 998 563 1053 Viennensi.
621 996 817 1052 Harum
853 997 997 1052 enim
1046 996 1439 1065 provinciarum
1484 995 1677 1065 divisio
1724 1008 1832 1050 non

248 1070 429 1124 medio
449 1078 640 1139 quarto
667 1070 885 1133 saeculo,
910 1079 967 1122 ut
992 1064 1082 1139 ille
1104 1066 1547 1139 existimaulaeta
1575 1064 1696 1129 fuit,
1713 1066 1831 1139 sed,

251 1151 307 1195 ut
328 1157 445 1211 cap.
467 1136 506 1194 ’5
532 1140 783 1205 vidimus,
799 1143 898 1195 sub
928 1138 1168 1207 ejusdem
1195 1138 1643 1211 smeuliinitium;
1668 1136 1833 1191 multo

245 1208 429 1267 autem
465 1213 727 1282 posterior
757 1212 855 1265 fuit
880 1211 1071 1265 harum
1105 1208 1594 1282 ecclesiasticarum
1639 1218 1834 1282 metro-

248 1285 443 1351 poleon
467 1279 756 1346 institutio,
789 1297 908 1351 quae
934 1296 1055 1336 cum
1086 1295 1151 1334 ex
1188 1294 1250 1334 ea
1278 1279 1544 1351 divisione
1566 1280 1831 1351 originem

246 1348 330 1408 vel
362 1357 701 1410 occasionem
736 1348 844 1408 non
873 1353 1184 1419 sumpserit,
1229 1349 1444 1407 aliunde
1488 1348 1704 1406 inducta
1735 1350 1833 1405 t'uit

242 1427 313 1479 ab
335 1428 589 1496 episcopo
608 1423 949 1496 Narbonensi
973 1433 1027 1478 et
1068 1422 1135 1496 ab
1160 1421 1455 1496 Arelatensi
1479 1430 1648 1496 atque
1672 1422 1835 1477 Vien-

244 1492 435 1560 nensi;
479 1492 621 1566 quod
661 1494 870 1551 scilicet
908 1494 1239 1564 antiquiores
1287 1492 1541 1548 Ecclesia:
1569 1503 1752 1548 essent
1777 1504 1831 1549 et

244 1565 575 1623 celebriores
611 1568 665 1620 in
702 1580 796 1621 sua
832 1565 1124 1634 provincia,
1155 1574 1211 1620 et
1254 1566 1437 1619 multis
1465 1565 1828 1633 prterogativis

244 1650 489 1701 ornatm;
521 1636 647 1692 etin
677 1637 761 1692 bis
796 1638 943 1692 solus
983 1636 1345 1691 Narbonensis
1384 1638 1658 1704 antiquum
1700 1650 1825 1704 apo-

245 1710 498 1764 stolicum
524 1709 858 1778 privilegium
883 1707 1127 1773 obtinuit,
1152 1705 1383 1778 quodex
1410 1705 1824 1778 uniusl’atrocli

1940 494 2385 573 possessiot‘quae
2416 491 2558 571 nullo
2586 492 2780 573 idoneo
2827 491 3153 554 documento
3186 491 3395 561 probari
3430 519 3525 573 po-

1938 564 2175 637 tuerunt.
2219 564 2377 637 Qerte
2416 568 2554 637 enim
2597 567 2960 637 Arelatensem
3006 574 3344 637 tnetrOpolim
3395 564 3522 632 ante

1935 636 2201 715 synodum
2237 634 2572 688 Valentinam
2617 636 2885 692 inductam
2934 656 3040 715 non
3090 634 3365 711 probavit,
3400 662 3520 715 nec,

1932 708 2323 784 utet-edimus,
2363 714 2549 760 contra
2587 720 2653 784 ea
2687 724 2806 784 qua:
2844 708 3115 784 annuimus
3147 708 3374 781 probare
3420 708 3517 784 pol

1937 782 2148 839 tuisset.
2179 779 2308 858 Qua:
2343 792 2471 833 vero
2504 776 2848 858 produxit}:
2874 779 3067 858 Zosimi
3107 776 3318 847 litteris,
3365 776 3518 858 teque

1934 850 2304 924 commentitia
2336 863 2456 902 esse
2482 856 2536 902 et
2565 848 3131 924 Patrocli__obrcptioni
3164 848 3476 913 ascribemln
3502 904 3515 924 ,

1930 940 1985 1001 c_.
2010 924 2064 983 2.
2084 922 2526 1001 demonstratum
2545 920 2771 1001 videtur.
2805 920 2938 975 llinc
2964 922 3099 1001 forte
3125 928 3402 1001 Procttltts,
3426 920 3519 1001 qui

1937 992 2285 1051 Taurinensis
2316 990 2527 1047 concilii
2558 992 2877 1065 auctoritate
2901 996 3131 1051 munitus
3152 1000 3228 1065 (a)
3259 990 3515 1058 lalsit.ties

1936 1082 1967 1122 a
1996 1066 2243 1121 Patroclo
2264 1072 2541 1132 suggestas
2569 1063 2843 1128 explorate
2869 1076 3107 1131 noverat,
3136 1063 3418 1125 iis-litteris
3442 1075 3515 1130 uti

1937 1136 2269 1212 subreptitiis
2310 1150 2369 1190 se
2399 1150 2503 1187 non
2534 1134 2702 1189 teneri
2735 1134 3071 1212 existimans,
3107 1138 3255 1191 initio
3287 1157 3392 1196 non
3425 1160 3514 1212 pa-

1938 1209 2074 1264 ruit:
2124 1215 2300 1259 utrum
2334 1222 2458 1259 vero
2487 1221 2637 1272 mque
2665 1222 2769 1260 non
2798 1207 3057 1273 paruerit,
3090 1223 3212 1263 cum
3248 1213 3397 1265 novis
3425 1207 3513 1269 lit-

1940 1280 2072 1335 teris
2116 1276 2862 1351 Zosimus_institit,_eumque
2899 1278 3267 1351 prodeposito
3315 1282 3514 1351 habuit,

1936 1351 2229 1421 ignoratur.
2256 1346 2501 1421 Zosimus
2527 1346 2742 1421 quidem
2765 1346 2925 1417 epist.
2956 1349 3041 1421 ll,
3065 1346 3130 1406 ad
3160 1346 3516 1412 Massilienseg

1935 1418 2057 1478 e'um
2085 1419 2385 1488 depositum
2419 1427 2472 1473 et
2504 1418 2852 1475 nihilominus
2890 1420 3173 1488 episcenos
3202 1438 3517 1482 consecran-

1935 1502 2039 1548 tem
2072 1493 2268 1547 indicat
2286 1490 2529 1564 scribens
2548 1488 2711 1564 :‘Cum
2739 1492 2845 1559 ipse
2858 1495 2973 1563 jam
3001 1510 3101 1546 non
3126 1496 3193 1547 sit
3218 1495 3511 1564 episcopus,

1931 1567 2191 1646 episcOpos
2222 1564 2367 1646 facit.
2394 1560 2527 1646 id
2553 1559 2897 1646 Coustantitis
2928 1564 3175 1633 intelligit
3198 1559 3266 1621 de
3296 1559 3519 1623 damna;

1933 1632 2079 1689 tione
2104 1632 2227 1708 qua).
2250 1632 2613 1708 anterior-ibus
2641 1633 2883 1701 epistolis
2910 1632 3261 1708 memoratur,
3289 1653 3353 1692 ac
3382 1654 3518 1708 pra:-

1929 1708 2115 1760 sertiui
2145 1705 2301 1775 epist.
2336 1704 2389 1757 7.
2418 1705 2522 1758 Sed
2558 1704 2641 1757 hic
2671 1720 2859 1759 omnes
2899 1707 3140 1775 epistola
3182 1704 3513 1766 condemnao

247 1775 535 1869 frondibus
559 1780 697 1869 apud
724 1778 995 1869 quimum
1026 1775 1389 1869 subgept'ipnis
1418 1777 1586 1869 optari
1620 1779 1822 1869 potuit;
1850 1808 1902 1869 Β
1932 1778 2130 1860 tionem
2183 1777 2341 1831 latius
2387 1775 2708 1869 accipiunt:
2750 1779 3129 1869 moirti-meumr
3173 1779 3516 1869 interdictum

245 1861 303 1904 at
334 1850 554 1906 fallaciis
592 1846 736 1905 illius
774 1851 999 1905 detectis
1043 1864 1071 1901 a
1124 1846 1398 1903 Beoilacio
1444 1846 1502 1912 Ι,
1535 1848 1827 1906 leestino

239 1936 305 1973 ac
338 1922 519 1977 Leone
544 1920 743 1977 Zosimi
764 1920 1189 1985 successoribus,
1210 1926 1411 1974 sartum
1442 1926 1642 1975 tectum
1675 1921 1826 1977 babi-

237 2000 350 2044 tum
379 1993 490 2046 fuit.

308 2064 435 2118 Cir.
470 2062 554 2117 Vl.
586 2061 666 2117 De
686 2064 809 2133 jure
828 2062 1217 2130 .metrOpolitico
1260 2061 1315 2115 in
1344 2060 1589 2117 Ecclesiis
1617 2064 1818 2132 provin-

230 2135 433 2187 ciarum
467 2133 820 2188 Narbonensis
845 2135 1095 2198 secundis,
1119 2134 1329 2199 Alpium
1371 2134 1750 2189 maritimarum
1779 2145 1824 2191 et

225 2206 445 2271 Alpium
468 2202 768 2275 Graiarum.
785 2206 924 2259 -1.
957 2206 1277 2271 Quesnellus
1298 2220 1489 2261 omnes
1516 2207 1821 2275 provincias

222 2290 257 2329 e
290 2274 626 2331 Narbonensi
675 2277 846 2331 solida
891 2276 1151 2331 dissectas
1192 2277 1303 2343 jam
1336 2276 1460 2332 inde
1496 2274 1565 2331 ab
1607 2278 1819 2333 institu-

224 2349 382 2418 tione
411 2348 779 2417 ntetropolcon
812 2348 862 2402 in
895 2347 1080 2403 Galliis
1109 2348 1175 2400 ad
1208 2346 1541 2403 Arelatensis
1580 2350 1820 2418 episc0pi

215 2417 317 2487 jus
359 2418 683 2487 pertinuisse
729 2419 1024 2474 contendit.
1072 2418 1395 2488 Metrottoles
1426 2420 1477 2473 in
1508 2418 1695 2476 Galliis
1734 2417 1819 2475 in-

218 2490 353 2543 duci
397 2501 452 2545 et
494 2490 700 2546 institui
726 2491 958 2559 euenisse
997 2491 1097 2545 sub
1126 2491 1287 2544 linem
1328 2490 1517 2546 saeculi
1563 2506 1614 2545 tv
1645 2493 1818 2561 capite

264 2561 556 2617 recaedenti
587 2562 943 2617 ostendimus.
976 2561 1087 2617 Sub
1116 2562 1257 2617 idem
1292 2577 1417 2616 vero
1448 2574 1655 2631 tempus
1681 2563 1817 2619 Nar-

305 2648 526 2688 nensem
556 2635 781 2702 primam
812 2634 1030 2702 proprio
1056 2632 1471 2702 metropolitano
1501 2635 1805 2703 praeditam,

214 2719 331 2759 nec
364 2704 589 2775 nisiper
612 2704 841 2758 Patrocli
871 2704 1203 2775 Arelatensis
1227 2704 1629 2774 subreptiooem
1658 2722 1689 2761 a
1712 2706 1815 2762 Ζο-

212 2778 368 2831 simo
392 2774 553 2830 [uisae
584 2776 895 2848 traductam
920 2776 971 2829 in
998 2774 1425 2848 jurisdictioneni
1453 2777 1809 2848 Arelatensis,

209 2848 369 2917 quod
399 2848 578 2903 statim
618 2855 737 2916 post
777 2845 1050 2902 Zosimuut
1093 2861 1122 2899 a
1163 2846 1437 2903 Bonilacio
1466 2845 1811 2905 retractatum

211 2920 348 2982 luit,
380 2920 553 2987 Capite
582 2918 819 2973 secundo
844 2918 1272 2972 demonstratum
1299 2929 1404 2973 est.
1436 2919 1588 2974 Nunc
1616 2921 1685 2975 de
1720 2922 1813 2977 tri-

194 2990 327 3045 .b-us
351 2986 474 3043 aliis
501 2986 785 3057 provinciis
807 3005 836 3043 e
857 2988 1028 3043 solida
1053 2988 1386 3044 Narbonensi
1414 2990 1606 3045 excisis
1626 2991 1782 3047 dicen
1797 3024 1809 3034 -

209 3060 351 3115 dum
380 3070 648 3129 superest.
679 3060 746 3114 de
764 3061 959 3129 quibus
982 3060 1300 3125 Quesnellus
1329 3062 1495 3116 tribus
1526 3065 1811 3129 postremis

209 3137 395 3201 partis
416 3133 665 3187 secundae
687 3130 953 3199 capitibus
977 3146 1072 3198 pro
1096 3131 1398 3201 Arelatensi
1425 3135 1548 3199 jure
1578 3142 1811 3189 statuere

205 3189 431 3258 nititur.
496 3189 770 3257 Nonnulla
807 3202 875 3255 de
932 3189 1156 3270 st'ngulis
1206 3189 1442 3258 brevius'
1472 3205 1807 3259 observanda
1838 3189 1884 3253 C

198 3275 611 3342 .Quesnelliana
639 3281 946 3329 commenta
967 3273 1239 3341 detegent.

284 3347 343 3399 2.
379 3346 454 3402 De
478 3345 813 3401 Narbonensi
842 3344 1075 3399 secunda
1105 3343 1369 3413 imprimis
1397 3359 1638 3414 agamus.
1673 3346 1808 3403 Pro-

200 3417 399 3472 culum
428 3418 817 3472 Massiliensem
848 3428 981 3471 ante
998 3416 1162 3470 linem
1186 3416 1369 3471 siccati
1400 3432 1473 3482 tv,
1515 3432 1637 3472 eum
1668 3419 1806 3475 Arc-

209 3490 447 3543 latensis
473 3488 790 3557 metrOpolis
814 3487 1000 3555 capit,
1029 3486 1396 3543 ordinationes
1426 3488 1802 3558 episcoporum

205 3560 412 3615 iecisse
455 3575 519 3615 ac
552 3562 639 3628 jus
678 3561 1133 3627 metmpotitieum
1175 3560 1488 3617 exercuisse
1528 3560 1582 3614 iu
1612 3561 1803 3617 eadem

206 3634 520 3700 provincia,
551 3647 619 3686 ex
647 3632 854 3703 synodo
881 3631 1199 3703 Taurinensi
1241 3630 1576 3686 ostendimus
1600 3648 1720 3703 cap.
1747 3634 1802 3699 5,

210 3718 263 3765 ιι.
301 3706 353 3757 8.
400 3704 553 3770 Quod
578 3703 623 3757 si
660 3700 743 3757 illi
784 3702 837 3755 in
882 3700 990 3756 liae
1025 3703 1232 3772 synodo
1260 3700 1800 3771 coutradictum'luit,

204 3790 319 3829 non
354 3786 535 3830 tamen
566 3775 634 3827 ab
662 3774 985 3838 Arelatensi,
1031 3773 1125 3845 sed
1151 3773 1219 3827 ab
1259 3775 1524 3843 episcopis
1559 3777 1801 3845 ejusdem

207 3846 507 3917 provincia:
547 3844 921 3917 contradictio
952 3844 1186 3912 proiecta
1229 3854 1312 3899 est
1359 3860 1461 3900 non
1492 3863 1558 3901 ex
1594 3844 1663 3902 eo
1702 3864 1800 3903 no.

198 3915 377 3981 mine,
416 3928 471 3970 ut
501 3916 803 3972 Arelatensi
846 3915 1152 3979 subessent,
1191 3917 1286 3973 sed
1322 3926 1378 3970 ut
1405 3919 1551 3971 omni
1580 3919 1803 3974 alterius

202 3990 503 4058 provinciae
532 3988 950 4058 metropolitano
971 3989 1213 4055 excluso,
1244 3989 1411 4055 ipsius
1434 3988 1801 4046 Narbonensis

200 4057 466 4116 secundm
497 4060 890 4127 metropolitani
918 4057 1201 4123 haberent,
1226 4068 1293 4112 .ut
1332 4059 1529 4113 ibidem
1560 4063 1803 4115 anitnad-

200 4134 494 4186 Vertimus.
549 4132 797 4185 l‘atribus
820 4139 998 4185 autem
1030 4130 1166 4184 adeo
1194 4139 1339 4185 certa
1381 4131 1490 4185 visa
1522 4142 1605 4185 est
1642 4142 1800 4187 antea

198 4214 385 4272 coepta
424 4203 635 4257 Proculi
659 4201 951 4271 possessio,
980 4208 1037 4254 ut
1058 4199 1307 4268 idemjns
1326 4200 1435 4269 ipsi
1455 4202 1796 4257 adimendum

198 4289 316 4329 non
352 4277 611 4343 putarint,
642 4274 731 4341 qui
763 4286 894 4327 sane
918 4272 1008 4340 jus
1038 4272 1213 4340 ipsum
1259 4272 1633 4343 attribuissent
1660 4272 1797 4327 Are-

198 4342 428 4413 lateusi,
456 4346 524 4413 si,
559 4360 679 4401 cum
723 4354 866 4399 esset
903 4357 1161 4412 praesens,
1207 4342 1560 4411 antiquiorem
1603 4354 1659 4398 et
1685 4345 1801 4398 diu-

198 4418 506 4472 turniorem
551 4431 703 4471 suam
751 4417 1149 4486 possessionem
1184 4415 1446 4481 potuisset
1489 4414 1799 4481 ostendere,

194 4504 317 4557 qua
340 4488 556 4543 Proculi
584 4488 952 4544 ordinationes
976 4486 1343 4554 usurpationis
1369 4487 1588 4541 nomine
1616 4486 1803 4541 exclu-

194 4560 407 4615 denda;
433 4558 667 4615 fuerant.
702 4565 769 4613 At
792 4561 922 4615 solis
952 4557 1317 4612 Narbonensis
1346 4572 1383 4611 ll
1426 4558 1692 4627 episcopis
1722 4559 1797 4612 lo-

194 4633 520 4702 quentibus,
536 4632 864 4686 Arelatensis
887 4631 1174 4702 conticuit;
1197 4643 1263 4684 eo
1285 4632 1425 4697 quod
1450 4629 1623 4683 nullos
1645 4639 1796 4685 actus

192 4700 525 4773 nullumque
547 4704 635 4770 jus
664 4704 713 4757 in
752 4715 869 4773 eam
913 4700 1236 4769 provinciam
1267 4702 1521 4769 praeferre
1550 4711 1793 4770 poterat;

192 4789 308 4829 nec
334 4777 403 4829 de
442 4771 505 4829 ea
538 4789 637 4828 suo
661 4771 773 4842 juri
794 4772 1122 4841 subjicienda
1150 4773 1439 4840 quidquam
1470 4774 1757 4842 cogitabat.

272 4849 328 4901 5.
364 4847 518 4900 Patet
538 4846 697 4915 igitur
720 4858 882 4913 quam
911 4846 1084 4898 inanis
1123 4844 1197 4897 sit
1223 4845 1499 4909 Quesnelli
1527 4846 1798 4913 conjecta-

194 4917 303 4981 tio,
332 4918 884 4987 qua,utArelatensis
902 4915 988 4983 jus
1008 4915 1057 4968 in
1074 4915 1221 4969 banc
1242 4918 1565 4981 provinciam
1588 4927 1798 4971 astrue-

192 5000 312 5051 ret,
352 4986 512 5042 linnc
560 4989 631 5042 ob
678 4988 804 5055 ejus
858 4988 1112 5054 temporis
1166 4986 1509 5041 difficultates
1566 4988 1797 5042 Proculo

186 5059 426 5133 104.3
468 5057 787 5116 Massiliensi
840 5060 1071 5114 cessisse
1128 5060 1587 5126 comminiscitur;
1642 5073 1706 5113 ac
1751 5060 1797 5114 si

269 5265 366 5335 (α)
396 5266 612 5321 Falsum
640 5274 723 5321 est
753 5264 891 5319 inter
919 5272 1115 5321 cetera
1145 5266 1286 5334 quod
1316 5266 1545 5322 traditur
1575 5265 1733 5335 epist.
1759 5266 1794 5320 5

236 5340 409 5392 osinti
437 5339 504 5392 ad
531 5339 817 5407 episcopos
838 5338 1126 5405 provmcia:
1152 5338 1470 5394 Viennensis
1510 5351 1562 5393 et
1593 5337 1801 5393 Narbo-

178 5412 391 5465 nensis
413 5409 686 5471 secundm,
705 5410 757 5463 in
775 5423 835 5463 ea
863 5409 1067 5476 synodo
1089 5410 1234 5479 longe
1250 5409 1394 5463 aliud
1412 5421 1581 5463 actum
1600 5412 1791 5479 fuisse;

175 5498 329 5537 nam
360 5498 425 5537 ex
456 5483 573 5551 ipso
603 5481 860 5549 proasmio
890 5480 1055 5549 liquet
1092 5490 1332 5535 coactam
1366 5481 1528 5537 l'niase
1558 5484 1631 5534 ob
1659 5496 1795 5535 non-

174 5552 381 5609 nullas
426 5552 760 5621 episeotnlcs
804 5565 1015 5618 causas,
1065 5567 1291 5621 quarum
1348 5552 1514 5620 prima
1563 5552 1663 5607 fuit
1702 5552 1793 5606 illa

169 5628 347 5681 circa
395 5624 797 5680 Narbonensem
844 5622 1135 5679 secundam
1179 5637 1339 5691 quam
1379 5623 1642 5680 Proculus
1689 5622 1793 5679 sibi

167 5698 547 5751 attribuerat.

262 5768 357 5840 (b)
402 5767 685 5840 Calestini
737 5767 966 5837 cpistola
1011 5768 1049 5824 ι
1091 5770 1158 5825 ad
1211 5769 1496 5840 episcopos
1543 5767 1789 5837 provinc.

166 5838 506 5901 mihimet
546 5838 809 5905 Narium”
845 5842 941 5897 cui
972 5838 1297 5906 Qoesncllus
1342 5838 1612 5901 innititur,
1663 5840 1793 5896 dum

1929 1850 2261 1918 exprimunt,
2303 1860 2411 1917 quo
2455 1847 2528 1900 illi
2570 1846 2787 1902 vetitum
2829 1849 2927 1903 fuit
2971 1849 3024 1905 in
3066 1849 3397 1907 Narbonensi
3428 1869 3513 1908 se-

1928 1917 2101 1976 cunda
2124 1919 2405 1991 episcenos
2428 1917 2703 1973 ordinare:
2729 1920 2933 1974 nullum
2957 1930 3133 1975 autem
3156 1922 3508 1991 depositionis

1929 1988 2183 2047 iudicium
2219 1988 2531 2058 praeferunt,
2582 1998 2639 2044 ut
2676 1991 2977 2059 legentibus
3018 1993 3191 2060 palam
3224 1988 3334 2051 lict.
3369 1995 3507 2050 Pro-

1924 2062 2103 2119 babile
2128 2062 2284 2118 nobis
2313 2071 2394 2117 est
2424 2063 2478 2116 in
2502 2060 2613 2117 sola
2644 2062 2869 2131 epistola
2904 2065 2961 2118 ll
2989 2063 3379 2132 depositionem
3403 2069 3507 2122 ali-

1924 2150 2084 2205 quam
2141 2133 2421 2207 indicari;
2453 2141 2731 2202 postquam
2772 2143 2950 2189 utrum
2996 2133 3258 2191 Proculus
3306 2153 3365 2193 se
3413 2155 3508 2207 pro

1924 2204 2177 2275 episcopo
2224 2204 2453 2274 gesserit
2477 2219 2667 2270 necne,
2703 2215 3171 2261 monumentorum
3199 2207 3377 2276 inopia
3401 2204 3507 2266 non

1924 2277 2123 2347 liquet;
2153 2279 2453 2345 mirumque
2483 2278 2712 2331 maxime
2752 2276 2965 2343 accidit,
3006 2276 3354 2346 Quesnellutn
3383 2283 3501 2338 sine

1925 2350 2033 2403 ullo
2069 2350 2144 2421 (ὁ)
2181 2348 2540 2421 testeidoneo
2569 2348 2874 2404 venditasse
2918 2349 3013 2403 bas
3042 2366 3254 2420 quoque
3296 2352 3505 2408 litteras

1922 2436 2030 2475 non
2078 2420 2187 2476 tam
2232 2436 2264 2476 a
2318 2420 2545 2474 Proculo
2587 2434 2747 2491 quam
2784 2420 2851 2474 ab
2895 2422 3164 2488 episcOpis
3216 2422 3504 2480 Gallicanis

1923 2493 2089 2565 luisse
2110 2492 2406 2565 neglectas,
2431 2491 2591 2561 idque
2612 2495 2663 2547 in
2685 2506 2804 2547 eam
2824 2506 3041 2565 causam
3076 2494 3344 2565 retulisse,
3362 2496 3505 2565 quod

1915 2563 2113 2635 judicia
2140 2564 2209 2619 de
2235 2564 2526 2635 Gallicanis
2548 2565 2865 2635 episcopisa
2889 2563 3142 2635 Romanis
3168 2563 3509 2634 pontiﬁcibus

1916 2633 2063 2690 edita
2095 2637 2248 2693 nihili
2279 2637 2330 2691 in
2362 2634 2547 2690 Galliis
2567 2634 2779 2691 ﬁerent.
2810 2633 2867 2689 ιιι
2892 2634 2993 2691 iste
3020 2651 3083 2690 ex
3109 2633 3220 2691 suis
3247 2638 3509 2694 adversus

1917 2705 2215 2763 Romanam
2241 2708 2425 2763 sedem
2467 2706 2789 2776 przejudiciis
2820 2706 3065 2779 ingerere
3093 2707 3312 2773 maluit,
3344 2724 3504 2779 quam

1916 2780 2069 2834 lateri
2098 2780 2497 2849 subreptiooem
2521 2779 2821 2833 litterarum
2844 2777 3059 2843 Zosimi,
3086 2788 3140 2833 et
3171 2781 3296 2834 huic
3316 2777 3507 2837 subre-

1916 2851 2084 2918 ptioni
2114 2852 2342 2905 Proculo
2367 2852 2596 2919 cognitae
2626 2849 2918 2920 aequiorem
2960 2850 3247 2918 quamdam
3278 2865 3508 2908 excusa-
3540 2868 3549 2873 ’

1918 2922 2121 2977 tionem
2150 2922 2443 2976 ascribere.

1988 2992 2041 3045 4.
2073 2992 2215 3047 Niltil
2245 2990 2595 3047 dubitandum
2625 2989 2838 3045 videtur
2866 2990 3173 3045 Patroclum
3215 2994 3501 3050 Arelaten-

1915 3077 2030 3117 sem
2058 3072 2179 3131 post
2202 3079 2293 3118 eas
2317 3063 2522 3118 litteras
2548 3061 2770 3126 Zosimi,
2798 3062 2990 3131 quibus
3017 3062 3116 3130 ipsi
3148 3064 3499 3131 praecipieba-

1915 3141 2002 3187 tur
2037 3143 2095 3187 ut
2134 3135 2299 3189 alium
2342 3134 2394 3186 in
2438 3132 2653 3187 Proculi
2696 3133 2871 3188 locum
2902 3132 3194 3198 ordinaret,
3227 3149 3506 3194 reversum

1915 3204 1967 3259 in
2001 3204 2227 3270 Gallias,
2252 3204 2440 3259 barum
2466 3203 2767 3258 litterarum
2794 3204 3143 3269 auctoritate;
3166 3214 3219 3259 et
3243 3205 3505 3262 Constan-

1918 3275 1975 3331 tii
1993 3275 2286 3345 patrocinio
2304 3278 2521 3341 l'retum,
2537 3273 2957 3329 Massiliensibus
2975 3290 3170 3329 novum
3187 3278 3501 3346 episcOputn

1913 3362 2296 3414 consecrasse;
2325 3347 2426 3400 nisi
2454 3348 2591 3401 forte
2622 3346 3079 3418 Proculus,quem
3103 3363 3209 3402 non
3236 3350 3504 3406 restitisse

1912 3420 2143 3488 amplius
2166 3419 2459 3482 credimus,
2493 3419 2593 3473 liae
2621 3417 3036 3473 obedientia'ita
3070 3418 3303 3475 Patrocli
3324 3429 3380 3474 et
3402 3419 3506 3477 Zo-

1911 3488 2037 3544 simi
2056 3490 2267 3545 animos
2293 3490 2619 3556 deliniverit,
2647 3500 2704 3543 ut
2724 3488 2780 3543 in
2806 3505 2901 3543 sua
2926 3490 3055 3545 sede
3076 3492 3297 3547 relictus
3321 3490 3503 3548 fuerit.

1908 3560 2095 3617 Solum
2144 3563 2324 3633 itaque
2364 3561 2466 3616 lioc
2506 3572 2750 3631 tempore
2787 3559 3153 3619 Narbonensis
3182 3563 3417 3619 secunda
3450 3566 3504 3621 in

1909 3633 2244 3689 Arelatensis
2270 3634 2358 3702 jus
2385 3633 2613 3700 primum
2639 3633 2909 3688 transivit.

1980 3707 2033 3761 5.
2069 3706 2332 3761 Modicum
2376 3719 2503 3760 vero
2533 3704 2638 3760 hoc
2677 3704 2911 3759 Patrocli
2951 3704 3039 3773 jus
3068 3704 3265 3761 Zosimi
3306 3705 3504 3763 litteris

1907 3777 2225 3845 acquisitutn
2259 3776 2443 3845 viguit.
2473 3776 2604 3831 Cum
2630 3778 2775 3832 enim
2801 3774 3104 3831 Bonifacius
3130 3777 3373 3847 ejusdem
3398 3777 3502 3833 Zo-

1896 3848 2030 3917 simi
2071 3849 2346 3904 decretum
2376 3848 2610 3914 meliore,
2638 3857 2697 3901 ut
2726 3848 2801 3901 ait
2832 3846 2963 3912 Leo,
2993 3850 3245 3902 sententia
3276 3849 3501 3917 delevit,

1906 3916 2245 3974 Narbonensi
2276 3920 2527 3988 episc0po
2550 3919 2922 3972 auctoritatem
2954 3921 3243 3972 restituens
3277 3920 3327 3972 in
3361 3916 3496 3974 Nar?

1907 3988 2200 4045 bonensem
2230 3992 2479 4058 primam,
2508 4004 2627 4044 eam
2650 3989 2955 4057 generalem
2983 3990 3220 4057 regulam
3248 3989 3501 4057 subjecit,

1905 4075 2025 4128 qua:
2053 4062 2117 4114 ad
2155 4076 2343 4115 omnes
2374 4060 2504 4113 alias
2541 4059 2936 4114 ecclesiasticas
2974 4061 3279 4125 provincias
3305 4070 3499 4113 exten-

1906 4131 2085 4184 ditur:
2122 4130 2303 4195 Nulli,
2334 4131 2535 4198 inquit,
2574 4131 2772 4182 videtur
2808 4128 3069 4198 incognita
3097 4129 3283 4197 synodi
3308 4130 3505 4183 consti~

1906 4203 2038 4253 tutio
2067 4201 2319 4266 Nicamw,
2342 4197 2454 4270 qua:
2480 4202 2555 4252 ita
2576 4200 2827 4269 praecipit,
2849 4210 2905 4252 ut
2920 4197 3104 4270 eadem
3126 4199 3329 4267 proprie
3350 4198 3501 4255 verba

1907 4287 2179 4340 ponamus.
2215 4270 2315 4323 Per
2347 4269 2756 4340 unamquamque
2784 4269 3101 4337 provinciam
3130 4270 3213 4340 ius
3243 4278 3501 4335 metropo-

1904 4337 2092 4396 litanos
2106 4341 2337 4412 singulos
2349 4340 2530 4394 habere
2545 4342 2607 4393 de
2614 4337 2845 4412 berem“
2858 4341 3097 4412 cuiquam
3109 4337 3242 4393 duas
3254 4356 3359 4393 esse
3372 4341 3465 4393 sub
3474 4370 3498 4383 -

1896 4415 2087 4483 jectas.
2105 4413 2161 4467 id
2175 4410 2390 4482 quidem
2406 4411 2749 4481 conSpirabat
2770 4412 2823 4464 in
2842 4410 3224 4480 episcoporum
3250 4412 3500 4468 secundae

1903 4484 2272 4540 Narbonensis
2303 4483 2648 4550 sententiam,
2682 4498 2783 4553 qua
2816 4496 2967 4537 suam
3002 4483 3330 4551 provinciam
3364 4484 3501 4541 alte-

1832 4582 1881 4643 ο
1910 4556 2037 4643 riui
2069 4557 2361 4638 provincia:
2399 4555 2654 4643 episcopo
2689 4570 2793 4609 non
2807 4554 3023 4643 idlebere
3049 4570 3173 4643 esse
3201 4555 3500 4643 subjectam

1906 4628 1962 4684 in
1995 4625 2317 4683 Taurinensi
2342 4626 2551 4698 synodo
2588 4625 3008 4698 contendebant.
3054 4625 3240 4692 Unde,
3288 4625 3502 4684 mortuo

1900 4700 2013 4772 jam
2040 4700 2287 4765 Proculo,
2322 4696 2546 4772 cuiqbrec
2559 4699 2843 4772 provincia
2864 4696 3038 4772 luerat
3067 4699 3301 4769 ascripta
3324 4701 3501 4770 quoad

1906 4770 2021 4842 ipse
2048 4773 2274 4836 viveret,
2304 4787 2370 4825 ex
2412 4770 2514 4825 hoc
2555 4770 2824 4842 Bouilacii
2842 4771 3064 4826 decreto
3092 4786 3156 4825 ac
3182 4787 3249 4826 ex
3279 4772 3498 4827 Nic-.eno

1906 4841 2113 4898 eanone
2142 4842 2209 4897 ab
2237 4843 2428 4897 eodem
2462 4846 2629 4897 relato
2658 4841 2940 4897 manifeste
2967 4844 3322 4911 sequebatur,
3358 4842 3500 4897 Nar-

1907 4914 2201 4970 bonensem
2241 4915 2535 4970 secundam
2581 4916 2800 4983 proprio
2831 4914 3245 4983 metropolitano
3277 4913 3377 4967 t‘rui
3404 4913 3499 4968 de-

1910 4986 2057 5053 bere,
2085 4995 2391 5041 nouantem
2415 4985 2717 5041 Arelatensi
2738 4986 2997 5053 episcopo
3018 4984 3233 5053 subjici,
3263 4997 3334 5038 ne
3358 4997 3498 5038 unus

1909 5059 2196 5129 episcopus
2214 5058 2421 5114 duabus
2444 5055 2732 5128 provinciis
2754 5057 3067 5127 prmsideret
3089 5070 3103 5121 ;
3124 5069 3185 5108 ac
3208 5062 3500 5125 propterea

1903 5262 2291 5321 liassiliensem
2342 5261 2653 5332 episcopum
2696 5272 2994 5332 suppresso
3032 5256 3248 5332 nomine
3292 5256 3497 5332 laudat,

1910 5335 2365 5410 non_Prgcu_lum,
2378 5328 2391 5331 ’
2413 5333 2509 5410 sed
2528 5328 2834 5410 Venerium
2881 5328 3216 5410 probabilius
3254 5331 3498 5410 respicit.

1904 5406 2102 5463 Confer
2132 5405 2531 5462 Tillemontium
2577 5403 2631 5457 in
2657 5401 2871 5456 Zosimo
2901 5410 3001 5455 art.
3028 5400 3082 5466 9,
3128 5400 3219 5469 qui
3265 5401 3309 5454 si
3352 5400 3500 5459 addit

1906 5478 2270 5534 testimonium
2301 5493 2367 5532 ex
2398 5477 2514 5531 Vita
2541 5474 2599 5530 S.
2635 5471 2915 5535 Honorati,
2962 5471 3063 5526 hoc
3108 5472 3212 5527 etsi
3259 5471 3325 5527 ad
3358 5471 3493 5527 l’ro-

1906 5552 2083 5606 culum
2113 5552 2399 5619 pertineat,
2427 5554 2738 5622 nontamen
2763 5543 2893 5622 illud
2921 5551 3131 5622 tempus
3155 5552 3499 5613 spectat,quo

1906 5616 2183 5692 depositus
2210 5622 2413 5685 fuerat;
2447 5619 2615 5692 multo
2660 5616 2900 5692 anterius
2929 5616 3073 5692 enim
3115 5624 3330 5692 tempus
3355 5630 3503 5692 ⁸(ευρ.

1909 5684 2084 5750 terius
2122 5693 2347 5759 illdical,
2396 5684 2454 5747 at
2496 5690 2640 5746 idem
2684 5685 3065 5746 Tillemontitts
3107 5684 3313 5744 fatetur
3351 5686 3509 5747 ius.

1906 5767 2166 5824 Honorati
2200 5766 2345 5821 Vita.
