3994 6310
512 315 618 377 οιις

976 305 1220 369 PASCH.
1258 301 1645 377 QUESNELLI
1684 300 2267 363 DISSERTATIONES
2305 300 2374 359 IN
2411 299 2469 360 S.
2511 301 2755 362 LEONIS
2792 302 3004 362 MAGNI
3040 300 3295 362 OPERA.

3679 306 3789 369 σεε

509 433 598 505 jus
638 424 1086 505 metropoliticutn
1130 429 1183 505 in
1213 425 1507 505 secundam
1550 420 1951 505 Narbonensem
1970 421 2098 505 Aepi-
2126 425 2178 485 Α
2207 436 2332 505 nem
2387 420 3018 505 habuitAEbredunensis
3066 423 3790 505 episcopus_in__provincia

511 494 678 574 'scopo
700 494 921 574 potioris
941 498 1463 574 civitatisAquensis
1483 494 1675 553 eodem
1701 510 1907 550 canone
1930 503 2089 564 atque

512 571 731 632 decreto
761 573 1074 627 attributum
1102 571 1331 625 videtur.

586 650 642 701 ϐ.
692 645 842 699 Hunc
873 643 1087 715 quidem
1139 642 1411 697 Nicaanum
1440 655 1724 715 canonem,
1765 636 2095 715 uti_a_Boni_-

515 718 653 774 facio
675 708 951 780 recitatur,
978 728 1137 769 nemo
1162 716 1489 768 anteriorum
1513 711 1819 781 pontificum
1846 708 2098 781 indicavit

516 804 767 857 umquam
794 802 969 858 neque
994 787 1261 858 cognovit.
1311 784 1457 858 Alias
1496 779 1615 838 eum
1646 795 1832 837 omnes
1856 779 2095 858 Nicaenis

522 850 731 934 105.5
771 850 1324 934 canonibus'maxinte
1353 856 1649 934 deferrent,
1681 852 1981 934 oppositam
2014 850 2097 934 diT

518 922 806 1000 s-ci'pl'itiam
853 946 959 983 non
992 929 1364 998 permisissent
1408 928 1459 979 in
1501 925 1791 1000 provinciis
1830 922 1993 1000 Italiae
2043 932 2098 977 et

519 994 935 1067 Suburbicariis,
985 994 1045 1054 ut
1095 999 1361 1069 pleraeque
1414 994 1632 1069 proprio
1683 994 2098 1069 metropolitano

517 1083 782 1138 carerent,
816 1082 869 1127 et
916 1064 1054 1126 unus
1096 1064 1438 1138 metropolita
1485 1064 1681 1122 nedum
1727 1066 1954 1138 duabus,
2003 1064 2097 1118 sed

518 1137 1084 1218 plurilinsprovinciis
1108 1137 1443 1218 praesideret.
1473 1139 1530 1193 ln
1573 1139 1721 1193 italia
1754 1137 2095 1218 etsiﬂseptem

517 1207 701 1272 Essent
726 1207 1013 1282 provinciae
1040 1207 1246 1274 civiles,
1270 1212 1375 1264 duo
1400 1221 1575 1265 tamen
1601 1207 1957 1282 metrOpolitae
1983 1216 2099 1260 tan-

520 1297 629 1341 tum
652 1278 993 1351 exstiterunt,
1010 1283 1419 1339 Mediolanensis
1437 1291 1491 1336 et
1508 1282 1895 1350 Aquileiensis;
1917 1278 1968 1331 in
1991 1291 2098 1351 quo

518 1358 673 1429 idem;
694 1358 929 1425 pontifex
953 1355 1253 1429 Bonifacius
1277 1353 1407 1429 niliil
1433 1353 1702 1429 innovavit
1729 1368 1740 1402 :
1773 1366 1894 1403 nam
1922 1350 2094 1429 solum

518 1430 621 1484 sub
648 1422 943 1483 Caelestino
972 1428 1053 1481 vel
1083 1427 1251 1497 Xysto
1288 1424 1358 1497 VIII
1392 1425 1553 1497 sedes
1591 1422 1871 1497 Ravennas
1908 1422 1973 1497 ad
2010 1422 2099 1488 jus

520 1500 972 1571 metropoliticum
1002 1491 1367 1571 evec'tauiuita
1392 1494 1599 1571 Diniins
1638 1507 1798 1561 porro
1829 1491 2095 1571 in'dcceni

520 1566 813 1641 provinciis
854 1568 1249 1641 Suburbicariis
1291 1566 1437 1641 s_olus
1492 1566 1778 1641 Romanus
1813 1566 2098 1641 episcopus

525 1632 924 1708 iiietroptilitam
958 1639 1087 1708 egit.
1130 1639 1263 1691 Cum
1296 1632 1875 1708 Zosinius‘Patroclum
1908 1633 2095 1708 Arela-

522 1704 729 1768 tensem
747 1704 1033 1766 Viennensi
1058 1710 1347 1779 provinciae
1371 1718 1421 1760 et
1438 1706 1644 1759 duabus
1658 1704 2097 1779 Narbonensibus

2203 494 2413 567 Alpium
2444 495 2853 567 maritimarum,
2886 512 3045 567 quam
3077 499 3344 567 Aquensis
3368 495 3423 552 in
3453 494 3793 555 Narbonensi

2197 565 2449 619 secunda.
2500 565 2642 621 Solae
2686 565 2946 622 Bonifacii
2990 583 3053 623 ac
3079 566 3355 624 leestini
3387 569 3581 624 littera:
3607 570 3791 625 Nicae-

2198 652 2324 691 iium
2350 652 2608 712 canonem
2640 639 2954 712 referentes,
2990 654 3087 709 pro
3118 640 3538 709 utriusquejure
3565 642 3791 712 allegari

2198 718 2419 783 queunt,
2450 718 2503 783 e_t
2533 708 2629 763 has
2659 710 2797 783 forte
2817 710 3021 765 litteras
3041 708 3443 783 apostolicarum
3467 708 3796 767 sanctiorium

2200 782 2415 852 nomine
2471 780 2579 834 Leo
2625 782 2940 851 complexus
2989 780 3090 837 est.
3154 783 3231 837 Ex
3278 784 3360 838 his
3406 798 3571 852 porro
3621 785 3797 852 liquet

2199 850 2543 905 Arelatenses
2570 852 2853 919 PpiSCOpOS
2874 853 3047 907 adhuc
3078 865 3198 922 post
3218 850 3493 907 decretum
3528 850 3793 910 Bonifacii

2200 922 2255 976 ln
2284 923 2622 989 possessione
2667 925 2965 992 perstitisse
3008 924 3373 980 Narbonensis
3421 927 3697 987 secundm,
3729 943 3797 982 ac

2200 992 2253 1065 in
2276 994 2462 1048 eadem
2486 995 2557 1049 uti
2585 995 2747 1063 ipsius
2766 996 3157 1063 metmptilitas,
3180 997 3462 1065 episcopos
3485 998 3794 1052 ordinasse.

2202 1064 2337 1119 Hinc
2382 1068 2649 1119 antistites
2695 1068 2995 1120 Arelatensi
3043 1064 3418 1133 adlimrentes,
3467 1068 3607 1122 inter
3652 1084 3793 1136 quos

2202 1136 2481 1204 Asclepius
2501 1137 2787 1208 episcopus
2810 1138 3057 1205 Aptensis
3078 1154 3141 1193 ex
3169 1140 3403 1195 secunda
3427 1138 3795 1205 Narbonensi,

2200 1207 2361 1331 epist.
2394 1209 2480 1272 65,
2511 1222 2559 1261 c.
2586 1207 2639 1271 2,
2675 1207 2737 1289 ad
2771 1209 3005 1263 Leonem
3050 1212 3291 1265 scribunt
3324 1228 3336 1262 :
3388 1210 3463 1262 Ab
3493 1212 3653 1281 Iiujus
3693 1209 3799 1264 Ec-

2201 1294 2227 1331 ι·
2250 1293 2368 1331 estw
2410 1278 2785 1331 (ArelateIISIsl
2825 1281 3085 1331 sacerdote
3124 1293 3225 1331 tam
3269 1282 3557 1331 decessores
3590 1292 3797 1331 nostros

2201 1278 2368 1333 clesia:
2410 1278 2785 1348 (Arelatensis)
2825 1281 3085 1334 sacerdote
3124 1293 3225 1335 tam
3269 1278 3797 1335 decessores—nostros

2200 1366 2354 1419 quam
2404 1366 2494 1403 nos
2541 1350 2677 1414 ipsas
2701 1361 2895 1404 constat
2938 1353 2991 1405 in
3039 1368 3290 1406 summum
3316 1354 3662 1407 sacerdotium
3706 1354 3799 1406 do-

2203 1431 2358 1474 nante
2386 1420 2861 1493 Deaconsecratos.
2905 1420 3036 1477 Cum
3082 1439 3213 1479 vero
3259 1424 3540 1478 Auxanius
3586 1425 3797 1493 episco-

2204 1508 2324 1566 ρυξ.
2351 1502 2405 1544 ιιι
2433 1492 2664 1566 vitiatur“:
2702 1495 2984 1566 Aquensis,
3020 1495 3244 1548 Romam
3275 1495 3481 1564 legatus
3503 1496 3617 1550 sive
3650 1510 3679 1546 a
3709 1510 3796 1566 sy-

2204 1562 2344 1634 nodo
2381 1562 2587 1634 ιοῆπ
2622 1562 2917 1632 Gallicana,
2967 1567 3080 1619 sive
3120 1581 3149 1619 a
3190 1562 3420 1620 Leontio
3461 1562 3792 1629 Arelatensi,

2204 1633 2303 1687 liac
2326 1633 2607 1707 Occasione
2635 1635 2916 1707 abliilaro
2959 1652 3096 1707 papa
3129 1636 3464 1707 privilegium
3494 1638 3793 1692 obtinuerit

2203 1719 2299 1774 pro
2324 1704 2621 1779 ordinando
2665 1704 2894 1779 Niczensi
2934 1704 3190 1777 episcopo
3240 1711 3294 1762 in
3325 1704 3553 1779 'Alpium
3587 1711 3792 1764 mariti-

522 1798 758 1869 prtleesse
782 1783 963 1865 jussit,
997 1774 1132 1835 adeo
1154 1795 1270 1833 eam
1303 1778 1634 1858 disciplinam
1668 1792 1701 1869 ει·
1737 1775 1970 1869 Nicmpis
1995 1774 2095 1827 Pa-
2128 1809 2176 1869 Β
2207 1790 2410 1857 marum
2448 1777 2723 1845 provincia
2746 1819 2760 1842 ,
2796 1774 2982 1861 multo
3013 1774 3183 1869 magis
3229 1795 3324 1869 pro
3366 1774 3793 1869 ordinationibps

523 1845 693 1910 iribus
716 1845 1078 1923 pra’scriptam
1108 1866 1213 1905 non
1238 1846 1405 1923 novit,
1431 1858 1489 1902 ut
1510 1863 1569 1923 se
1597 1848 1773 1923 potius
1793 1861 1860 1900 ex
1882 1845 2097 1898 Patrum

523 1919 906 1995 regulis-agere
932 1919 1281 1995 attirtnaverit
1307 1921 1466 1995 epist.
1510 1919 1564 1995 5_.
1610 1919 1900 1995 Enimvero
1921 1930 2099 1995 canon

524 1985 956 2066 ejusmodi'inter
982 1994 1229 2049 Nicanos
1252 1985 1357 2045 non
1382 1990 1802 2066 invetiitur,_iie_c
1830 1988 1883 2041 in
1914 1985 2103 2066 Graeco

525 2058 699 2133 textu,
745 2082 845 2121 nec
891 2069 943 2120 in
978 2067 1082 2119 ulla
1120 2068 1338 2131 antiqua
1386 2064 1630 2133 versione
1670 2060 1881 2123 Latina,
1922 2073 2022 2133 nec
2045 2058 2101 2133 in

526 2128 931 2193 abbreviatione
952 2136 1166 2200 Ruﬁni;
1197 2128 1360 2188 immo
1384 2149 1481 2188 nec
1503 2132 1639 2188 inter
1664 2144 1899 2185 canones
1923 2128 2105 2183 Sardi-

525 2224 739 2273 censes,
761 2210 859 2277 .qul
889 2210 987 2262 sub
1016 2206 1603 2277 Nicaanorum_tiomine
1631 2218 1659 2255 a
1685 2202 1945 2277 ltuitianis
1970 2214 2106 2277 pon-

527 2271 1003 2348 tiﬁcibus'allegari
1032 2278 1309 2348 solebant.
1331 2275 1472 2348 Cum
1502 2284 1679 2348 autem
1711 2272 1947 2348 episcopi
1976 2271 2106 2324 Nar-

529 2351 786 2407 bonensis
811 2344 1059 2404 secunda:
1075 2350 1186 2418 jam
1218 2348 1269 2402 iti
1299 2346 1615 2401 'l‘aurinensi
1654 2344 1861 2416 synodo
1883 2350 2105 2397 conten-

526 2423 705 2478 derint
740 2422 835 2476 sibi
865 2422 1077 2476 alterius
1110 2420 1386 2491 provinciw
1409 2418 1722 2491 sacerdotem
1749 2430 1962 2487 prwesse
2005 2430 2108 2491 non

526 2495 727 2558 debere,
752 2504 805 2547 et
830 2492 1061 2547 Hilarius
1090 2487 1453 2546 Narbonensis
1478 2491 1616 2558 apud
1648 2487 1921 2541 Zositnum
1943 2487 2105 2555 epist.

526 2566 561 2621 6
590 2565 881 2621 asseruerit
924 2566 979 2619 in
1028 2564 1200 2618 aliena
1249 2561 1615 2631 provinciaiab
1651 2558 1755 2612 alio
1795 2574 1897 2631 non
1934 2558 2111 2609 debere

528 2638 642 2707 fieri
684 2637 1004 2706 sacerdotes,
1056 2645 1111 2690 et
1151 2629 1485 2707 Ltit'ubenscs
1523 2629 1889 2707 Narbonensis
1923 2630 2109 2697 prima:

527 2701 649 2763 cum
681 2707 952 2761 Bonifacio
980 2701 1153 2771 questi
1185 2704 1381 2758 fuerint
1402 2702 1704 2756 Patroclum
1732 2702 1786 2754 in
1804 2701 1969 2753 aliena
1993 2715 2112 2767 pro-

528 2779 695 2832 vincia
741 2791 916 2832 contra
966 2776 1180 2831 Patrum
1222 2776 1427 2845 regulas
1473 2775 1758 2837 ordinasse,
1795 2771 2109 2845 conjectura

453 2862 467 2874 ‘
531 2849 829 2904 Constantii
860 2851 991 2904 satis
1018 2841 1309 2917 probabilis
1342 2846 1496 2917 nobis
1525 2845 1756 2907 videtur,
1787 2841 2113 2917 Bonifacium

530 2937 633 2975 non
664 2922 873 2989 prapria
905 2913 1108 2973 Nicaeni
1131 2918 1337 2971 concilii
1363 2916 1519 2989 verba
1540 2915 1995 2989 referre_voluisse,
2022 2913 2111 2965 sed

529 2983 679 3047 verba
703 2983 817 3061 qua?
842 2997 972 3063 forte
990 2994 1044 3045 in
1074 2989 1437 3043 Lutubensium
1465 2983 1634 3041 libello
1655 3002 1682 3040 e
1702 2983 1932 3063 Nicaenis
1960 3000 2116 3061 cano-

529 3064 680 3119 nibus
706 3056 997 3118 summatim
1025 3077 1263 3131 expressa
1293 3069 1433 3113 erant
1467 3064 1553 3128 (ex
1577 3058 1861 3128 postremis
1892 3056 2111 3131 forsitan

529 3136 711 3191 verbis
748 3135 968 3190 canonis
1002 3133 1058 3201 4,
1091 3128 1184 3187 ὐὺὶ
1229 3148 1317 3202 per
1356 3146 1766 3199 unamquamque
1801 3128 2112 3202 provinciam

532 3184 1345 3273 no'iiiinanrtur)
1390 3184 1694 3271 repetiissef
1718 3216 1778 3252 ac
1802 3184 1977 3273 'velutj
2017 3198 2111 3273 sibi
2142 3184 2188 3247 C

530 3269 740 3349 propria
770 3279 1112 3349 declarassem
1134 3275 1245 3329 ﬂoc
1283 3269 1542 3349 Bonifacti
1573 3273 1903 3349 decretutiia
1935 3269 2114 3349 Ctele-

529 3341 673 3404 stitio
693 3364 946 3416 expresse
976 3345 1352 3403 confirmatum
1386 3343 1484 3397 fuit
1508 3346 1664 3416 epist.
1698 3342 1753 3409 4,
1796 3341 1863 3394 ad
1904 3342 2116 3416 episco-

534 3433 633 3489 pos
664 3409 986 3474 Viennensis
1011 3428 1066 3472 et
1087 3416 1451 3489 Narbonensis
1475 3409 1783 3483 provinciae,
1810 3430 1863 3465 ll.
1896 3414 1964 3464 ti:
1999 3409 2108 3464 Pri-

534 3488 697 3552 mum,
742 3489 934 3559 inquit,
987 3500 1041 3541 ut
1078 3493 1236 3559 juxta
1280 3488 1480 3538 decreta
1524 3501 1777 3559 canonum
1807 3498 2117 3559 unaquaque

531 3561 797 3631 provincia
820 3554 927 3614 suo
949 3554 1339 3631 metropolitano
1374 3566 1611 3631 contenta
1640 3558 1728 3617 sit,
1760 3564 1814 3606 ut
1835 3554 2118 3631 decessoris

532 3625 694 3685 nostri
720 3632 843 3684 data
871 3633 937 3683 ad
984 3625 1371 3683 Narbonensem
1393 3629 1682 3697 episc0pum
1710 3625 1964 3677 continent
1997 3640 2119 3677 can-

532 3703 734 3757 stituto.
758 3718 847 3755 nec
868 3699 1187 3769 usurpationi
1211 3702 1352 3752 locus
1374 3696 1529 3751 alicui
1554 3697 1804 3749 sacerdoti
1834 3699 1884 3747 in
1906 3696 2117 3749 alterius

533 3774 844 3827 concedatur
870 3774 1150 3842 injuriam.
1172 3770 1250 3824 Sit
1280 3771 1529 3842 concessis
1551 3768 1643 3819 sibi
1671 3775 2115 3842 conte_ntus_unus-

535 3849 747 3915 quisque
782 3837 1060 3909 limitibus;
1100 3841 1229 3895 alter
1269 3842 1323 3894 in
1354 3840 1561 3893 alterius
1591 3838 1849 3910 provincia
1880 3837 1951 3889 nil
1980 3855 2118 3909 pric-

533 3926 719 3970 sumat.

607 3988 658 4041 7.
691 3987 770 4041 Ex
801 3985 884 4040 his
912 3994 1089 4040 antem
1121 3983 1431 4055 apostolicis
1460 3982 1704 4055 decretis;
1729 3984 1815 4051 jus
1850 3990 2119 4055 metropo-

533 4056 737 4113 liticutn
766 4058 1021 4127 episcopo
1059 4052 1301 4124 Aquensi
1333 4056 1609 4122 tributum,
1644 4052 1777 4108 adeo
1803 4063 1860 4107 ut
1889 4053 1933 4106 is
1958 4068 2117 4127 verus

532 4125 870 4200 nietropolita
906 4125 1065 4183 tuerit
1098 4129 1397 4197 provincia:
1436 4127 1800 4200 Narbonensis
1842 4125 2114 4200 secundm,

532 4201 591 4257 S.
624 4196 733 4256 Leo
758 4201 968 4255 videtur
997 4196 1344 4268 praesumere,
1375 4214 1495 4253 cum
1528 4198 1745 4265 scripsit
1775 4196 2001 4268 epistola
2027 4196 2113 4261 £0,

529 4287 583 4327 c.
624 4273 703 4329 6:
752 4267 1138 4326 Ordinationem
1183 4272 1276 4324 sibi
1503 4269 1691 4339 singuli
1735 4267 2119 4332 metropolitani

532 4359 743 4397 suarum
784 4342 1581 4411 provinciarum.......restituto
1622 4340 1718 4393 sibi
1763 4355 1852 4407 per
1882 4355 1975 4391 nos
1997 4341 2121 4410 jure

531 4415 831 4481 defendant.
864 4414 1099 4467 Alienum
1114 4415 1203 4483 jus
1224 4415 1353 4465 alter
1381 4414 1473 4466 sibi
1497 4428 1596 4463 non
1624 4412 1813 4463 audeat
1836 4412 2115 4464 vindicare.

533 4484 659 4538 Suis
681 4486 948 4548 limitibus,
980 4501 1086 4537 suis
1109 4485 1335 4537 terminis
1360 4486 1423 4537 sit
1449 4484 1793 4551 unusquisque
1814 4491 2117 4548 contentus;

531 4565 577 4609 et
609 4556 925 4624 privilegium
948 4556 1043 4608 sibi
1064 4555 1285 4607 debitum
1307 4556 1357 4606 in
1378 4557 1539 4607 alium
1565 4557 1844 4623 transferre
1873 4568 1926 4604 se
1949 4570 2116 4624 posse,

530 4628 723 4679 noverit
770 4623 867 4679 non
908 4624 1079 4679 licere.
1128 4625 1277 4690 Quod
1309 4628 1352 4677 si
1383 4626 1495 4691 quis
1519 4626 1775 4693 negligens
1805 4623 2117 4689 apostolicos

528 4699 834 4761 sanctiones,
868 4695 983 4763 plus
1019 4698 1197 4766 gratia:
1231 4696 1454 4748 tribuens
1485 4696 1759 4765 personali,
1800 4701 1883 4766 sui
1907 4696 2116 4749 honoris

529 4770 755 4821 desertor
775 4783 880 4820 esse
903 4765 1138 4831 voluerit,
1164 4766 1483 4837 privilegium
1504 4782 1653 4819 suum
1679 4766 1729 4816 in
1756 4765 1916 4817 alium
1943 4774 2114 4819 trans-

532 4843 666 4910 ferre
719 4855 865 4911 posse
912 4854 965 4891 se
1014 4841 1263 4911 credens;
1303 4853 1406 4911 non
1462 4838 1505 4889 is
1541 4838 1623 4889 cui
1674 4837 1903 4911 cesserit,
1944 4840 2031 4890 sed
2070 4839 2112 4891 is

529 4907 620 4980 qui
685 4907 821 4964 intra
889 4910 1200 4981 provinciam
1266 4909 1574 4981 antiquitate
1622 4907 1898 4981 episcopali
1964 4918 2113 4981 ciete-

531 4979 619 5035 ros
681 4979 922 5051 prcevenit
978 4982 1265 5035 sacerdotes
1307 5023 1322 5047 ,
1393 4979 1667 5032 ordinandi
1731 4980 1825 5032 sibi
1890 4980 2109 5034 vindicet

524 5064 847 5124 potestatem.
909 5053 981 5107 De
1044 5052 1469 5124 metropolitanis
1522 5053 1799 5121 loquitur,
1852 5051 1941 5121 qui
1991 5053 2108 5120 plus

524 5127 709 5192 gratia:
732 5127 1028 5179 tribuentes
1052 5123 1340 5192 personali,
1361 5124 1693 5191 privilegium
1718 5137 1870 5176 suum
1898 5124 1948 5175 in
1973 5123 2108 5177 alios

526 5198 819 5251 transferre
846 5212 904 5250 se
938 5210 1096 5265 posse
1132 5195 1499 5251 crediderant.
1553 5195 1608 5248 Id
1642 5193 1866 5263 intelligi
1897 5195 2103 5264 nequit,

525 5268 625 5321 nisi
655 5267 722 5321 de
760 5266 1187 5333 metr0po|itanis
1213 5308 1226 5331 ,
1266 5268 1355 5336 qui
1397 5266 1623 5335 alicujus
1664 5266 1831 5333 gratia
1876 5266 1977 5336 jus,
2004 5268 2104 5321 sibi

523 5348 837 5408 competens
887 5340 1138 5409 prosequi
1188 5346 1243 5393 et
1287 5335 1515 5405 exsequi
1574 5339 1882 5391 noluerunt.
1943 5335 2104 5393 Forte

521 5414 805 5480 cpisctipus
854 5408 1121 5481 Aquetisis
1184 5411 1237 5463 in
1281 5408 1671 5481 Arelatensium
1727 5410 2099 5477 episcoporum

520 5480 927 5537 observantiam
947 5497 977 5535 a
1000 5482 1121 5551 jure
1150 5480 1291 5551 quod
1313 5496 1379 5536 ex
1406 5480 1635 5535 laudatis
1664 5480 1974 5543 apostolicis
2005 5481 2100 5533 de-

521 5554 683 5608 cretis
723 5553 825 5607 sibi
861 5555 1235 5622 competebat,
1278 5553 1559 5619 abstinuit,
1604 5552 1900 5619 iisdemque
1941 5566 2101 5606 omne

520 5626 840 5696 exercitium
867 5624 920 5678 in
951 5639 1043 5678 sua
1068 5624 1341 5696 provincia
1370 5624 1612 5691 reliquit,
1652 5624 1729 5677 uti
1760 5622 2005 5675 similiter
2034 5623 2101 5677 de

520 5694 755 5763 Ingemit)
801 5694 1169 5752 E‘ireduuensi
1210 5695 1548 5759 videbimus,
1590 5696 1679 5764 qui
1715 5707 1997 5761 propterea
2035 5696 2102 5746 ab

519 5768 709 5839 eodem
740 5769 918 5823 Leone
940 5768 1009 5823 de
1028 5784 1142 5823 suae
1166 5770 1453 5839 provinciae
1473 5766 1655 5820 illicita
1675 5765 1902 5839 cessione
1922 5765 2104 5832 culpa-

515 5837 752 5907 tusiuit;
785 5854 957 5909 neque
983 5842 1126 5897 enim
1167 5835 1329 5896 aliam
1354 5836 1737 5911 motropolitici
1769 5835 1906 5907 juris
1936 5839 2106 5907 origi-

2205 1848 2577 1915 episcopornm
2625 1863 2735 1902 sua:
2793 1850 3084 1917 provinciae
3106 1848 3492 1906 'Nar’bonensis
3548 1852 3793 1907 secundae

2207 1919 2455 1992 eumdem
2490 1918 2785 1981 laborasse.
2817 1930 2871 1974 et
2896 1922 2982 1990 jus
3010 1923 3457 1992 metropoliticum
3499 1923 3605 1977 sibi
3645 1925 3793 1978 resti-

2209 1990 2465 2043 tuendum
2496 2004 2713 2044 curasse
2736 1993 2865 2045 satis
2889 1993 3147 2049 credibile
3174 1990 3276 2049 est.

2280 2061 2333 2114 8.
2365 2063 2434 2114 At
2472 2062 2632 2115 etiam
2682 2070 2799 2127 post
2840 2062 3305 2135 Hilarumpapam
3338 2064 3646 2134 Aquensem
3674 2068 3787 2133 epi-

2210 2147 2430 2199 scopum
2464 2146 2528 2185 ac
2560 2141 2837 2203 propterea
2864 2144 3028 2189 totam
3061 2133 3464 2190 Narbonensem
3492 2138 3777 2190 secundam

2208 2203 2502 2272 subjeCtain
2555 2203 2720 2257 fuisse
2776 2205 3030 2271 episc0po
3095 2206 3399 2261 Arelatensi
3473 2208 3786 2272 Quesnellus

2211 2276 2572 2350 itiferriputat
2605 2290 2673 2328 ex
2714 2276 2854 2350 serie
2904 2277 3068 2332 libelli
3094 2278 3422 2350 Symmacho
3453 2292 3591 2350 papte
3618 2277 3785 2331 oblati

2211 2360 2298 2400 an.
2330 2344 2466 2409 5M,
2496 2360 2559 2399 ac
2586 2360 2651 2399 ex
2682 2347 2939 2416 rescripto
2965 2344 3205 2417 ejusdem
3236 2349 3303 2403 ad
3334 2347 3624 2403 Caesarium
3656 2351 3788 2403 Are-

2212 2418 2494 2489 latensem,
2544 2432 2608 2471 ex
2638 2418 2830 2486 quibus
2873 2423 3175 2489 Aquensem
3225 2421 3535 2489 episcopum
3566 2420 3633 2475 ab
3664 2422 3790 2474 Arc-

2212 2490 2401 2544 latcnsi
2428 2487 2493 2541 ad
2516 2489 2777 2559 synodum
2802 2487 3012 2545 evocari
3047 2487 3285 2561 potuisse
3313 2492 3656 2546 manifestum
3689 2501 3783 2545 est.

2216 2561 2327 2613 lloc
2380 2568 2557 2612 tamen
2604 2573 2977 2630 argumentum
3028 2571 3250 2617 nonest
3298 2563 3519 2616 omnino
3554 2561 3786 2618 evidens.

2211 2630 2510 2705 Arelatensi
2543 2632 2683 2684 enini
2734 2633 2987 2705 episcopo
3015 2634 3103 2703 jus
3132 2633 3297 2689 fuisse
3327 2634 3517 2705 synodi
3549 2634 3790 2704 cogenda:

2213 2718 2281 2757 ex
2315 2701 2552 2775 pluribus
2597 2704 2902 2775 provinciis,
2927 2701 3206 2775 'ipsosque
3253 2701 3640 2774 metropolitas'
3670 2719 3788 2759 evo-

2214 2772 2390 2837 candi,
2419 2788 2483 2825 ex
2516 2772 2632 2841 ipso
2668 2772 2847 2829 Leone
2895 2772 3235 2830 manifestum
3283 2772 3541 2829 eflicitur.
3588 2776 3787 2831 Etenim

2214 2847 2373 2912 epist.
2409 2844 2497 2915 10,
2545 2844 2632 2915 ubi
2669 2844 2723 2899 S.
2762 2845 2991 2900 llilarius
3018 2846 3348 2902 Arelatensis
3381 2846 3651 2915 plectitur,
3694 2847 3791 2903 duo

2221 2917 2331 2988 jura
2379 2914 2501 2988 ejus
2534 2914 2937 2988 distinguuntur
2981 2934 2995 2970 :
3033 2919 3120 2988 jus
3150 2914 3607 2984 metrOptiliticum
3634 2920 3683 2972 in
3707 2932 3789 2971 so-

2241 2933 2331 2969 ura
2379 2933 2495 2983 ejus
2534 2933 2937 2984 distinguuntur
2981 2934 2995 2970 :
3033 2934 3120 2988 jus
3150 2933 3607 2984 ηιθιτοιιοιιιιευηι
3634 2935 3683 2972 in
3707 2933 3789 2971 so-

2212 2933 2325 3042 iam
2360 2986 2683 3060 provinciam
2722 2986 3102 3060 Viennensem,
3132 3000 3185 3044 et
3211 2991 3299 3058 jus
3329 2991 3589 3057 cogendae
3614 2989 3791 3060 synodi

2217 3073 2281 3112 ex
2333 3058 2451 3130 aliis
2512 3058 2818 3125 provinciis.
2877 3059 3112 3114 Primum
3167 3076 3255 3130 ,us
3310 3061 3517 3115 Hilario
3570 3058 3791 3116 ablatum

2218 3128 2464 3203 absolute
2520 3140 2575 3183 et
2630 3130 3054 3195 independcnter
3103 3128 3425 3186 transfertur
3478 3133 3533 3187 in
3593 3134 3792 3203 episco-

2223 3216 2347 3269 pum
2385 3200 2774 3264 Viennensem;
2827 3204 2999 3269 quoad
3051 3204 3135 3271 jus
3188 3218 3316 3259 vero
3361 3200 3645 3260 indicendi
3679 3220 3796 3259 con-

2221 3272 2343 3326 cilia
2375 3287 2441 3326 ex
2462 3273 2711 3339 pluribus
2740 3274 3054 3339 provinciis,
3088 3290 3408 3329 consensum
3431 3274 3641 3330 Leontii
3671 3275 3798 3330 anti~

2220 3342 2425 3411 quioris
2452 3343 2688 3415 episcopi
2724 3346 3102 3413 requirendum
3134 3346 3376 3401 decernit
3402 3365 3415 3399 :
3467 3345 3533 3399 Et
3562 3349 3802 3415 quoniam

2221 3414 2526 3468 honoranda
2555 3422 2627 3467 est
2647 3431 2857 3487 semper
2893 3418 3191 3485 antiquitas,
3226 3419 3439 3487 fratrem
3468 3427 3514 3471 et
3545 3414 3804 3485 coepiscoo

2222 3502 2341 3555 pum
2370 3496 2600 3559 nostrum
2631 3484 2900 3559 Leontium
2934 3484 3249 3559 probabilem
3272 3490 3575 3542 sacerdotem
3598 3484 3728 3551 hac,
3763 3488 3805 3541 si

2218 3559 2357 3610 vobis
2384 3558 2572 3627 placet,
2605 3556 2855 3627 dignitate
2881 3556 3111 3613 volumus
3136 3560 3375 3621 decorari,
3402 3568 3455 3610 ut
3472 3566 3657 3628 praeter
3680 3561 3806 3627 ejus

2222 3643 2519 3681 consensum
2548 3628 2761 3681 alterius
2803 3632 3080 3699 provincia:
3120 3648 3220 3685 non
3253 3631 3498 3684 indicatur
3542 3645 3575 3679 a
3624 3640 3806 3682 uestra

2222 3702 2487 3752 sanctitate
2532 3701 2806 3753 concilium
3006 3702 3413 3770 metropolitanis
3442 3700 3700 3770 privilegii
3731 3702 3807 3754 sui

2222 3770 2472 3842 dignitate
2497 3782 2715 3824 servata.
2748 3774 2937 3827 Nonne
2964 3774 3087 3828 liinc
3110 3775 3416 3842 agnoscitur
3433 3774 3519 3839 jus
3541 3772 3803 3825 evocandi

2224 3841 2367 3912 ipsos
2398 3842 2844 3908 metropolitanos
2873 3845 2938 3897 ad
2965 3841 3268 3915 synodum?
3300 3846 3441 3911 quod
3464 3846 3507 3897 si
3549 3843 3617 3897 ad
3659 3843 3805 3896 Hila-

2223 3916 2358 3967 rium
2389 3928 2494 3967 non
2525 3915 2890 3980 pertinuisset,
2926 3914 3055 3969 niliil
3088 3928 3203 3969 erat
3232 3915 3374 3985 quod
3408 3916 3477 3969 de
3511 3916 3611 3968 bac
3646 3915 3809 3968 facul-

2224 3991 2330 4056 tate
2360 3998 2454 4052 per
2484 3986 2841 4053 antiquiorem
2871 3987 3165 4055 supplenda
3207 3986 3485 4056 quidpiam
3530 3995 3804 4039 statueret.

2222 4054 2335 4108 Hoc
2355 4056 2630 4109 decretum
2664 4058 2959 4126 temporale
2999 4057 3118 4122 fuit,
3159 4054 3351 4127 quoad
3385 4057 3617 4111 llilarius
3646 4057 3806 4122 vixit;

2222 4127 2365 4181 unde
2392 4141 2459 4180 eo
2487 4128 2754 4181 exstincto
2794 4128 2935 4181 idem
2966 4128 3022 4183 S.
3055 4128 3163 4182 Leo
3200 4128 3480 4183 Ravennio
3513 4128 3659 4182 illius
3689 4142 3808 4181 suc-

2221 4198 2426 4253 cessori
2466 4198 2743 4252 mandavit
2782 4209 2843 4253 ut
2870 4201 3133 4269 synodum
3164 4215 3195 4255 e
3226 4200 3472 4270 pluribus
3517 4199 3808 4263 provinciis

2222 4279 2478 4342 cogeret,
2529 4270 2582 4322 in
2611 4285 2717 4342 quo
2758 4286 2946 4325 omnes
2986 4272 3221 4342 episcOpi
3261 4286 3374 4325 suae
3399 4272 3465 4324 ad
3496 4270 3810 4326 Flavianum

2222 4339 2463 4409 epistolae
2488 4341 2907 4411 subscriberent.
2934 4339 3047 4397 lloc
3063 4345 3151 4411 jus
3163 4342 3471 4397 Arelatensi
3493 4342 3807 4397 attributum

2223 4413 2435 4466 videtur
2474 4427 2507 4484 7a
2543 4410 2778 4479 Zosimo,
2823 4414 2961 4481 apud
2998 4430 3156 4482 quem
3207 4414 3489 4468 Patroclus
3521 4414 3809 4484 plurimum

2225 4484 2417 4552 potuit.
2445 4483 2756 4551 Apostolicte
2774 4487 2908 4539 sedis
2931 4486 3230 4538 auctoritate
3251 4485 3483 4537 munitus
3507 4483 3743 4539 traditur
3767 4487 3811 4539 in

2149 4576 2200 4637 ι)
2224 4555 2448 4637 epistola
2476 4554 2631 4637 liujns
2661 4556 2930 4637 pontificis
2947 4560 3207 4637 septima,
3236 4566 3291 4609 et
3316 4554 3579 4637 delegatio
3610 4566 3812 4637 aposto:

2224 4625 2325 4697 lica
2357 4636 2688 4679 memoratur
2715 4628 2873 4695 epist.
2909 4628 2997 4691 10,
3027 4625 3145 4697 quo
3184 4625 3543 4697 respicientes
3576 4629 3813 4697 episcopi

2224 4695 2479 4751 Gallicani
2514 4697 2567 4750 in
2595 4697 2753 4765 epist.
2785 4698 2876 4763 65,
2909 4700 2975 4752 ad
3008 4695 3355 4766 Léonenn'c.
3403 4700 3460 4767 3,
3500 4695 3813 4754 Arelatensi

2222 4769 2443 4839 antistiti
2477 4770 2770 4839 apostolica:
2800 4770 2932 4823 sedis
2967 4772 3129 4824 vicem
3165 4770 3469 4823 mandatam
3520 4772 3814 4826 afﬁrmant.

2221 4837 2384 4913 Forte
2412 4838 2464 4893 in
2493 4837 2667 4913 aliqua
2704 4839 2901 4895 Zosimi
2938 4842 3004 4895 ad
3055 4841 3357 4913 Patroclum
3397 4842 3636 4913 epistola
3660 4886 3674 4907 ,
3704 4856 3817 4913 qua:

2219 4909 2575 4977 desideratur,
2608 4912 2873 4980 ejusmodi
2900 4912 3227 4983 synodorum
3268 4909 3691 4967 indicéndaruni
3722 4909 3814 4966 'la-

2220 4982 2391 5055 cultas
2444 4997 2699 5055 expresse
2757 4982 3158 5055 continebatur.
3223 4983 3360 5038 Hinc
3408 4983 3634 5039 Hilarus
3692 4998 3816 5055 papa

2217 5052 2441 5108 Leontio
2466 5053 2786 5118 Arelatensi,
2820 5058 2908 5124 qui
2941 5053 3219 5109 Ravennio
3270 5056 3558 5118 successit,
3606 5052 3815 5110 monar-

2212 5123 2384 5177 cbiam
2418 5126 2702 5193 quamdam
2733 5125 2785 5179 iii
2826 5123 3226 5181 Narbonensem
3278 5127 3510 5194 primam
3566 5129 3816 5182 attribuit

2212 5196 2369 5267 epist.
2404 5197 2455 5258 7,
2483 5204 2536 5250 et
2579 5198 2679 5251 lioc
2720 5196 2809 5266 jus
2858 5198 3115 5251 evocandi
3166 5198 3311 5265 ipsos
3361 5201 3819 5267 metropolitanos

2210 5266 2276 5320 ad
2300 5267 2562 5337 synodum
2590 5268 2898 5335 expressius
2924 5270 3204 5322 conlirniat
3228 5269 3386 5336 epist.
3417 5268 3471 5331 8,
3496 5266 3559 5321 ς.
3588 5269 3630 5323 2
3670 5289 3684 5322 :
3725 5269 3818 5323 Per

2210 5353 2372 5391 annos
2411 5338 2582 5411 itaque
2620 5339 2851 5408 singulos
2896 5354 2959 5393 ea:
3001 5341 3323 5411 provinciis,
3357 5338 3548 5410 quibus
3594 5342 3820 5411 potuerit

2211 5413 2530 5481 congregari,
2564 5409 2811 5463 habeatur
2834 5409 3130 5478 episcopale
3159 5409 3455 5474 concilium,
3488 5412 3570 5463 ita
3597 5409 3682 5465 'ut
3732 5430 3821 5479 op-

2202 5479 2436 5549 portunis
2467 5479 2591 5532 locis
2619 5494 2768 5547 atque
2798 5481 3128 5550 temporibus,
3184 5482 3466 5536 secundum
3508 5484 3821 5551 dispositio-

2204 5567 2319 5603 nem
2347 5552 2524 5622 fratris
2554 5563 2598 5605 et
2623 5554 2907 5621 coepiscOpi
2934 5554 3098 5606 nostri
3127 5552 3343 5615 Leontii,
3368 5553 3454 5606 cui
3493 5555 3821 5608 sollicitudio

2205 5638 2319 5674 nem
2346 5627 2399 5677 in
2428 5625 2801 5696 congregandis
2831 5624 3077 5686 fratribus
3101 5624 3469 5696 delegavimus,
3504 5627 3823 5696 metropoli-

2206 5696 2339 5747 tanis
2364 5711 2453 5767 per
2474 5695 2671 5747 litteras
2698 5698 2810 5766 ejus
2840 5696 3137 5759 admonitis,
3188 5695 3492 5748 celebretur.
3545 5695 3625 5749 Et
3660 5700 3823 5767 epist.

2208 5766 2276 5837 10
2311 5785 2322 5818 :
2353 5766 2642 5836 Synodalia
2669 5770 2941 5834 quotannis
2968 5767 3215 5834 concilia,
3246 5782 3463 5837 quorum
3502 5766 3752 5837 niaxime
3776 5769 3830 5821 in

2204 5836 2369 5904 fratrs
2391 5848 2438 5893 et
2464 5838 2764 5893 coeoiscooo
2791 5848 2965 5894 nostro
2986 5838 3196 5895 Leontio
3215 5836 3538 5894 Arelatensis
3566 5836 3835 5902 Ecclesia
