3994 6310
189 379 295 437 625

758 378 1318 439 BALLEBINIORUM
1350 377 1919 439 OBSERVATIONES
1956 380 2024 438 IN
2063 380 2370 445 DISSERT.
2411 384 2454 442 ν
2492 386 2901 456 QUESNELLI.

3348 389 3469 457 (ἴω

189 499 376 554 disset.
400 497 582 579 ,Δρ-111
605 512 711 579 non
759 508 997 579 constat;
1031 500 1206 579 immo
1246 499 1579 579 oppositum.
1606 498 1776 555 multo
1804 500 1855 561 Α
1878 498 2140 579 judicium
2184 500 2518 579 declinante,
2549 504 2647 579 nisi
2696 506 2825 559 illud
2867 506 3109 565 solemne
3131 508 3306 579 legum
3338 526 3459 568 om-

187 578 270 625 est
298 569 643 638 probabilius.
680 572 1126 637 impedimentum
1168 568 1449 625 Celidonio
1494 570 1765 637 objectum

188 640 405 695 fuerunt
437 644 634 710 nuptiae
664 658 783 697 cum
814 643 970 696 vidua
1001 658 1157 711 quam
1204 642 1291 697 ille
1328 653 1450 695 ante
1492 643 1770 709 episcopa-

190 722 299 766 tum
324 713 547 767 duxisse
581 714 857 768 dicebatur
891 713 1025 781 (Vit.
1066 713 1183 769 Hi1.
1218 730 1333 779 cap.
1367 714 1476 777 16).
1515 714 1766 767 Additum

187 799 403 853 quoque
429 783 525 838 fuit
552 785 693 839 aliud
722 786 1161 854 impedimentum
1186 828 1199 847 ,
1235 787 1306 838 uti
1347 786 1653 854 appellant,
1689 787 1765 839 le-

188 857 400 915 nitatis.
445 855 693 910 nimirum
743 858 916 911 swculi
958 858 1405 910 administratione
1447 857 1770 926 perfunctum

190 926 405 991 capitali
457 929 661 996 aliquos
692 929 1082 983 condemnasse
1126 929 1411 982 Sententia.
1448 927 1545 982 Ubi
1590 940 1766 983 autem

190 996 331 1051 hanc
361 999 1075 1055 saeculiadministrationem
1102 1040 1117 1063 ,
1166 1014 1259 1054 seu
1304 1000 1538 1053 ofﬁcium
1582 1000 1771 1067 iudicis

188 1072 511 1139 exercuerit,
546 1085 650 1125 non
680 1072 1019 1137 exprimitur.
1045 1070 1382 1126 Gerebantur
1420 1080 1597 1123 autem
1627 1070 1770 1139 ejus-

186 1138 332 1195 modi
356 1141 851 1199 administrationes
894 1152 948 1197 et
983 1143 1155 1195 officia
1186 1143 1349 1195 variis
1392 1142 1445 1195 in
1486 1140 1619 1195 locis
1647 1138 1667 1207 ,7
1709 1156 1775 1196 ac

188 1210 412 1278 proinde
433 1213 548 1267 fieri
574 1214 744 1279 potuit
772 1225 828 1266 ut
856 1213 981 1267 dum
1002 1214 1127 1267 alibi
1150 1228 1307 1283 qttam
1324 1211 1656 1267 Vesontione
1672 1226 1776 1266 sae-

185 1283 359 1353 culari
399 1283 866 1339 administratione
910 1284 1239 1353 fungeretur,
1273 1299 1495 1337 uxorem
1534 1283 1773 1351 ejusdem

186 1352 293 1425 loci
328 1354 570 1420 duxerit;
619 1369 681 1409 ac
711 1368 993 1425 prepterea
1012 1352 1088 1409 de
1124 1370 1184 1409 re
1233 1365 1485 1419 ageretur
1514 1370 1631 1421 quae
1668 1370 1771 1409 non

186 1423 538 1491 Vesontionc,
595 1426 690 1481 sed
713 1423 854 1481 alibi
894 1426 1212 1496 contigerat.
1262 1426 1398 1494 Quis
1442 1437 1619 1480 autem
1672 1426 1775 1481 scit

186 1510 295 1565 qua
326 1498 378 1551 in
410 1498 543 1551 urbe
571 1507 625 1551 et
655 1512 759 1566 qua
800 1499 853 1552 in
883 1499 1156 1565 provincia
1190 1496 1240 1550 id
1281 1497 1562 1552 evenerit?
1589 1497 1774 1551 Enim-

186 1581 324 1621 vero
353 1567 399 1622 si
421 1582 509 1623 res
539 1567 655 1621 haec
686 1568 1009 1623 Vesontioue
1031 1567 1313 1623 accidisset
1338 1609 1352 1632 ,
1386 1582 1449 1620 ac
1479 1567 1662 1621 fuisset
1694 1569 1772 1621 ib-

185 1636 333 1693 idem
362 1647 511 1703 nota,
544 1638 621 1693 uti
650 1640 990 1708 supponitur,
1024 1649 1147 1694 ante
1190 1638 1302 1708 ejus
1333 1638 1647 1708 electionem
1679 1654 1770 1705 pa-

196 1710 411 1772 tuisset,
443 1710 675 1778 dumque
705 1707 770 1765 ex
803 1726 951 1765 more
975 1710 1100 1765 cleri
1134 1707 1419 1778 populique
1461 1707 1767 1776 suffragium

192 1790 553 1848 quaereretur,
608 1781 711 1836 hoc
755 1782 1187 1850 impedimentum
1238 1781 1427 1834 saltem
1472 1780 1539 1833 ab
1589 1782 1768 1846 aliquo

188 1852 511 1920 productum
538 1852 726 1907 fuisset
754 1852 807 1906 in
827 1853 1057 1907 medium
1080 1896 1093 1917 ,
1123 1852 1343 1920 ejusque
1373 1851 1764 1906 ordinationem

183 1919 521 1989 impedisset.
555 1923 719 1992 lguyr
764 1938 829 1977 ex
879 1926 989 1992 ipsa
1040 1919 1304 1978 electione
1327 1933 1379 1976 et
1430 1923 1769 1979 ordinatione

180 1992 406 2063 pacifica
456 1992 687 2059 objecti
719 2004 903 2060 postea
947 1997 1146 2063 nuptiaz
1192 1995 1256 2047 ad
1297 1994 1459 2047 alium
1498 2004 1765 2050 remotum

174 2060 363 2116 locum
394 2066 681 2131 pertinent,
707 2064 776 2118 ita
809 2073 868 2119 ut
904 2066 1001 2120 soli
1025 2060 1202 2119 exteri
1237 2074 1401 2119 testes
1440 2064 1768 2121 Vesontione

174 2146 289 2187 non
312 2133 485 2205 minus
506 2149 663 2203 quam
693 2136 877 2191 Romae
904 2136 1200 2191 adducendi
1235 2136 1451 2201 fuerint,
1470 2151 1567 2191 occ
1596 2138 1769 2205 major

173 2219 280 2272 pro
310 2204 726 2278 Vesontionensi
750 2224 909 2275 quam
941 2223 1039 2278 pro
1060 2208 1303 2262 Romano
1324 2207 1529 2277 judicio
1560 2204 1691 2263 fides
1712 2215 1769 2264 et

171 2276 475 2331 auctoritas
498 2291 560 2332 ex
601 2279 877 2347 productis
908 2276 1130 2334 testibus
1156 2276 1337 2348 colligi
1364 2289 1543 2347 queat.
1578 2278 1634 2333 lu
1665 2280 1765 2335 Ve-

173 2348 524 2419 sontionensi
552 2359 729 2404 autem
753 2350 954 2419 judicio
986 2362 1147 2406 testes
1178 2354 1315 2405 male
1341 2351 1474 2405 fidos
1500 2350 1767 2406 adhibitos

171 2418 310 2491 illud
354 2419 550 2474 indicio
588 2435 710 2476 esse
743 2418 947 2491 potest,
986 2423 1126 2489 quod
1158 2422 1596 2491 impedimentum
1634 2422 1767 2478 leni-

170 2489 240 2544 tis
265 2530 308 2560 ,7
337 2491 391 2545 in
436 2506 542 2560 quo
582 2489 752 2546 etiam
778 2501 940 2547 testes
991 2489 1316 2549 Vesontionc
1365 2495 1760 2550 accusationem

170 2559 591 2629 conﬁrmarunt,
623 2578 728 2618 non
761 2565 1031 2631 constitit;
1080 2565 1221 2619 unde
1260 2564 1403 2619 nulla
1440 2565 1506 2619 de
1536 2579 1601 2620 eo
1645 2580 1763 2620 am-

168 2632 316 2707 plius
344 2632 398 2707 i_n
430 2633 669 2689 Romano
696 2634 900 2707 judicio
930 2636 1154 2705 quaestio
1180 2644 1329 2707 mota
1373 2634 1504 2697 fuit,
1546 2636 1619 2707 de
1657 2651 1760 2707 qua

168 2703 321 2773 apud
349 2704 588 2760 Leonem
623 2706 825 2761 nullum
868 2703 1140 2761 indicium.
1175 2706 1247 2761 lta
1282 2723 1412 2776 ergo
1440 2706 1560 2761 falsi
1586 2718 1638 2762 et
1669 2703 1763 2764 ac-

169 2783 459 2848 cusartores
479 2786 533 2832 et
563 2786 725 2832 testes
747 2793 863 2832 esse
890 2789 1173 2848 potuerunt
1198 2778 1249 2831 iu
1275 2778 1659 2848 impedimento
1681 2780 1763 2834 bi-

168 2847 392 2971 garniaa,
424 2857 480 2902 ut
510 2848 560 2902 in
590 2847 972 2918 impedimento
1006 2849 1245 2904 lenitatis
1288 2847 1455 2904 fuisse
1484 2850 1757 2905 videntur.

210 2927 481 2971 oluerunt
503 2920 753 2971 nimirum
783 2921 943 2971 alinui
990 2921 1043 2971 in
1080 2920 1414 2971 Celidoniuin
1462 2922 1600 2971 male
1643 2922 1757 2971 ani:

210 2920 753 2992 otueruntnimirum
783 2921 943 2992 aliqui
990 2921 1043 2975 in
1080 2920 1414 2992 Celidoniuin
1440 2922 1600 2992 male
1643 2922 1761 2975 ani:

170 2990 308 3063 atati
356 2990 520 3045 falsas
568 2990 941 3047 accusationes
987 3007 1260 3063 spargere,
1299 3002 1351 3046 et
1382 2991 1547 3045 falsos
1595 3002 1763 3047 testes

169 3059 315 3133 forte
344 3075 415 3117 ex
445 3063 559 3117 solo
587 3064 769 3117 auditu
798 3059 1063 3132 proferre,
1095 3059 1185 3133 qui
1220 3063 1478 3116 Hilarium
1510 3064 1624 3117 zelo
1653 3062 1763 3117 dis-

169 3131 393 3202 ciplinzc
420 3134 700 3205 abreptum
731 3131 973 3205 aliosque
1014 3131 1341 3189 Vesontione
1378 3144 1594 3188 coactos
1620 3133 1762 3202 judi-

171 3219 269 3275 ces
296 3204 637 3273 deciperent.
669 3204 897 3261 Romam
924 3217 1099 3259 autem
1130 3221 1159 3259 a
1188 3205 1465 3260 Celidonio
1494 3207 1759 3275 aequiores

170 3284 222 3330 et
248 3274 628 3333 instructiores
659 3287 843 3339 testes,
870 3278 959 3347 qui
992 3277 1164 3345 ipsum
1196 3280 1245 3331 in
1278 3274 1760 3331 administrationi-
1792 3281 1838 3345 ο

172 3348 272 3401 bus
313 3359 572 3413 nossent,
602 3358 827 3419 potuere
858 3349 1077 3416 adduci,
1126 3347 1319 3418 quibus
1349 3348 1601 3413 Hilarius,
1638 3348 1764 3404 licet

172 3427 320 3487 gesta
356 3435 539 3476 secum
565 3420 764 3484 tulerit,
795 3420 1125 3491 reSpondere
1148 3436 1253 3475 non
1281 3419 1470 3491 potuit.
1501 3419 1622 3473 llaec
1644 3434 1763 3489 gra-

177 3492 291 3562 yior
323 3492 675 3562 prmsumptio
717 3501 831 3556 est,
865 3490 983 3561 qua:
1024 3493 1285 3560 majorem
1326 3490 1570 3544 Romano
1602 3506 1761 3561 quam

175 3559 595 3633 Yesoiitiouensi
624 3563 825 3632 judicio
853 3559 918 3618 ex
960 3564 1089 3633 ipsis
1115 3559 1343 3617 testibus
1383 3562 1539 3617 fidem
1571 3559 1757 3616 conci-

176 3630 284 3687 liat.
314 3634 482 3689 Certe
508 3630 751 3689 Jurensis
781 3630 1093 3701 monachus,
1123 3635 1210 3704 qui
1240 3634 1549 3689 Vesontioni
1579 3634 1762 3701 proxi-

174 3718 315 3777 mus,
359 3714 415 3761 et
456 3706 640 3760 Hilarii
690 3721 805 3761 τενο
839 3706 949 3761 fere
996 3720 1196 3777 suppar
1236 3704 1296 3761 S.
1330 3705 1554 3759 Romani
1590 3707 1761 3777 Vitam

178 3776 423 3847 scripsit,
465 3794 530 3833 ex
562 3778 699 3831 fama
729 3786 886 3847 atque
924 3776 1208 3832 traditione
1236 3777 1476 3847 ejusdem
1509 3776 1762 3832 Ecclesiae

176 3845 365 3902 Hilarii
390 3850 711 3904 sententiam
733 3845 875 3902 nulla
895 3849 1139 3903 existente
1161 3845 1358 3902 ratibne
1381 3850 1575 3904 editam
1600 3863 1761 3903 accu-

175 3920 329 3991 savit.
372 3918 453 3973 En
480 3922 638 3991 igitur
662 3936 728 3975 ex
757 3921 868 3991 ipsa
906 3920 1257 3988 Vesontione,
1300 3922 1351 3973 in
1396 3936 1497 3991 qua
1531 3919 1761 3973 Hilarius

176 3988 521 4045 Celidoniuni
545 3988 887 4060 deposuerat,
916 3992 1151 4047 calculus
1180 4006 1276 4061 pro
1319 3988 1512 4045 Leonis
1542 4001 1763 4046 senten-

176 4061 261 4115 tia.
294 4062 470 4130 Majus
497 4065 596 4117 hoc
620 4063 980 4117 testimonium
1013 4076 1116 4130 est,
1143 4078 1299 4131 quam
1324 4064 1493 4116 solum
1525 4064 1762 4116 testimo-

176 4132 320 4204 nium
352 4136 591 4189 auctoris
622 4133 753 4189 Vita:
785 4136 841 4189 S.
878 4134 1081 4199 Hilarii,
1112 4134 1203 4204 qui
1230 4150 1294 4187 cx
1325 4136 1436 4186 sola
1460 4133 1761 4187 Arelatensi

175 4200 338 4272 fama,
375 4220 481 4259 non
531 4215 708 4260 autem
750 4222 814 4260 ex
856 4200 1267 4260 Vesontionensi
1309 4204 1542 4272 scripsit.
1587 4204 1656 4257 At
1694 4204 1763 4259 de

176 4270 272 4345 hoc
306 4276 463 4345 plura
496 4278 547 4331 in
573 4276 1040 4332 observationibus
1064 4277 1127 4331 ad
1154 4276 1376 4344 primatu
1402 4270 1605 4343 partem
1637 4276 1762 4345 c.75.

174 4342 361 4418 Neque
392 4347 593 4401 idcirco
618 4350 729 4402 fieri
755 4349 993 4418 potuisse
1028 4342 1285 4417 negamus
1318 4356 1372 4399 ut
1404 4342 1575 4418 testes
1605 4362 1633 4399 a
1665 4344 1763 4399 Ce-

176 4416 383 4473 lidonio
414 4420 662 4486 producti
688 4416 920 4474 Leonem
955 4416 1221 4473 fallerent.
1253 4420 1320 4471 At
1344 4432 1464 4471 cutn
1508 4417 1559 4470 hi
1600 4421 1764 4471 inter-

174 4492 347 4558 rogati
401 4489 602 4545 fuerint
656 4502 919 4561 prmsente
972 4491 1212 4554 Hilario,
1257 4491 1301 4543 is
1337 4487 1763 4561 autemtametsi

174 4562 395 4616 testium
426 4570 481 4617 et
504 4559 745 4618 actorum
775 4563 1099 4618 Vesontione
1120 4571 1261 4616 esset
1294 4559 1759 4623 instructissimus,

176 4635 313 4697 quod
337 4641 509 4703 posset
539 4650 791 4705 apponere
816 4651 914 4688 non
938 4634 1195 4705 habuerit,
1228 4647 1417 4705 magna
1446 4647 1540 4700 pro
1572 4631 1759 4686 iisdem

177 4706 531 4779 praesumptio
562 4704 957 4779 exoritur,qua
999 4704 1207 4779 Leonis
1226 4704 1525 4773 judicium,
1571 4710 1631 4758 ut
1674 4716 1763 4759 res

178 4776 447 4847 ejusmodi
478 4777 676 4837 terunt,
710 4778 1075 4847 a'quissimum
1099 4776 1386 4845 judicetur.

244 4843 297 4897 5.
336 4844 435 4917 llic
461 4856 639 4917 autem
669 4843 1012 4903 dissimulare
1045 4843 1149 4902 non
1193 4860 1477 4917 possumus
1515 4861 1760 4916 magnam

176 4913 453 4979 Qucsnelli
502 4915 811 4981 audaciam,
862 4934 963 4985 qua
996 4913 1232 4974 Leonem
1282 4920 1334 4973 in
1369 4919 1465 4972 hac
1507 4913 1666 4972 causa
1697 4934 1761 4972 ex

175 4998 563 5057 prteconcepto
585 4987 637 5041 in
670 4986 926 5041 Hilarium
960 4986 1151 5041 alit-ctu
1187 4992 1361 5057 egisse
1402 4988 1649 5057 traducit.
1699 4988 1757 5041 P.

172 5055 411 5113 Iacobus
444 5054 747 5129 Longueval
768 5100 781 5121 ,
815 5059 851 5112 1.
894 5074 966 5124 iv,
1003 5054 1243 5111 llistoire'
1274 5058 1338 5111 de
1370 5054 1584 5126 PEglisc
1611 5057 1764 5129 galli-

180 5144 331 5193 cane,
367 5139 501 5184 tom.
527 5127 590 5196 ll,
617 5145 735 5200 pag.
770 5131 859 5194 55,
892 5137 1088 5183 tantum
1120 5129 1547 5183 criminationem
1579 5127 1759 5200 paucis

171 5200 430 5255 exsufﬂat
456 5220 467 5256 :
497 5201 569 5254 Le
598 5200 667 5256 Ρ.
692 5199 936 5269 Quesnel,
966 5202 1054 5270 qui
1084 5201 1270 5254 semble
1293 5200 1483 5253 n’avoir
1509 5199 1760 5265 entrepris

169 5270 236 5324 de
256 5283 570 5327 commentor
596 5272 669 5327 les
690 5290 877 5327 wuvres
897 5274 959 5325 de
984 5275 1115 5325 saint
1140 5270 1276 5325 Le’on
1298 5289 1394 5342 que
1417 5287 1545 5340 pour
1566 5271 1695 5341 faire
1718 5270 1763 5322 le

169 5343 353 5416 procés
384 5345 417 5397 ὰ
442 5362 497 5398 ce
518 5345 861 5416 graitdgpape,
887 5344 1099 5416 l’aecnse
1116 5344 1306 5416 d‘avoir
1326 5344 1410 5415 agi
1435 5342 1763 5416 pargprgéven-

170 5414 281 5466 tion
303 5425 484 5469 contre
514 5414 647 5471 iaint
674 5414 897 5469 Hilaire.
933 5414 1069 5467 Mais
1095 5416 1227 5468 saint
1261 5414 1400 5469 Léon
1432 5414 1565 5465 at'ait
1591 5414 1763 5467 étété—

166 5486 375 5557 nmina
411 5486 572 5540 Rome
602 5487 672 5539 du
712 5487 943 5557 procédéi
975 5484 1266 5550 d’llilaire;
1298 5486 1341 5557 il
1369 5484 1502 5537 avait
1532 5482 1764 5557 examine

167 5553 243 5606 les
266 5555 440 5627 pieces
466 5559 535 5610 du
561 5553 738 5627 preces
760 5559 881 5611 dont
907 5556 944 5609 il
973 5557 1255 5625 élaitjugc.
1287 5554 1517 5607 Pent-on
1542 5571 1663 5627 sane
1691 5555 1763 5607 lé-

164 5626 357 5679 meriti!
370 5630 529 5697 juger
559 5626 714 5698 qu’un
744 5629 785 5682 si
809 5630 973 5698 grand
1001 5631 1201 5681 Itontmc
1232 5635 1276 5680 et
1310 5643 1377 5679 un
1404 5627 1445 5679 si
1474 5626 1607 5698 saint
1634 5639 1766 5693 pape

163 5698 240 5768 ait
266 5696 486 5768 agi’par
511 5696 719 5768 passion
758 5696 929 5753 conire
972 5716 1039 5751 un
1085 5710 1232 5751 autre
1269 5698 1448 5751 saint?
1477 5696 1767 5768 Enimyero

163 5766 211 5821 si
242 5764 549 5837 déjudicio
576 5772 629 5826 in
653 5785 813 5826 causa
842 5769 1105 5826 Celidonii
1156 5769 1370 5833 habito,
1423 5781 1529 5837 quo
1579 5764 1767 5837 Hilarii

160 5834 447 5893 sententia
479 5842 652 5897 recisa
678 5842 797 5906 fuit,
822 5856 1001 5897 sermo
1024 5842 1112 5908 sit,
1147 5840 1292 5909 quid,
1338 5834 1521 5909 quaeso
1542 5879 1556 5903 ,
1603 5834 1769 5891 Leoni

162 5910 445 5977 agendum
485 5911 677 5978 fuerat,
711 5913 987 5968 Celidouio
1015 5914 1339 5981 appellante,
1374 5910 1677 5975 insistente,
1715 5914 1769 5963 ct

165 5989 347 6037 testes
376 5982 727 6044 producente.
759 5983 958 6041 Hilario
983 5994 1157 6041 autem
1191 5984 1324 6042 nihil
1357 5990 1682 6045 oononcntc,
1706 5987 1759 6035 et
1808 6055 1829 6061 _

1791 4671 1841 4732 D

1883 573 2138 649 triumque
2168 572 2513 649 tribunalium
2556 578 2868 649 principium
2898 585 3044 649 sequi
3078 598 3091 633 :
3136 572 3319 635 Actore
3354 602 3457 639 non

1884 643 2128 709 probante
2158 660 2277 697 rens
2303 643 2619 698 absolvitur?
2640 646 2807 700 Nemo
2832 643 2996 711 potest
3020 653 3116 704 hac
3134 655 3183 705 in
3208 670 3265 707 re
3289 655 3449 710 Leoni

1872 727 2213 791 succensere,
2243 718 2341 768 nisi
2375 730 2497 769 eum
2530 716 2581 768 iu
2616 719 2875 783 ejusmodi
2904 724 3452 791 appellatiouilmsju-

1871 784 2081 862 dicantli
2110 796 2373 862 potestate
2391 799 2665 862 expertem
2683 801 2731 841 et
2754 784 3193 857 incompetentem
3210 784 3445 862 judicent

1871 856 2164 933 existimet.
2192 856 2407 933 ld_saue
2440 875 2602 933 unum
2633 859 2950 933 Quesnellus
2982 880 3074 931 pro
3110 856 3293 921 Hilarii
3321 885 3452 933 apo-

1873 925 2012 997 logia
2040 929 2305 996 produxit,
2340 930 2585 983 cteidem
2609 925 2794 983 sancto
2817 931 2933 985 viro
2956 925 3089 989 hanc
3111 925 3449 995 falsisqm'am

1873 1001 2196 1072 sententiain
2222 999 2465 1066 attigeris,
2497 1000 2602 1054 huc
2633 1002 2809 1055 omnia
2846 1003 2960 1070 ejus
2992 1007 3128 1059 dicta
3150 1048 3165 1072 ,
3194 1025 3349 1064 omne
3380 1011 3453 1066 si-

1875 1068 2426 1145 lentium,_ipsaiiique
2458 1088 2484 1123 τι
2535 1072 2775 1126 Romano
2803 1068 3001 1141 judicio
3031 1068 3201 1145 fugam
3244 1082 3447 1137 retulit.

1880 1140 2087 1264 ἐπ’]
2132 1142 2204 1195 Ita
2237 1143 2298 1195 ad
2326 1143 2463 1212 juris
2490 1140 2839 1210 quwstionein
2871 1155 3031 1199 totam
3067 1140 3200 1202 lianc
3235 1164 3448 1207 causam

1880 1226 1890 1262 ι
1943 1214 2168 1264 Vocavit.
2203 1228 2358 1264 uuam
2387 1214 2453 1264 de
2494 1229 2643 1264 mero
2680 1216 2817 1264 facto
2858 1216 3086 1264 futuram
3118 1217 3270 1264 initio
3306 1237 3448 1264 τρι-ρ-

1877 1214 2168 1277 i‘BVocavit,
2203 1228 2358 1279 quam
2387 1214 2453 1268 de
2494 1229 2643 1267 mero
2680 1216 2817 1268 facto
2858 1216 3086 1270 futuram
3118 1217 3270 1272 initio
3306 1237 3450 1276 rece-

1878 1292 2048 1355 perat.
2068 1286 2189 1355 tloc
2215 1295 2390 1339 autem
2424 1284 2748 1354 pontificium
2772 1287 2859 1355 jus
2884 1303 3005 1341 cum
3036 1289 3453 1349 luculentissima

1877 1354 1959 1421 (ut
1992 1354 2376 1428 nobis-quidem
2406 1355 2635 1423 videtur)
2668 1354 3014 1412 couStitutum
3046 1358 3224 1428 fuerit,
3252 1371 3361 1416 tum
3386 1380 3451 1419 ex

1875 1424 2283 1500 consuetudine,
2312 1436 2419 1500 tum
2443 1441 2507 1480 ex
2538 1428 2852 1500 canonibus,
2882 1441 2989 1483 tum
3018 1446 3080 1483 ex
3103 1424 3283 1485 divino
3308 1432 3448 1500 jure,

1876 1494 1931 1551 S.
1957 1494 2101 1584 Leo,
2122 1496 2207 1584 cui
2237 1496 2440 1577 liocjus
2463 1499 2938 1584 erat‘exploratum
2962 1543 2977 1565 ,
3008 1502 3164 1584 aliter
3206 1494 3453 1584 judicare

1875 1580 1984 1642 non
2018 1570 2219 1642 potuit;
2254 1568 2484 1642 ejusque,
2517 1568 2772 1642 judicium
2803 1586 2961 1624 nemo
2986 1568 3343 1642 poteritjuste
3371 1590 3437 1630 re

1875 1636 2239 1713 prehendere,
2270 1638 2372 1692 nisi
2392 1636 2488 1713 qui
2519 1636 2639 1694 cum
2670 1640 2959 1708 Quesnello
2988 1636 3077 1710 jus
3120 1636 3453 1713 pontificium

1872 1718 2048 1785 neget.
2083 1709 2213 1785 Dum
2248 1724 2375 1763 vero
2404 1711 2513 1785 hic,
2540 1723 2597 1765 ut
2621 1726 2681 1785 se
2706 1724 2755 1767 et
2780 1727 2932 1785 suum
2966 1709 3332 1785 prmjiidicium
3362 1732 3457 1773 oc-

1872 1781 2069 1855 enitet,
2116 1781 2256 1855 hanc
2286 1783 2606 1855 sententiam
2637 1784 2705 1835 ab
2728 1784 2874 1855 omni
2908 1781 3027 1855 jure
3074 1781 3455 1843 abhorrentem

1874 1848 1929 1904 S.
1965 1850 2164 1904 Hilario
2185 1851 2427 1921 ascribit,
2450 1869 2570 1907 eum
2602 1848 3231 1923 apostolicaiauctoritati
3260 1859 3455 1914 adver-

1874 1934 2080 1999 saniem
2109 1923 2360 1999 traducit,
2386 1937 2545 1999 atque
2566 1926 2825 1999 apologis:
2853 1932 3331 1999 nominemagnam
3355 1929 3457 1999 ipsi

1872 1992 2307 2049 criminationem
2342 2006 2391 2047 et
2425 1992 2769 2065 ignominiam
2810 1998 3017 2054 intexit.
3064 1992 3449 2057 Nos'eximiatn

1874 2065 2004 2139 tanti
2037 2065 2134 2119 viri
2181 2066 2517 2139 sanctitatem
2547 2078 2896 2130 venerantes,
2939 2086 3096 2139 quam
3130 2071 3245 2139 ipse
3288 2073 3455 2128 etiam

1870 2133 1977 2189 Leo
2008 2144 2128 2205 post
2157 2136 2274 2205 ejus
2302 2149 2529 2194 mortem
2561 2148 2783 2194 testatus
2805 2149 2909 2205 est,
2946 2133 3067 2196 cum
3108 2133 3229 2196 eum
3258 2155 3452 2198 sancti:

1871 2208 2129 2278 memoria:
2171 2208 2459 2277 appellavit
2500 2211 2659 2275 epist.
2690 2210 2784 2275 40,
2830 2211 2931 2265 alia
2975 2212 3195 2278 mquiori
3242 2214 3453 2270 ratione

1871 2277 2044 2346 ipsum
2075 2278 2345 2334 vindicare
2367 2281 2686 2353 studuimus.
2735 2282 2887 2347 Quod
2914 2284 2956 2337 si
2992 2277 3106 2337 haec
3134 2286 3309 2338 minus
3337 2284 3451 2353 pla-

1870 2360 1987 2403 ceat
2014 2391 2040 2426 ,_
2077 2366 2425 2426 quaecumque
2454 2352 2555 2426 alia
2594 2353 2781 2426 melior
2811 2363 2865 2407 et
2902 2354 3230 2426 probabilior
3258 2352 3453 2410 affera-

1870 2420 2137 2497 tur,_dum
2168 2420 2498 2497 pontificium
2523 2423 2610 2493 jus
2637 2424 2783 2497 omni
2802 2420 3126 2497 antiquitate
3160 2436 3319 2497 atque
3358 2441 3453 2481 au-

1868 2492 2119 2547 ctoritate
2138 2493 2411 2567 sullultum
2429 2492 2737 2561 non‘lmdat,
2758 2492 3111 2553 libenti'ssime
3128 2492 3453 2567 suséipietur

1867 2572 2027 2631 atque
2058 2563 2389 2633 probabitur.

1935 2633 1989 2687 4.
2022 2635 2173 2703 Quod
2204 2638 2247 2690 si
2280 2635 2347 2691 de
2373 2639 2536 2693 variis
2569 2637 2755 2693 Hilarii
2796 2638 3227 2695 accusationibus
3256 2637 3454 2695 Leonis

1866 2705 2105 2782 epistola:
2138 2706 2387 2782 insertis,
2424 2719 2478 2765 et
2516 2709 2567 2764 in
2600 2710 2861 2765 Celidonii
2902 2726 3117 2782 causam
3145 2711 3229 2765 vel
3253 2720 3455 2782 prmter

1866 2776 2037 2845 ipsam
2061 2779 2419 2851 incidentibus
2447 2790 2634 2851 agatur
2662 2822 2677 2844 ,
2721 2796 2844 2837 cum
2884 2782 2949 2835 ad
2980 2781 3116 2835 facta
3147 2776 3456 2851 pertineant

1865 2863 1984 2916 quae
2011 2849 2320 2917 apostolica:
2348 2849 2500 2906 sedis
2527 2852 2616 2919 jus
2657 2868 2762 2905 non
2805 2862 3065 2918 tangunt,
3107 2849 3210 2905 non
3242 2852 3451 2907 inficia-

1867 2934 1985 2971 mur
2023 2921 2074 2972 in
2117 2918 2201 2991 his
2232 2920 2483 2991 Leonem
2516 2918 2620 2974 non
2652 2924 2827 2976 minus
2871 2938 3027 2991 quam
3062 2921 3321 2976 Hilarium
3352 2938 3452 2987 po-

1866 2991 2032 3042 tuisse
2084 2990 2363 3045 allucinari
2412 3000 2467 3045 et
2509 2992 2703 3059 decipi.
2745 2990 3067 3059 Optaremus
3106 2991 3320 3061 quidem
3353 3006 3449 3048 eas

1867 3061 2237 3132 accusationes
2286 3062 2356 3114 ita
2390 3076 2545 3131 posse
2578 3062 2812 3132 purgari,
2842 3073 2898 3113 ut
2927 3062 3050 3115 dum
3090 3062 3319 3132 Hilarius
3358 3061 3453 3117 de-

1866 3129 2120 3196 fenditur,
2152 3130 2261 3185 Leo
2290 3129 2405 3186 non
2427 3129 2730 3189 accusetur.
2776 3132 2989 3187 Utinam
3024 3133 3179 3186 nobis
3212 3131 3453 3189 licuisset

1864 3213 2139 3257 auctorem
2158 3202 2293 3256 Vita:
2317 3204 2499 3256 Hilarii
2522 3204 2738 3265 imitari,
2756 3204 2845 3272 qui
2861 3203 2944 3259 vel
2962 3220 2989 3255 a
3010 3202 3291 3257 narrandis
3314 3219 3453 3257 non-

1872 3274 2038 3344 nullis
2063 3274 2333 3337 abstiuere
2363 3277 2528 3326 satius
2559 3274 2713 3329 duxit
2739 3275 2838 3328 hac
2868 3277 3074 3329 ratione
3105 3274 3259 3328 allata
3283 3272 3448 3344 (Cap.

1869 3343 1957 3414 i7)
1991 3362 2002 3396 :
2034 3346 2155 3427 quia
2186 3355 2446 3399 tantorum
2474 3348 2715 3411 virorum,
2748 3347 3159 3429 pnesertintjam
3176 3346 3243 3397 ad
3270 3343 3452 3429 super:

1867 3432 1984 3489 nam
2003 3417 2222 3489 gratiam
2248 3430 2589 3477 evocatorum,
2617 3434 2718 3471 non
2746 3415 2911 3471 audeo
2937 3415 3133 3487 indicia
3163 3415 3451 3489 ventitare!

1865 3472 2154 3542 Cumvvero
2183 3489 2500 3555 Quesnellus
2530 3472 2715 3543 Hilarii
2742 3472 2999 3556 purgan'di
3024 3497 3283 3559 prietextu
3310 3487 3449 3543 Leo-

1865 3573 1987 3612 nem
2023 3560 2347 3629 impetiverit
2368 3601 2381 3621 ,
2411 3559 2573 3614 officii
2604 3561 2773 3614 nostri
2810 3560 2908 3615 fuit
2929 3575 3020 3615 eas
3052 3561 3451 3683 rationeslpma

1865 3628 2207 3683 ducereuuaz
2256 3632 2322 3683 ad
2373 3630 2514 3683 hunc
2566 3631 2944 3683 vindicandum
2990 3633 3158 3683 magis
3198 3646 3296 3683 con
3326 3646 3449 3683 erro

1864 3628 2061 3685 ducere
2088 3628 2207 3701 qua:
2256 3632 2322 3685 ad
2373 3630 2514 3687 hunc
2566 3631 2944 3687 vindicandum
2990 3633 3158 3701 magis
3198 3628 3449 3701 conferre

1866 3702 1998 3757 visa:
2040 3711 2181 3756 sunt.
2230 3702 2384 3771 Quod
2428 3703 2471 3756 si
2512 3703 2705 3759 exinde
2753 3700 3095 3757 nonnihilum’
3118 3715 3367 3758 censum
3392 3700 3448 3758 in

1865 3771 2126 3827 Hilarium
2158 3775 2317 3837 redit,
2344 3773 2394 3826 id
2428 3789 2532 3829 non
2566 3775 2741 3839 nobis,
2774 3775 2868 3829 sed
2919 3774 3283 3828 monumentis
3324 3787 3451 3841 qua:

1866 3856 2151 3913 supersunt
2180 3844 2515 3899 tribuendum
2556 3854 2656 3899 est.
2706 3846 2901 3900 Leonis
2926 3845 3151 3914 epistola
3176 3846 3276 3897 hac
3306 3845 3357 3896 in
3386 3856 3449 3896 re

1866 3917 2151 3984 plurimum
2184 3917 2395 3986 probat,
2430 3931 2551 3971 cuin
2583 3916 2650 3971 de
2680 3917 3025 3971 contentione
3048 3915 3240 3986 Romae
3261 3914 3447 3986 habita

1867 3995 2108 4051 testctur,
2143 3984 2262 4055 qua:
2294 3989 2422 4055 ipsis
2447 3988 2612 4055 gestis
2643 4002 2747 4040 una
2775 4002 2897 4041 cum
2925 3984 3351 4055 epistolamissis
3381 3984 3439 4055 in

1866 4057 2062 4111 Gallias
2093 4052 2292 4110 itiserta
2316 4052 2657 4127 'l‘uitheque
2688 4058 2829 4111 enim
2853 4057 2919 4110 de
2941 4052 3222 4127 calumniis
3244 4052 3447 4127 Hilario

1867 4127 2110 4194 impactis
2139 4141 2167 4178 a
2198 4129 2539 4181 sanctissimo
2571 4123 2797 4195 pra'sule
2826 4126 3085 4191 suspicari
3116 4124 3261 4176 licet.
3280 4123 3447 4195 pum-

1866 4192 1967 4267 que
1996 4197 2103 4250 Lro
2126 4196 2285 4251 hasce
2312 4198 2515 4251 litteras
2537 4192 2770 4251 eiararit
2790 4211 2896 4248 non
2917 4195 3095 4248 statim
3120 4202 3237 4260 post
3258 4192 3446 4260 dispu-

1868 4271 2080 4323 tationis
2112 4276 2331 4333 iustum,
2378 4271 2471 4321 sed
2503 4270 2737 4389 quinque
2774 4267 2988 4319 circiter
3031 4276 3242 4318 menses
3288 4269 3444 4329 post,

1868 4354 1985 4389 cum
2015 4339 2191 4389 omnis
2221 4348 2402 4389 :estus.
2427 4339 2471 4389 si
2498 4340 2586 4389 aui
2621 4338 2657 4389 ft
2679 4339 2735 4389 it.
2770 4337 2926 4389 nlane
2954 4334 3357 4389 conquieverat.
3380 4347 3444 4388 ac

1867 4354 1985 4394 cum
2015 4339 2191 4391 omnis
2221 4348 2402 4402 :estus,
2427 4339 2471 4391 si
2498 4334 2586 4408 qui
2621 4334 2735 4397 ftiit,
2770 4337 2926 4405 plane
2954 4334 3447 4408 conqtiiererat,_a_c

1869 4420 2126 4479 prmterea
2154 4425 2271 4463 eam
2314 4403 2590 4479 scripserit
2620 4418 2741 4478 post
2768 4403 3091 4479 receptosiet
3118 4404 3328 4459 auditos
3353 4403 3447 4456 lli-

1868 4477 1986 4537 larii
2019 4483 2217 4551 legatos
2238 4481 2301 4535 ad
2335 4477 2505 4549 ipsum
2541 4477 2881 4549 placandum,
2911 4489 2963 4533 et
2993 4477 3256 4551 Hilarium
3281 4490 3447 4529 excu-

1868 4547 2091 4608 sandum
2121 4567 2215 4607 seu
2247 4547 2579 4621 purgandum
2624 4552 2847 4618 missos,
2883 4551 3021 4605 inter
3061 4562 3195 4619 quos
3228 4547 3443 4621 Haveng

1868 4631 2012 4679 nium
2046 4619 2279 4693 pontifici
2312 4619 2578 4695 probatum
2613 4624 2775 4677 fuisse
2805 4624 3060 4677 discimus
3084 4636 3151 4676 ex
3180 4622 3339 4695 epist.
3372 4619 3446 4695 to

1867 4705 1921 4752 et
1942 4689 2174 4763 4l,'hoc
2215 4689 2361 4750 tanio
2394 4694 2672 4750 intervallo
2709 4695 2897 4749 melius
2926 4695 3151 4749 edoctus
3172 4731 3189 4757 ,
3217 4689 3274 4745 ἐἰ
3315 4689 3446 4761 quid

1867 4770 2027 4824 etiam
2056 4779 2212 4821 antea
2237 4777 2430 4835 praeter
2459 4778 2729 4836 gestorum
2764 4766 2922 4819 tidem
2959 4780 3021 4819 ac
3057 4764 3134 4819 rei
3160 4764 3443 4836 veritatem

1867 4841 2046 4895 animo
2078 4832 2485 4909 praesensisset:
2510 4839 2693 4905 procul
2717 4836 2881 4892 dubio
2904 4836 3265 4909 emendasset.
3294 4832 3445 4909 Licet

1867 4922 2043 4967 autem
2070 4902 2119 4963 in
2154 4910 2254 4964 hac
2281 4902 2744 4981 epistola-aliquid,
2778 4902 3446 4981 acerbiusHila-riocxci-

1868 4984 2011 5038 disse
2058 4971 2332 5035 indicetur:
2368 4996 2474 5050 quo
2522 4971 2812 5048 apostolica
2848 4971 3296 5052 auctoritas-lardi
3329 4972 3441 5050 visa

1868 5064 1970 5119 est,
2004 5052 2131 5120 quid
2156 5062 2329 5106 tamen
2366 5041 2415 5105 id
2440 5041 2610 5120 fuerit,
2628 5066 2731 5102 non
2762 5048 3096 5120 exprimitur.
3121 5041 3175 5094 Si
3197 5047 3313 5093 acta
3334 5041 3445 5107 qui-

1871 5115 1970 5176 bus
1999 5115 2108 5175 tota
2143 5123 2254 5174 lucc
2281 5122 2554 5175 contentio
2582 5118 2847 5185 descripta
2872 5117 2971 5169 fuit
3000 5115 3065 5165 ad
3106 5125 3206 5185 nos
3246 5124 3441 5185 perre-

1871 5194 2107 5265 nissent,
2142 5207 2243 5261 qua
2268 5192 2490 5265 :equiori
2522 5204 2586 5245 ac
2614 5179 2830 5265 certiori
2872 5181 3311 5265 interpretatione
3350 5179 3444 5233 lli-

1872 5264 1988 5319 larii
2012 5260 2173 5317 verba
2214 5262 2471 5330 explicari
2501 5270 2769 5331 possent,
2805 5260 3048 5310 fortassis
3090 5265 3445 5331 cognoscere-

1872 5352 2009 5390 mus.
2026 5336 2081 5389 ln
2098 5335 2198 5388 hoc
2224 5322 2404 5389 au'tem
2433 5322 2664 5385 obiicuro
2678 5330 3023 5396 satiszequam
3043 5333 3096 5377 et
3115 5322 3443 5391 probabilem

1872 5421 2152 5461 censemus
2183 5420 2315 5477 eam;
2324 5402 2713 5477 interpretandi
2746 5400 3021 5477 rationein
3056 5409 3215 5477 quam
3252 5407 3448 5474 propo-

1870 5480 2093 5534 suimus.
2129 5486 2184 5531 ut
2210 5492 2276 5530 ne
2299 5468 2555 5529 Hilarium
2587 5480 2772 5525 contra
2798 5468 3151 5539 apostolicum
3188 5468 3276 5534 jus
3301 5468 3446 5518 circa

1870 5548 2277 5618 appellationes,
2298 5555 2491 5618 contra
2504 5554 2740 5618 veterem
2766 5538 3204 5618 consuetudinem
3228 5545 3445 5618 etcon—

1871 5607 1953 5674 Ira
1995 5620 2140 5689 ipsos
2180 5607 2414 5672 canones
2462 5614 2805 5689 Sarilicenscs
2831 5624 3029 5689 ,__q.uos
3060 5610 3113 5663 in
3147 5607 3447 5689 Galliisrc-

1870 5682 2055 5760 ceptos
2101 5690 2465 5760 Ostendimus,
2512 5684 2799 5755 quidquam
2820 5682 3031 5760 dixisse
3070 5688 3163 5733 aut
3207 5682 3447 5731 sensisse

1870 5751 2173 5818 credamus.
2209 5758 2395 5826 Quoad
2418 5751 2640 5829 ceteras
2661 5751 2796 5810 'vero
2820 5751 3005 5808 Hilarii
3032 5763 3308 5829 censuras,
3325 5761 3448 5829 quin

1871 5834 1935 5889 ad
1968 5834 2102 5888 facta
2126 5818 2399 5900 periment
2424 5828 2489 5881 ab
2519 5826 2664 5884 Urbe
2697 5838 2903 5900 rcmOta
2925 5869 2941 5894 ,
2984 5838 3111 5900 num
3145 5820 3311 5900 Leoni
3345 5818 3449 5872 ali-

1874 5905 1995 5959 cubi
2018 5894 2297 5971 abreptum
2327 5900 2505 5965 fuerit,
2538 5900 2715 5971 inopia
2744 5898 2972 5958 aliorum
3004 5894 3448 5954 documentorum

1868 5976 2160 6038 diiudicare
2186 5988 2290 6030 non
2318 5986 2623 6037 possumus.
