3994 6310
268 345 371 403 633

264 524 525 593 agendum
549 563 563 589 ,
594 524 662 579 de
699 526 888 594 quibus
940 535 1115 578 tamen
1172 524 1256 577 vix
1296 523 1450 578 nobis
1491 537 1519 576 a
1559 537 1826 591 quoquam

266 594 411 677 litem
443 597 641 650 moveri
672 596 905 678 intelligo
938 612 950 647 :
1000 594 1260 676 siquidem
1300 594 1534 678 Jp‘annes
1565 594 1827 675 ballaena)

264 666 354 732 qui
380 675 645 734 tamquam
675 664 891 734 majoris
921 666 1149 719 nominis
1175 667 1313 719 inter
1332 664 1673 717 Calvinianos
1700 665 1833 718 scri-

266 744 416 804 ptor,
446 737 789 792 ecclesiastici
832 736 1016 805 jejunii
1049 736 1385 805 oppugnandi
1428 735 1753 803 provinciam
1800 748 1831 788 a

266 805 540 876 sodalibus
569 808 839 876 accepisse
873 808 1109 865 videtur.
1156 807 1296 860 ultro
1325 806 1520 859 fatetur
1547 805 1832 869 cujuslibet

266 874 642 943 hebdomadar,
687 874 749 931 ac
792 879 950 932 etiam
982 878 1033 931 in
1074 876 1507 944 Quadragesima,
1552 876 1829 931 sabbatum

262 945 465 1013 jejunio
488 947 653 1003 fuisse
672 948 812 1018 apud
836 949 1103 1002 Romanos
1120 955 1495 1018 consecratum
1529 964 1541 999 :
1578 947 1725 1018 Quod
1754 947 1831 1001 uel

263 1032 328 1091 ea:
352 1033 484 1085 una,
516 1017 718 1091 inquit,
761 1018 1029 1091 Augustini
1058 1017 1145 1091 ad,
1170 1017 1481 1091 Casulanum
1509 1017 1722 1091 epistola
1760 1018 1833 1071 sic

264 1087 451 1160 liquet,
479 1097 533 1160 ut
568 1090 663 1142 nisi
704 1106 792 1160 per
836 1087 1106 1160 Summam
1130 1088 1498 1159 impudentiam
1517 1088 1703 1160 negari
1726 1102 1833 1160 non

266 1158 443 1229 possit.
495 1159 564 1213 Et
604 1156 752 1215 certe
798 1160 887 1229 qui
930 1156 1219 1214 attenderit
1258 1172 1364 1227 quo
1408 1156 1584 1211 studio
1627 1157 1831 1229 sabbati

261 1226 519 1295 jejunium
551 1226 849 1299 propugnat
872 1230 931 1286 S.
952 1226 1313 1293 Innocentius,
1329 1242 1601 1299 quamque,
1625 1227 1836 1299 religio-

263 1312 376 1352 sam
406 1299 683 1354 existimet
717 1298 833 1368 ejus
868 1302 1263 1355 observantiam
1284 1339 1297 1362 ,
1336 1312 1442 1352 non
1483 1298 1640 1351 facile
1667 1298 1837 1352 addu-

262 1377 411 1423 cetur
457 1378 517 1424 ut
554 1370 685 1424 illud
735 1385 831 1440 per
860 1370 1324 1439 Quadragesimam
1357 1368 1639 1440 remissum
1672 1370 1832 1440 fuisse

263 1447 414 1510 putet
458 1440 596 1510 apud
648 1439 746 1495 eos
790 1441 980 1509 quibus
1022 1442 1286 1510 piaculum
1329 1446 1445 1494 erat
1475 1439 1602 1493 illud
1646 1439 1833 1508 quovis

264 1509 470 1580 sabbati
484 1509 570 1565 die
583 1509 1262 1580 prmtermisisseﬂmuium
1282 1510 1648 1579 probationum
1664 1511 1830 1564 instar

265 1578 370 1633 erit
410 1578 715 1635 criminatio
753 1581 840 1635 illa
883 1580 1137 1637 adversus
1184 1580 1474 1633 Romanam
1504 1580 1825 1646 Ecclesium,

266 1663 385 1717 qua:
409 1649 645 1705 Trullani
687 1651 896 1705 concilii
936 1666 1138 1705 canone
1183 1651 1615 1719 quinquagesimo
1642 1649 1828 1717 quinto

266 1721 588 1774 continetur.
634 1722 885 1788 Quoniam
913 1722 1251 1775 intelleximus
1276 1764 1289 1785 ,
1325 1719 1570 1787 inquiunt
1616 1719 1822 1784 Graeci,

268 1789 341 1873 in.
370 1788 715 1875 Romanorum
744 1792 1027 1879 ciiiitatibus
1078 1794 1128 1843 in
1176 1791 1366 1843 sanctis
1416 1790 1828 1879 Qua‘dragssimat
1856 1819 1901 1879 Β

258 1860 496 1928 jejuniis,
512 1864 563 1913 in
587 1866 695 1932 ejus
710 1862 929 1915 sabbatis
942 1863 1199 1931 jejunare,
1230 1871 1412 1932 printer
1432 1860 1826 1932 ecclesiasticam

260 1931 501 1999 traditam
525 1930 951 1990 observationem,
973 1930 1161 1984 sancta:
1187 1931 1380 1999 synodo
1402 1930 1559 1983 visum
1593 1940 1665 1984 est
1691 1941 1745 1984 ut
1773 1932 1827 1985 in

255 1996 610 2054 Romanorum
652 2017 849 2069 quoque
885 2000 1115 2055 Ecclesia
1157 1996 1454 2053 inconcusse
1483 2002 1614 2053 vires
1644 2003 1826 2055 habeat

252 2082 421 2122 canon
466 2071 719 2141 quiidicit
746 2087 766 2125 :
808 2071 867 2126 Si
910 2072 1023 2138 quis
1067 2070 1276 2125 clericus
1321 2072 1550 2124 inventus
1590 2074 1743 2141 fuerit
1772 2074 1826 2128 in

248 2147 432 2212 sancto
455 2141 536 2195 die
560 2140 827 2194 Dominico
846 2140 921 2195 vel
950 2142 1156 2195 sabbato
1173 2144 1437 2212 jejunare,
1462 2151 1643 2210 prwter
1668 2159 1828 2197 unum

245 2216 295 2283 et
346 2210 548 2283 solum,
592 2212 915 2283 deponatur;
952 2214 1030 2265 sin
1081 2210 1251 2265 autem
1302 2212 1464 2265 laicus
1519 2224 1824 2283 segregelur.

244 2277 423 2343 Quem
457 2282 765 2336 Trullanum
796 2297 1058 2337 canonem
1094 2291 1515 2337 commentantes
1542 2277 1827 2340 Balsamou

242 2356 301 2402 et
341 2351 557 2472 F078
582 2352 845 2417 Zonaras,
878 2352 1239 2407 Romanorum
1267 2353 1320 2407 in
1361 2354 1463 2407 hoc
1485 2353 1826 2423 quadragesi-

242 2433 331 2471 ma
365 2423 408 2472 is
456 2422 661 2472 sabbati
708 2424 907 2472 ieiunio
955 2424 1400 2472 nerseverantiam
1447 2425 1824 2472 lt‘iertinaciam

238 2422 408 2474 malis
456 2422 661 2495 sabbati
702 2424 907 2491 jejunio
955 2422 1825 2495 perseverantiam_(pertinat:iam

242 2491 757 2563 vocant)testatam
805 2495 1020 2548 faciunt.
1070 2493 1368 2547 Latinorum
1410 2491 1506 2548 hoc
1533 2505 1821 2563 peccatum,

240 2560 427 2640 inquit
462 2560 701 2640 Zonaras
720 2605 743 2640 ._
765 2565 1033 2640 emendare
1057 2564 1284 2633 synodus
1310 2576 1494 2618 conata
1517 2560 1623 2628 est;
1653 2582 1825 2620 verum

235 2634 292 2706 in
350 2649 449 2706 aua
500 2635 776 2703 pertinacia
800 2634 1038 2690 hactenus
1065 2643 1450 2704 permanserunt
1494 2647 1823 2706 arrogantes,

240 2701 508 2774 hodieque
543 2716 855 2774 permanent.

312 2772 429 2828 IX.
457 2772 593 2829 Sunt
622 2784 796 2831 tamen
849 2790 983 2845 quos
1032 2785 1209 2832 movet
1257 2778 1492 2833 Socratis
1536 2778 1818 2845 Historici,

233 2843 453 2899 Leonis
475 2847 661 2911 nostri,
681 2843 1005 2914 Cassiodori,
1028 2862 1090 2900 ac
1113 2849 1434 2903 venerabilis
1461 2849 1617 2903 Beda:
1642 2843 1826 2902 aucto-

232 2916 383 2987 ritas
404 2932 429 2978 ί.
469 2931 497 2970 e
535 2918 727 2986 quibus
766 2918 1026 2973 Henricus
1071 2918 1313 2973 Valesius
1338 2958 1352 2980 ,
1405 2918 1485 2972 vir
1539 2919 1826 2987 singularis

232 2985 591 3057 eruditionis,
633 2989 743 3041 suis
771 2990 824 3042 in
856 2988 975 3043 libri
1009 3006 1040 3042 v
1071 2990 1307 3043 Socratis
1346 3004 1463 3057 cap.
1504 2988 1574 3040 22
1602 2985 1826 3043 annota-

236 3056 491 3127 tionibus
545 3058 647 3113 sibi
687 3058 985 3127 persuasit,
1031 3058 1267 3114 SOtl‘aliS
1316 3056 1618 3127 Leonisque
1667 3067 1825 3115 atate

228 3126 523 3182 Romanos
546 3128 598 3181 in
620 3126 1032 3199 Quadragesima
1064 3146 1167 3184 non
1189 3129 1456 3198 jejunasse
1480 3126 1565 3183 die
1587 3130 1821 3194 sabbati;

1270 339 1578 399 DISSER'I'.
1622 339 1708 396 VI.
1751 339 1839 397 DE
1874 338 2145 396 JEJUNIO
2179 339 2482 402 SABBA’I‘I.

336 451 470 510 Vill.
526 452 601 509 De
660 454 905 515 sabbatis,
937 452 1481 523 quadragesimalibus
1531 452 1691 507 modo
1746 453 1907 515 estA

3398 344 3511 410 6³8

1932 453 2019 576 gui
2055 454 2106 507 in
2136 454 2316 508 verbis
2354 455 2465 510 istis
2502 457 2798 525 reperitur,
2830 474 2993 517 unum
3036 462 3177 519 circa
3213 463 3509 524 hebdoma-

1971 539 2119 576 arum
2172 540 2454 576 numerum
2506 528 2975 576 auadranesimalie
3026 533 3206 576 ἰρῑιιηίί
3276 536 3505 576 allen-Iun

1966 539 2119 603 arum
2172 540 2454 603 numerum
2506 528 2975 603 quadragesimalis
3018 533 3244 603 jejuuii,
3274 536 3506 597 alterum

1931 595 2071 667 circa
2121 595 2327 650 sabbati
2358 595 2731 667 exceptionem
2775 600 2826 654 in
2866 595 3105 659 Romana
3135 595 3395 662 Ecclesia.
3429 595 3505 667 De

1933 666 2107 743 primo
2138 681 2301 743 nune_
2326 666 2454 720 mihi
2496 669 2794 743 accuratius
2846 673 3113 740 inquirere
3162 691 3266 731 non
3302 688 3454 735 vacat
3485 666 3499 734 ὲ

1930 732 2030 817 hoc
2052 751 2221 817 unum
2252 736 2713 817 diso_.lnajorem_
2735 732 3110 817 esse_.loannis
3138 732 3505 805 Cassiania'u-V-

1931 808 2233 885 ctoritatem
2259 808 2468 885 1019
2492 823 2655 885 quam
2680 809 2934 885 Socratis.
2959 813 3044 869 Ille
3065 820 3207 871 enim
3238 826 3292 872 et
3312 819 3500 877 eadem

1929 876 2061 948 vixit
2091 876 2354 942 aetatefet
2380 876 2563 931 Romae
2589 879 2911 948 aliquamdiu
2933 896 3291 943 commoratus
3312 900 3423 948 est.
3447 876 3505 948 et

1932 896 2061 930 vult
2091 896 2268 942 actate,
2302 896 2354 931 et
2382 896 2563 931 uomat
2589 896 2911 1002 anquamotu
2933 896 3291 943 commoratus
3312 900 3423 957 est,
3447 901 3503 948 et

1932 945 2322 1026 Leoni__nos_tro
2351 948 2642 1026 familiaris
2694 950 2786 1012 uit,
2820 965 2880 1005 ac
2904 952 3114 1026 demum
3150 959 3288 1026 apud
3316 960 3503 1017 Massi-

1931 1016 2054 1070 liam
2086 1018 2177 1071 diu
2200 1019 2363 1096 vixit;
2378 1034 2493 1087 quae
2523 1031 2577 1096 et
2606 1018 2860 1074 Romana:
2894 1016 3499 1096 Galliarum'provinciai

1933 1095 2068 1162 erat,
2095 1097 2149 1162 et
2178 1104 2299 1143 cum
2327 1088 2581 1162 Romanis
2619 1092 2999 1162 commercium
3028 1088 3411 1162 frequentabat.
3442 1088 3499 1160 In

1933 1157 2217 1232 Collatione
2234 1168 2407 1232 autem
2425 1158 2494 1232 2f
2510 1200 2523 1222 .
2546 1174 2663 1232 cap.
2686 1160 2755 1215 2i
2784 1170 2835 1214 et
2862 1157 3224 1232 sequentibus.
3243 1172 3392 1224 testis
3418 1157 3501 1228 est.

1934 1241 2028 1307 se;
2060 1228 2279 1309 integris
2304 1228 2741 1309 hebdomadibus,
2757 1233 2897 1309 solis
2924 1228 3161 1309 exceptis
3179 1237 3495 1309 Dominicis,

1938 1300 2234 1378 jejunatnm
2265 1314 2383 1355 esse
2413 1300 2730 1378 inlfi‘cclesia‘
2747 1300 3188 1378 _Romana.__Quid
3213 1323 3378 1362 causa
3402 1300 3498 1378 est,

1936 1370 2107 1446 inquit
2137 1369 2429 1446 Germanus
2458 1368 2789 1446 (φησι-21,
2822 1390 2937 1444 cap.
2966 1368 3089 1446 24),
3114 1386 3168 1430 ut
3193 1391 3282 1431 sex
3309 1368 3499 1433 hebdo;

1934 1440 2179 1517 madibus
2202 1440 2599 1517 Quadragesima
2622 1440 2926 1517 celebretur,
2961 1440 3078 1499 licet
3105 1448 3156 1500 in
3200 1449 3502 1517 quibusdam

1932 1510 2216 1589 prouinciis
2243 1510 2501 1589 religionis
2528 1513 2740 1589 forsitan
2770 1517 3068 1589 prapensior
3098 1510 3222 1570 cura
3258 1519 3503 1589 adjecisse

1934 1578 2300 1633 hebdomadam
2342 1578 2502 1651 etiam
2528 1578 2819 1651 septimani
2865 1578 3095 1639 uideatur
3122 1628 3135 1649 ,
3167 1604 3282 1641 cum
3317 1578 3503 1644 'neuter

1933 1664 2196 1727 numerus,
2230 1652 2309 1703 die
2338 1650 2613 1727 Itominico'
2639 1654 2941 1721 sabbatoque
2968 1657 3244 1723 subtracto,
3274 1661 3504 1727 quadra-

1930 1718 2077 1799 ginta.
2108 1720 2308 1799 dierum
2353 1718 2881 1799 impleathsumntam}
2913 1743 3001 1780 sea:
3032 1728 3165 1799 enim
3208 1718 3254 1781 et
3285 1718 3502 1799 triginta

1930 1789 2038 1859 dies
2061 1791 2113 1843 in
2141 1792 2262 1859 ipsis
2289 1791 2689 1846 hebdomadibus
2722 1789 3070 1851 tantummodo
3104 1789 3498 1856 concluduntur.

1929 1857 2076 1939 Sicut
2106 1857 2251 1939 enim
2294 1864 2378 1916 vix
2418 1862 2753 1939 dubiumuest
2795 1869 2920 1935 quin
2960 1868 3123 1922 abbas
3165 1867 3498 1939 Germanus,

1928 1929 2186 2012 Ecclesia:
2212 1929 3172 2012 gonstatitinopolitattm:postmodum
3198 1929 3497 2012 presbyter,

1928 2002 1993 2054 de
2026 2000 2188 2078 hujus
2225 2003 2477 2078 Ecclesiae
2514 2000 2898 2078 censuetudine
2945 2000 3218 2078 loquatur,
3252 2000 3375 2064 cuni
3413 2000 3501 2067 se1

1931 2080 2071 2148 ptem
2105 2073 2557 2148 hebdomadarum
2602 2073 3029 2148 observationem
3077 2092 3496 2148 commemorat,

1928 2142 1997 2215 ita
2027 2156 2229 2215 certum
2262 2154 2343 2197 est
2375 2143 2535 2209 istud,
2563 2146 2704 2215 quod
2736 2146 2801 2202 de
2825 2161 2918 2203 sex
2949 2147 3369 2204 hebdomadibus
3396 2142 3495 2206 ha;

1931 2214 2037 2287 bet,
2063 2213 2130 2267 de
2162 2214 2520 2287 Romanorum
2550 2213 2653 2270 ritu
2684 2232 2803 2272 esse
2845 2218 3266 2287 intelligendum,
3296 2230 3351 2273 ut
3379 2237 3497 2277 ma-

1929 2283 2177 2355 nifestum
2224 2294 2305 2339 est
2331 2286 2411 2340 his
2440 2287 2630 2355 capitis
2659 2289 2727 2342 27
2755 2288 2932 2344 verbis
2962 2305 2975 2341 :
3018 2283 3091 2343 lli
3117 2283 3262 2343 enim,
3286 2292 3379 2345 sibi
3406 2310 3497 2347 se:

1926 2352 2357 2429 hebdomadarum
2394 2352 2759 2412 observantiam
2801 2360 3158 2429 prwﬁxerunt,
3200 2362 3287 2429 qui
3316 2373 3496 2429 putant

1928 2424 2009 2501 die
2030 2440 2226 2501 quoque
2243 2427 2435 2501 sabbati
2454 2424 2830 2501 jejunandum';
2856 2424 2945 2483 sex
2967 2446 3087 2501 ergo
3111 2424 3161 2484 in
3183 2424 3499 2488 hebdomade

1918 2496 2129 2571 jejunio
2155 2496 2461 2565 persolvunt,
2482 2496 2566 2567 qui
2582 2502 2786 2571 eosdem
2810 2515 2897 2571 sex
2918 2510 2964 2553 et
2981 2496 3188 2571 triginta
3212 2502 3316 2555 dies
3336 2505 3499 2557 sexies

1927 2565 2178 2643 revolutos
2194 2565 2547 2643 consummant
2568 2569 2775 2641 (Co/lat.
2807 2569 2899 2643 ἓξ,
2932 2565 3194 2643 ςαρξὲἹ).
3216 2571 3315 2639 Qui
3347 2574 3492 2628 enim

1924 2639 2232 2692 meminerit
2274 2639 2585 2694 Cassianum
2626 2642 2715 2695 lib.
2746 2656 2802 2695 Ill
2834 2640 2899 2694 de
2930 2639 3190 2695 institutis
3222 2644 3495 2697 emnohio-

1926 2723 2039 2780 rum
2065 2722 2185 2780 cap.
2221 2708 2289 2763 10
2310 2712 2606 2779 scripsisse,
2634 2713 2855 2766 maxime
2876 2712 2927 2764 in
2950 2712 3068 2765 urbe
3089 2712 3345 2780 jejunium
3367 2714 3497 2768 sab-

1926 2776 2031 2831 bati
2074 2776 2433 2835 observatum'
2459 2796 2598 2846 esse,
2633 2781 2901 2836 Romanos
2932 2782 3015 2835 hic
3053 2776 3120 2835 ab
3141 2776 3336 2837 eodem
3377 2798 3498 2839 esse

1926 2858 2138 2903 notatos
2162 2864 2265 2903 non
2298 2851 2502 2905 inficias
2530 2852 2681 2914 ierit,
2716 2862 2771 2906 ut
2817 2851 3085 2905 immerito
3111 2850 3339 2906 Dallmus
3369 2853 3497 2908 Bel-

1926 2919 2207 2991 larmrinum
2239 2921 2485 2991 suggillet
2514 2936 2581 2975 eo
2604 2922 2746 2991 quod
2771 2921 2838 2975 de
2872 2920 3073 2975 Latinis
3105 2922 3339 2977 locutum
3376 2937 3498 2979 esse

1925 2988 2236 3042 Cassianum
2266 2990 2493 3045 dixerat.

1996 3056 2089 3130 XI.
2114 3057 2183 3130 Ut
2210 3074 2338 3114 vero
2365 3062 2587 3114 alteram
2619 3060 2878 3117 Socratici
2906 3068 3084 3115 textus
3116 3067 3342 3127 partem,
3376 3076 3496 3130 quae

1927 3126 1992 3200 de
2014 3128 2352 3182 sabbatorum
2381 3130 2913 3198 quadragesimalium
2949 3126 3151 3200 jejunio
3172 3140 3257 3184 est
3278 3171 3292 3194 ,
3320 3126 3499 3187 discu-

230 3199 335 3253 sed
376 3193 882 3269 trestantummod'o
912 3201 1027 3254 dies
1058 3201 1110 3254 in
1150 3193 1371 3269 singulis
1402 3193 1825 3256 hebdomadibus
1851 3193 1896 3256 C
1931 3199 2121 3252 tiamus
2141 3240 2155 3264 ,
2188 3214 2374 3255 omnes
2400 3193 2514 3255 fere
2544 3193 2608 3254 in'
2637 3216 2703 3255 eo
2745 3193 3063 3255 conveniunt
3095 3214 3151 3256 ut
3183 3193 3497 3257 mendosum

224 3268 452 3338 jejunio
476 3268 769 3326 destinatos
796 3287 827 3324 a
850 3271 1032 3325 Leone
1054 3268 1498 3338 notari,quinque
1526 3286 1554 3324 a
1581 3276 1822 3325 Socrate.

307 3342 483 3411 Quod,
506 3340 571 3394 ad
602 3340 798 3396 Bedam
830 3350 1056 3411 spectat,
1080 3341 1231 3410 cujus
1262 3340 1499 3394 libellum
1529 3341 1597 3395 de
1625 3342 1825 3398 Officiis

232 3410 436 3465 laudat
467 3410 738 3475 Valesius,
790 3410 873 3466 vix
922 3414 1076 3480 digna
1122 3421 1247 3466 sunt
1294 3411 1433 3465 Beda
1487 3412 1824 3468 Collectanea

231 3482 329 3536 illa
375 3497 497 3550 quae
541 3482 705 3536 libelli
755 3481 822 3537 de
868 3482 1057 3538 officiis
1105 3498 1297 3537 nomen
1348 3481 1673 3547 induerunt;
1724 3499 1824 3540 nec

232 3552 574 3621 Telesphori
606 3554 917 3607 constitutio
958 3568 1075 3621 quae
1118 3554 1169 3607 in
1210 3568 1275 3606 eo
1316 3552 1493 3608 libello
1552 3554 1821 3621 refertur,

231 3622 502 3678 certioris
526 3665 541 3688 ,
585 3637 741 3691 puto,
781 3634 863 3678 est
912 3624 1034 3678 fidei
1066 3624 1205 3692 apud
1234 3623 1523 3679 Valesium.
1562 3625 1688 3679 Utut
1715 3625 1822 3691 sit,

233 3708 514 3762 nusquam
552 3704 770 3763 apparet
808 3694 915 3748 illic
942 3696 1115 3761 quinta
1156 3706 1203 3748 et
1226 3697 1440 3765 septima
1473 3697 1601 3764 feria
1629 3698 1824 3763 pleros-

231 3782 335 3833 que
370 3779 477 3818 non
496 3765 767 3835 jejunasse
795 3766 846 3818 in
877 3766 1297 3835 Quadragesima,
1331 3766 1515 3821 saltem
1542 3767 1680 3835 apud
1711 3767 1823 3820 Ro-

234 3850 467 3907 manos.
492 3834 682 3889 Narrat
715 3837 855 3890 enim
889 3834 1344 3905 quadragesitnale
1379 3834 1641 3905 jejunium
1665 3839 1823 3907 quin-

232 3906 566 3973 quagesimo
619 3907 705 3961 die
761 3918 883 3961 ante
936 3907 1133 3961 Pascha
1188 3908 1493 3962 inchoatum
1536 3906 1699 3963 fuisse
1749 3924 1819 3964 ex

233 3975 571 4049 Telesphori
591 3978 1004 4043 constitutione;
1025 3993 1091 4032 ex
1114 3978 1215 4032 illis
1241 3989 1419 4033 autem
1442 3978 1820 4049 quinquaginta

233 4048 442 4105 diebus
469 4045 562 4118 qui
592 4062 621 4100 a
651 4048 1097 4118 Quiuquagesima
1141 4045 1489 4103 numerantur
1535 4045 1702 4117 usque
1755 4051 1821 4105 ad

231 4126 491 4173 sanctam
525 4116 989 4172 Resnrrcctiouetn
1022 4136 1033 4171 :
1064 4119 1128 4183 si,
1160 4119 1355 4186 inquit,
1388 4129 1501 4171 octo
1536 4120 1823 4174 Dominicos

233 4188 351 4243 dies
378 4189 715 4250 subtraxeris,
738 4190 985 4260 inquibus
1001 4190 1261 4260 jejunium
1282 4206 1382 4242 non
1406 4189 1518 4260 licet
1539 4192 1821 4257 observare,

232 4267 514 4313 remanent
564 4259 901 4327 quadraginta
942 4268 989 4313 et
1038 4260 1139 4311 duo
1179 4259 1321 4324 dies;
1351 4268 1397 4311 et
1436 4259 1489 4311 lii
1528 4259 1629 4310 duo
1677 4261 1782 4312 dies
1807 4301 1823 4327 ,

230 4330 428 4401 quinta
459 4338 506 4381 et
534 4332 747 4397 septima
775 4331 923 4398 feria,
954 4332 1038 4398 qui
1062 4331 1526 4401 quadragenarium
1554 4329 1823 4395 excedunt,

232 4400 385 4469 apud
432 4401 684 4468 quosdam
716 4402 919 4471 jejunio
947 4403 1284 4461 deducuntur,
1314 4400 1451 4469 apud
1496 4401 1739 4461 quosdam
1772 4401 1822 4471 in

232 4471 524 4541 refectione
542 4469 777 4541 propter
796 4470 1001 4525 Caenum
1034 4471 1348 4523 Dontinicam
1361 4480 1423 4541 et
1452 4479 1685 4523 sanctunt
1710 4469 1827 4523 sab—

233 4539 422 4632 butum
464 4539 733 4632 habentur:
757 4542 885 4632 Qum
923 4542 1170 4632 quidem,
1204 4556 1311 4594 non
1339 4540 1668 4632 deﬂnaltbet
1696 4542 1822 4632 feris
1852 4572 1904 4632 Β

233 4612 290 4677 5,
326 4626 434 4665 nec
478 4611 544 4665 de
571 4612 809 4680 quolibet

231 4682 304 4737 de
330 4682 424 4736 his
447 4680 652 4735 duabus
677 4681 1015 4737 solummodo
1036 4684 1100 4737 fe:
1117 4682 1181 4735 iis
1201 4697 1319 4748 qua:
1346 4680 1412 4734 ad
1437 4680 1823 4737 hebdomadam

230 4761 493 4808 sanctam
526 4755 811 4820 pertinent,
842 4768 998 4807 nemo
1030 4768 1134 4806 non
1166 4752 1325 4806 videt.
1356 4751 1582 4820 Subjicit
1608 4752 1821 4821 quidem

234 4832 367 4893 post
394 4836 563 4891 pauca
591 4823 705 4893 haec
728 4823 830 4877 alia
860 4825 1020 4878 verba
1056 4839 1068 4875 :
1100 4821 1628 4893 Septuagesima‘ideo
1661 4823 1825 4891 fertur

231 4891 264 4947 ὰ
294 4894 549 4963 fidelibus
577 4892 836 4958 celebrari,
862 4903 916 4946 ut
938 4902 985 4946 et
1012 4891 1231 4946 decimas
1260 4891 1459 4945 dierum
1483 4891 1586 4945 Deo
1617 4894 1825 4949 reddere

230 4962 659 5018 et'niltilominus
691 4966 905 5032 primum
933 4973 978 5018 et
1008 4965 1237 5033 quintam
1271 4963 1452 5033 feriam
1488 4972 1532 5014 et
1562 4962 1823 5016 sabbatum

228 5036 446 5107 possint
471 5049 502 5084 a
521 5031 725 5107 jejunio
756 5031 1143 5107 relaxare.'5ed
1171 5033 1283 5107 haec
1305 5031 1641 5107 a_Beda_si_n_e
1666 5048 1826 5101 supe-

229 5102 409 5161 rioris
458 5102 734 5159 aevi‘teste
775 5104 1057 5167 dicuntur,
1088 5110 1143 5158 et
1169 5103 1453 5158 admodum
1493 5102 1821 5170 dubitanter,

229 5177 449 5245 fertur,
486 5184 539 5229 et
578 5175 645 5229 ad
680 5175 852 5228 aetatis
883 5174 1220 5245 regionisque
1249 5187 1357 5228 sum
1384 5172 1824 5245 consuetudinem

227 5244 489 5314 aliquam
516 5248 751 5300 animum
782 5246 1075 5300 advertisse
1099 5244 1325 5309 videtur,
1360 5244 1532 5312 potius
1562 5259 1717 5313 quam
1742 5244 1825 5297 vel

226 5317 303 5373 ad
337 5313 600 5371 Romanae
637 5315 895 5371 Ecclesia:
922 5317 1081 5369 ritum
1106 5357 1120 5381 ,
1156 5315 1237 5369 vel
1278 5314 1345 5369 ad
1380 5315 1469 5368 illa
1499 5324 1735 5383 tempora
1758 5313 1827 5369 de

228 5388 446 5458 quibus
477 5385 635 5441 modo
662 5387 886 5456 agimus.
917 5387 995 5440 Ad
1017 5386 1149 5439 alios
1180 5386 1608 5458 igiturauctores
1640 5399 1825 5453 perga-

226 5455 369 5514 mus
397 5498 412 5523 ,
444 5458 536 5525 qui
582 5464 636 5511 et
676 5455 729 5510 in
778 5472 843 5511 eo
878 5464 1191 5524 argumento
1244 5456 1459 5523 majoris
1500 5455 1657 5524 longe
1702 5462 1829 5509 sunt

224 5528 531 5599 ponderis,
564 5534 627 5599 et_
646 5527 833 5599 majori
858 5528 1019 5599 etiam
1054 5525 1659 5599 difficulta‘terlaborant.

316 5598 394 5654 Χ.
420 5596 662 5652 Socratis
697 5597 845 5651 locus
872 5598 949 5651 sic
983 5596 1141 5651 habet
1172 5613 1184 5647 :
1220 5596 1321 5661 Qui
1352 5595 1527 5649 Romae
1568 5604 1685 5648 sunt
1732 5605 1829 5650 tres

226 5671 523 5725 continuas
554 5666 897 5720 hebdomadas
921 5677 1033 5720 ante
1058 5666 1160 5719 Pas
1173 5667 1283 5730 clm,
1320 5679 1577 5719 EXCEPTIS
1598 5680 1830 5721 SABBA'I‘O

224 5757 309 5795 ετ
350 5740 613 5809 Dontutco
660 5753 776 5801 om,
814 5740 1076 5809 jejunant.
1128 5736 1402 5809 'I‘orqucnt
1432 5750 1503 5809 se
1544 5734 1735 5809 mirum
1777 5738 1828 5789 in

222 5813 371 5868 mod
417 5824 472 5865 tu
509 5805 976 5887 scriptores'v’arii
1006 5815 1062 5865 ut
1100 5808 1292 5865 nodum
1322 5805 1590 5878 duplicem
1620 5805 1831 5883 solvant

845 4612 1277 4680 Quadragesima:
1320 4610 1541 4664 sabbato
1568 4610 1669 4665 dici
1688 4652 1701 4672 .
1730 4611 1824 4667 sed

1928 3284 2049 3323 eum
2076 3270 2248 3325 locum
2278 3286 2397 3325 esse
2416 3272 2785 3340 pronuntient;
2812 3287 2914 3340 qua
2945 3288 3071 3327 vero
3090 3271 3295 3327 ratione
3309 3286 3498 3327 emcu~

1929 3340 2043 3394 dari
2078 3342 2241 3407 possit
2264 3351 2354 3394 aut
2378 3341 2567 3397 debeat
2596 3357 2701 3397 non
2731 3344 3072 3398 conveniunt.

2000 3411 2285 3469 Dionvsius
2316 3412 2563 3467 Petavius
2593 3415 2644 3468 in
2679 3412 3235 3468 animadversionihus
3263 3412 3328 3467 ad
3370 3428 3496 3469 san-

2000 3428 2285 3536 ωοιὲδιυε
2316 3428 2563 3467 νθιίινιυε
2593 3430 2644 3468 ιη
2679 3428 3235 3468 anuuaaversmniuus
3263 3428 3328 3467 aa
3370 3428 3495 3469 san-

1926 3490 2074 3538 ctum
2172 3482 2477 3551 piphaninm
2522 3499 2642 3553 pag.
2672 3485 2794 3546 560,
2837 3496 2891 3539 et
2932 3484 3081 3554 [Iugo
3115 3484 3411 3539 hiamardus
3441 3487 3495 3542 in

1926 3554 2065 3608 notis
2092 3554 2156 3608 ad
2190 3555 2671 3609 Sacramentarium
2701 3554 3085 3625 Gregorianum
3114 3571 3231 3625 pag.
3264 3554 3353 3619 53,
3383 3558 3498 3611 exi-

1925 3624 2143 3678 stimant
2175 3624 2449 3680 Socratem
2473 3641 2576 3680 non
2605 3626 2672 3680 de
2705 3624 2868 3681 Roma
2899 3627 3086 3689 veteri,
3111 3624 3203 3681 sed
3239 3626 3305 3679 de
3335 3641 3491 3692 nova,

1926 3696 1976 3749 id
2002 3705 2083 3773 est
2104 3696 2589 3773 Constantitmpoli,
2616 3697 3013 3773 locutumesse,
3033 3698 3380 3773 voculamque
3408 3700 3497 3773 νέᾳ

1924 3767 2219 3821 scribarum
2243 3768 2520 3821 oscitantis
2550 3769 2824 3833 omissam,
2858 3769 2927 3821 ita
2961 3768 3317 3835 reponendum
3348 3767 3493 3833 esse,

1924 3847 1980 3891 ut
2012 3852 2106 3913 pro
2138 3839 2185 3891 ἐν
2207 3835 2715 3913 Ῥώμῃκιεεπῑιιιγέν
2743 3841 2829 3913 νέᾳ
2856 3842 3034 3913 ’ξ’ὡμῃ.
3078 3838 3236 3892 Suant
3282 3838 3496 3913 firmant

1925 3908 2285 3990 conjecturam
2315 3907 2380 3990 es
2405 3910 2624 3990 Socrate
2651 3907 2891 3990 ἱρείη,ᾲυί
2924 3907 3041 3976 post
3068 3923 3233 3990 pauca
3262 3907 3494 3990 affirmat

1926 3977 2195 4032 Romanos
2222 3979 2465 4031 omnibus
2494 3980 2730 4033 sabbatis
2760 3976 3029 4045 jejunasse
3059 3995 3071 4028 :
3101 3988 3176 4031 Ἐν
3199 3976 3359 4047 Ῥώμῃ
3381 3983 3495 4043 ,πᾶν

1924 4050 2186 4103 σάϐϐατον
2232 4051 2581 4111 νηστένουσινς
2628 4048 2842 4101 sibimet
2890 4049 3029 4101 enim
3087 4056 3190 4099 tam
3230 4048 3495 4101 contraria

1926 4119 2203 4185 scripsisse
2240 4119 2517 4170 cordatum
2549 4119 2719 4171 virum
2750 4116 3071 4185 persuadere
3101 4114 3204 4168 sibi
3235 4129 3339 4185 non
3374 4130 3496 4182 pos-

1926 4184 2067 4241 sunt.
2088 4187 2365 4254 Ingeniosa
2394 4186 2720 4253 conjectura,
2750 4184 2844 4239 Sed
2875 4194 3051 4237 tamen
3074 4199 3191 4253 qua:
3218 4184 3396 4251 plures
3426 4187 3494 4240 ob

1926 4272 2115 4311 causas
2156 4256 2362 4309 admitti
2402 4272 2507 4310 non
2560 4263 2751 4324 potest.
2813 4254 2870 4307 l°
2923 4255 3075 4307 Enim
3130 4262 3386 4323 quotquot
3438 4255 3494 4309 in

1927 4326 2133 4380 edendo
2186 4326 2410 4381 Socrate
2465 4340 2681 4395 operam
2742 4324 2998 4395 hactenus
3054 4324 3492 4395 collocaverunt,

1930 4397 2226 4463 Musculus,
2280 4392 2561 4467 Grynmus,
2602 4394 3169 4467 AChristophorsonus,
3228 4392 3493 4467 Suffridus

1930 4468 2141 4534 Petrus,
2177 4463 2442 4521 Robertus
2469 4465 2791 4533 Stephanus,
2823 4465 3057 4521 Joannes
3101 4463 3395 4534 Curterius,
3424 4465 3491 4520 II.

1932 4538 2200 4605 Valesius,
2235 4537 2362 4591 nihil
2394 4538 2495 4591 tale
2526 4538 2841 4592 invenerunt
2869 4537 2922 4591 in
2963 4535 3346 4607 antiquissimis
3375 4538 3493 4607 qui-

1932 4610 2028 4664 bus
2055 4609 2136 4662 usi
2168 4615 2292 4662 sunt
2331 4608 2599 4663 codicibus
2630 4623 2759 4663 mss.
2790 4622 2923 4677 quos
2952 4622 3016 4661 ex
3049 4606 3493 4664 Christianissimi

1932 4680 2091 4749 Regis
2112 4679 2454 4744 bibliotheca,
2470 4695 2534 4733 ex
2556 4679 2828 4749 Vaticana,
2845 4677 3172 4741 Florentina,
3204 4678 3491 4742 Allatiana,

1931 4748 2156 4820 altisque
2187 4751 2503 4804 habuerunt.
2544 4748 2605 4802 2°
2628 4748 2755 4815 Quis
2782 4748 2936 4805 facile
2971 4748 3181 4819 1080
3207 4750 3495 4820 crediderit

1932 4818 2171 4876 Socratis
2200 4821 2362 4874 libros
2385 4822 2491 4889 jam
2526 4828 2634 4873 tum
2680 4830 2959 4890 corruptos
2976 4818 3107 4874 Esse
3136 4835 3254 4871 cum
3281 4818 3495 4888 Tripar-

1930 4893 2076 4945 titam
2106 4892 2388 4944 Historiam
2435 4891 2701 4945 scribebat
2742 4889 3122 4955 CasSiodorus,
3173 4890 3336 4941 immo
3371 4902 3494 4941 cum

1929 4971 2052 5016 ante
2078 4977 2199 5015 eum
2230 4960 2554 5029 Epiphanius
2600 4961 2959 5017 Scholasticus
3003 4960 3276 5029 Socratem
3305 4955 3494 5029 Latino

1929 5030 2181 5085 idiomate
2210 5026 2463 5096 donabat,
2496 5031 2645 5099 cujus
2672 5034 2918 5086 versione
2946 5040 3076 5099 usus
3104 5034 3186 5081 est
3214 5026 3496 5079 Cassiodo-

1932 5102 2057 5155 rus?
2105 5100 2341 5169 Uterque
2375 5115 2531 5167 porro
2561 5097 2804 5156 eamdem
2836 5097 3496 5169 lectionemureprgesetitat

1927 5186 2087 5240 quam
2120 5164 2265 5227 nunc
2287 5171 2337 5224 in
2369 5164 2589 5226 Socrate
2622 5172 2896 5225 habemus.
2928 5166 3076 5240 Nihil
3098 5164 3320 5240 dico-de
3340 5164 3497 5220 Nice-

1933 5235 2132 5309 phoro,
2162 5242 2248 5311 qui
2292 5240 2474 5296 eadem
2504 5257 2568 5296 ex
2601 5241 2822 5311 Socrate
2856 5235 3187 5311 transcripsit
3214 5235 3350 5307 (Lib.
3385 5251 3489 5305 xu,

1931 5307 2044 5379 cap.
2077 5307 2192 5381 5i),
2223 5327 2321 5367 nec
2345 5328 2439 5382 par
2466 5320 2547 5365 est
2568 5310 2788 5382 credere
2816 5319 2905 5382 aut
2931 5307 3135 5382 nullum
3168 5315 3291 5382 tunc
3314 5320 3496 5382 emen-

1932 5375 2110 5436 datum
2148 5375 2389 5438 codicem
2431 5381 2663 5438 Socratis
2711 5377 3058 5449 superfuisse,
3089 5375 3497 5449 autNicephoro

1934 5468 2037 5506 non
2063 5452 2315 5517 adfuisse,
2349 5453 2437 5521 qui
2478 5464 2663 5521 magna
2700 5448 2945 5521 exparte
2974 5448 3181 5521 Socrati
3228 5448 3492 5521 innititur.

1931 5524 1987 5578 ὅθ
2026 5524 2106 5578 Ad
2145 5514 2743 5589 Constantinopolitanm
2782 5517 3038 5573 Ecclesia:
3074 5514 3498 5589 moremreferri

1934 5610 2037 5649 non
2069 5602 2245 5663 potest
2265 5593 2404 5661 quod
2426 5586 2901 5663 scribitSocrates,
2918 5601 3039 5663 _tres
3067 5595 3269 5641 tantum
3293 5586 3498 5663 hebdo-

1933 5654 2116 5719 madas
2144 5654 2421 5718 conti-uuas
2454 5670 2578 5714 ante
2618 5660 2817 5713 Pascha
2861 5659 3125 5728 jejunatas
3150 5672 3291 5712 esse.
3320 5654 3499 5710 Theo-

1934 5736 2137 5810 phanes
2176 5736 2315 5810 enim
2350 5732 2550 5810 aliique
2576 5739 2694 5799 post
2735 5730 2921 5810 ipsum.
2951 5736 3207 5810 testantur
3241 5737 3499 5810 .tempore

1934 5798 2214 5865 Ilustiuiani
2244 5798 2585 5874 imperatoris
2612 5798 3067 5875 quadragesimale
3088 5798 3348 5870 jejunium
3376 5806 3498 5857 octo
