3994 6310
337 386 438 451 857

1334 382 1639 449 nissum.
1681 390 1767 448 v1.
1809 391 1899 448 ne
1936 385 2203 451 manu)
2240 394 2546 484 susum.

3476 403 3581 467 διε

336 496 1020 587 Qu‘adrggesimaevolvet,
1041 515 1294 587 revocare
1323 504 1375 559 in
1406 504 1654 587 dubium
1684 503 1901 585 audebit
1927 504 1980 567 Α
2006 504 2090 587 le,_
2110 512 2178 570 et,
2229 516 2285 587 ut
2304 509 2577 587 e_st__nobia
2598 508 2846 587 traditum
2871 555 2882 578 ,
2914 523 3137 570 servetur
3158 515 3229 569 ad
3258 519 3490 587 corporis
3531 528 3580 576 at

575 577 716 647 quod
737 576 803 633 de
829 575 1087 632 catholica
1109 580 1161 629 et
1199 577 1491 645 prmsertim
1521 575 1789 647 Gallicana
1816 575 1896 642 je-

575 580 716 660 quod
737 580 803 633 de
829 580 1087 632 catholica
1109 580 1161 629 et
1199 580 1491 658 prtusertirn
1521 580 1789 631 Gallicana
1816 580 1896 642 je-

396 666 467 703 nn
529 648 766 717 isciplrna
798 656 954 703 aetate
983 654 1162 719 nostra
1193 656 1406 715 scripsit
1443 647 1532 701 ille
1557 654 1625 700 .et
1655 645 1757 719 sub
1791 659 1898 699 orn-

335 716 480 774 niurn
510 716 679 773 oculis
702 716 1025 789 publicavit?
1053 716 1181 785 Quis
1214 732 1317 772 non
1368 734 1462 787 pro
1503 732 1631 772 vero
1672 716 1895 789 trabeat,

334 791 469 872 qugd
499 788 581 872 (ut
610 786 957 872 ille'ai'lirmat
978 787 1071 872 lib.
1100 789 1277 872 icap.
1308 786 1421 871 ll.)
1443 831 1457 857 ,
1506 802 1646 872 anno
1669 786 1898 872 ‘Domin‘i

336 860 617 916 millesimo
645 860 1033 915 sexcentesimo
1059 860 1497 929 quinquagesimo
1530 866 1721 929 quarto
1741 904 1753 923 ,
1794 870 1898 924 quo

334 932 620 995 scribebat,
660 946 692 985 a
724 932 971 999 quibusvis
1010 928 1243 999 ﬁdelibus
1291 929 1436 983 aliud
1470 928 1599 982 nihil
1636 929 1898 998 exigebant

335 1002 548 1071 publica
573 1000 939 1057 catholicorum
966 1001 1098 1071 leges
1127 1041 1139 1063 ,
1183 1001 1280 1055 nisi
1306 1010 1363 1055 ut
1392 1003 1537 1053 statis
1582 1000 1899 1068 deﬁnitisque

334 1073 642 1143 temporibus
670 1089 701 1126 a
730 1074 965 1126 carnibus
987 1073 1311 1138 abstinrrent,
1344 1073 1688 1143 prandereque
1718 1084 1778 1121 ac
1802 1084 1900 1143 cas-

333 1139 457 1198 nare
480 1145 634 1198 etiam
673 1144 808 1199 laute
841 1150 992 1211 atque
1024 1143 1261 1212 opipare,
1297 1139 1571 1195 dummodo
1600 1142 1707 1194 sine
1734 1139 1902 1192 carni-

333 1216 444 1279 bus,
476 1217 687 1284 impune
712 1215 1052 1283 patiebantur,
1084 1214 1548 1284 contendebantque
1576 1212 1700 1264 tales
1726 1225 1899 1284 repre-

334 1287 484 1341 hendi
513 1282 616 1339 non
643 1282 827 1356 posse?
855 1285 981 1351 Quis
1004 1298 1109 1356 non
1138 1283 1325 1336 credat
1365 1286 1558 1356 nudam
1601 1290 1655 1356 et
1694 1282 1900 1356 simpli-

331 1371 450 1411 cem
474 1353 723 1411 carnium
752 1354 1125 1410 abstinentiam
1164 1368 1259 1420 pro
1297 1369 1425 1407 vero
1454 1353 1658 1421 jejunio
1691 1367 1719 1405 a
1751 1353 1901 1407 nobis

338 1427 599 1492 habitam,
632 1427 885 1489 immani,
917 1433 975 1480 ut
996 1426 1110 1489 ait,
1157 1431 1211 1477 et
1249 1426 1405 1493 plane
1453 1422 1640 1493 puerili
1680 1422 1901 1493 errore?

333 1498 461 1565 Quis
487 1512 590 1551 non
604 1496 927 1552 existimabit
947 1496 1210 1566 piaculum
1234 1492 1353 1549 esse
1374 1498 1416 1548 si
1443 1492 1545 1547 non
1568 1492 1899 1566 crredatquod

333 1570 550 1639 singulis
592 1585 686 1640 per
711 1575 867 1621 totum
908 1565 1638 1640 annum_he_b_domadis_fer_ia
1669 1573 1899 1640 δείξω-ει

334 1634 547 1692 sabbato
577 1634 811 1710 jejuuari
854 1638 1090 1710 prlecepit
1105 1636 1369 1710 hodierna
1400 1636 1675 1690 catholicae
1715 1634 1897 1710 Eccle-

334 1711 430 1764 sia:
455 1705 775 1779 disciplina?
800 1705 911 1763 Huc
936 1705 1078 1779 enim
1102 1706 1458 1779 indubitanter
1473 1710 1741 1779 asseverat
1774 1705 1894 1757 Dal-

336 1779 467 1834 lmus
495 1775 610 1849 cap'.
646 1780 711 1834 14
737 1776 1146 1849 ejusdemiibri;
1179 1786 1231 1831 et
1260 1778 1351 1830 lib.
1378 1791 1447 1835 tv.
1473 1790 1590 1843 cap.
1625 1776 1674 1849 5,
1703 1775 1893 1849 iterum

2004 578 2189 629 anima:
2211 579 2562 656 disciplinam.
2590 578 2736 656 Certe
2760 585 2845 651 qui
2859 588 3096 655 jejunare
3125 602 3226 641 non
3257 578 3445 656 potest,
3475 605 3577 645 non

2000 655 2275 731 praesumat
2298 650 2536 731 inducere
2562 650 2829 731 tiquitatem
2847 650 2975 731 {sed
3003 660 3230 731 fateatur
3250 650 3355 712 esse
3376 650 3578 731 fragili-

2000 718 2120 771 tatis
2150 720 2373 803 propria:
2394 720 2528 803 qugd
2552 720 2781 803 relaxat;
2802 733 2849 777 et
2865 718 3073 781 redimat
3091 718 3419 800 eleemosynis
3440 718 3575 803 quod

2001 804 2105 861 nou
2132 799 2296 860 potest
2322 791 2569 861 supplere
2596 792 2825 860 iejuniis.

2074 859 2150 939 βξ
2180 859 2522 939 huc_egregi_o
2549 859 2862 939 Clirysologi
2894 869 3195 925 testimonio
3226 870 3447 939 plurima
3476 874 3570 930 lux

1999 929 2153 1012 nobis
2180 928 2414 1012 aﬂulget.
2440 928 2522 1012 ’μ’
2555 928 2708 1012 Enim
2754 928 2971 1003 apparet
2996 928 3312 1012 varietatem
3344 959 3371 995 a
3408 928 3573 1012 piari;

2000 1001 2103 1054 mis
2135 1001 2311 1055 invehi
2340 1002 2569 1069 erupisse
2610 1011 2734 1058 tunc
2787 1001 3037 1074 temporis
3071 1009 3121 1063 in
3154 1001 3439 1067 Ecclesiam
3472 1016 3573 1069 Ra-

1999 1084 2328 1149 vennenseni
2377 1074 2514 1149 (cur
2558 1088 2663 1149 nou
2692 1077 2827 1149 etin
2864 1077 3095 1149 uliast).
3149 1080 3205 1131 2°
3256 1082 3569 1141 Varietatem

2005 1144 2159 1218 istam
2211 1144 2458 1218 novitatis
2506 1144 2655 1212 argui
2688 1147 2756 1199 ab
2803 1144 3071 1218 episcopo.
3106 1150 3161 1203 5⁸
3188 1150 3465 1209 Varietatis
3508 1172 3570 1212 ac

2004 1213 2259 1294 novitatis
2297 1214 2455 1294 istius
2488 1224 2649 1284 caput
2694 1213 2854 1294 unum
2894 1213 3031 1285 esse,
3064 1221 3202 1294 quod
3223 1224 3570 1294 quadraginta

2003 1280 2120 1335 dies
2150 1298 2255 1337 non
2288 1280 2622 1352 jejunareiit,
2652 1287 2991 1357 traditumque
3014 1280 3045 1341 ὰ
3077 1280 3299 1344 Domino
3330 1280 3571 1350 sub‘ianti

2004 1367 2215 1429 numero
2256 1360 2553 1429 sacramenti
2574 1358 2833 1429 jejunium
2878 1360 3158 1415 violarent.
3191 1360 3250 1414 4°
3280 1361 3429 1429 Quod
3469 1381 3572 1421 non

2002 1424 2206 1503 aequale
2239 1434 2378 1479 esset
2399 1428 2534 1493 apud
2562 1424 2654 1481 eos
2682 1428 3029 1503 quadraginta
3048 1432 3265 1503 dierum
3288 1424 3569 1503 jejunium,

2001 1494 2095 1570 sed
2120 1509 2257 1548 nunc
2296 1510 2561 1570 severum,
2595 1494 2735 1570 nunc
2766 1494 3143 1570 indulgentius.
3183 1504 3239 1557 5’
3266 1494 3569 1559 licbdoma;

1998 1563 2191 1646 datum
2214 1567 2753 1646 quadragesimalium
2784 1563 2939 1625 alias'
2965 1574 3245 1646 resolutas,
3279 1575 3409 1629 alias
3456 1579 3572 1646 rigi‘

1998 1634 2093 1715 das
2125 1635 2224 1715 illis
2263 1634 2446 1715 luisse—.-
2488 1637 2757 1715 Resoluta:
2790 1654 2967 1715 autem
2994 1658 3073 1715 etc
3119 1634 3283 1699 fuisse
3327 1634 3573 1703 videntur

1997 1707 2050 1781 i_n
2074 1707 2286 1781 quibus
2310 1724 2356 1781 Aa
2378 1708 2580 1781 jejunio
2608 1710 2723 1764 dies
2754 1711 2915 1779 aliqui
2957 1714 3397 1781 absolvebanlur;
3431 1719 3571 1775 unde

2001 1776 2163 1859 iicbat
2194 1788 2247 1831 ut
2298 1779 2458 1859 (quod
2506 1783 2652 1849 prius
2672 1776 2978 1859 notaverat)
3008 1786 3203 1859 sacrati
3223 1776 3569 1859 quadraginta

334 1851 430 1940 uit,
458 1846 595 1930 quod
606 1846 863 1921 jejunium
880 1848 1033 1940 [efﬁat
1054 1856 1207 1928 settle
1228 1888 1240 1909 ,
1278 1863 1382 1940 lucu
1412 1847 1773 1940 voluntarkiulru,
1808 1848 1897 1940 sed
1925 1878 1971 1940 Β
2000 1846 2206 1940 dierum
2229 1846 2437 1931 numeri
2466 1846 2776 1940 mysterium
2806 1846 3116 1940 solveretur.
3148 1846 3455 1913 Vix-auten?
3472 1861 3571 1914 du-

330 1917 618 1991 legitimum
635 1917 740 1973 esse
758 1920 907 1991 apud
928 1919 1242 1991 adversarios
1276 1918 1399 1986 (hoc
1430 1927 1513 1973 est
1542 1917 1891 1991 catholicos),

327 1988 492 2113 negate
519 1989 913 2058 extingulorum
954 1988 1167 2070 arbitrio
1207 1988 1892 2070 spontaneaquedevotione,

327 2074 378 2113 se
441 2075 504 2113 ea:
532 2060 734 2113 uublica
754 2074 1134 2113 necessarraaue
1154 2059 1261 2113 leae
1282 2061 1356 2113 sic
1380 2061 1441 2113 ab
1466 2060 1699 2113 omnibus
1718 2069 1766 2113 et
1791 2062 1892 2113 sin-

322 2059 415 2114 sed
441 2075 504 2114 ea:
532 2060 734 2129 publica
754 2061 1134 2128 necessariaque
1154 2059 1261 2129 lege
1282 2061 1356 2113 sic
1380 2061 1441 2113 ab
1466 2060 1699 2113 omnibus
1718 2069 1766 2113 et
1791 2062 1898 2113 sin-

323 2130 460 2201 gulis
481 2130 735 2202 observari
760 2138 935 2185 uotum
962 2138 1055 2195 est,
1090 2138 1143 2183 ut
1168 2132 1213 2183 si
1232 2132 1345 2200 quis
1368 2144 1425 2185 eo
1451 2133 1532 2185 die
1562 2131 1637 2201 (ut
1662 2130 1757 2202 ipsi
1784 2133 1896 2199 qui-

323 2202 439 2274 dem
466 2201 766 2273 loquuntur)
795 2216 897 2255 non
915 2204 1139 2274 jejunet,
1166 2218 1279 2255 eum
1306 2204 1390 2256 isti
1410 2203 1691 2273 gravissimi
1718 2204 1893 2274 crimi-

328 2272 407 2325 nis
436 2280 481 2326 et
505 2274 709 2341 quidem
739 2272 927 2328 aiterna
947 2272 1107 2327 morte
1127 2274 1269 2341 digni
1296 2272 1437 2327 reum
1476 2280 1726 2328 censeant.
1767 2273 1897 2329 Post

320 2342 524 2414 aliquot
545 2346 763 2409 multos,
792 2345 1027 2413 inquam,
1058 2357 1227 2398 annos
1254 2344 1411 2399 iidem
1426 2344 1623 2398 Dallaso
1640 2346 1894 2414 abrogare

322 2413 568 2485 plurimis
594 2415 769 2470 forsan
797 2416 983 2485 religio
1011 2417 1136 2479 erit,
1167 2414 1370 2471 homini
1399 2416 1554 2471 Gallo
1588 2413 1798 2471 scilicet
1822 2417 1890 2471 de

320 2483 598 2541 Gallicam
626 2498 775 2557 more
797 2487 877 2557 sui
902 2483 1171 2554 temporis
1204 2487 1347 2541 serio
1391 2487 1673 2554 scribenti,
1720 2500 1892 2557 eoque

321 2569 599 2613 asserente
648 2556 899 2613 defendet
950 2558 1208 2626 jejunium
1254 2573 1346 2626 per
1374 2559 1672 2612 Adventum
1719 2556 1891 2626 rigide

319 2627 660 2682 observatum
685 2643 806 2684 esse
837 2643 931 2697 per
971 2628 1087 2697 ejus
1118 2636 1328 2683 aetatem
1375 2628 1426 2682 in
1474 2626 1680 2683 Galliis.
1713 2628 1891 2697 Neque

320 2698 485 2771 nobis,
519 2699 705 2771 inquit,
735 2701 798 2754 de
823 2699 1077 2771 Aduentus
1088 2700 1290 2771 jejunio
1322 2698 1579 2753 molestior
1604 2709 1675 2753 est
1703 2701 1888 2753 adver-

319 2770 492 2823 sarius
520 2768 958 2840 (Bellarminus),
991 2768 1341 2839 quod'itidem
1370 2772 1626 2825 contendit
1656 2787 1756 2824 non
1785 2782 1889 2825 tam

319 2854 384 2893 ea:
409 2849 658 2911 pratupto
685 2857 834 2910 quam
854 2856 917 2895 ea:
945 2841 1157 2895 consilio
1179 2851 1266 2895 aut
1286 2851 1399 2895 voto
1424 2858 1454 2893 a
1474 2841 1648 2896 multis
1676 2846 1883 2897 servari.

326 2911 647 2980 Quamquam
666 2915 803 2980 apud
819 2927 909 2966 nos
932 2928 1069 2975 sane,
1086 2914 1139 2965 id
1169 2923 1264 2979 est,
1290 2914 1341 2965 in
1368 2911 1560 2975 Gallia,
1583 2929 1686 2965 non
1719 2915 1888 2968 minus

318 2990 560 3056 accurate
597 2992 684 3036 aut
735 2984 970 3056 religiose
1014 2984 1106 3036 hoc
1168 2984 1419 3048 ieiunium
1478 2999 1632 3056 quam
1674 2986 1887 3056 quodvis

318 3053 466 3107 aliud
495 3068 562 3108 ετ
588 3068 808 3110 ralem
833 3053 905 3109 in
934 3067 1217 3108 ossuum
1249 3056 1313 3106 ab
1343 3055 1645 3107 aduersariis
1666 3054 1882 3109 uideam.

318 3123 445 3179 Haec
471 3128 646 3179 omnia
692 3126 901 3196 aliaque
947 3128 1173 3193 plurima
1209 3139 1368 3193 quam
1406 3125 1682 3179 evidenter
1723 3125 1883 3193 falsa,

318 3209 479 3264 quam
522 3195 850 3252 calumniosi:
894 3196 1131 3261 inventa,
1171 3210 1331 3265 quam
1378 3195 1717 3264 impudenter
1754 3211 1885 3250 con-

2000 1916 2145 1973 biqu
2165 1930 2245 1973 est
2272 1922 2398 1997 quin
2421 1916 2693 1997 sabbatum
2726 1938 2775 1997 o_
2803 1926 3052 1997 resolutis
3082 1926 3162 1981 his
3190 1928 3376 1983 diebus
3404 1941 3566 1997 esset,

1999 2003 2119 2069 cum
2174 2000 2241 2069 et-
2270 1992 2532 2069 ejusmodi
2567 1994 2869 2069 remissioni
2926 1995 3163 2051 faverent
3191 2006 3265 2052 tot
3288 1992 3569 2069 regionum

2001 2061 2162 2114 etiam
2194 2063 2488 2135 vicinarum
2513 2066 2775 2134 exempla,
2827 2076 2880 2121 et
2909 2069 3107 2135 requiei
3140 2083 3234 2123 seu
3278 2061 3568 2127 Doiniuicre

1996 2145 2091 2186 seu
2122 2133 2357 2207 etulestis
2398 2133 2830 2204 representaudte
2874 2133 3213 2207 significatio.
3266 2140 3322 2193 6°
3348 2142 3569 2198 Elicitur

1997 2216 2092 2283 eos
2112 2207 2199 2273 qui
2224 2205 2886 2283 jejun:i_re_noupoterant,
2933 2205 3044 2263 non
3095 2219 3379 2283 contentos
3422 2213 3566 2283 jeju-

1997 2276 2151 2353 uiurn
2168 2286 2382 2353 propter
2397 2278 2757 2353 inﬁrmitatem
2786 2280 3011 2353 solvere,
3027 2281 3317 2353 novitatem
3335 2276 3566 2353 aliquam

1998 2345 2051 2398 in
2105 2348 2528 2419 observationem
2560 2348 2990 2418 Quadragesimm
3027 2351 3278 2407 inducere
3308 2345 3561 2419 voluisse,

1997 2425 2052 2490 ut
2086 2418 2347 2490 omnibus
2399 2420 2449 2472 in
2497 2422 2742 2475 eumdem
2800 2421 2962 2475 ritum
2990 2423 3437 2490 conspirantibus,
3470 2418 3567 2481 nec

1998 2486 2096 2557 ipsi
2118 2488 2380 2562 jejunium
2404 2490 2768 2562 quadraginta
2791 2491 2996 2562 dierum
3022 2486 3318 2562 implerent,
3360 2486 3456 2549 nec
3489 2507 3565 2550 ta-

1996 2573 2119 2613 men
2142 2560 2211 2611 ab
2237 2559 2353 2614 aliis
2384 2560 2771 2630 discrepantes,
2803 2559 3185 2630 singularitatis
3231 2576 3351 2619 nota
3387 2566 3566 2621 inure-

1992 2637 2199 2684 rentur.
2233 2630 2367 2685 iiinc
2391 2641 2473 2687 est
2498 2633 2638 2706 quod
2665 2632 2794 2687 dicit
2829 2652 2838 2685 :
2874 2634 3224 2705 Quijejunare
3254 2652 3352 2689 non
3381 2647 3562 2706 potest,

1989 2715 2088 2777 uon
2115 2714 2408 2777 primumut
2438 2704 2675 2757 inducere
2700 2704 3149 2777 inm'itaternjsed
3191 2704 3411 2777 fateatur
3458 2722 3564 2762 esse

1990 2772 2285 2844 fragilitatis
2309 2776 2551 2844 pmprite,
2570 2776 2707 2844 quod
2726 2778 2941 2828 relaxat.

2063 2843 2143 2895 Ex
2161 2842 2465 2911 liujusmodi
2490 2842 2643 2917 igitur
2666 2846 3098 2917 innovationibus
3115 2848 3241 2901 oriri
3268 2848 3439 2917 potuit
3463 2849 3563 2904 fal-

1988 2925 2069 2976 sa,
2102 2915 2809 2985 quamcon‘cepitSocrates,
2840 2916 2906 2970 de
2927 2915 3337 2985 Quadragcsima
3370 2919 3565 2974 Roma-

1993 2997 2080 3045 na,
2122 2983 2339 3059 opinio;
2374 2983 2442 3059 [1t
2470 2987 2611 3059 enim
2641 2985 2893 3059 Romanis
2921 2983 3316 3059 lms'paulo
3344 2991 3567 3059 iniquio-

1993 3066 2079 3105 res
2106 3062 2257 3106 erant
2302 3053 2622 3121 Orientales,
2683 3055 2866 3109 faciles
2907 3053 3353 3112 Eatur—nutantibus
3409 3053 3564 3116 a'ures

1990 3122 2319 3192 prwbebaut,
2352 3124 2589 3194 illudque
2639 3141 2736 3194 pro
2778 3125 3139 3180 [tertianorum
3168 3128 3404 3181 omnium
3436 3146 3565 3185 con-

1987 3194 2269 3249 suetudine
2296 3194 2678 3250 vinditantibus
2701 3198 2841 3265 quod
2873 3198 2952 3251 vel
2992 3211 3278 3266 paucorum
3326 3200 3406 3253 vel
3434 3202 3566 3256 vici-

318 3254 517 3336 scripta
548 3268 746 3323 iuerint
766 3283 796 3321 a
828 3267 1046 3334 Dallaso,
1081 3254 1239 3340 neuio
1260 3254 1531 3340 Gallorum
1552 3306 1567 3330 ,
1600 3267 1697 3319 nisi
1740 3268 1885 3321 insa-
1911 3254 1957 3323 ϐ
1993 3280 2185 3340 norum
2210 3276 2325 3321 erat
2362 3265 2687 3336 indulgentia
2717 3254 2875 3338 atque
2901 3283 2930 3321 a
2958 3254 3224 3323 cbmrnuni
3255 3269 3371 3340 lege
3396 3254 3566 3327 decli—

324 3351 426 3391 nus
446 3348 533 3391 aut
556 3349 734 3393 emota:
763 3340 968 3403 mentis,
1001 3352 1106 3393 non
1149 3337 1416 3406 intelligit.
1444 3339 1533 3407 AEt
1569 3346 1742 3392 tamen
1773 3340 1891 3407 quis

322 3415 446 3477 post
465 3410 647 3479 elapsa
675 3410 877 3480 aliqum
895 3410 1114 3480 saecula,
1142 3410 1194 3463 id
1220 3405 1342 3477 pro’
1363 3405 1561 3463 Dallaeo
1591 3422 1696 3463 non
1725 3405 1891 3479 oppo-

322 3487 417 3534 nat
464 3479 787 3549 aliquando,
829 3479 970 3550 quod
1014 3481 1175 3536 modo
1224 3480 1452 3535 Dallaaus
1498 3493 1595 3548 pro
1624 3480 1890 3535 Socrate?

318 3550 488 3606 Estne
507 3552 819 3619 verisimile,
844 3551 1076 3620 inquiet,
1109 3550 1359 3606 Dalizeum
1404 3551 1456 3605 in
1500 3565 1562 3606 re
1590 3550 1889 3620 iiujusmodi

318 3566 488 3606 estne
507 3566 894 3619 verus:mue,m
938 3566 1076 3618 uret,
1109 3566 1359 3606 uanaeum
1404 3566 1456 3605 in
1500 3566 1562 3606 re
1590 3566 1888 3620 unjusmoui

318 3623 537 3677 mentiri
569 3622 819 3689 voluisse,
852 3566 1004 3692 cuiius
1039 3632 1283 3693 prompta
1319 3635 1382 3677 ac
1418 3622 1667 3693 expedita
1697 3620 1888 3690 proba-

319 3694 396 3747 tio
425 3695 479 3749 in
510 3697 747 3749 omnium
782 3694 950 3749 oculis
978 3692 1217 3763 quotidie
1255 3692 1604 3749 versabatur?
1639 3693 1889 3749 Proiecto

314 3776 427 3820 non
448 3765 779 3832 baereticum,
805 3766 897 3820 sed
927 3765 1170 3819 insanum
1199 3779 1261 3819 ac
1288 3771 1481 3819 emotae
1508 3765 1699 3819 mentis
1718 3764 1889 3820 homio

314 3849 441 3891 nem
474 3835 633 3890 istum
660 3836 823 3891 fuisse
851 3836 1107 3906 oportuit,
1129 3836 1175 3891 si
1196 3836 1247 3891 in
1266 3836 1366 3891 hoc
1388 3843 1702 3903 argumento
1714 3837 1888 3891 sciens

314 3921 379 3961 ac
400 3908 587 3963 volens
608 3907 901 3965 Ecclesiam
924 3906 1277 3961 calumniatus
1306 3915 1409 3963 est.
1441 3906 1565 3961 litae
1608 3907 1765 3976 paulo
1798 3908 1883 3961 l'u-

314 3979 429 4049 sins
456 3980 705 4049 persequi
725 3992 829 4033 non
849 3977 1031 4048 piguit,
1053 3988 1110 4033 ut
1130 3978 1388 4035 hodierno
1400 3978 1644 4046 exemplo
1666 3978 1887 4033 evidens

311 4046 472 4106 ﬂeret
495 4046 651 4120 quam
682 4046 933 4120 suspecta
961 4050 1154 4104 merito
1176 4064 1297 4105 esse
1325 4050 1517 4120 debeat
1543 4062 1727 4120 eorum
1755 4049 1888 4102 seria-

314 4119 531 4191 ptorurn
555 4120 708 4187 lides,
757 4119 848 4191 qui
894 4120 1268 4190 propensiores
1303 4119 1480 4191 tuisse
1522 4120 1585 4191 in
1607 4119 1889 4191 haereticos

315 4188 749 4261 praesumuntur;
775 4188 1078 4259 nec—magis
1117 4190 1526 4261 assentiendum
1555 4188 1762 4244 Socrati
1793 4190 1889 4261 ho-

313 4258 444 4318 mini
475 4262 665 4333 Greco
684 4265 751 4319 de
773 4264 981 4333 jejunio
1006 4258 1553 4333 Romanorumapud
1577 4259 1885 4333 Constauti-

312 4332 552 4402 napolim
579 4329 854 4403 scribenti,
879 4348 1037 4404 quam
1064 4332 1258 4389 Joaoni
1287 4331 1485 4386 Dallaao
1514 4329 1667 4404 Calig
1690 4332 1741 4404 iu
1763 4331 1888 4385 Gal-

312 4400 403 4460 lias
425 4406 707 4476 metropoli
733 4400 933 4476 viventi
968 4405 1345 4476 scribentique,
1380 4416 1500 4456 cum
1526 4401 1593 4455 de
1615 4400 1886 4476 Gallorum

306 4476 513 4547 jejunio
548 4471 761 4547 1m
789 4486 895 4531 tam
918 4476 1140 4531 ridicule
1165 4471 1449 4539 fabulatur,
1475 4480 1581 4527 tam
1606 4471 1887 4541 perfricata

309 4550 491 4603 {route
518 4550 895 4603 calumniatur.

384 4617 502 4673 XV.
534 4619 777 4688 Denique
804 4633 869 4673 ex
893 4618 1267 4673 nonnullarum
1304 4616 1662 4688 Ecclesiarum
1697 4614 1884 4671 Romae

308 4690 608 4746 vicinarum
665 4686 1020 4756 relaxatione,
1070 4688 1155 4742 vel
1197 4689 1356 4742 etiam
1409 4703 1478 4743 ex
1517 4686 1879 4742 Romanorum

308 4763 664 4833 quorumdam
690 4776 719 4814 a
744 4760 1013 4833 communi
1041 4760 1158 4833 iege
1184 4760 1549 4833 recedentium
1584 4758 1731 4833 praui
1749 4775 1763 4823 ;
1784 4773 1881 4814 seu

311 4829 753 4896 ﬂanicbzeorum,
802 4830 890 4900 qui
920 4830 1018 4885 sub
1050 4829 1314 4885 catholico
1341 4831 1557 4885 nomine
1584 4829 1673 4883 diu
1699 4829 1883 4900 liomzn

311 4904 746 4967 latitarunt;seu
769 4899 1099 4966 indecorum,
1126 4901 1217 4969 qui
1246 4901 1452 4954 sabbati
1500 4900 1639 4954 diem
1689 4899 1882 4955 festum

310 4975 621 5040 habebant;
650 4988 743 5028 seu
772 4972 1154 5027 catholicorum
1176 4970 1431 5026 Ecclesia:
1458 4971 1623 5040 leges,
1653 4980 1706 5024 ut
1728 4970 1887 5025 hodie

307 5055 441 5102 sunt
464 5044 698 5114 plurimi,
722 5044 1171 5109 conculcantium,
1194 5040 1443 5097 Socrates
1468 5040 1538 5096 de
1560 5050 1668 5114 tota
1690 5041 1888 5114 [ionia-

310 5132 399 5173 uze
428 5111 685 5172 Ecclesia:
714 5114 996 5184 disciplina
1034 5114 1283 5184 judicare
1313 5111 1885 5184 praesumpsit.AVarie-

305 5194 478 5243 tatem
503 5186 645 5244 enim
663 5201 769 5240 non
795 5182 1057 5240 modicam
1078 5184 1132 5238 in
1151 5182 1885 5255 qnadragesimaiejcjunium

352 5259 675 5314 lurimorum
706 5256 1112 5326 intemperantia
1143 5253 1407 5309 invectam
1446 5253 1887 5326 in_Bavennensi

355 5272 675 5314 lurimorum
706 5272 1112 5326 intemperantia
1143 5272 1407 5309 mvecram
1446 5272 1498 5308 In
1544 5272 1885 5308 navennensr

307 5272 553 5385 geciesia
587 5328 771 5383 Batnas
806 5330 976 5382 vicina
1006 5325 1249 5395 deplorat
1282 5326 1472 5381 Petrus
1500 5323 1885 5396 Chrysologus,

311 5399 481 5456 Leoni
500 5398 813 5466 Socratique
834 5397 1071 5467 aqualis.
1094 5396 1153 5452 Si
1169 5411 1309 5467 ergo,
1337 5396 1708 5468 inquit(8erm.
1736 5396 1886 5463 166),

306 5471 654 5543 quadraginta
678 5469 873 5543 dierum
896 5469 1110 5543 simplex
1129 5509 1142 5535 ,
1186 5482 1374 5537 purum
1397 5506 1412 5532 ,
1460 5467 1655 5543 aequale
1670 5507 1684 5531 ,
1734 5468 1887 5520 tantis

308 5537 634 5601 testimoniis,
672 5540 765 5593 sub
788 5542 915 5593 tanti
946 5537 1152 5592 numero
1186 5538 1491 5593 sacramenti
1517 5537 1761 5590 traditum
1792 5554 1885 5591 no-

310 5612 389 5665 bis
418 5628 452 5665 a
474 5610 696 5665 Domino
718 5611 974 5682 jejunium
996 5611 1316 5682 perducetur,
1347 5609 1480 5682 unde
1518 5609 1617 5661 ista
1646 5612 1878 5682 varietas,

310 5684 453 5736 unde
500 5682 697 5736 novitas
721 5680 832 5735 ista
855 5722 869 5747 ,
903 5684 1037 5734 unde
1076 5680 1404 5734 hebdomade:
1428 5694 1574 5746 ,nunc
1618 5680 1879 5743 resoluta,

310 5768 451 5825 uunc
478 5754 683 5825 rigidae,
714 5767 849 5806 nunc
874 5752 1189 5825 indulgentes
1206 5752 1453 5825 nimium,
1491 5749 1885 5825 nunc_severte?

318 5822 473 5879 Unde
501 5821 817 5894 intemwrati
836 5823 1025 5895 jejunii
1056 5838 1177 5895 usus
1199 5823 1311 5895 iste,
1339 5822 1427 5895 qui
1449 5830 1536 5895 aut
1568 5822 1750 5895 alliciat
1776 5821 1885 5874 sine

318 5896 487 5957 venia.
518 5903 607 5963 aut
627 5891 850 5955 remittat
868 5891 935 5947 ad
962 5894 1323 5961 crepantan
1342 5891 1606 5958 Ieiunium
1629 5893 1690 5948 sit
1712 5906 1881 5962 aqua.

1911 4648 1967 4715 D

1994 3338 2181 3391 natio“

2067 3407 2207 3464 XVI.
2236 3408 2491 3479 Expenso
2519 3412 2683 3465 textui
2708 3409 2947 3467 Socratis
2988 3409 3225 3466 succedit
3259 3411 3564 3471 Cassiodori

1991 3489 2169 3555 auctor
2182 3481 2306 3547 itas,
2322 3496 2441 3547 quae
2457 3495 2523 3535 eo
2539 3482 2715 3552 potior
2737 3496 2797 3537 ac
2812 3482 3036 3555 validior
3049 3482 3279 3549 videtur,
3296 3486 3433 3554 quod
3450 3486 3563 3555 ipse

1990 3552 2079 3625 qui
2111 3563 2326 3625 seuator
2353 3555 2621 3625 et_consul
2666 3562 2719 3609 et
2755 3553 3034 3621 praefectus
3063 3552 3327 3625 praetorio
3360 3552 3485 3610 fuit'
3506 3559 3559 3612 in

1990 3622 2124 3675 urbe
2148 3623 2331 3676 '[ioma
2352 3665 2365 3687 ,
2409 3622 2663 3679 Romana:
2692 3626 2943 3680 Ecclesia:
2980 3622 3184 3680 morem
3227 3626 3277 3681 in
3305 3627 3561 3683 observa-

1991 3693 2137 3768 tione
2170 3694 2357 3764 jejunii
2403 3693 3173 3768 quadragesimalisignorare
3217 3712 3320 3753 non
3370 3700 3560 3768 potuit.

1989 3762 2046 3818 In
2065 3762 2304 3838 _ilistoria
2338 3762 2517 3822 autem
2559 3762 2845 3838 Tripartita
2887 3762 3123 3822 Socratis
3165 3767 3338 3838 locum
3370 3762 3492 3823 mox
3530 3786 3558 3824 a

1990 3836 2145 3889 nobis
2190 3836 2489 3907 discussum
2536 3836 2708 3907 posuit
2755 3838 2837 3893 his
2884 3839 3065 3893 verbis
3108 3856 3120 3891 :
3164 3836 3384 3892 Romani
3426 3842 3561 3895 enim

1989 3915 2087 3979 tres
2108 3915 2224 3960 ante
2250 3906 2453 3979 Pascha
2475 3906 2807 3978 septimanos,
2827 3920 3010 3979 prater
3036 3910 3299 3979 sabbatum
3322 3920 3367 3963 et
3387 3910 3563 3965 Domi-

1989 3978 2181 4051 nicam,
2208 3977 2301 4031 sub
2323 3977 2702 4051 continuatione
2737 3977 2999 4051 jejunant.
3029 3978 3158 4051 Quis
3183 3993 3341 4046 porro
3356 3981 3557 4046 credat,

1989 4046 2257 4116 inquiunt,
2290 4050 2435 4102 illum
2466 4050 2517 4103 in
2558 4046 2802 4104 Historia
2824 4064 2917 4103 sua
2970 4050 3086 4102 haec
3135 4049 3371 4102 Socratis
3398 4052 3556 4105 verba

1990 4118 2286 4185 positurum
2312 4118 2500 4185 fuisse,
2532 4119 2576 4173 si
2604 4136 2715 4174 rem
2745 4134 2802 4173 se
2826 4119 2983 4173 aliter
3009 4118 3260 4172 habuisse
3285 4119 3561 4175 scivisset?

1990 4187 2145 4242 Certe
2166 4186 2538 4254 Cassiodorus,
2566 4192 2610 4244 si
2634 4190 2686 4243 id
2717 4189 2905 4243 falsum
2934 4202 3053 4243 esse
3079 4188 3286 4255 scisset,
3319 4190 3432 4243 haec
3458 4192 3560 4244 So-

1990 4263 2153 4312 cratis
2183 4258 2340 4312 verba
2366 4260 2610 4314 consulto
2640 4260 2925 4323 omisisset,
2960 4272 3029 4312 ne
3056 4258 3312 4312 lectorem
3338 4260 3389 4312 in
3414 4258 3557 4314 frau-

1990 4328 2113 4383 dem
2145 4328 2439 4383 induceret.
2481 4330 2633 4397 Quod
2672 4344 2790 4384 cum
2823 4345 2927 4385 non
2957 4328 3142 4383 fecerit
3170 4336 3392 4397 apparet
3435 4345 3560 4385 vera

1990 4413 2110 4471 esse
2159 4414 2276 4471 qua:
2326 4399 2574 4456 Socrates
2623 4400 2757 4456 dixit
2812 4400 2879 4456 de
2919 4400 3125 4471 jejunio
3171 4398 3555 4457 Romanorum.

1991 4469 2115 4523 Nare
2146 4469 2225 4524 vir
2252 4471 2612 4527 doctissimus.

2069 4539 2263 4597 Verum
2292 4556 2397 4595 non
2421 4542 2519 4598 ista
2551 4543 2891 4613 persuadent.
2923 4542 3051 4611 Quis
3073 4542 3214 4599 enim
3237 4542 3559 4601 nesciathoc

1991 4611 2069 4685 eis
2100 4613 2410 4685 plerumque
2438 4611 2747 4685 contingere
2774 4616 2863 4684 qui
2892 4614 3225 4685 compendiis
3250 4617 3559 4685 scriptitan-

1991 4684 2073 4738 dis
2101 4684 2317 4739 student
2358 4694 2449 4757 aut
2490 4684 2806 4757 centonibus
2844 4684 3163 4742 consueudis
3209 4701 3275 4743 ex
3325 4684 3555 4757 plurium

1992 4756 2313 4825 scriptorum
2334 4755 2847 4823 elucubrationibus,
2880 4766 2935 4812 ut
2964 4772 3067 4812 non
3097 4759 3292 4813 minori
3318 4755 3443 4813 cura
3474 4772 3558 4813 er-

1991 4835 2104 4899 rata
2138 4826 2442 4899 exscribant
2464 4843 2621 4898 quam
2650 4843 2767 4899 qua:
2786 4839 2911 4883 sunt
2931 4829 3144 4899 veritati
3171 4838 3554 4899 consentanea;

1995 4897 2118 4966 quia
2156 4898 2401 4953 videlicet
2452 4897 2559 4954 non
2606 4897 2778 4965 suam,
2830 4899 2923 4955 sed
2972 4898 3195 4953 aliorum
3237 4897 3557 4952 sententiam

1994 4978 2401 5041 repraesentare,
2426 4979 2719 5041 satagunt;
2762 4984 2859 5026 nec
2902 4970 3001 5024 alia
3028 4969 3306 5041 corrigere
3344 4977 3551 5041 curant,

1993 5038 2088 5094 sed
2119 5040 2337 5094 referre.
2371 5038 2628 5111 Exemplo
2654 5044 2722 5094 sit
2758 5040 3039 5097 Sozomeni
3080 5039 3246 5103 locus,
3267 5053 3451 5111 __quem
3481 5038 3553 5111 Ain

1992 5123 2140 5181 suam
2167 5112 2367 5178 pariter
2388 5108 2675 5167 Historiam
2697 5111 3035 5181 Tripartitam
3060 5108 3325 5181 transtulit
3346 5108 3556 5163 Cassio-

1990 5177 2179 5235 dOrus.
2202 5182 2400 5236 Scribit
2429 5184 2519 5237 ille
2543 5184 2636 5237 lib.
2663 5196 2755 5245 vtt,
2788 5177 2905 5251 cap.
2929 5181 2994 5234 i9
3018 5177 3258 5251 :_lnurbe
3274 5177 3435 5232 Roma
3466 5194 3555 5232 nec

1989 5252 2289 5323 episcOpus,
2324 5268 2414 5307 nec
2456 5253 2591 5307 alius
2630 5246 2899 5323 quisquam
2928 5251 2986 5323 in
3033 5246 3265 5302 Ecclesia
3291 5251 3554 5323 populum

1990 5320 2294 5378 docet.’Hoc
2316 5324 2503 5378 falsum
2530 5324 2691 5377 luisse
2721 5320 2995 5391 probabile
3018 5328 3123 5391 est,
3160 5330 3217 5373 ut
3255 5320 3555 5391 al_ibi_asse-

1988 5394 2157 5465 rimus
2189 5393 2346 5465 (Yide
2375 5395 2574 5465 dissert.
2598 5395 2628 5465 fi
2662 5388 2731 5445 de
2758 5391 2875 5465 Vita
2910 5401 2956 5444 et
2986 5390 3097 5465 reb.
3124 5396 3252 5465 gest.
3285 5389 3346 5444 S.
3372 5388 3555 5465 Leonis

1988 5464 2056 5519 ad
2089 5480 2174 5518 an.
2198 5459 2330 5519 'Clrr.
2357 5464 2483 5530 MO,
2506 5481 2557 5517 n.
2585 5464 2617 5518 8
2639 5472 2685 5517 et
2716 5459 2902 5532 seqq.),
2934 5461 3020 5515 vel
3052 5459 3160 5532 pet:
3183 5460 3233 5532 id
3265 5468 3472 5527 tempus
3500 5461 3553 5532 in

1988 5535 2129 5605 quod
2143 5536 2391 5591 coincidit
2408 5529 2688 5590 SOzorneni
2710 5529 2957 5605 Historiae
2973 5529 3112 5585 linis.
3130 5529 3295 5605 Sedsi
3320 5544 3433 5585 eam
3454 5530 3555 5585 sub

1988 5601 2184 5661 Leonis
2201 5607 2513 5676 pontiﬁcatu
2538 5603 2893 5667 concinnavit,
2909 5601 3552 5676 utver_osimillimum_es_t,

1988 5677 2055 5731 de
2074 5672 2217 5731 illius
2233 5678 2461 5731 falsitate
2474 5676 2703 5731 dubitari
2717 5689 2821 5729 non
2838 5680 3031 5742 potest.
3050 5673 3167 5728 iam
3195 5685 3322 5726 vero
3341 5673 3417 5726 sic
3432 5672 3556 5726 inde

1984 5762 2150 5817 arguo
2183 5766 2194 5800 :
2226 5748 2323 5803 Vel
2350 5746 2452 5803 hoc
2480 5747 2633 5801 scivit
2659 5745 3029 5817 Cassiodorus,
3050 5743 3146 5817 _vel
3172 5743 3451 5817 ignoravit.
3495 5742 3555 5817 §i

1985 5814 2270 5888 ignoravit,
2302 5833 2487 5887 parum
2516 5818 2738 5873 idoneus
2767 5816 2918 5871 testis
2936 5824 3028 5888 est
3049 5815 3301 5888 Romane
3326 5814 3554 5883 discipli—

1982 5885 2086 5957 nae,
2112 5904 2209 5947 nec
2237 5885 2405 5960 magis
2435 5889 2726 5949 audiendus
2756 5902 2876 5944 cum
2917 5886 2983 5946 de
3012 5885 3215 5956 jejunio
3246 5902 3403 5954 quam
3434 5898 3552 5940 cum
