3994 6310
494 281 604 350 σιτ

967 283 1211 346 PASCH.
1248 286 1630 359 QUESNELLI
1677 287 2257 348 DISSERTATIONES
2294 285 2360 345 ΙΝ
2397 286 2457 344 Β.
2498 285 2740 344 LEONIS
2779 284 2995 343 MAGNI
3032 284 3275 343 OPERA.

3638 285 3734 346 688

497 416 667 478 mium
689 398 1165 478 archimandritam
1197 405 1262 460 ad
1295 405 1557 477 synodum
1588 407 1655 460 ab
1684 406 1924 478 Eutyche
1960 410 2074 463 vice
2103 411 2149 469 Α
2181 408 2293 476 ipse
2331 404 2578 478 jugulans
2613 404 2823 478 gladio.
2845 404 2980 478 D_um
3008 413 3137 457 esset
3168 402 3433 478 concilium
3460 409 3507 457 et
3534 404 3735 478 interro-

497 490 592 531 sua
620 473 915 543 delegatum
958 477 1240 531 comitatus
1286 473 1369 531 est
1417 491 1517 530 una
1563 492 1683 530 cuin
1726 473 1931 533 duobus
1957 480 2075 533 aliis

499 544 737 618 diaconis
760 545 1068 618 monasterii
1112 547 1381 618 Eutﬁycliis,
1402 547 1654 601 Eleusino
1669 556 1719 602 et
1741 549 2075 618 Constantio,

499 617 587 686 qui
616 631 797 668 rursus
823 616 874 668 in
898 628 1162 669 conventu
1189 617 1291 671 ΟΡ.
1326 618 1599 687 Sequentis
1622 620 1746 672 anni
1779 636 1871 685 pro
1894 616 2081 675 recen-

501 689 650 741 sione
681 687 934 740 Actorum
965 686 1117 754 hujus
1153 689 1362 741 concilii
1398 691 1577 741 habito
1620 705 1649 742 a
1678 706 1787 743 xxx
1829 690 1941 745 fere
1969 693 2081 758 epi-

502 758 699 824 scopis,
735 771 830 826 pro
863 771 1085 825 persona
1136 758 1389 827 Eutycliis
1429 758 1731 813 adfuerunt.
1778 762 1902 815 Post
1946 763 2082 816 hanc

505 829 791 900 actionem,
842 842 959 897 qua:
1002 829 1052 880 in
1097 828 1487 896 interrogandis
1518 831 1901 900 audiendisque
1926 833 2083 887 dictis

504 898 692 968 legatis
721 906 1033 965 consumpta
1066 907 1175 970 est,
1221 900 1599 955 Constantinus
1636 898 1894 966 nusquam
1921 919 2082 970 appa-

508 982 607 1031 ret,
641 984 738 1023 nec
774 970 840 1025 de
869 985 933 1041 eo
947 969 1155 1041 _inentio
1184 970 1236 1023 in
1284 970 1382 1023 hac
1415 972 1641 1041 synodo,
1673 972 1773 1025 nisi
1804 981 1907 1026 act.
1938 975 1970 1027 5
1994 969 2084 1028 sc-

508 1042 710 1109 quenti,
730 1041 779 1092 in
800 1056 899 1106 qua
917 1038 1172 1093 Martinus
1189 1038 1601 1095 :ircliimaiidrita
1619 1042 1846 1095 refertur
1859 1043 2078 1110 dixisse,

509 1110 667 1165 l’etro
697 1113 1006 1179 presbytero
1045 1111 1109 1162 ad
1157 1110 1271 1179 ejus
1316 1116 1696 1165 monasterium
1728 1112 1911 1178 misso,
1947 1114 2086 1168 dire-

508 1191 644 1235 ctam
674 1181 738 1253 ad
772 1180 1016 1253 se_t'uisse
1040 1180 1335 1253 chartulam
1366 1184 1631 1249 prteterita
1662 1195 1807 1237 sexta
1834 1184 1962 1239 feria
1990 1199 2085 1253 per

509 1250 791 1319 quemdam
816 1249 1221 1321 Constantinum
1244 1252 1547 1318 diaconum,
1577 1268 1605 1305 a
1637 1269 1739 1321 quo
1770 1263 1826 1307 ut
1852 1249 2086 1309 subscri-

510 1321 997 1392 hcretisollicitatus
1016 1320 1207 1375 frustra
1226 1321 1417 1375 fuerat.
1437 1322 1569 1376 Cum
1585 1320 1711 1392 ergo
1736 1340 1838 1377 non
1856 1324 2086 1380 adfuerit

510 1391 732 1464 synodo,
753 1407 850 1447 nec
871 1392 1195 1464 damnationi
1218 1392 1475 1464 Eutychis
1496 1391 1873 1450 Constantinus
1888 1438 1901 1461 ,
1938 1396 2087 1464 quid-

508 1462 633 1532 quid
670 1463 721 1515 in
767 1463 1065 1531 posteriore
1118 1474 1385 1517 conventu
1422 1463 1489 1517 de
1527 1479 1632 1533 quo
1676 1468 1848 1533 agitur
1880 1462 2085 1520 loc—titus

509 1544 739 1607 est,_non
770 1549 803 1607 ᾳ
832 1536 1008 1607 seipse
1035 1533 1240 1607 loeutus
1271 1533 1484 1607 est,si-.d
1513 1549 1581 1607 ex
1603 1539 1749 1590 Actis
1772 1537 1959 1607 synodi
1983 1537 2081 1591 sibi

511 1604 578 1658 ab
608 1603 845 1673 Eutyche
873 1603 1079 1657 traditis
1107 1605 1290 1671 legens
1318 1605 1577 1658 recitavit.
1628 1606 1738 1661 lloc
1769 1603 1909 1661 enim
1956 1623 2086 1661 con-

511 1675 633 1730 silio
654 1676 925 1728 convocati
957 1681 1081 1727 sunt
1101 1674 1335 1743 episcopi
1358 1676 1494 1742 apud
1522 1676 1853 1731 Thalassium
1882 1679 2089 1745 episeo-

2183 474 2318 548 gatio
2351 476 2651 548 proveniret,
2684 476 2851 548 inquit
2878 474 3134 548 Seleucus
3161 476 3474 548 episcopus,
3494 474 3620 548 ni_hil
3650 478 3738 530 tale

2181 543 2500 617 cognovimus
2530 546 2719 598 dictum
2750 546 2811 597 ab
2846 544 3249 598 archimandrita
3285 545 3493 615 1099
3525 543 3738 616 Eutyche

2182 616 2255 671 de,
2268 618 2621 688 appellatione.
2651 617 2692 670 A
2714 616 3411 688 reverendissimis_episcopis
3426 619 3619 688 dictum
3638 628 3737 688 est:

2184 687 2248 741 Et
2283 685 2373 741 nos
2398 689 2571 741 cadent
2608 687 2908 755 conﬁtemur
2930 685 3063 753 (Act.
3090 685 3201 741 CP.
3235 695 3362 754 post.
3400 686 3610 755 deposit.
3647 685 3738 739 Eii-

2188 758 2554 829 tyclt.).Certe
2597 758 2640 829 si
2690 757 2772 811 vel
2795 756 3070 829 adhunum
3119 758 3407 810 antistitem
3458 756 3736 829 Romanum

2183 826 2505 898 appellatum
2550 828 2736 881 luisset
2779 826 3115 898 audientibus
3143 828 3425 898 episcopis,
3457 826 3508 880 id
3546 828 3626 879 isti
3655 842 3733 880 co-

2185 896 2498 970 gnovissent
2525 900 2746 962 dictum,
2790 896 2929 965 quod
2978 913 3007 970 a
3047 913 3105 951 se
3151 897 3386 951 auditum
3424 908 3735 970 operiiegaiit;

2185 968 2285 1025 nec
2316 972 2534 1023 omnino
2562 970 2891 1036 reprobamla
2921 969 3107 1022 luisset
3135 968 3470 1038 querimmiia
3502 969 3735 1020 Conslan-

2188 1043 2278 1095 tiiii
2311 1041 2555 1093 monachi
2582 1039 2649 1093 de
2683 1039 2878 1093 omissa
2910 1040 2959 1091 in
2991 1040 3138 1093 Actis
3169 1039 3513 1109 synodalibus
3534 1040 3738 1109 appella-

2187 1110 2348 1164 tionis
2394 1111 2666 1165 mentione
2705 1111 3110 1176 expostulantis.
3156 1108 3323 1164 Immo
3368 1108 3599 1177 querela:
3648 1125 3737 1163 sua!

2186 1180 2587 1250 astipulatorem
2631 1180 2905 1235 habuisset
2945 1179 3209 1233 lulianum
3260 1180 3525 1234 Cocnsem
3563 1180 3738 1246 episco-

2187 1268 2332 1321 pum,
2366 1252 2453 1318 qui
2486 1262 2590 1303 taiii
2621 1252 2825 1321 synodo
2860 1266 3022 1320 quam
3055 1251 3331 1317 posteriori
3360 1250 3640 1304 conventui
3663 1252 3739 1303 ad-

2190 1331 2326 1376 erat.
2361 1322 2485 1375 Erat
2523 1321 2607 1375 liic
2639 1321 2781 1376 sedis
2811 1322 3137 1390 apostolicm,
3171 1322 3308 1388 apud
3341 1337 3505 1389 quam
3539 1322 3735 1374 nutritus

2188 1392 2379 1458 fuerat,
2405 1392 2517 1460 ipso
2548 1391 2727 1447 Leone
2755 1401 2890 1446 teste
2917 1390 3040 1463 (Ep.
3060 1392 3148 1457 86,
3173 1408 3306 1444 nunc
3330 1394 3455 1463 115.
3481 1408 3526 1444 c.
3544 1390 3618 1457 τὶ),
3642 1392 3749 1444 rell?

2189 1463 2522 1533 giosissimus
2550 1464 2725 1517 cultor
2751 1481 2763 1517 :
2796 1478 2909 1533 (Line
2934 1462 3097 1515 eidem
3125 1474 3297 1530 postea
3320 1462 3618 1514 catholicam
3643 1477 3737 1513 cou-

2188 1532 2270 1588 tra
2322 1532 2653 1587 Nestorianos
2704 1542 2750 1587 et
2805 1532 3149 1602 Eutychianos
3210 1533 3478 1587 haereticos
3529 1534 3736 1584 actionem

2191 1614 2416 1657 materno
2460 1604 2577 1670 jure
2622 1604 3010 1658 commendavit.
3052 1604 3318 1658 Pontiﬁcis
3362 1603 3588 1657 Romani
3622 1602 3736 1657 vices

2191 1675 2322 1729 obiit
2354 1676 2402 1728 in
2432 1674 2789 1728 Orientalibus
2824 1674 3127 1743 regiooihus
3159 1690 3251 1743 per
3274 1684 3443 1728 totam
3472 1674 3605 1727 illam
3630 1682 3735 1727 tein-

518 1760 645 1839 puui
675 1745 930 1839 Czcsareae
970 1745 1338 1839 cappadociui,
1387 1755 1440 1839 unt
1469 1746 1720 1839 Actorum
1764 1744 1951 1820 synodi
1982 1747 2085 1839 Cl".
2119 1780 2166 1839 Β
2193 1755 2473 1839 pestatem,
2498 1745 2785 1839 eidemque
2807 1744 2874 1799 de
2905 1744 3153 1839 damnato
3184 1744 3431 1839 Eutyche
3454 1746 3734 1839 Etatimnponst

514 1817 712 1869 veritas
757 1824 810 1869 et
858 1816 1134 1882 integritas
1184 1816 1497 1883 probaretur
1539 1834 1551 1868 :
1596 1816 1807 1885 qiiibus'
1835 1820 2087 1873 nonnulla

511 1885 892 1958 contrariaohis
917 1900 1035 1958 quae
1060 1895 1174 1939 acta
1201 1885 1430 1953 fuerant,
1463 1888 1672 1958 1098
1701 1890 1897 1944 inserta
1928 1890 2091 1944 fuisse

514 1956 940 2027 conquerebatur
981 1955 1280 2025 Eutyclies,
1326 1964 1383 2009 ut
1424 1955 1604 2024 preces
1630 1955 1756 2027 'ejiis
1788 1960 2092 2015 Theodosio

512 2026 823 2099 imperatori
856 2026 1049 2099 oblatae
1075 2033 1353 2099 testantur,
1392 2042 1489 2081 nec
1522 2043 1625 2081 non
1662 2026 1715 2083 et
1744 2033 1910 2084 series
1941 2031 2093 2099 hujus

515 2095 759 2152 actionis.
786 2096 918 2151 Cum
960 2095 1117 2165 igitur
1146 2098 1353 2151 diaconi
1384 2109 1435 2152 et
1464 2100 1650 2153 notarii
1683 2100 1932 2155 Ecclesiae
1955 2095 2096 2155 eo..-

517 2168 1004 2238 stantinopolitanae
1032 2168 1353 2222 monimenta
1376 2182 1489 2230 sua,
1520 2170 1710 2238 quibus
1731 2170 1855 2225 dicti
1883 2172 2094 2225 concilii

517 2239 650 2294 Acta
677 2248 902 2309 excepta
932 2237 1160 2306 fuerant,
1197 2237 1557 2307 protulissent,
1601 2243 1852 2309 patricius
1874 2242 2096 2296 Floren-

516 2309 622 2384 tius
645 2309 822 2384 dixit:
856 2307 991 2384 Dum
1033 2308 1238 2379 singula
1276 2311 1499 2373 capitula
1536 2307 1849 2384 releguntur,
1882 2313 2007 2383 quid
2039 2316 2092 2367 in

521 2383 601 2434 his
620 2379 1011 2454 reprehensibile
1032 2390 1197 2433 censet
1222 2396 1339 2449 pars
1364 2381 1623 2454 reverendi
1641 2379 1903 2448 inonarhi,
1924 2400 2095 2454 prose-

516 2461 699 2521 quatur
721 2467 738 2503 :
760 2462 808 2504 et
844 2450 1063 2521 scripta,
1106 2465 1218 2520 qua:
1260 2466 1410 2518 penes
1448 2468 1499 2505 se
1539 2452 1684 2506 habet
1714 2472 1831 2521 pars
1864 2450 2095 2521 praedicti

517 2519 774 2576 reverendi
802 2519 1060 2583 monachi,
1084 2519 1308 2591 prolata,
1332 2537 1448 2574 cum
1471 2521 1682 2577 lectione
1699 2519 1970 2578 Gestorum
1993 2543 2092 2578 au-

518 2592 849 2646 thenticorum
876 2590 1219 2660 conferantur.
1260 2590 1327 2643 Et
1357 2609 1470 2646 cum
1504 2603 1714 2662 utraque
1739 2612 1858 2664 pars
1882 2596 2097 2650 obtulis-

517 2672 591 2718 set
621 2665 965 2737 monimenta,
991 2669 1092 2737 e_t_e.
1144 2664 1280 2737 (Act.
1311 2678 1327 2717 ι
1357 2680 1501 2718 conc.
1534 2664 1773 2720 Cltalced.
1814 2676 1927 2737 post
1968 2668 2098 2721 Acta

519 2733 721 2789 concilii
742 2730 853 2786 (ΣΡ.
884 2732 976 2803 sub
1002 2730 1049 2784 F
1054 2730 1304 2803 Ioviano).

591 2804 708 2878 Non
736 2817 862 2872 ergo
898 2802 995 2878 hic
1027 2810 1133 2878 tam
1164 2802 1495 2878 constantini
1528 2807 1801 2862 recitantis
1833 2808 1968 2863 fides
2006 2823 2098 2878 po-

523 2876 754 2931 stulatur
796 2887 955 2943 quam
986 2874 1149 2943 ipsius
1187 2875 1461 2946 Eutycliis,
1506 2891 1537 2931 a
1570 2893 1676 2946 quo
1714 2874 2097 2933 commentaria

521 2946 711 3018 synodi
732 2955 1028 3018 acceperat,
1051 2946 1116 3018 ad
1138 2960 1362 3016 quorum
1387 2948 1542 3003 [idem
1561 2950 1722 3004 Gesta
1744 2951 1954 3005 concilii
1974 2965 2099 3005 exa-

523 3014 779 3091 minabat.
828 3014 993 3070 Porro
1031 3017 1075 3091 si
1112 3014 1374 3091 mentitus
1412 3028 1493 3074 est
1537 3020 1802 3091 Eutyches
1841 3022 1965 3075 dum
2025 3024 2099 3075 ait

524 3090 844 3161 appellatum
890 3101 920 3139 a
944 3100 1023 3161 _se
1050 3088 1217 3161 fuisse
1243 3090 1528 3145 concilium
1570 3088 1940 3161 episcoporum
1991 3091 2097 3147 Ro-

2197 1816 2480 1871 concilium
2510 1815 3155 1884 ConStantinapolitanum
3182 1815 3419 1884 scripsit.
3454 1815 3510 1871 Si
3536 1830 3646 1882 ergo
3664 1829 3735 1879 ap-

2198 1888 2450 1955 pellasset
2491 1885 2761 1957 Eutyclies
2788 1886 3084 1957 _Romanam
3120 1887 3324 1957 sedem,
3355 1899 3458 1955 pro
3477 1885 3587 1954 jure
3613 1885 3733 1957 hujus

2195 1958 2338 2011 sedis
2370 1958 2549 2025 procul
2583 1955 2745 2010 dubio
2770 1955 3096 2011 decertasset
3123 1955 3389 2025 Julianus,
3408 1968 3469 2010 et
3493 1955 3730 2024 postulanti

2195 2026 2509 2097 simpliciter
2552 2026 2802 2091 Patricio,
2834 2037 2892 2080 ut
2918 2027 3153 2095 episcopi
3183 2027 3435 2083 dicerent
3469 2044 3481 2079 :
3512 2027 3565 2081 Si
3586 2041 3731 2094 cogno-

2196 2096 2379 2152 vissent
2408 2098 2749 2167 appellantem
2778 2098 2939 2150 virum
2978 2098 3268 2167 religiosum
3302 2096 3727 2167 monachamrev

2196 2166 2806 2238 spondisselilulianus,
2851 2166 3121 2238 Eutychen
3164 2184 3191 2221 a
3241 2182 3299 2223 se
3343 2169 3592 2231 auditum,
3624 2166 3724 2238 dum

2196 2240 2491 2309 appellaret
2519 2237 2817 2293 Romanum
2847 2237 3138 2293 antistitem
3166 2256 3178 2292 :
3204 2240 3345 2309 quod
3375 2248 3490 2293 tam
3514 2239 3640 2306 longe
3657 2237 3729 2288 ab-

2197 2308 2296 2364 fuit
2325 2323 2377 2362 ut
2408 2311 2636 2373 diceret,
2667 2309 2792 2378 quin
2839 2311 3013 2379 potius
3060 2308 3259 2378 primus
3291 2311 3532 2363 omnium
3572 2323 3731 2379 acopis:

2197 2381 2445 2434 omnibus
2466 2389 2775 2435 constanter
2795 2378 3083 2444 asseverat,
3109 2395 3167 2435 se
3189 2380 3323 2434 nihil
3351 2380 3463 2435 tale
3486 2378 3730 2432 audivisse:

2198 2448 2386 2507 Coram
2416 2451 2524 2504 Deo
2553 2453 2664 2504 dico
2699 2468 2718 2507 :
2750 2449 2878 2503 nihil
2918 2452 3017 2504 tale
3043 2450 3105 2503 ab
3137 2450 3372 2521 Eutyche
3414 2448 3641 2521 monacho
3666 2464 3734 2499 ou-

2200 2521 2305 2575 divi
2326 2524 2380 2575 in
2409 2537 2667 2575 consessu.
2717 2521 2848 2575 Cum
2876 2531 3052 2575 autem
3081 2520 3304 2575 duorum
3343 2529 3548 2575 tantum
3576 2520 3736 2584 episco-

2201 2608 2387 2663 porum
2410 2592 2477 2645 ad
2505 2592 2638 2647 hanc
2663 2593 3132 2661 interrogationem
3164 2592 3594 2663 respondentium
3612 2589 3735 2663 verba

2200 2659 2347 2718 Actis
2372 2664 2569 2717 inserta
2612 2659 2929 2728 habeamus,
2978 2679 3082 2717 non
3123 2659 3539 2728 sine'peculiari
3567 2659 3736 2715 nomine

2200 2734 2303 2789 hoc
2332 2734 2482 2787 nobis
2508 2734 2703 2788 Juliani
2735 2734 3005 2803 prmcipue
3029 2733 3393 2788 testimonium
3418 2733 3489 2786 ab
3520 2732 3736 2785 oblivione

2200 2805 2671 2879 vindicatumoesse
2702 2803 2971 2879 e_iiistiiiio,
3001 2814 3057 2879 ut
3078 2803 3328 2879 nimirum
3354 2803 3551 2858 sinceri
3570 2810 3736 2879 apo-sio-

2202 2876 2320 2930 licae
2350 2874 2493 2928 sedis
2518 2875 2765 2943 discipuli
2795 2890 2923 2930 voce
2947 2890 3009 2930 ac
3030 2875 3230 2944 judicio
3250 2916 3266 2942 ,
3296 2884 3449 2929 certa
3480 2888 3634 2929 rerum
3655 2870 3735 2923 illic

2200 2955 2438 3001 actarum
2471 2944 2654 2999 notitia
2688 2945 2999 3000 haberetur.

2276 3016 2387 3070 Etsi
2418 3025 2593 3070 autem
2628 3016 2818 3071 falsum
2865 3016 2936 3087 sit
2982 3015 3255 3086 Eutychen
3298 3011 3737 3087 appellasse,dum

2202 3087 2468 3157 legeretur
2492 3088 2785 3153 damnatio,
2815 3085 2926 3141 veri
2956 3085 3130 3141 tamen
3158 3087 3355 3157 aliquid
3376 3085 3463 3143 'ex
3490 3087 3594 3157 ejus
3620 3096 3740 3136 nien-

527 3156 691 3224 mani,
720 3156 1083 3232 Alexandrini,
1116 3158 1546 3232 Jerosolymitani
1569 3156 1623 3216 ei.
1652 3156 2098 3218 Thessaloniccn-
2128 3160 2171 3221 Ο
2205 3156 2358 3232 dacio
2385 3159 2645 3232 elicimus.
2680 3160 2811 3211 Dum
2839 3156 3257 3232 enimsuggerit
3289 3156 3625 3232 Qonstantino
3648 3165 3741 3231 mo_-

531 3233 810 3304 sis,‘a2que
853 3229 1187 3304 imposuisse
1214 3229 1478 3299 putandus
1507 3243 1589 3304 est
1635 3247 1755 3287 cuin
1787 3235 2001 3304 scripsit
2036 3233 2102 3287 ad

528 3300 589 3373 S.
618 3300 893 3373 Leonem,
942 3298 1017 3373 (a_)
1038 3298 1282 3373 libellum
1330 3317 1390 3357 se
1438 3303 1811 3373 appellationis
1855 3298 2106 3359 Flaviano

530 3370 767 3443 dedisse;
793 3384 899 3438 quo
938 3370 1004 3422 ad
1036 3370 1206 3443 ipsum
1243 3370 1539 3427 Romanum
1572 3374 1879 3443 pontificem
1910 3389 2106 3443 provo-

531 3442 705 3495 Cabal.
732 3440 799 3492 Et
823 3453 1012 3493 revera
1040 3442 1315 3494 mentitum
1344 3457 1465 3497 eum
1497 3440 1656 3498 fuisse
1686 3447 1877 3500 asserit
1901 3440 2110 3499 Flavia-

534 3524 636 3564 nus
664 3519 769 3563 tam
798 3510 849 3563 in
880 3510 1118 3584 epistolis
1149 3511 1214 3564 ad
1257 3512 1315 3584 S.
1352 3513 1583 3584 Leonem
1610 3530 1766 3582 quam
1790 3516 1840 3569 in
1867 3516 1968 3569 hoc
1994 3516 2109 3584 ipso

534 3590 833 3651 conventu;
862 3582 1109 3651 asseruit
1155 3583 1408 3651 patricius
1456 3582 1788 3651 Florentius;
1834 3582 2112 3641 asseruere

539 3649 1052 3727 denique_.luliaous_,
1074 3649 1357 3727 _Seleucus,
1389 3665 1441 3708 et
1462 3658 1639 3727 caeteri
1672 3649 1931 3725 episcopi,
1958 3667 2113 3727 quot-

536 3731 668 3847 quot
705 3722 828 3775 huic
855 3720 1050 3774 actioni
1072 3722 1443 3778 interfuerunt.
1468 3725 1597 3779 Rern
1620 3720 1746 3796 ergo
1768 3720 1932 3780 totam
1956 3720 2114 3781 unico

579 3792 848 3846 ilemmate
891 3791 1116 3847 conficio
1146 3809 1159 3845 :
1190 3795 1274 3847 vel
1318 3797 1570 3847 mentitus
1599 3806 1683 3847 est
1713 3797 1997 3847 Eutvchcs.
2033 3797 2114 3847 vel

579 3792 848 3846 ilemmate
891 3791 1116 3868 conficio
1146 3809 1159 3845 :
1190 3795 1274 3848 vel
1318 3797 1570 3849 mentitus
1599 3791 1998 3868 est'Eutyclies,
2033 3797 2115 3852 vel

541 3878 649 3918 non
693 3872 786 3938 _est
834 3862 1110 3930 mentitus,
1166 3878 1293 3938 cum
1328 3868 1568 3938 asseruit
1616 3883 1672 3924 se
1712 3862 2029 3938 appellasse.
2059 3868 2115 3924 Si

540 3934 809 4007 mentitus
841 3947 945 4007 non
973 3942 1081 4000 est,
1129 3936 1337 3990 mentiti
1380 3947 1505 3991 sunt
1544 3953 1731 3992 omnes
1746 3934 1975 4007 _triginta
2005 3942 2117 4007 epi-

539 4005 687 4074 scopi
724 4004 879 4075 hujus
903 4003 1473 4075 ConstantinOpolitani
1503 4003 2117 4074 conventum—mentitus

540 4084 625 4147 est
651 4074 910 4144 imprimis
933 4074 1231 4147 Flavianus,
1256 4074 1354 4134 nec
1375 4095 1478 4135 non
1507 4092 1558 4134 et
1586 4080 1919 4147 Florentius;
1951 4084 2120 4135 faten-

542 4145 668 4201 dum
714 4156 969 4218 praeterea
1010 4145 1140 4202 Acta
1188 4150 1397 4204 concilii
1451 4151 1554 4204 ΟΡ.
1607 4150 1773 4207 fuisse
1801 4145 2118 4218 adulterata,

542 4230 667 4293 cum
693 4217 1063 4293 appellationis
1087 4234 1242 4293 quam
1267 4221 1603 4293 interjectam
1637 4237 1665 4276 a
1696 4239 1755 4279 se
1782 4225 1915 4278 dixit
1960 4217 2123 4293 Euty-

544 4287 697 4361 ches,
728 4290 1050 4343 mentionem
1084 4287 1187 4344 non
1220 4287 1435 4346 faciant.
1484 4294 1537 4348 Si
1573 4308 1698 4347 vero
1733 4298 1986 4349 mentitus
2016 4287 2121 4361 est,

546 4357 819 4432 neminem
849 4362 1154 4427 appellavit,
1199 4364 1437 4432 adeoque
1470 4378 1573 4418 non
1616 4368 1782 4432 magis
1824 4357 2123 4419 Romanum

546 4428 857 4508 episcopum
905 4444 1061 4508 quam
1108 4428 1557 4508 Alexandrinum,
1596 4428 2122 4508 Jerosolyinitanum,

549 4505 607 4551 et
634 4497 1201 4567 Thessalonicensem;
1233 4504 1435 4557 nullum
1470 4505 1610 4559 enim
1638 4505 1774 4559 inter
1806 4497 1921 4560 illos
1942 4497 2130 4561 discri-

550 4568 931 4647 Lnen'positum
976 4580 1059 4624 est
1097 4572 1146 4625 in
1198 4574 1344 4647 Actis
1387 4576 1500 4647 sive
1540 4590 1571 4647 a
1620 4574 1911 4647 Florentio,
1955 4580 2067 4631 sive
2096 4591 2124 4629 a

552 4637 834 4715 Flaviano,
870 4637 992 4715 _sive
1014 4657 1054 4715 ao
1080 4643 1325 4710 notariis,
1356 4644 1468 4698 sive
1513 4646 1580 4699 ab
1622 4646 1759 4699 aliis.
1808 4649 1870 4700 Et
1897 4637 2125 4715 quidem

556 4708 841 4784 utrobique
870 4707 1147 4784 Eutychen
1171 4707 1431 4784 mendacii
1454 4730 1599 4768 reum
1624 4714 1787 4770 fuisse
1812 4707 1993 4784 credo,
2019 4720 2130 4771 sive

556 4793 678 4855 cum
706 4778 840 4855 apud
876 4778 1108 4836 Leonem
1152 4782 1219 4855 de
1255 4784 1610 4855 appellatione
1652 4787 1717 4839 ad
1764 4787 1935 4855 ipsum
1967 4778 2131 4840 inter-

554 4850 724 4921 jecta,
771 4851 887 4905 sive
918 4864 1036 4905 cuni
1081 4852 1219 4923 apud
1266 4850 1564 4911 Orientales
1590 4858 1657 4911 de
1694 4850 1875 4910 eorum
1902 4857 2131 4912 concilio

557 4928 851 4997 provocato;
871 4923 1030 4997 verba
1055 4922 1216 4989 fecit;
1257 4934 1546 4997 tamquam,
1579 4936 1637 4980 ut
1668 4926 1899 4997 loquitur
1928 4927 2132 4982 Flavia-

558 4990 678 5067 nus,
709 5008 798 5063 per
825 4990 1085 5067 fallaciam
1104 4995 1365 5067 mendacii
1382 4990 1671 5067 subrepere
1698 4990 1751 5051 se
1778 4999 1964 5052 sanctis
1990 4998 2134 5051 auri-

560 5063 863 5139 busputans
892 5063 1017 5134 (Ep.
1046 5081 1063 5119 ι
1094 5063 1333 5120 Flaviani
1363 5069 1429 5120 ad
1460 5067 1520 5124 S.
1555 5063 1775 5123 Leonem
1804 5085 1919 5137 cap.
1954 5068 2032 5139 ὅ).

630 5133 719 5187 Ill.
750 5136 908 5189 Miror
934 5145 1110 5210 autem
1152 5140 1467 5208 scriptorem
1494 5155 1651 5210 quem
1695 5133 2012 5207 excutimus,
2065 5142 2135 5195 ita

561 5218 738 5281 causa:
778 5219 889 5259 suae
936 5208 1179 5281 oblitum,
1224 5220 1281 5262 ut
1319 5210 1481 5264 verba
1512 5208 1896 5279 ‘episcoiioruin
1945 5212 2137 5281 quibus

562 5277 764 5348 nullam
805 5293 833 5330 a
874 5292 932 5332 se
976 5280 1352 5348 appellationis
1381 5277 1572 5335 vocem
1595 5282 1826 5335 auditam
1858 5277 1976 5338 esse
2002 5286 2140 5337 inter

557 5346 904 5417 judicandum
952 5346 1342 5419 contestantur,
1390 5367 1487 5422 pro
1515 5366 1573 5408 se
1611 5352 1911 5422 adduxerit,
1952 5369 2048 5408 suo
2083 5368 2141 5408 se

2159 4534 2208 4597 D

2211 3230 2382 3285 nacho
2408 3229 2589 3296 verba,
2619 3245 2735 3295 «uiae
2765 3228 3134 3299 appellationis
3165 3243 3278 3284 sua:
3309 3229 3578 3284 formulam
3605 3228 3745 3281 conii-

2211 3311 2423 3368 nerent,
2456 3316 2562 3354 non
2592 3300 2694 3355 alia
2732 3298 3061 3371 suggessisse
3091 3301 3392 3356 credendus
3420 3310 3502 3355 est
3524 3298 3598 3371 vir
3618 3308 3749 3361 saga-

2211 3372 2491 3447 cissimus,
2508 3386 2665 3440 quam
2680 3368 2880 3447 quibus
2911 3372 3427 3447 appellatioconcipi
3462 3368 3604 3447 solita
3623 3373 3749 3447 erat.

2212 3442 2380 3497 Nimis
2409 3443 2550 3497 enim
2585 3442 2821 3512 putidum
2854 3451 2937 3497 est
2976 3441 3332 3512 mendacium,
3362 3441 3493 3512 quod
3531 3441 3747 3491 veritatis

2214 3515 2391 3587 specie
2414 3528 2518 3587 non
2538 3512 2918 3568 adumbratur:
2943 3527 3005 3568 ac
3028 3512 3251 3582 proinde
3270 3513 3501 3587 discimus
3520 3523 3613 3587 non
3634 3518 3742 3587 eam

2216 3578 2380 3638 fuisse
2403 3582 2469 3637 ad
2506 3597 2570 3639 ea
2598 3598 2765 3653 usque
2796 3578 3041 3652 tempora
3076 3581 3502 3639 consuetudinem
3526 3578 3748 3653 Orienta:

2217 3654 2370 3719 lium,
2395 3662 2455 3707 ut
2478 3655 2544 3709 ad
2576 3642 2789 3726 unicum
2822 3669 2892 3726 ex
2910 3642 3185 3724 episcopis
3212 3653 3544 3726 appellarent,
3582 3642 3751 3726 sedati

2218 3739 2310 3779 eos
2341 3738 2529 3779 omnes
2572 3726 2659 3795 qui
2679 3725 2885 3793 judicii,
2930 3740 2959 3779 a
3001 3740 3109 3793 quo
3138 3724 3539 3795 provecabatur,
3561 3724 3756 3795 parum:

2218 3808 2313 3865 pes
2350 3809 2453 3849 non
2486 3790 2715 3862 fuerant,
2748 3810 2849 3850 nec
2874 3790 2963 3922 (be)
2986 3790 3052 3850 ad
3078 3790 3252 3852 solum
3285 3794 3539 3865 pontiﬁcis
3561 3790 3756 3843 Romani

2219 3866 2528 3922 concilium.
2563 3867 2705 3922 quod
2736 3868 2898 3921 totius
2967 3867 3224 3922 ccidentis
3245 3874 3383 3922 erat.
3405 3864 3497 3920 sed
3520 3872 3571 3917 et
3604 3858 3663 3913 ad
3683 3872 3756 3922 sy-

2219 3858 2528 3924 concilium.
2563 3858 2712 3933 quod
2736 3858 2898 3921 totius
2920 3858 3224 3922 Occidentis
3245 3858 3383 3931 erat,
3405 3864 3497 3920 sed
3520 3872 3571 3917 et
3604 3858 3663 3913 ad
3683 3872 3758 3936 sy:

2222 3938 2421 3991 nodum
2455 3938 2682 4011 aliorum
2713 3939 3156 4011 patriarcharum,
3179 3938 3268 4007 qui
3296 3936 3349 3991 in
3376 3948 3534 3990 causa
3562 3937 3757 4011 suspect}

2223 4022 2330 4080 non
2359 4016 2529 4063 erant.
2573 4008 2649 4080 Et
2675 3999 2861 4080 revera
2904 4009 3093 4064 eodem
3137 3999 3512 4080 teinporeﬂquo
3539 3999 3759 4080 scribch!

2224 4078 2495 4149 Eutychos
2522 4078 2587 4133 ad
2618 4079 2674 4134 S.
2706 4079 2962 4149 Leonem,
3003 4092 3062 4135 se
3087 4093 3207 4133 eum
3236 4074 3559 4149 appellasse,
3586 4074 3763 4138 scripsit

2223 4147 2381 4225 etiam
2401 4151 2465 4205 ad
2489 4150 2796 4204 Dioscoruin
2821 4147 3259 4225 Alexandrinum,
3277 4147 3763 4225 utco‘ucilium‘tncu-

2225 4220 2491 4275 menicum
2535 4229 2910 4296 co_nvocarct,_
2930 4236 3035 4296 quo
3075 4213 3311 4275 Flaviani
3337 4218 3597 4296 judicium
3624 4213 3766 4296 disco:

2229 4300 2459 4357 teretur,
2495 4300 2552 4345 ut
2580 4291 2738 4346 docet
2763 4306 2859 4346 nos
2890 4287 3169 4346 Liberatus
3208 4287 3475 4359 eam”,
3515 4287 3601 4361 ubi
3625 4293 3766 4361 tanien

2227 4351 2596 4433 corrigendos,
2641 4377 2761 4416 cum
2806 4363 2910 4429 ait,
2959 4363 3168 4433 1100
3196 4362 3260 4433 de
3278 4351 3551 4430 ejusmodi
3582 4351 3768 4433 concilio

2229 4422 2507 4501 Eutychen
2542 4422 2645 4485 non
2672 4422 3358 4501 cogitassern'isi'a'bsolut'o
3387 4434 3644 4485 convento
3664 4422 3772 4501 βοη-

2232 4495 2817 4571 stantiiiOpolitano,'in
2845 4495 2954 4571 quo
2972 4504 3161 4574 synodi
3186 4502 3424 4557 Flaviani
3453 4503 3587 4554 Acta
3612 4495 3773 4574 reiecta

2231 4583 2355 4630 sunt
2385 4564 2563 4648 {infra
2593 4564 2733 4648 enini
2758 4588 2830 4648 _ex
2859 4564 3032 4648 hujus
3054 4582 3345 4648 conventus
3388 4574 3536 4625 Actis
3566 4564 3776 4648 ostepdt‘

2232 4660 2373 4712 mus,
2395 4645 2504 4714 jam
2532 4654 2656 4699 tunc
2685 4638 2943 4699 indictum
2962 4644 3126 4700 fuisse
3154 4642 3483 4714 Ephesinum
3506 4638 3775 4714 conciliatu:

2233 4707 2371 4770 Inde
2395 4707 2554 4784 igitur
2584 4717 2922 4785 perSpicuum
2952 4726 3031 4770 cst
3063 4707 3342 4784 Eutychen
3365 4713 3491 4785 dum
3526 4707 3778 4785 appellavit

2235 4778 2510 4859 adised'ein
2555 4778 2926 4859 apostolicam,
2955 4786 3040 4841 vel
3074 4778 3187 4859 nou
3232 4786 3351 4853 ejus
3380 4778 3782 4859 solum'pulsasse

2238 4858 2466 4912 tribunal
2509 4872 2601 4926 per
2639 4858 2901 4928 ejusmodi
2934 4855 3371 4928 appellationem,
3402 4855 3497 4907 sed
3541 4855 3783 4928 totius‘sy-

2238 4928 2364 4982 nodi
2392 4924 2759 4991 mcuinenicm,
2793 4929 2877 4982 cui
2908 4924 3093 4981 saltem
3112 4941 3217 4999 Aper
3256 4926 3456 4994 legatos
3486 4936 3619 4999 papa
3642 4924 3782 4999 .interf

2238 5007 2410 5063 esset;
2440 4999 2525 5053 vel
2552 4999 2795 5053 timuisse
2828 5000 3063 5052 omnium
3098 4992 3449 5053 Orientalium
3471 4992 3785 5049 olfensionem

2240 5069 2536 5133 incurrere,
2564 5071 2608 5122 si
2637 5071 2804 5142 solius
2834 5069 3098 5139 pontificis
3117 5066 3352 5142 Romani
3376 5066 3786 5142 judicio_<_:aus=lol‘n

2239 5153 2389 5195 suam
2416 5148 2609 5208 praeter
2637 5134 2850 5194 solituni
2872 5155 3073 5194 morem
3098 5139 3486 5208 discutiendam
3510 5134 3788 5208 subjicerel-

2312 5199 2819 5286 Alterumouoque
2864 5226 3044 5264 verum
3074 5221 3205 5286 _est,
3253 5199 3790 5286 videlicetuEutyclteil

2243 5278 2810 5351 appellationis’verba
2842 5281 3232 5349 pronuntiasse,
3264 5294 3373 5333 nou
3404 5278 3615 5348 publice
3641 5280 3791 5347 coram

2245 5350 2456 5407 concilii
2496 5350 2763 5420 Patribus,
2809 5352 2924 5406 sive
2959 5351 3085 5406 dum
3115 5366 3277 5407 causa
3301 5353 3675 5408 instrueretur,
3704 5351 3796 5394 ειη

1618 5466 2179 5525 BALLERINIORUM
2215 5466 2743 5522 ANNOTATIONES

636 5553 711 5624 (α)
753 5554 861 5610 Etsi
881 5555 1163 5628 _Eutychcs
1194 5561 1447 5614 mentitus
1482 5567 1593 5625 est,
1625 5575 1744 5614 cum
1776 5559 2142 5627 appellationis

565 5622 802 5678 libellum
847 5626 941 5682 abs
986 5622 1045 5681 se
1085 5628 1318 5683 oblatum
1364 5622 1660 5698 injudicio,
1704 5622 1861 5684 nec'a
1890 5629 2139 5681 Flaviano

567 5704 900 5769 susceptum_
932 5698 1177 5769 tradidit,
1225 5703 1594 5769 appellationis
1647 5713 1822 5754 tamen
1873 5699 2141 5753 elllellllltﬁ

570 5757 809 5824 ibollum
837 5766 905 5822 ad
942 5757 1175 5826 Leonem
1201 5757 1322 5827 vere
1350 5772 1557 5829 misisse
1595 5773 1937 5828 ostendemus
1971 5770 2025 5825 in
2047 5772 2142 5826 ob-

2250 5559 2609 5612 servationum
2643 5572 2788 5612 num.
2822 5557 2856 5613 5
2883 5565 3106 5627 ctseqq.

2320 5627 2390 5701 (li)
2435 5629 2557 5684 llaec
2607 5630 2912 5685 refellentur
2954 5629 3007 5684 in
3052 5630 3259 5686 observ.
3299 5643 3356 5685 n.
3397 5627 3432 5686 5
3469 5634 3527 5685 et
3569 5637 3713 5694 seqq.
3752 5628 3803 5673 ac

2248 5701 2544 5774 praesertim
2571 5717 2624 5759 n.
2656 5702 2707 5757 9.
