3994 6310
538 348 643 407 603

1012 348 1253 407 PASCH.
1297 345 1684 418 QUESNELLI
1726 344 2321 404 DISSERTATIONES
2360 347 2423 404 lN
2464 350 2520 403 S.
2563 345 2807 404 LEONIS
2845 345 3055 403 MAGNI
3094 344 3337 402 OPERA.
3710 350 3797 414 ϐω

535 464 904 537 compellans.
947 473 1007 537 ut
1043 466 1247 535 judicet
1280 465 1405 536 quid
1435 466 1636 520 erroris
1680 464 1732 517 in
1758 461 1875 537 _bac
1915 464 2127 537 sincera
2150 464 2205 526 Α
2238 463 2317 537 nis
2342 464 2634 537 defensores
2657 473 2703 517 et
2736 463 3029 537 huiusmodi
3040 536 3046 537 ί
3057 464 3300 537 [actiones
3341 473 3657 537 exsecrantes
3682 482 3798 520 eon-

468 534 475 582 i
536 534 804 592 sure'fidei
856 534 1187 603 professione
1227 534 1591 599 contineatur;
1644 549 1706 588 ac
1752 534 1889 587 forte
1931 534 2122 589 alludit

536 608 604 663 ad
655 607 778 661 illud
826 608 1070 677 Apostoli
1113 608 1154 661 ll
1185 606 1309 662 Cor.
1344 623 1394 671 t,
1434 606 1543 661 23:
1578 604 1690 676 Ego
1736 614 1905 658 autem
1950 613 2122 659 testem

534 678 703 733 Deum
728 676 923 733 Invoco
949 680 1001 732 in
1028 679 1250 731 animam
1276 694 1459 732 meam.
1486 677 1556 733 Ut
1580 678 1721 731 enim
1748 676 1939 730 eodem
1960 691 2122 732 sensu

536 749 809 805 Christum
842 766 903 804 ac
929 750 1185 803 vicarium
1214 750 1411 803 Christi
1444 749 1545 803 hoc
1576 749 1694 802 loco
1727 750 1958 811 invocet,
1995 762 2120 816 pro-

536 821 667 874 bant
716 824 766 875 hi
809 824 1088 876 verborum
1140 835 1341 875 nexus:
1389 822 1518 873 Ante
1558 820 1729 872 omnia
1766 817 1998 886 quidem,
2041 830 2117 872 te-

534 894 649 958 stis,
674 906 808 958 etc.,
841 905 891 946 et
920 896 1095 945 invoco
1116 903 1307 953 autem,
1336 894 1500 945 immo
1523 894 1682 944 totius
1708 891 1805 945 loci
1832 889 2115 958 inspectio,

537 966 772 1017 maxime
800 966 840 1017 si
874 965 937 1017 iis
963 965 1090 1017 snlis
1116 964 1336 1031 virgulis
1363 962 1721 1031 distinguatur
1748 961 1939 1030 quibus
1967 961 2116 1015 illum

535 1033 905 1094 distinximus;
954 1038 1021 1087 ita
1067 1044 1124 1087 ut
1165 1034 1313 1088 rudis
1342 1048 1405 1089 ac
1432 1036 1568 1086 male
1598 1034 1799 1101 digesta
1841 1033 2117 1087 translatio

532 1104 733 1159 Grmcac
774 1105 925 1159 istius
956 1105 1196 1170 epistolae
1240 1106 1381 1159 hunc
1417 1119 1638 1171 prorsus
1668 1117 1882 1157 sensum
1917 1102 2117 1159 habere

530 1175 756 1229 debeat:
792 1177 901 1244 Ego
928 1176 993 1229 de
1021 1191 1136 1230 mea
1166 1176 1331 1243 ipsius
1357 1176 1457 1228 fide
1478 1191 1539 1229 ac
1560 1190 1675 1243 spe.
1699 1175 1766 1228 de
1790 1189 1911 1228 meo
1933 1175 2113 1229 animo

530 1259 775 1310 securus,
811 1248 1035 1315 primum
1066 1248 1278 1316 quidem
1310 1249 1480 1317 ipsum
1512 1246 1601 1300 Dei
1635 1245 1848 1310 Filium,
1882 1245 1970 1314 qui
2004 1246 2117 1299 sin-

529 1320 808 1371 ceritatem
853 1318 1200 1387 professionis
1239 1335 1373 1371 mea:
1406 1318 1539 1371 bene
1576 1318 1751 1382 novit,
1798 1326 1989 1370 testem
2020 1332 2115 1385 ap-

527 1388 671 1456 pello
720 1390 771 1442 in
818 1390 1181 1443 testimonium
1227 1390 1406 1443 cordis
1455 1388 1591 1453 mei;
1642 1387 1835 1442 deinde
1875 1396 2108 1441 vestram

526 1461 865 1514 sanctitatem
890 1470 1079 1513 testem
1106 1460 1262 1513 etiam
1289 1459 1500 1529 appello
1523 1458 1576 1513 in
1601 1460 1836 1513 rationes
1857 1473 2111 1513 sensuum

532 1544 773 1584 nieorum
807 1542 966 1600 atque
998 1533 1303 1593 verborum.
1351 1531 1401 1585 id
1442 1540 1543 1595 est,
1590 1540 1643 1583 ut
1682 1530 1792 1595 ipsa
1834 1529 1900 1583 de
1929 1530 2110 1584 verbis

527 1602 695 1665 meis,
737 1603 973 1668 meisque
1000 1603 1245 1657 sensibus
1272 1602 1493 1670 judicet.
1528 1602 1847 1668 illorumque
1874 1604 2109 1654 rationes

524 1684 628 1794 pro
670 1688 761 1725 sua
804 1676 1051 1742 mqtiitaite
1089 1673 1379 1742 expendat.
1450 1671 1691 1727 Similem
1742 1672 2109 1741 praelationem

567 1742 713 1794 abuit
742 1744 1010 1794 Eutvches
1037 1756 1319 1794 antequam
1356 1744 1590 1794 libellum
1617 1742 1970 1794 confessionis
1999 1757 2109 1794 sua:

567 1742 713 1796 abuit
742 1744 1010 1813 Eutyches
1037 1756 1319 1812 antequam
1356 1744 1590 1798 libellum
1617 1742 1970 1813 confessionis
1999 1757 2110 1798 sure

528 1812 860 1885 recitandum
890 1816 1122 1869 traderet
1145 1816 1196 1871 in
1222 1812 1937 1885 pseudoephesinajynodo.
1974 1815 2107 1885 Ego,

523 1884 720 1955 inquit,
752 1888 1097 1940 commendavi
1125 1904 1203 1940 me
1224 1882 1394 1955 ipsum
1417 1886 1581 1948 Patri,
1610 1896 1653 1938 et
1678 1882 1839 1951 Filio,
1863 1895 1907 1937 et
1934 1882 2111 1939 sancto

527 1953 775 2027 Spiritui,
810 1966 857 2010 et
890 1960 1038 2011 verbo
1067 1953 1293 2012 veritatis
1319 1968 1494 2010 vestra:
1510 1959 1746 2027 justitiaz,
1777 1968 1823 2008 et
1852 1965 1995 2027 testes
2025 1973 2113 2009 vos

526 2024 691 2097 {iubeo
716 2028 837 2095 ﬁdei
867 2045 1007 2082 mete.
1058 2029 1258 2083 Eadem
1292 2024 1629 2097 paucioribus
1663 2036 1881 2094 usurpat
1914 2026 1963 2079 in
1998 2030 2111 2094 ipsa

521 2094 648 2150 ﬁdei
676 2098 1034 2153 confessione.
1089 2094 1399 2166 Attestante,
1446 2100 1650 2167 inquit,
1694 2100 1817 2149 mihi
1865 2107 1967 2149 tant
2007 2098 2113 2151 Deo

524 2182 681 2240 quam
709 2180 872 2222 vestra
902 2171 1183 2240 sanctitate.
1237 2172 1336 2236 Qui
1370 2171 1528 2240 igitur
1557 2170 1645 2223 illa
1678 2169 1837 2221 verba
1873 2172 2111 2236 appella-

527 2238 732 2292 tionem
757 2239 1041 2305 juridicam
1074 2257 1267 2296 sonare
1300 2238 1665 2302 contenderit,
1715 2254 1818 2293 non
1861 2241 1993 2293 satis
2034 2249 2114 2293 at-

526 2315 676 2381 tente
704 2308 1075 2366 haeresiarchte
1103 2314 1268 2367 verba
1297 2327 1354 2365 se
1386 2312 1579 2381 legisse
1604 2310 1857 2365 ostendit.

594 2378 779 2451 Neque
819 2397 946 2437 vero
986 2384 1084 2436 alia
1133 2384 1246 2437 hare
1285 2378 1459 2437 verba
1487 2382 1899 2450 appellationem
1942 2384 2111 2452 magis

518 2454 840 2506 continent:
890 2453 1154 2524 Rogabam
1202 2464 1255 2507 ut
1302 2456 1673 2508 innotescerent
1715 2454 1811 2505 ista
1854 2455 2115 2507 sanctitati

517 2532 733 2595 vestrm,
784 2534 830 2577 et
872 2527 1007 2590 quod
1050 2525 1185 2580 vobis
1237 2527 1488 2578 videretur
1526 2524 1833 2595 judicarett's
1881 2526 2113 2595 omnibus

518 2594 686 2665 modis
727 2611 804 2647 me
845 2608 1133 2649 secuturum
1172 2614 1285 2665 qua?
1328 2594 1657 2665 probassetis.
1707 2594 1963 2663 Hogantis
1996 2596 2113 2665 btrc

519 2664 685 2716 verba
720 2674 863 2730 sunt,
899 2681 999 2719 non
1028 2668 1346 2736 appellantis
1374 2683 1433 2718 ac
1460 2682 1556 2734 pro
1581 2667 1701 2733 jure
1726 2681 1824 2719 suo
1846 2664 2107 2734 judicium

517 2736 867 2808 postulantis.
917 2736 985 2792 Ut
1028 2740 1171 2793 enim
1204 2737 1581 2808 appellationis
1614 2736 1853 2790 libellum
1886 2737 2112 2803 rejicere

516 2819 681 2857 nemo
732 2806 797 2859 ad
832 2823 989 2875 quem
1034 2809 1134 2865 rite
1174 2806 1476 2879 appellatur
1505 2808 1803 2879 potest,ita
1834 2808 2109 2879 appellans

518 2884 706 2930 votum
735 2892 891 2932 suum
917 2880 1096 2935 verbis
1122 2878 1226 2935 non
1250 2878 1608 2948 Supplicibus,
1638 2878 1730 2933 sed
1756 2878 2013 2947 judicmm
2042 2895 2111 2934 ex

514 2948 841 3020 necessitate
892 2962 1196 3006 secuturum
1242 2951 1579 3020 exigentibus
1619 2952 1905 3018 exprimit:
1954 2950 2109 3018 cujus

512 3016 697 3091 judicii
730 3032 1018 3075 sententia:
1061 3025 1103 3077 si
1146 3016 1525 3078 obsecuturum
1570 3035 1628 3074 se
1668 3016 1945 3091 appellans
1978 3016 2104 3089 spa-

511 3090 796 3164 pouderit,
847 3094 921 3147 uti
965 3093 1067 3149 hoc
1110 3095 1227 3149 loco
1270 3094 1395 3149 facit
1425 3090 1816 3164 Eutyches,is
1864 3092 2107 3160 profecto

510 3162 819 3235 ridendum
849 3179 907 3219 se
954 3166 1201 3219 omnibus
1243 3162 1729 3235 proliinatIQuasi
1776 3179 1903 3218 vero
1949 3164 2108 3218 obse-

2235 533 2474 605 lugio....
2506 544 2551 589 et
2574 534 2776 589 obsecro
2802 533 2952 588 nullo
2980 534 3104 588 mihi
3146 536 3448 607 prtejudicio
3474 540 3613 604 facto
3640 553 3704 591 ea:
3728 537 3798 593 his

2228 620 2348 676 qua:
2367 623 2458 676 per
2482 607 2694 659 insidias
2719 616 2895 660 contra
2926 622 3004 658 me
3041 617 3177 675 gesta
3208 614 3354 669 sunt,
3395 623 3510 676 qua
3537 608 3645 661 visa
3670 609 3798 666 vobis

2227 675 2389 800 {perit
2437 694 2588 747 super
2639 677 2793 745 ﬁdem
2850 681 3078 746 proferre
3122 675 3441 731 sententiam.
3495 677 3674 743 Vides,
3733 682 3793 737 Ini

2273 763 2396 800 une.
2430 748 2569 800 ouod
2604 747 2786 800 videre
2822 765 2925 800 non
2947 748 3046 800 vis.
3084 760 3137 800 ut
3166 748 3437 800 Eutvches
3463 748 3528 800 ad
3559 749 3793 800 defenso-

2273 748 2569 821 upe,iquod
2604 747 2789 821 videre
2822 765 2925 821 non
2947 748 3046 806 vis.
3084 760 3137 802 ut
3166 748 3437 821 Eutyches
3463 748 3528 802 ad
3559 749 3795 806 defenso-

2226 833 2312 872 res
2344 820 2622 888 religionis
2662 819 2955 889 confugiat.
2988 834 3092 874 non
3136 829 3191 873 ut
3218 819 3426 889 judices
3452 821 3716 887 appellet;
3749 838 3794 877 ut

2224 890 2543 945 obsecretur
2571 890 2774 944 nullum
2804 893 2903 945 sibi
2942 907 3007 945 ex
3042 891 3276 945 Flaviani
3316 894 3583 945 sententia
3630 894 3791 948 creari

2223 961 2616 1031 praejudicium,
2667 976 2771 1014 non
2815 962 3023 1017 irritum
3073 962 3271 1016 clamet
3317 978 3382 1017 ex
3428 962 3791 1031 appellationis

2224 1046 2354 1085 voce
2381 1033 2679 1104 judicium;
2713 1042 2768 1085 ut
2798 1034 3025 1103 denique
3052 1032 3118 1088 de
3148 1033 3251 1087 fide
3278 1033 3451 1104 potius
3480 1035 3788 1090 sententiam

2220 1104 2449 1171 proferri
2475 1103 2726 1172 postulet,
2755 1120 2912 1171 quam
2941 1104 3010 1158 de
3039 1119 3133 1158 sua
3156 1103 3493 1173 depdsitione
3514 1115 3567 1159 et
3588 1120 3789 1159 escom-

2220 1176 2602 1239 municatione,
2635 1175 2701 1227 de
2730 1190 2832 1244 qua
2864 1184 3064 1245 tamen,
3099 1176 3142 1229 si
3181 1176 3527 1245 appellasset,
3556 1177 3785 1245 primitus

2217 1245 2482 1313 agendum
2508 1246 2605 1313 ipsi
2632 1254 2763 1299 erat.

2292 1316 2417 1387 Haec
2456 1316 2745 1371 refellendo
2789 1316 3099 1371 Christiano
3147 1316 3297 1387 Lupo
3346 1317 3477 1371 satis
3529 1332 3781 1387 superque

2219 1386 2506 1441 sufficiant.
2577 1387 2730 1442 Addo
2774 1386 3122 1441 nihilominus
3171 1386 3239 1441 ex
3297 1388 3623 1442 abundantia
3665 1386 3785 1457 juris

2220 1459 2477 1527 scriptum
2508 1458 2647 1512 istud
2680 1460 2964 1527 integrum,
2997 1459 3148 1527 cujus
3174 1469 3354 1524 partes
3385 1458 3497 1528 jam
3538 1460 3777 1528 expendi-

2218 1531 2427 1601 mus.7si
2458 1529 2521 1583 ad
2553 1528 2609 1584 S.
2642 1529 2873 1583 Leonem
2905 1545 3090 1601 papam
3115 1530 3334 1584 missum
3351 1540 3457 1596 est,
3491 1531 3568 1596 (a)
3594 1546 3693 1585 non
3721 1531 3777 1584 ad

2216 1600 2462 1654 eumdem
2484 1616 2645 1654 unum
2672 1602 2891 1654 missum
2925 1600 3107 1667 fuisse,
3138 1616 3235 1655 nec
3256 1616 3351 1669 pro
3380 1616 3448 1655 eo
3478 1616 3585 1654 uno
3612 1602 3776 1656 confe-

2217 1680 2359 1723 ctum
2388 1687 2401 1735 ;
2427 1674 2519 1725 sed
2547 1687 2669 1726 esse
2699 1672 2977 1739 epistolam
3010 1672 3335 1742 encycliCam
3371 1672 3437 1725 ad
3477 1686 3661 1726 omnes
3689 1674 3780 1741 pri-

2218 1743 2505 1812 mariarum
2552 1744 2759 1797 sedium
2792 1743 3095 1811 episcopos,
3151 1758 3378 1812 quorum
3423 1744 3775 1798 auctoritatem

2220 1811 2480 1865 adversus
2509 1812 3022 1881 Flavianijudicium
3055 1811 3267 1868 movere
3291 1829 3354 1868 ac
3382 1813 3484 1867 sibi
3518 1816 3775 1883 prepitiam

2220 1883 2444 1938 reddere
2468 1885 2657 1937 avebat
2684 1885 2975 1953 Eutyches.
3025 1884 3158 1939 Nam
3200 1885 3361 1939 ctiam
3405 1900 3525 1940 cum
3566 1885 3776 1954 appella-

2222 1956 2417 2007 tioiiem
2454 1955 2827 2009 hmresiarchze
2858 1956 3065 2010 mentiti
3099 1965 3221 2010 sunt
3252 1958 3342 2023 qui
3367 1970 3463 2023 pro
3517 1956 3623 2022 ipso
3660 1970 3773 2024 sge-

2219 2024 2345 2078 bant
2374 2029 2509 2094 apud
2542 2026 2836 2094 Ephesum,
2855 2043 2961 2081 non
2986 2042 3148 2081 unum
3174 2026 3479 2095 pentilicem
3504 2026 3769 2081 Romanum

2219 2096 2655 2150 nominaverunt.
2690 2096 2817 2151 Cum
2849 2097 3102 2168 legeretur
3121 2098 3418 2168 damnatio.
3460 2099 3605 2166 inquit
3638 2097 3764 2151 Con-

2218 2168 2481 2220 stantinus
2532 2167 2866 2232 monachus.
2901 2167 3197 2237 ’Eutyches
3246 2170 3513 2238 appellarit
3556 2176 3760 2221 sanctum

2219 2238 2495 2311 concilium
2546 2240 2855 2311 sanctissimi
2913 2242 3123 2311 1122
3176 2240 3404 2311 epist-api
3455 2238 3679 2302 Romani.
3722 2246 3763 2292 et

2220 2307 2579 2380 Alexandrini,
2613 2319 2659 2363 et
2688 2307 3129 2380 JerosolyTnTta—ni,
3160 2307 3708 2380 “Thessalonicensis;
3730 2318 3770 2363 et

2218 2378 2329 2432 Itth
2352 2381 2401 2432 in
2434 2382 2586 2450 gestis
2614 2398 2715 2434 non
2744 2392 2860 2434 sunt
2887 2378 3092 2435 inserta.
3130 2380 3659 2450 Magniﬁcentissimus
3685 2379 3771 2432 Pa-

2219 2452 2392 2503 tricius
2415 2450 2573 2506 dixit:
2606 2450 2776 2504 Turba
2802 2455 2940 2522 facta
2962 2466 3006 2505 et
3024 2451 3276 2506 dissoluto
3303 2463 3551 2505 conventu
3578 2451 3694 2504 dixit
3718 2452 3773 2522 ad

2218 2536 2299 2574 me
2324 2523 2531 2594 silenter
2556 2521 2827 2593 appellans
2865 2524 3172 2594 Romanum,
3206 2532 3250 2576 et
3278 2522 3610 2594 Afgyptium,
3636 2532 3678 2575 et
3700 2521 3774 2576 Je-

2218 2593 2647 2663 rosolgmitanum
2690 2596 3077 2649 concilium.....
3106 2593 3330 2648 Basilius
3360 2593 3773 2647 reverendissimss

2216 2664 2480 2737 episwpus
2502 2665 2724 2720 dixit...
2751 2666 2880 2737 dixit
2905 2664 3195 2737 Eutyches:
3227 2664 3287 2719 Si
3311 2668 3642 2731 praeceperint
3675 2665 3773 2737 mihi

2218 2733 2405 2788 Patres
2433 2734 2697 2789 Romanus
2722 2747 2768 2789 et
2789 2733 3187 2801 Alexandrinus,
3207 2738 3322 2789 dico
3344 2738 3446 2790 hoc
3469 2737 3651 2807 ipsum.
3681 2733 3774 2788 Hoc

2216 2816 2385 2877 autem
2414 2823 2515 2860 non
2548 2808 2699 2877 quasi
2725 2807 2993 2876 appellans
3015 2808 3165 2861 dixit.

2288 2876 2451 2946 Igitur
2480 2877 2544 2931 ad
2577 2892 2765 2932 omnes
2811 2880 2940 2932 istos
2985 2881 3291 2947 episcopos,
3323 2892 3463 2946 quos
3506 2878 3590 2932 vel
3619 2876 3773 2943 appel-

2216 2946 2425 3019 laverat
2450 2949 2531 3002 vel
2563 2949 2862 3018 appellasse
2890 2965 2947 3003 se
2969 2946 3362 3011 credivolebat.
3386 2950 3487 3004 has
3514 2948 3774 3019 encyclicas

2212 3018 2447 3090 litteras,
2503 3035 2636 3089 quas
2679 3021 3013 3090 querimonia:
3046 3020 3277 3075 libellum
3312 3021 3551 3089 appellat
3575 3018 3629 3075 S.
3669 3018 3771 3082 Leo,

2212 3089 2427 3157 direxit,
2454 3089 2724 3161 unumque
2755 3092 2962 3145 illarum
3016 3092 3292 3159 exemplar
3337 3093 3404 3144 ad
3446 3093 3618 3161 ipsum
3665 3090 3774 3145 Leo-

2215 3176 2334 3233 nem
2372 3160 2698 3233 pontificem,
2742 3163 2828 3216 cui
2873 3162 3137 3233 imprimis
3157 3160 3480 3230 debebatur,
3516 3164 3773 3233 pervenit:

508 3233 709 3303 quendi
728 3233 989 3303 judicium
1013 3232 1357 3302 superior-uni
1377 3236 1659 3290 sententia:
1681 3236 1975 3290 necessitas
2001 3251 2105 3289 non
2135 3239 2182 3302 ο
2215 3232 2357 3286 unde
2385 3232 2450 3285 ad
2477 3234 2711 3288 Leonem
2736 3248 2924 3302 papam
2950 3232 3203 3303 scriptam
3229 3233 3395 3287 fuisse
3415 3232 3670 3287 uec'falso
3697 3243 3775 3285 nec

506 3301 860 3369 fueritpnisi
893 3306 1031 3361 forte
1063 3301 1263 3361 dixerit
1292 3308 1503 3375 Lupus,
1549 3306 1689 3375 quod
1732 3318 1906 3361 tamen
1949 3304 2108 3361 facile

506 3388 615 3449 non
646 3376 993 3449 crediderim,
1021 3377 1105 3432 his
1135 3378 1421 3449 Eutychen
1452 3377 1632 3449 verbis
1660 3377 1760 3430 sibi
1787 3377 1959 3445 ipsum
1984 3377 2109 3431 abs-

506 3443 699 3519 tulisse
743 3443 1048 3519 facultatem
1100 3464 1128 3502 a
1176 3443 1428 3514 pontifice
1476 3447 1541 3500 ad
1588 3443 1974 3519 mcumeiiicam
2021 3463 2111 3519 sy-

503 3514 710 3592 nodum
741 3517 1065 3592 appellandi,
1104 3520 1147 3571 si
1179 3519 1510 3592 contrarium
1544 3518 1646 3571 sibi
1676 3518 1943 3592 pontificis
1967 3514 2112 3592 foret

502 3583 1073 3658 judiciuuiIDemum
1113 3591 1275 3644 verba
1320 3589 1530 3656 objeCta
1576 3583 1919 3643 committere
1958 3589 2110 3658 juvat

504 3667 632 3726 cum
683 3656 802 3710 aliis
846 3672 963 3726 qua:
1016 3661 1068 3713 in
1117 3660 1357 3715 secundo
1405 3659 1644 3714 Flaviani
1689 3658 1795 3713 CP.
1841 3656 2109 3714 conventu

502 3723 645 3801 dicta
692 3723 1023 3782 suutﬂCum
1072 3732 1214 3784 enim
1260 3730 1515 3801 Eutychis
1558 3730 1796 3783 fautores
1838 3729 2011 3795 ipsum
2058 3733 2107 3785 in

499 3796 681 3871 primo
707 3812 973 3871 conventu
1007 3802 1307 3869 appellasse
1334 3796 1750 3861 cbntenderent.
1783 3802 1881 3854 hoc
1914 3813 2110 3871 negant

500 3866 778 3941 episcopi,
827 3886 964 3939 quos
1010 3866 1150 3925 inter
1194 3872 1463 3928 Basilius:
1512 3871 1575 3924 In
1616 3873 1858 3933 veritate,
1904 3866 2106 3941 inq'uit,

496 3937 618 3990 dico
644 3954 661 3990 :
704 3937 879 4014 adhuc
906 3942 1018 4013 ipso
1050 3952 1295 3996 conventu
1325 3946 1533 3997 sedente
1572 3954 1619 3997 et
1659 3937 1989 4014 proponente'
2016 3937 2110 3998 hoc

495 4020 681 4083 sancta
711 4012 935 4081 synodo,
982 4024 1035 4066 ut
1078 4014 1267 4068 diceret
1298 4016 1389 4069 iste
1420 4016 1549 4069 duas
1579 4012 1791 4067 naturas
1833 4025 1945 4083 post
1977 4016 2109 4069 adu-

495 4080 781 4156 nationem,
820 4086 1032 4156 1121
1066 4088 1173 4138 scio
1201 4086 1323 4155 quia
1353 4087 1484 4141 dixit
1515 4086 1784 4155 religiosus
1812 4080 2105 4156 archiman-

497 4149 639 4225 drita
674 4149 1065 4223 EutyﬂtesT'Si
1098 4149 1432 4225 prteceperint
1470 4149 1807 4210 milti'Patres
1838 4155 2101 4212 Romanus

498 4230 546 4274 et
574 4222 985 4298 Alexandrinus,
1011 4222 1127 4282 dico
1150 4229 1244 4282 hac
1266 4222 1475 4298 ipsum;
1505 4228 1602 4282 hoc
1628 4238 1799 4281 autem
1823 4244 1922 4282 non
1950 4231 2100 4298 quasi

500 4245 546 4274 τι
574 4245 985 4295 mexanarmus,
1011 4245 1127 4282 aico
1150 4245 1244 4282 noc
1270 4245 1287 4281 ι
1332 4246 1475 4294 sum;
1505 4245 1602 4282 nec
1628 4245 1799 4281 autem
1823 4245 1922 4282 non
1950 4246 2099 4298 quasi

500 4292 937 4369 appellansdixit,
952 4298 1041 4350 sed
1064 4300 1254 4366 dicens,
1279 4245 1399 4354 Eon
1416 4316 1525 4353 sum
1540 4316 1694 4354 ausus
1711 4301 1877 4352 dicere
1893 4309 2099 4369 prapter

552 4374 705 4419 atres.
767 4367 875 4442 Hoc
917 4368 1094 4437 ipsum
1124 4381 1218 4442 est
1256 4372 1398 4440 quod
1442 4372 1746 4442 Eutyches.
1796 4367 2097 4442 bisverbis

502 4431 739 4511 Leonem
778 4431 1080 4511 alloquens,
1120 4431 1361 4497 indicare
1386 4431 1573 4507 voluit',
1610 4431 1823 4511 quae—ad
1852 4440 2094 4511 appella-

494 4502 701 4581 tiapem
732 4502 947 4581 trahere
974 4502 1170 4564 fruStra
1197 4511 1381 4581 Lupus
1405 4502 1650 4568 conat'ur'.

573 4571 760 4629 Restat
780 4580 971 4633 tertius
995 4581 1239 4651 epistolae
1268 4571 1452 4641 lpcus:
1484 4583 1565 4637 Ad
1588 4598 1672 4638 vos
1696 4583 1857 4655 igitur
1879 4582 2093 4656 religio-
2121 4571 2179 4633 Ῑ)

2218 3303 2509 3374 incongrue
2530 3306 2805 3358 annotavit
2834 3305 2973 3359 tituli
3001 3305 3144 3359 illius
3163 3316 3374 3371 auctor,
3408 3319 3565 3374 quem
3603 3304 3778 3374 compi-

2218 3373 2443 3428 latorein
2484 3376 2564 3429 vel
2615 3375 3002 3445 descriptorem
3055 3375 3183 3430 dicit
3233 3373 3571 3430 Christianus
3617 3373 3776 3442 Lupus

2218 3445 2458 3514 ejusdem
2493 3447 2879 3515 promulgatur.

2296 3515 2635 3584 Encyclicam
2661 3532 2823 3585 porro
2854 3532 2973 3572 esse
3004 3516 3285 3585 epistolam
3318 3517 3429 3587 ipsa
3470 3522 3775 3587 totaqusnta

2219 3596 2299 3643 est
2332 3587 2529 3641 clamat
2563 3588 2812 3657 epistola,
2847 3590 2899 3642 in
2928 3602 3031 3654 qua
3059 3602 3128 3642 ne
3151 3602 3290 3655 apex
3323 3585 3524 3657 quidem
3562 3585 3626 3638 de
3652 3595 3773 3652 apo-

2219 3658 2411 3714 stolica
2440 3658 2570 3714 sede
2598 3655 2683 3715 vel
2709 3659 2776 3732 de
2807 3655 3357 3732 pontifice‘Romano.
3398 3655 3549 3732 cujus
3578 3667 3773 3732 prtere-

2220 3732 2425 3797 gativas
2455 3744 2519 3784 ac
2549 3728 2888 3805 splendorem
2920 3730 3216 3805 praedicare
3246 3744 3350 3805 non
3403 3728 3667 3805 omisisset
3704 3728 3782 3805 vir

2222 3794 2347 3855 tunc
2372 3794 2629 3869 temporis
2666 3794 3017 3856 conciliandis
3048 3801 3149 3856 sibi
3179 3801 3416 3854 omnium
3443 3797 3631 3866 quibus
3656 3794 3781 3849 indi-

2221 3874 2377 3939 gebat
2404 3874 2598 3926 animis
2622 3874 3030 3927 intentissimus.
3062 3873 3130 3925 lis
3157 3873 3316 3941 igitur
3332 3869 3647 3924 solisverbis
3668 3879 3781 3921 usus

2222 3951 2303 3996 est
2330 3959 2457 4013 qua;
2477 3942 2723 3997 omnibus
2746 3944 3039 4010 primarum
3070 3943 3276 3997 sedtum
3308 3942 3575 4013 episcopis
3606 3950 3781 4013 conve-

2224 4009 2398 4087 niunt.
2432 4012 2529 4068 Cui
2554 4016 2696 4069 enim
2732 4009 2940 4069 illorum
2973 4009 3417 4087 nonicongruunt
3445 4012 3577 4087 ista:
3610 4009 3778 4087 Invoco

2224 4082 2297 4155 (ὑ)
2321 4097 2533 4139 vestram
2562 4088 2972 4139 sanctitatem....
3004 4094 3057 4137 ut
3086 4086 3467 4155 innotescerent
3484 4084 3583 4155 ista
3611 4082 3779 4135 sancti-

2218 4154 2313 4207 tati
2340 4168 2658 4211 vestrte......
2689 4157 2769 4211 Ad
2797 4172 2885 4211 vos
2919 4156 3075 4225 igitur
3114 4156 3381 4224 religionis
3434 4154 3704 4225 defensores
3739 4155 3783 4225 cf

2214 4225 2521 4298 hujusmodi
2552 4230 2801 4297 factiones
2846 4216 3164 4281 exsécrantes
3212 4216 3478 4298 confugio.
3501 4216 3681 4298 "Certe
3702 4216 3779 4273 vel

2206 4295 2333 4351 haec
2357 4299 2468 4352 sola
2500 4295 2795 4367 posteriora
2819 4299 3005 4365 verba,
3029 4298 3099 4351 ad
3112 4313 3199 4368 vos
3211 4295 3476 4368 religionis
3491 4297 3779 4368 defensores.

2204 4380 2337 4433 etc.,
2365 4366 2658 4423 meridiano
2682 4370 2797 4424 sole
2809 4370 3011 4424 clarius
3025 4366 3371 4437 patefaciunt,
3394 4382 3503 4422 non
3525 4366 3590 4419 ad
3611 4376 3779 4425 unum,

2202 4440 2297 4494 sed
2367 4441 2436 4494 ad
2492 4442 2674 4510 plures
2736 4441 2959 4496 missum
3020 4440 3186 4496 fuisse
3242 4438 3345 4495 hoc
3410 4438 3783 4510 qualecumque

2200 4511 2481 4581 scriptum.

1579 4694 2148 4754 BALLERINIORUM
2181 4695 2708 4753 ANNOTATIONES

576 4775 655 4919 (ag
682 4773 883 4835 Confer
909 4782 1125 4837 easdem
1156 4784 1373 4839 observ.
1405 4801 1553 4839 num.
1584 4785 1638 4843 9.

576 4849 627 4919 (ὁ
687 4850 763 4904 Ex
798 4851 881 4907 bis
906 4854 1125 4908 vocibus
1141 4854 1347 4910 Latinae
1371 4857 1634 4911 versionis

573 4849 651 4932 ςὺ)
687 4850 881 4932 bisbis
906 4854 1125 4932 vocibus
1141 4854 1347 4932 Latinae
1371 4857 1656 4932 versionis,
1686 4872 1804 4932 quae
1825 4857 1875 4911 in
1901 4856 2097 4932 litteris

500 4921 594 4998 uni
621 4921 829 4977 traditis
872 4924 1230 4981 observantiae
1252 4942 1413 4981 causa
1460 4921 1959 4998 adhiberi—queunt.
2011 4930 2097 4983 in-

499 4991 727 5073 ﬁrmum.
752 5009 974 5073 prorsus
1005 5007 1378 5073 argumentum
1408 5003 1672 5073 sumitur.
1695 4991 1896 5073 ut'lttec
1924 4998 2092 5070 Euty-

494 5064 615 5118 chis
643 5064 873 5134 epistola
926 5064 1203 5140 encyclica
1254 5072 1321 5125 ad
1374 5072 1553 5140 plures
1605 5072 1771 5125 missa
1807 5064 2089 5126 inferatur.

2213 4788 2351 4844 Vide
2404 4788 2567 4859 epist.
2614 4789 2707 4855 68,
2736 4788 2827 4843 ubi
2864 4787 3108 4843 Ceretius
3148 4786 3346 4855 aliique
3386 4787 3496 4842 duo
3540 4781 3782 4843 Gallicani

2211 4859 2449 4930 episcopi
2480 4860 2718 4915 Leonem
2753 4860 2942 4929 plurali
2973 4872 3196 4913 numero
3225 4860 3555 4922 destinantes,
3582 4870 3786 4930 ρειτπιοο

2210 4926 2361 4999 ηὲιὶσ,
2395 4926 2531 4997 etc.,
2563 4926 2929 5001 alloquuntur.
2979 4931 3121 4985 Idem
3143 4939 3224 4983 est
3254 4931 3306 4983 in
3334 4930 3496 5000 epist.
3528 4930 3593 4984 5?.
3619 4926 3785 5001 Theo—

2202 4996 2375 5058 doreti
2400 5004 2464 5057 ad
2503 4996 2755 5058 eumdem
2791 5004 3046 5058 Leonem.
3100 5002 3217 5055 Alia
3246 4996 3398 5069 plura
3443 4999 3679 5069 exempla
3709 4996 3787 5050 af.

2201 5072 2346 5129 ferre
2376 5073 2532 5129 facile
2562 5086 2729 5129 esset.

493 5200 3756 5226 Μ

1454 5301 2128 5365 BALLERINIORUM
2170 5290 2830 5365 OBSERVATIONES

1566 5446 1631 5490 IN
1676 5446 2229 5493 DISSEBTATIONBM
2262 5447 2344 5491 νιι
2370 5447 2715 5501 ρυιεεηιςιιι

1793 5554 1885 5613 De
1910 5570 2102 5615 causa
2136 5532 2479 5634 Eutycius.

568 5696 781 5780 1133
796 5694 820 5751 i
835 5736 848 5750 .
860 5693 1452 5780 CurQuesneiius_nanc
1473 5696 1744 5780 Eutychls
1759 5709 1976 5780 causam
2000 5711 2091 5767 pe.

482 5784 552 5827 cu
564 5768 682 5820 liari
695 5768 1075 5840 dissertatione
1092 5768 1394 5840 agitandam
1422 5768 1911 5840 susceperit,satis
1925 5782 2092 5840 agno-

483 5840 561 5896 sci
576 5845 663 5891 tur
679 5837 874 5901 exipso
894 5837 1141 5903 exordio,
1154 5839 1245 5893 ubi
1268 5854 1362 5895 eos
1384 5837 1838 5909 perstringendos
1850 5838 1955 5896 sibi
1968 5854 2093 5910 pro-

2194 5700 2365 5769 ponit,
2378 5697 2471 5769 qui
2484 5698 2572 5767 jus
2589 5695 2885 5769 appellandi
2900 5694 2967 5749 ad
2981 5694 3150 5769 sedem
3166 5692 3544 5769 Romanamea:
3559 5686 3795 5769 omni?”

2197 5758 2333 5823 orbis
2355 5758 2639 5823 'C'Itriitiaui
2658 5758 2967 5840 regionibus,
2995 5768 3345 5840 imprimisque
3367 5781 3429 5840 ea:
3443 5758 3794 5840 Orientalibus

2198 5839 2262 5893 ab
2284 5840 2497 5894 illarum
2541 5834 2767 5905 partiuin
2799 5834 3077 5905 episcopis
3096 5838 3234 5893 ultro
3256 5834 3363 5893 esse
3390 5834 3612 5891 delatum
3631 5834 3799 5887 etiam
