3994 6310
231 387 339 444 365

773 378 1333 440 BALLERINIORUM
1373 327 1950 436 OBSERVZALl‘lONES
1988 375 2050 431 IN
2090 375 2397 433 DISSERT.
2438 377 2526 435 VII
2563 376 2968 448 QUESNELLL

3389 373 3496 438 666

239 501 417 574 primis
450 497 692 574 Ecclesia!
717 500 915 574 seculis
950 496 1254 574 persuadere
1279 495 1505 574 student.
1527 494 1641 574 Hoc
1663 492 1808 550 scili-
1834 492 1888 552 Δ
1923 489 2007 574 ad.
2041 491 2349 574 episcopum
2378 489 2804 574 Ravepnensem,
2849 494 2932 548 cui
2961 494 3012 550 in
3049 492 3497 574 appellationibus

237 567 328 627 eet
352 570 768 641 appellationum
797 569 904 640 jus,
928 570 1072 641 quod
1098 569 1172 622 illi
1205 583 1309 641 non
1335 567 1529 641 placuit
1563 568 1614 622 in
1647 581 1808 641 causa

238 637 503 698 Celidonii
541 642 773 712 episcopi
798 637 1100 704 'Gallicani,
1158 641 1209 694 in
1239 638 1592 712 Orientalium
1637 637 1812 712 causis

240 714 511 784 displicuit
533 709 698 768 multo
724 709 928 783 inagis;
961 727 1022 765 ac
1054 722 1330 784 proluerea
1357 711 1610 780 Eutychis
1631 709 1814 784 appel-

241 781 494 840 lationem
516 785 581 839 ad
611 781 841 840 Leonem
868 798 1055 855 papam
1083 783 1374 855 dupliciex
1397 784 1570 848 capite
1601 781 1812 855 Submo-

240 869 369 919 vere
397 856 632 913 studuit:
657 857 828 927 primo
857 852 998 924 quia.
1024 855 1214 927 inquit,
1247 853 1333 927 ille
1360 866 1484 907 vere
1507 868 1608 927 non
1635 852 1815 927 appel-

244 927 405 998 lavit;
433 924 674 982 secundo
693 929 817 998 quia
849 927 1097 980 ementita
1129 924 1368 998 ejusdem
1400 924 1813 998 appellationon

242 996 344 1069 fuit
362 999 644 1069 peculiaris
670 995 733 1052 ad
758 999 1011 1069 Leonem,
1039 1011 1135 1069 seu
1153 997 1216 1048 ad
1239 995 1812 1069 apostolicam‘sedem,

244 1068 341 1140 sed
363 1065 666 1125 communis
691 1069 756 1124 ad
783 1067 1015 1140 synodos
1037 1067 1351 1140 Ruinanam,
1370 1065 1813 1140 Alexandrinam,

243 1139 751 1213 Jerosolymitanam
791 1137 950 1213 atque
987 1137 1546 1213 '[hessalotticensetii,
1593 1137 1730 1213 adeo
1763 1145 1820 1191 ut

243 1209 406 1336 :tihilt
438 1207 694 1283 pracipui
736 1207 878 1282 juris
913 1212 966 1264 in
1008 1209 1250 1263 Romano
1278 1207 1530 1278 pontiﬁce
1581 1211 1817 1278 agnitum

267 1296 381 1336 ueri
412 1323 426 1336 .

267 1283 426 1338 'uerit.

319 1351 374 1407 2.
407 1353 524 1409 .lam
547 1353 602 1409 in
625 1351 1086 1409 observationibus
1114 1349 1182 1404 ad
1212 1349 1454 1404 disssert.
1486 1349 1519 1404 5
1545 1349 1820 1415 Quesnelli

244 1424 550 1480 luculenter
577 1428 862 1479 statuimus
903 1419 1232 1490 pontiﬁcium
1279 1421 1366 1490 jus
1398 1421 1450 1474 in
1496 1420 1816 1491 recipiendis

245 1496 700 1563 appellationibus
725 1510 790 1550 ex
819 1503 929 1548 toto
960 1491 1263 1546 Christiano
1285 1493 1436 1558 orbe,
1469 1503 1520 1546 et
1560 1502 1819 1557 quatenus

247 1565 355 1620 hoc
375 1566 464 1634 jus
489 1581 556 1620 ex
578 1567 693 1634 ipso
723 1567 948 1634 primatu
969 1564 1141 1620 eidem
1167 1571 1455 1632 competat,
1483 1565 1614 1617 satis
1635 1577 1818 1633 aperte

247 1636 655 1691 demonstrasse
683 1637 835 1692 nobis
871 1635 1129 1690 videmur.
1164 1634 1270 1688 Hac
1316 1642 1491 1688 autem
1527 1634 1575 1686 in
1601 1645 1817 1687 cootro-

248 1708 452 1770 versia,
485 1717 744 1775 quatenus
792 1721 994 1761 merum
1039 1705 1306 1776 Eutychis
1333 1704 1528 1776 factum
1577 1705 1814 1776 respicit,

251 1777 398 1831 ultro
421 1777 778 1832 conﬁtendum
800 1788 882 1832 est
913 1777 1109 1830 nullam
1144 1775 1566 1844 appellationem
1609 1775 1676 1827 ad
1708 1775 1818 1830 Ro-

254 1862 472 1936 rmanum
499 1849 794 1936 pontiﬁcem
822 1847 892 1928 ab
919 1863 984 1936 ep
1007 1847 1386 1936 interpositaml
1410 1845 1575 1899 fuisse
1616 1846 1666 1898 in
1697 1847 1813 1936 ipso
1843 1873 1893 1936 Β

248 1915 839 1986 Constantinopolitano
873 1917 1093 1986 judicio.
1147 1915 1312 1971 Unam
1337 1916 1575 1970 chartam
1606 1918 1813 1985 proles-

244 1985 419 2040 sionis
448 1986 569 2041 ﬁdei
599 1985 725 2056 (non
751 1985 924 2041 autem
952 1987 1321 2056 appellationis
1349 1986 1609 2054 libellum)
1643 1989 1710 2042 ab
1751 2004 1817 2044 eo

244 2065 373 2128 ante
398 2059 716 2128 sententiam
748 2059 977 2112 oblatam
1022 2057 1182 2128 fuisse
1229 2058 1394 2127 liquet
1422 2073 1484 2111 ex
1517 2060 1646 2113 actis
1675 2060 1818 2128 ejus-

239 2126 367 2182 dem
408 2127 512 2183 CP.
542 2128 750 2200 synodi,
779 2145 883 2198 qua
936 2127 1205 2200 Eutyches
1255 2126 1536 2182 damnatus
1584 2126 1718 2196 fuit,
1764 2142 1818 2187 et

242 2200 416 2269 multo
441 2199 608 2269 magis
631 2217 696 2254 ex
725 2199 1036 2254 eornmdem
1058 2209 1300 2254 actorum
1323 2199 1610 2254 relectione
1638 2201 1690 2255 in
1714 2202 1820 2257 alio

243 2268 842 2341 Constantinopolitano
881 2281 1146 2325 conventu
1181 2271 1360 2325 habito
1399 2271 1486 2325 die
1524 2269 1588 2325 15
1623 2272 1822 2341 Aprilis

238 2341 370 2394 anni
400 2340 525 2405 449,
550 2358 672 2411 quae
701 2343 896 2396 actioni
929 2342 1114 2409 prima:
1134 2341 1348 2396 concilii
1372 2340 1820 2399 Chalcedonensis

238 2411 446 2466 inserta
472 2412 640 2467 luere.
671 2413 853 2467 Solum
882 2413 927 2466 si
961 2412 1091 2467 ﬁdes
1119 2413 1420 2466 adhibenda
1452 2421 1535 2466 est
1561 2412 1823 2468 Constan-

241 2483 358 2554 tino
388 2483 636 2546 diacono,
660 2485 779 2537 dum
807 2487 1075 2554 legeretur,
1100 2500 1186 2537 seu
1214 2485 1514 2552 relcgerelur
1534 2484 1816 2550 damnatio,

240 2553 1106 2625 Eutychesrappellattitsanctum
1183 2554 1456 2625 concilium
1510 2558 1819 2610 sanctissimi

236 2624 468 2695 episwpi
500 2624 737 2693 Romani,
771 2634 816 2679 et
838 2626 1188 2689 Alexandrini,
1219 2635 1264 2679 et
1290 2624 1728 2695 Jerosolymitani,
1772 2636 1819 2681 rt

236 2693 735 2752 Thessalonicensis.
771 2695 1086 2751 Alﬁrmante
1112 2706 1288 2749 autem
1334 2693 1565 2751 Patricio
1603 2698 1819 2753 Floren-

238 2767 347 2838 tio,
373 2768 620 2838 dissoluto
649 2779 910 2832 conuentu,
943 2767 1046 2838 ille
1073 2767 1199 2820 dixit
1230 2768 1298 2820 ad
1345 2784 1421 2838 ine
1461 2769 1686 2832 silenler,
1719 2789 1816 2838 ap-

237 2835 445 2909 pellans
473 2836 780 2903 Romanum,
809 2848 855 2892 et
884 2837 1210 2909 JEgyptium,
1257 2849 1302 2892 et
1330 2835 1821 2909 Jerosolymitanum

231 2907 535 2962 Concilium.
590 2910 776 2963 Postea
806 2925 931 2965 vero
976 2907 1040 2962 ad
1088 2909 1144 2963 S.
1183 2909 1412 2963 Leonem
1463 2907 1704 2964 scribens
1746 2916 1820 2966 ait

239 2977 460 3049 (Epist.
511 2979 575 3033 2i
604 2980 652 3049 ):
690 2980 753 3033 Et
777 2981 978 3050 quidem
1010 2978 1195 3032 libellis
1239 2982 1407 3032 statim
1454 2981 1824 3050 subscriptione

237 3067 358 3105 mea
385 3051 465 3104 his
491 3050 667 3104 addita
697 3052 856 3105 obtuli
884 3051 1094 3114 scripta,
1127 3051 1395 3119 ostendi-{ns
1425 3052 1486 3102 de
1513 3061 1690 3103 sancta
1721 3053 1822 3119 ﬁde

236 3122 614 3191 professionem
633 3139 822 3192 meam.
865 3121 1058 3177 Sancto
1089 3130 1258 3174 autem
1290 3118 1540 3173 Flaviano
1572 3118 1823 3192 archiepi-

236 3209 397 3262 scopo
418 3209 575 3263 neque
623 3191 852 3246 libellum
904 3193 1225 3260 suscipiente,
1273 3208 1430 3260 neque
1471 3200 1523 3243 ut
1575 3191 1823 3262 legeretur

1920 562 2271 635 Orientalium
2314 561 2409 635 jus_
2450 562 2654 617 nullum
2695 574 2830 630 erat,
2880 581 2984 620 non
3023 561 3246 635 perinde
3285 574 3495 634 gestum

1919 633 2170 706 concedit
2214 649 2333 688 cum
2389 632 2588 706 Leone,
2645 635 2726 688 cui
2771 636 2894 690 illud
2925 632 3415 706 jus'competébat,
3443 645 3499 693 et

1919 705 2056 777 apud
2092 720 2249 775 quem
2295 705 2730 773 appellationem,
2783 707 2902 760 licet
2929 705 3281 772 ’ementita’m,
3309 709 3495 777 judicii

1919 776 2505 842 Constantinoliolitani
2531 788 2772 845 tempore
2803 778 3192 846 interpositam,
3229 788 3285 834 et
3312 776 3492 848 postea

1921 848 1986 901 ad
2012 848 2242 902 Leonem
2279 848 2649 901 transmissam
2673 863 2737 901 ex
2770 849 2932 916 ipsius
2957 852 3220 914 pontiﬁcis
3249 853 3493 906 testimo-

1920 921 2011 973 nio
2033 919 2294 974 discimus
2310 920 2331 970 ?
2347 919 2475 972 Tota
2505 919 2778 987 Quesnelli
2803 921 3105 975 allucinatio
3124 937 3188 976 ex
3215 938 3278 977 eo
3303 922 3497 990 pendet

1920 992 2061 1062 quod
2115 992 2258 1045 solas
2291 990 2652 1045 consideravit
2680 991 2835 1062 nobis
2864 1002 3204 1045 conservatas
3243 993 3496 1062 Eutychis

1922 1059 2132 1114 litteras
2160 1063 2224 1115 ad
2258 1062 2508 1133 eumdem
2545 1061 2881 1129 pontiﬁcem,
2914 1063 2967 1116 in
2997 1063 3188 1133 quibus
3214 1059 3495 1132 appellatio

1924 1146 2181 1203 expresse
2211 1147 2313 1186 non
2363 1132 2697 1196 declaratur;
2741 1133 2871 1187 nihil
2917 1132 3093 1186 autem
3141 1135 3389 1203 cogitavit
3426 1135 3494 1191 de

1935 1201 2120 1257 libello
2155 1204 2357 1257 eisdem
2398 1204 2588 1257 litteris
2617 1219 2847 1268 annexa,
2875 1212 2931 1258 et
2970 1201 3227 1258 distincto
3253 1221 3281 1258 a
3313 1204 3495 1260 charta

1925 1273 2276 1342 profeSSionis
2307 1274 2444 1337 lidei,
2478 1289 2634 1340 quem
2658 1289 2777 1328 cum
2810 1275 3046 1329 oblatum
3075 1274 3129 1329 in
3157 1275 3374 1343 judicio,
3399 1292 3496 1331 nec

1928 1352 2105 1399 tamen
2138 1355 2438 1412 susceptum
2469 1345 2734 1416 Eutyches
2767 1362 2860 1413 per
2882 1346 3214 1401 mendacium
3240 1348 3288 1400 in
3313 1347 3498 1402 eadem

1925 1416 2148 1482 epistola
2183 1416 2477 1486 scripserit.
2529 1418 2900 1485 appellationis
2928 1420 3271 1486 quantumvis
3317 1434 3500 1471 emen-

1925 1487 2035 1569 tit:_e
2074 1487 2304 1569 libellum
2345 1485 2515 1569 fuisse
2544 1485 3070 1569 idem-Quosnellus”
3097 1503 3388 1569 agnoscere
3412 1488 3501 1569 de-

1925 1557 2064 1620 buit;
2097 1558 2238 1626 quod
2273 1555 2428 1628 enim
2455 1557 2541 1611 ille
2588 1559 2760 1621 ﬁnxit,
2795 1560 2858 1612 ad
2902 1555 3311 1627 appellationem
3339 1561 3501 1628 perti-

1923 1628 2103 1702 nebat,
2130 1638 2190 1702 ut
2216 1628 2386 1702 palam
2407 1627 2460 1680 ﬁt
2479 1644 2540 1682 ex
2561 1631 2848 1702 reiectione
2880 1631 3254 1690 At-tortthl’.
3283 1631 3496 1702 synodi,

1921 1709 1972 1751 et
2000 1699 2135 1753 idem
2159 1699 2478 1767 ansnellus
2507 1702 2557 1753 in
2594 1701 2968 1756 dissertatione
2991 1702 3202 1756 fatetur.
3255 1699 3334 1756 Ad
3369 1703 3501 1756 Leo-

1922 1783 2042 1822 nem
2094 1771 2254 1838 igitur
2283 1771 2568 1824 luereticus
2624 1788 2728 1824 non
2779 1775 2951 1828 solum
3000 1774 3142 1827 misit
3187 1773 3495 1839 epistolam,

1920 1856 2078 1907 quam
2108 1841 2478 1913 querimonia;
2513 1843 2744 1896 libellum
2788 1862 2892 1898 non
2940 1844 3188 1913 displicet
3217 1845 3498 1913 appellari,

1922 1927 2106 1984 verum
2135 1913 2273 1984 inter
2303 1913 2403 1966 alia
2451 1911 2773 1968 documenta
2812 1916 2984 1970 eidem
3028 1911 3231 1969 annexa
3257 1911 3499 1984 appella-

1925 1982 2083 2036 tionis
2113 1982 2271 2036 etiam
2303 1984 2536 2036 libellum
2568 1986 2734 2050 misit,
2768 1988 2978 2054 qualem
3004 1987 3053 2040 in
3096 1986 3297 2054 judicio
3321 1982 3415 2040 abs
3441 2000 3500 2042 se

1920 2055 2253 2178 ﬁréijiositum
2306 2064 2360 2108 et
2417 2070 2521 2108 non
2566 2066 2872 2126 susceptum
2928 2059 3334 2112 tncndacissime
3377 2072 3500 2128 pro-

1961 2143 1971 2177 l
2015 2134 2073 2178 tt.

1961 2134 2073 2178 tdtt.

1995 2195 2048 2248 4.
2089 2196 2356 2250 Οίιιιθτιιηι
2391 2213 2496 2254 non
2529 2198 2755 2254 multum
2788 2199 3096 2254 enitendum
3127 2199 3223 2254 l‘uit
3266 2215 3296 2254 a
3325 2199 3499 2265 Ques-

1924 2267 2065 2342 t_tello
2179 2268 2472 2342 appendice
2521 2271 2779 2325 adversus
2818 2272 2876 2326 Ρ.
2911 2271 3139 2342 Lupum,
3181 2272 3268 2340 qui
3301 2270 3352 2324 in
3385 2270 3496 2338 ipsa

1923 2337 2179 2410 Eutychis
2229 2338 2452 2406 epistola
2511 2342 2924 2410 appellationem
2975 2337 3156 2397 videre
3199 2337 3308 2397 sibi
3354 2337 3497 2396 visus

1923 2418 2027 2482 est.
2061 2409 2154 2482 llic
2190 2412 2472 2466 haereticus
2499 2409 2814 2468 valerrimus
2847 2429 2968 2469 cum
3001 2413 3413 2482 appellationem
3445 2415 3497 2466 in

1923 2478 2040 2554 ipso
2063 2479 2265 2554 judicio
2297 2484 2662 2550 interpositam
2699 2486 2882 2549 ﬁnxit,
2913 2478 3085 2539 noluit
3107 2486 3497 2554 ementitaaap-

1924 2551 2194 2626 pellationi
2224 2555 2588 2626 praejudicium
2623 2570 2808 2611 creare
2833 2571 2966 2610 nova
2992 2557 3349 2626 appellatione
3380 2551 3500 2620 post

1921 2621 2200 2688 judicium,
2235 2638 2296 2676 ac
2332 2626 2375 2679 si
2407 2625 2548 2680 illam
2579 2628 2771 2681 nttllius
2804 2621 3075 2682 momenti
3091 2627 3330 2682 haberet.
3367 2627 3500 2681 llinc

1923 2691 1975 2769 in
2024 2695 2548 2769 epistola_abstinnit
2587 2714 2613 2750 a
2664 2700 2842 2754 verbis
2884 2699 3258 2769 appellationis
3307 2699 3499 2752 iterum

1921 2763 2348 2840 inteiponcndze,
2391 2771 2627 2840 satisque
2668 2769 2850 2824 habuit
2900 2763 3137 2824 libellum
3184 2769 3500 2838 appellatio-

1923 2835 2157 2908 nisante
2193 2839 2512 2892 sententiam
2542 2835 2832 2894 'ementitte
2874 2841 2939 2892 ad
2967 2843 3195 2895 Leonem
3221 2835 3351 2892 cum
3387 2841 3500 2908 epi-

1924 2907 2056 2979 stula
2103 2908 2345 2979 mittere;
2397 2912 2619 2979 ejusque
2665 2911 2926 2976 judicium
2974 2921 3131 2978 atque
3179 2911 3500 2964 sententiam

1925 2976 2063 3050 circa
2095 2976 2250 3030 ﬁdem
2291 2988 2500 3046 petens,
2533 2976 2707 3033 ἐἱιιιιιι
2751 2976 3056 3046 postulavit,
3093 2981 3234 3050 quod
3266 2981 3387 3034 inde
3417 2995 3502 3034 se-

1927 3045 2211 3117 quebatur,
2251 3059 2305 3099 ut
2341 3051 2544 3103 scilicet
2586 3045 2924 3104 irritarentur
2950 3045 3127 3104 omnia
3159 3053 3208 3102 in
3241 3064 3300 3104 se
3329 3058 3499 3117 gesta,

1927 3116 1969 3189 si
2001 3116 2645 3189 Constantinopolitanum
2671 3121 2930 3189 judicium
2956 3121 3095 3175 circa
3127 3121 3282 3174 [idem
3312 3116 3503 3186 reproo

1929 3186 2477 3262 bandntuvideretur.
2509 3186 2927 3245 Cotisidereulur
2951 3201 3151 3246 attente
3185 3196 3297 3244 haec
3329 3191 3496 3262 Euty-

233 3258 469 3336 jub'ente,
493 3258 731 3336 audiente
775 3271 1014 3336 tamenet
1041 3258 1371 3334 respondente
1397 3279 1474 3316 me
1502 3258 1640 3336 ipsis
1667 3265 1825 3318 verbis
1851 3258 1896 3319 C
1930 3259 2043 3336 (filis
2078 3258 2237 3311 verba
2272 3278 2282 3311 :
2320 3260 2540 3336 Obsecro
2572 3262 2714 3336 nullo
2758 3263 2882 3316 mihi
2932 3262 3233 3336 prcejttdicio
3259 3262 3413 3336 facto
3434 3258 3505 3336 ex

235 3335 420 3402 ﬁdem,
452 3350 563 3402 quin
593 3333 787 3389 Nicaea:
809 3334 1060 3403 exposita,
1090 3333 1134 3386 et
1159 3342 1393 3404 a_sancta
1421 3334 1636 3404 synodo,
1667 3351 1825 3400 erpe-

237 3401 386 3458 tebar
409 3401 540 3458 duas
565 3415 776 3459 naturas
820 3401 990 3475 fateri,
1029 3417 1139 3460 etc.
1178 3401 1422 3469 Libellos,
1449 3401 1560 3458 'seu
1601 3404 1826 3460 libellum

241 3475 331 3546 hic
359 3477 634 3546 distinguit
665 3491 694 3530 a
720 3477 922 3542 scriptis
944 3476 1138 3546 additis?
1160 3475 1226 3529 de
1253 3475 1386 3540 ﬁde;
1413 3483 1471 3530 et
1496 3475 1741 3530 similiter
1772 3478 1825 3532 itt

239 3545 350 3600 ﬁne
393 3545 633 3615 epistolae
665 3547 904 3616 ejusdem
960 3548 1066 3600 duo
1111 3545 1358 3600 disﬁncte
1408 3560 1816 3612 commemorat,

235 3618 492 3670 nimirum
527 3617 761 3672 libellum
783 3619 870 3687 qui
900 3634 932 3670 a
973 3633 1072 3683 me,
1109 3619 1294 3684 inquit,
1327 3621 1552 3687 ingestus
1591 3628 1685 3687 est,
1717 3635 1820 3672 non

237 3697 410 3741 tamen
436 3698 722 3757 susceptus,
754 3697 802 3742 et
830 3688 1101 3742 editionem
1145 3688 1264 3756 ﬁdei
1306 3705 1446 3743 mete.
1494 3689 1546 3742 Si
1583 3688 1823 3745 chartam

237 3757 598 3826 professionis
622 3759 742 3814 lidei
773 3760 991 3814 dixisset
1013 3759 1268 3824 oblatam,
1308 3769 1361 3814 et
1389 3775 1491 3814 non
1517 3769 1821 3828 susceptam

232 3844 265 3882 a
298 3827 575 3894 Flaviano,
609 3832 722 3899 qui,
746 3841 802 3884 ut
823 3845 938 3884 eam
963 3831 1074 3898 ipse
1097 3831 1363 3900 Eutychos
1394 3832 1564 3896 palam
1593 3827 1817 3900 legeret,

235 3903 518 3969 praecepit,
550 3901 748 3970 aliquid
781 3903 890 3956 veri
943 3901 1186 3955 dixisset.
1235 3902 1304 3955 At
1347 3916 1466 3955 eum
1499 3901 1734 3955 oblatmn
1768 3914 1822 3958 et

234 3987 347 4025 non
379 3983 682 4040 susceptum
705 3971 986 4026 afﬁrmavit
1005 3972 1238 4026 libellum
1265 3990 1292 4023 a
1316 3973 1497 4025 charta
1523 3973 1823 4041 professio-

234 4043 320 4096 nis
357 4041 480 4098 ﬁdei
509 4044 841 4109 distinctum,
886 4043 1138 4096 nitnirum
1165 4043 1533 4112 appellationis
1557 4045 1817 4107 libellum,

232 4113 468 4183 turpiter
500 4112 751 4167 mentitus
775 4124 878 4176 est,
925 4115 999 4167 uti
1025 4129 1090 4168 ex
1121 4115 1254 4166 actis
1283 4115 1437 4181 paulo
1464 4127 1584 4166 ante
1620 4129 1823 4168 memo-

234 4187 374 4238 ratis
393 4185 624 4250 elicitur,
661 4195 716 4240 et
742 4184 1021 4239 notavitS.
1057 4183 1338 4236 Flavianus
1371 4185 1422 4236 in
1449 4184 1605 4248 epist.
1640 4186 1728 4247 26,
1754 4185 1820 4239 ad

232 4255 292 4310 S.
325 4255 582 4310 Leonem.
632 4254 828 4310 Confer
858 4267 968 4310 n01.
1016 4251 1049 4306 5
1090 4253 1262 4326 (Tom.
1295 4255 1512 4323 prmced.
1563 4255 1660 4308 col.
1691 4254 1817 4318 715,

233 4342 290 4379 η.
326 4325 388 4379 ε)
417 4326 468 4379 in
491 4328 647 4379 cnist.
676 4325 766 4379 2L

233 4342 290 4380 η.
326 4326 388 4380 ε)
417 4326 468 4379 in
491 4328 647 4380 cnist.
676 4326 766 4380 21.

326 4325 388 4397 ε)
417 4326 468 4379 in
491 4328 647 4396 epist.
676 4325 766 4380 2L
1103 4325 1106 4326 ⁷

308 4395 363 4452 5.
399 4396 553 4451 Hunc
573 4411 699 4451 vero
730 4396 968 4451 libellum
1016 4410 1044 4448 a
1082 4395 1414 4465 professione
1459 4393 1582 4448 ﬁdei
1630 4393 1824 4449 distin-

231 4477 408 4534 ctum,
433 4467 524 4537 qui
557 4467 709 4523 nobis
750 4474 1096 4523 conservatus
1147 4481 1251 4520 non
1291 4466 1409 4530 fuit,
1443 4465 1535 4519 sed
1566 4465 1823 4536 Eutychis

235 4537 436 4592 litteris
463 4541 527 4592 ad
557 4538 793 4594 Leonem
823 4549 938 4594 erat
967 4538 1228 4605 adjectus,
1269 4537 1642 4606 appellationis
1671 4537 1824 4592 libel-

230 4609 344 4679 lum
381 4609 545 4664 fuisse
574 4611 681 4665 Leo
712 4619 936 4664 testatur
969 4609 1129 4678 epist.
1176 4609 1264 4674 25,
1297 4609 1439 4679 quod
1486 4623 1590 4662 non
1622 4618 1725 4662 tam
1754 4623 1818 4661 ex

219 4677 406 4754 ipsius
439 4681 692 4754 Eutychis
720 4681 948 4754 epistola
970 4677 1063 4748 Ἡ,
1097 4695 1254 4750 quam
1285 4677 1350 4734 ex
1378 4679 1619 4749 ejusdem
1652 4679 1822 4754 libelli

234 4751 341 4818 ipsi
367 4749 610 4820 epistoia:
629 4749 823 4806 annexi
851 4752 1078 4805 lectione
1105 4765 1430 4820 cognoscere
1475 4753 1662 4818 potuit.
1713 4749 1825 4804 Hac

230 4833 416 4875 autem
448 4823 498 4875 in
548 4838 606 4876 re
651 4824 882 4876 maxime
929 4823 1121 4875 mirum
1163 4821 1359 4876 accidit
1391 4822 1733 4887 Quesnellum
1767 4822 1824 4876 in

230 4893 535 4964 appendice
559 4895 852 4964 prtemissaa
880 4892 1273 4964 dissertationis
1297 4907 1406 4964 non
1440 4892 1719 4964 minimum
1743 4893 1823 4946 la-

231 4962 456 5031 borare,
513 4962 574 5019 ut
607 4963 854 5018 ostendat
883 4965 1162 5032 epistolam
1195 4963 1258 5016 Eli
1295 4963 1551 5033 Eutychis
1587 4966 1650 5016 ad
1683 4963 1822 5016 Leo-

229 5049 400 5106 nem,
449 5051 552 5089 non
611 5036 1006 5106 appellationis,
1061 5035 1154 5088 sed
1213 5035 1545 5106 querimonia:
1595 5034 1820 5106 libellum

225 5104 436 5172 fuisse;
471 5104 691 5176 perinde
719 5121 780 5160 ac
805 5107 848 5160 si
879 5105 989 5169 ille,
1023 5107 1122 5160 etsi
1152 5104 1566 5174 appellationem
1594 5105 1658 5158 ad
1689 5120 1822 5173 pon-

228 5177 436 5231 tiﬁcem
462 5179 512 5230 in
538 5177 738 5245 judicio
754 5177 985 5232 oblatam
1019 5178 1250 5242 ﬁnxerit,
1274 5193 1376 5230 non
1403 5186 1578 5231 tamen
1602 5176 1666 5230 ad
1697 5191 1820 5230 cum

226 5256 359 5319 post
393 5248 602 5319 1125
627 5248 888 5317 judicium
919 5246 1124 5302 miserit
1157 5249 1254 5302 nisi
1276 5247 1628 5316 querimonia:
1665 5247 1819 5302 libel-

223 5318 368 5389 lum.
405 5318 542 5374 arma
571 5318 638 5372 7m
671 5321 776 5374 ﬁne
804 5319 1224 5383 dissertationis,
1273 5321 1359 5372 ubi
1393 5330 1621 5389 quatuor
1647 5320 1816 5388 Euty-

224 5388 352 5443 cbis
376 5389 586 5445 libellos
610 5390 907 5458 distinguit,
933 5389 1157 5442 libellum
1177 5388 1577 5458 appellatbrium
1604 5392 1672 5443 ad
1691 5407 1817 5444 con-

219 5460 444 5523 cilium,
473 5460 888 5530 querimonialem
917 5474 1045 5514 vero
1083 5476 1170 5514 seu
1216 5462 1436 5529 querela
1465 5462 1532 5512 ad
1571 5461 1632 5514 S.
1688 5460 1819 5517 Leo-

219 5545 347 5584 nem
377 5530 555 5584 datum
586 5531 832 5600 prodidit.
859 5530 915 5585 Id
937 5545 1064 5585 vero
1084 5545 1150 5584 eo
1180 5531 1346 5600 magis
1366 5531 1558 5600 mirum
1583 5532 1813 5597 videtur,

221 5601 458 5671 quodin
509 5598 648 5657 notis
696 5601 758 5654 ad
801 5605 958 5671 epist.
1011 5600 1082 5654 25
1113 5602 1170 5656 ε.
1208 5598 1349 5673 1ζείτί
1401 5598 1716 5673 Chrysologi
1747 5604 1812 5657 ad

219 5669 516 5743 Eutychen
549 5672 762 5726 indubie
787 5669 985 5728 scribat
1015 5688 1068 5724 υ.
1109 5673 1168 5725 4;
1214 5669 1432 5743 @Oidens
1463 5669 1532 5725 est
1555 5669 1811 5742 judicium

219 5741 581 5801 Ravetmeusis
610 5744 831 5812 episcopi
850 5743 1099 5810 postulari
1115 5743 1176 5794 ob
1205 5741 1430 5812 Eutyche
1463 5741 1564 5794 non
1592 5745 1814 5808 potuisse

215 5817 331 5870 nisi
360 5832 452 5882 per
477 5815 833 5883 appellationis
855 5813 1084 5868 libellum
1106 5829 1192 5867 seu
1221 5829 1415 5877 verum,
1441 5830 1529 5866 seu
1551 5815 1806 5880 ﬁctilium.

214 5886 337 5943 Cur
370 5885 514 5950 quod
555 5887 914 5950 necessarium
946 5884 1178 5942 afﬁrmat
1219 5886 1271 5940 in
1307 5883 1562 5947 Eutvcliis
1595 5885 1811 5949 scriptis

1850 4641 1906 4703 D

1932 3328 2009 3403 Itis
2040 3345 2150 3403 τινας
2195 3347 2281 3395 per
2323 3333 2534 3386 insidias
2565 3334 2616 3386 in
2643 3349 2722 3386 me
2748 3345 2886 3403 gesta
2918 3328 3056 3401 sunt,
3087 3350 3198 3400 qua:
3222 3328 3328 3386 visa
3369 3334 3504 3389 vobis

1935 3399 2088 3468 fuerit
2115 3417 2270 3476 supra
2293 3403 2444 3472 ﬁdem
2466 3405 2694 3476 proferre
2720 3399 3050 3472 sententiam,
3068 3399 3112 3458 et
3136 3405 3333 3459 nullam
3364 3405 3505 3460 dein-

1933 3489 2047 3536 ceps
2075 3474 2362 3541 permittere
2406 3491 2436 3528 a
2481 3474 2705 3542 factiosis
2731 3492 2909 3531 contra
2938 3493 3016 3530 me
3045 3477 3354 3531 calumniam
3385 3494 3504 3544 pro-

1929 3544 2124 3606 cedere,
2153 3554 2196 3596 et
2235 3561 2334 3597 non
2356 3547 2522 3599 excuti
2543 3558 2588 3600 et
2612 3548 2846 3602 exintide
2867 3565 3073 3604 numero
3103 3549 3505 3602 ortltodoxorum

1932 3613 2126 3684 (Epist.
2152 3615 2270 3684 2i).
2296 3619 2479 3690 t_\'onne
2503 3618 2584 3672 his
2607 3620 2803 3685 verbis,
2832 3621 2953 3676 licet
2976 3621 3346 3690 appellationis
3372 3635 3504 3676 voce

1930 3700 2041 3762 nou
2069 3696 2263 3762 utatur,
2294 3687 2526 3762 Leonem
2559 3703 2742 3759 aperte
2775 3694 2848 3745 uti
2891 3687 3126 3762 judieem
3174 3692 3498 3760 interpellat,

1929 3764 1984 3808 ut
2011 3757 2078 3830 de
2104 3758 2301 3824 judicio
2343 3757 2936 3830 ConstantinOpolitano
2967 3765 3288 3819 sententiam
3320 3757 3501 3830 profe-

1928 3829 2048 3881 rat?
2077 3831 2208 3882 Cum
2244 3841 2436 3898 pra-ter
2481 3829 2800 3888 sententiam
2845 3840 2984 3889 circa
3019 3835 3179 3890 tidem
3209 3829 3503 3890 sibi’etiam

1927 3901 2105 3952 caveri
2155 3902 2406 3969 postulat,
2451 3919 2626 3958 nonne
2667 3905 2924 3972 judicium
2967 3907 3126 3960 etiam
3165 3904 3306 3958 circa
3353 3921 3504 3960 suam

1927 3985 2208 4044 personam
2240 3974 2577 4039 :eqnivalenti
2622 3977 2980 4044 appellatione
3016 3975 3316 4041 efﬂagitat?
3361 3977 3496 4041 Quid

1925 4041 2246 4105 Quesncllus'
2302 4043 2547 4097 violentis
2597 4041 3128 4108 interpretationibus
3177 4047 3291 4097 hinc
3341 4047 3504 4100 verba

1927 4113 2522 4184 distorqucregnititur,
2556 4130 2621 4168 ne
2667 4115 2793 4184 qttid
2826 4115 3198 4180 appellationis
3229 4115 3505 4169 continere

1931 4179 2243 4233 videantur?
2273 4182 2410 4246 Quid
2436 4183 2605 4254 refert
2635 4179 3008 4254 appellatinttis
3039 4197 3358 4251 expressum
3402 4201 3500 4239 no-

1937 4265 2192 4325 mennon
2224 4253 2447 4325 inveniri
2494 4257 2543 4325 in
2588 4253 2810 4324 epistola
2857 4270 2975 4325 qua:
3013 4270 3044 4309 e
3089 4255 3276 4310 Graeco
3322 4255 3507 4311 Latine

1928 4321 2159 4396 reddita,
2195 4323 2369 4396 minus
2403 4321 2636 4390 peritum
2659 4321 3006 4392 interpretem
3046 4326 3280 4381 nancisci
3314 4329 3502 4396 potuit,

1927 4393 1972 4444 si
2006 4391 2133 4445 illud
2165 4393 2339 4461 reipsa
2369 4396 2566 4466 petitur
2595 4412 2622 4448 a
2654 4391 2852 4457 Leone,
2891 4399 3031 4464 quod
3064 4413 3156 4465 per
3185 4391 3502 4466 appellatio;

1935 4478 2058 4538 nem
2110 4465 2421 4533 peteretur?
2463 4467 2576 4520 Non
2623 4467 2996 4538 appellationis
3037 4465 3379 4534 vocabulum,
3410 4471 3504 4525 sed

1930 4535 2047 4612 ejus
2069 4549 2146 4612 vis
2163 4548 2212 4612 e_t
2237 4545 2472 4604 potestas
2495 4535 2882 4612 consideranda
2900 4550 3001 4596 est.
3020 4540 3113 4596 Vis
3134 4549 3310 4596 autem
3325 4542 3508 4612 appel-

1933 4605 2146 4684 talionis
2180 4608 2238 4684 _in
2259 4607 2608 4684 _eo_consistit
2641 4620 2697 4664 ut
2725 4612 3018 4680 superioris
3041 4613 3298 4684 judicium
3326 4605 3506 4684 de'ju-

1933 4676 2070 4754 dicio
2120 4678 2730 4754 inleriorisiquaaratur;
2781 4676 2834 4737 et
2881 4685 2948 4737 ita
2992 4676 3263 4754 quieratur
3311 4697 3366 4740 ut
3417 4676 3505 4742 ille

1929 4750 1994 4801 de
2042 4747 2143 4803 hoc
2183 4753 2502 4828 sententiam
2543 4752 2698 4828 ferat,
2745 4763 2800 4810 et
2846 4755 2888 4808 si
2945 4747 3200 4828 injustam
3246 4757 3502 4828 judicium

1930 4831 2200 4895 agnoscat,
2239 4823 2524 4888 rescindat,
2568 4825 2876 4895 nullumque
2907 4823 3100 4883 exinde
3145 4823 3504 4884 condemnato

1933 4891 2299 4969 prafjudicium
2333 4895 2600 4969 obveniat.
2634 4897 2768 4949 Cum
2792 4891 2935 4969 fergo
2970 4899 3238 4969 Eutychos
3267 4899 3505 4952 recitatis

1929 4961 2108 5037 verbis
2141 4977 2202 5037 ac
2233 4962 2283 5015 in
2317 4971 2423 5037 tota
2455 4967 2613 5037 epist.
2647 4969 2708 5020 21
2756 4968 2807 5021 id
2849 4961 2993 5037 petat
3031 4961 3290 5030 a'Lcone,
3337 4979 3394 5022 ut
3437 4969 3504 5023 de

1927 5031 2520 5107 Constantinopolitano
2553 5036 2788 5091 Flaviani
2811 5031 3013 5107 judicio
3034 5041 3172 5092 circa
3199 5037 3356 5092 ﬁdem
3381 5053 3504 5094 sen-

1927 5103 2147 5177 tentiam
2179 5103 2333 5169 ferat,
2365 5108 2628 5176 simulque
2654 5103 2877 5176 Sperans
2901 5109 3014 5163 {ore
3041 5120 3094 5162 ut
3127 5109 3226 5162 hoc
3244 5109 3504 5177 judicium

1931 5176 2273 5248 reprobclur,
2326 5180 2558 5244 postulet
2614 5194 2680 5232 ne
2731 5178 2832 5232 sibi
2888 5181 3049 5232 ullttm
3086 5196 3152 5234 ex
3196 5176 3261 5234 eo
3303 5179 3504 5248 judicio

1925 5243 2180 5298 damnum
2224 5256 2309 5300 aut
2331 5243 2629 5314 periculum
2673 5251 2943 5312 obveniat,
2993 5265 3089 5303 nec
3129 5243 3396 5306 eximatur
3434 5253 3503 5308 ab

1925 5314 2347 5390 orthodoxorum
2394 5334 2639 5384 numero,
2687 5333 2866 5373 nonne
2908 5320 3080 5388 reipsa
3128 5322 3500 5390 appellationis

1925 5387 2122 5462 vinuac
2150 5389 2502 5462 substantiam
2527 5391 2677 5462 satis
2713 5387 3003 5459 expressit,
3042 5401 3096 5446 et
3129 5387 3502 5462 appellationis

1919 5455 2006 5524 jus
2032 5457 2193 5512 Leoni
2222 5460 2543 5514 vindicavit?

1994 5526 2046 5580 5.
2087 5530 2202 5604 Alia
2235 5546 2362 5604 vero
2389 5532 2496 5585 duo
2527 5531 2680 5598 longe
2705 5530 2945 5604 graviora
2971 5530 3024 5587 in
3057 5547 3141 5598 ea,
3171 5548 3330 5604 quam
3355 5550 3415 5592 se
3446 5536 3500 5592 in

1923 5597 2286 5676 ipsoAjndicio
2333 5597 2728 5676 interposuisse
2764 5602 3029 5670 Eutyches
3069 5597 3356 5660 ementitus
3395 5617 3497 5676 est,

1919 5671 2276 5747 appellatione
2305 5673 2802 5747 animadvertimus‘,
2842 5690 2961 5747 quin
2992 5676 3058 5730 ad
3098 5671 3498 5747 intelligendam

1917 5741 2262 5820 Qrictttalimn
2293 5754 2523 5820 mentem
2555 5745 2695 5796 circa
2727 5745 3053 5820 pontiﬁcium
3076 5748 3162 5818 jus
3192 5752 3241 5803 in
3263 5741 3501 5820 appella-

1919 5813 2152 5865 tionibus
2197 5830 2301 5866 non
2348 5814 2612 5867 modicum
2661 5815 2959 5874 conferent.
3012 5813 3189 5875 Primo
3222 5813 3348 5878 licet
3385 5825 3502 5880 hinc

1917 5883 2203 5951 appellatio
2235 5885 2283 5938 in
2319 5883 2434 5951 ipso
2465 5885 3068 5952 Οοιιδωηιίυουοιὶιαιιο
3099 5891 3294 5956 iudicio
3325 5897 3495 5953 inter-
