3994 6310
557 386 663 450 671

1039 389 1282 450 PASCH.
1321 388 1708 461 QUESN'ELLI
1745 334 2143 451 υιεειὲὶὶτηι

2249 386 2329 446 ES
2367 386 2432 443 IN
2472 386 2530 446 S.
2571 385 2818 447 LEONIS
2854 386 3067 447 MAGNI
3103 381 3349 445 OPERA.

3711 384 3804 448 679

552 519 787 576 operose
829 503 1106 576 contendit
1151 504 1410 560 adversus
1456 504 1688 561 Marcam
1710 504 1881 576 ,isive
1918 516 2138 576 recusa-
2164 500 2222 564 Δ
2244 501 2394 558 tione
2394 516 2490 576 _ac_
2508 501 2577 558 de
2608 503 2849 560 iterando
2870 505 3099 561 concilio
3129 505 3327 571 stepius
3362 511 3486 575 agat
3511 518 3562 559 tn
3588 502 3799 574 epistolis

560 574 790 641 tionem,
837 575 982 645 quod
1032 575 1302 630 afﬁrmant
1341 576 1462 644 alii,
1496 585 1550 631 et
1578 578 1691 646 ipse
1721 575 1887 630 David
1923 574 2135 629 tandem

558 646 777 714 fatetur,
810 646 1028 716 perinde
1055 657 1154 701 est.
1186 647 1296 702 lloc
1334 663 1496 701 unum
1526 662 1730 711 assero,
1762 646 1955 701 Leonis
1987 660 2139 700 men-

559 721 761 775 tionem
792 734 819 771 a
847 717 1102 773 Flaviano
1149 717 1230 771 vel
1270 717 1574 787 appellante
1602 719 1685 773 vel
1736 724 2018 772 recusante
2060 716 2138 769 la-

559 801 702 847 etam
730 805 832 845 non
863 789 1046 844 fuisse.
1069 788 1434 858 Quamquam,
1469 802 1524 844 ut
1551 790 1619 845 de
1650 791 1984 844 PCCUsallOIIC
2012 787 2137 842 Fla-

560 862 704 916 viani
735 876 764 914 a
795 861 953 916 Petro
995 859 1167 914 Marca
1215 870 1419 915 asserta
1461 861 1678 916 verbum
1719 859 1924 925 dicam,
1970 859 2136 914 miror

562 940 709 987 tanta
752 932 1044 998 pervicacia
1086 931 1407 1000 propugnari
1454 933 1554 987 hoc
1584 932 1700 985 loco
1728 946 1757 985 a
1786 930 1986 986 Dwide
2009 943 2163 984 con-'

562 1013 741 1059 suetas
765 1002 1084 1071 judiciorum
1110 1003 1490 1057 canonicorum
1512 1002 1788 1064 formulas,
1813 1017 1931 1056 cum
1959 1003 2137 1056 Omnis

564 1083 747 1129 ccutra
776 1075 862 1140 jus
892 1073 1074 1142 fasque
1100 1089 1127 1126 a
1164 1073 1419 1129 Dioscoro
1455 1085 1776 1144 praesumpta
1808 1088 2139 1144 cognoscan-

564 1154 670 1210 tur,
694 1158 793 1199 nec
823 1144 1093 1204 Etthesino
1114 1145 1393 1199 latrocinio
1416 1143 1805 1201 aecommodari
1841 1146 1948 1197 ullo
1980 1143 2139 1198 modo

634 1226 779 1271 ssent
808 1215 983 1270 solita:
1006 1216 1326 1284 iudiciorum
1355 1216 1765 1270 consuetudines
1787 1231 1849 1269 ac
1875 1215 2136 1269 formulae.

611 1296 693 1341 sto
720 1288 862 1342 enim
906 1289 1226 1343 recusationi
1270 1302 1375 1341 non
1404 1287 1475 1341 sit
1502 1289 1652 1342 locus
1681 1287 1973 1342 secundum
2002 1286 2140 1355 juris

561 1357 801 1413 ordinem
827 1404 842 1427 ,
878 1360 976 1412 nisi
1010 1367 1134 1412 ante
1178 1360 1339 1412 latam
1385 1358 1735 1424 sententiam;
1779 1373 1876 1413 nec
1907 1358 2141 1425 appella-

562 1428 718 1495 tioni,
741 1430 838 1483 nisi
868 1440 985 1499 post
1007 1430 1267 1499 prolatum
1287 1428 1543 1498 judicium
1563 1448 1575 1483 :
1596 1431 1793 1499 optime
1823 1429 1873 1482 id
1901 1428 2135 1499 quidem,

563 1513 683 1573 cum
708 1501 789 1573 vel
810 1500 1084 1573 legitimus
1100 1500 1268 1573 judes
1288 1501 1478 1573 merito
1509 1502 1560 1554 in
1589 1500 1945 1573 suspicionem
1974 1501 2136 1573 venit,

560 1572 647 1626 vel
695 1572 762 1626 ab
808 1570 1200 1641 incompetente
1250 1571 1508 1639 judicium
1554 1571 1862 1626 adornatur.
1908 1571 1977 1625 At
2015 1570 2142 1625 nihil

566 1642 672 1699 tale
721 1643 775 1697 in
838 1644 1105 1712 Ephesino
1156 1643 1437 1698 latrocinio
1484 1644 1743 1710 reperias.
1797 1642 1951 1696 Initio
1999 1642 2141 1696 enim

564 1713 801 1785 synodus
836 1714 1070 1783 legitime
1108 1724 1425 1786 congregata
1463 1714 1611 1784 jussu
1643 1714 1927 1783 principis,
1959 1727 2144 1770 assen-

562 1798 732 1856 suque
772 1786 1055 1855 pontiﬁcis,
1086 1786 1175 1856 qui
1204 1786 1364 1841 etiam
1396 1801 1491 1855 per
1515 1786 1716 1853 legatos
1739 1786 2020 1849 intererat,
2052 1799 2140 1839 re-

562 1855 737 1910 cusari
772 1870 835 1912 ac
878 1856 1150 1925 repudiari
1183 1858 1489 1913 nullatenus
1519 1858 1709 1927 potuit.
1754 1856 2142 1927 Restatigitur

561 1933 622 1982 ut
649 1936 772 2012 tunc
795 1929 1023 1998 primum
1055 1926 1584 2012 potuerintrecusari
1603 1928 1897 2012 Dioscorus
1921 1926 2144 2012 ejusque

562 1997 839 2070 synodus,
888 2013 1009 2054 cum
1058 1997 1151 2054 ille
1195 2000 1373 2053 omnia
1425 2014 1522 2070 per
1566 2000 1674 2053 vim
1715 1999 1998 2070 scelusque
2043 1998 2146 2053 sibi

561 2068 865 2139 vindicans,
888 2078 944 2125 et
964 2086 1176 2125 omnem
1203 2068 1527 2141 judiciorum
1555 2070 1777 2126 formam
1802 2069 2143 2138 subvertens,

565 2153 631 2194 ex
658 2142 911 2210 episcopo
939 2141 1085 2197 visus
1114 2149 1196 2196 est
1225 2142 1277 2196 in
1320 2143 1625 2210 praedonem
1650 2150 1704 2197 et
1729 2141 1979 2196 sicarium
2022 2155 2147 2195 eva-

565 2210 697 2284 dere
716 2220 812 2284 ,et
849 2212 1110 2284 synodum
1142 2214 1286 2280 prius
1318 2214 1606 2283 legitimam
1640 2224 1954 2284 convertere
1985 2212 2039 2266 in
2068 2211 2145 2267 la-

565 2281 1061 2353 trociniumeunc
1099 2285 1241 2338 enim
1292 2281 1397 2338 non
1442 2295 1546 2338 tam
1596 2282 1978 2352 appellationi,
2023 2297 2145 2353 quae

565 2352 860 2437 legitimum
878 2369 952 2437 _ac
976 2362 1367 2437 competentem
1395 2353 1631 2437 judicem
1656 2354 1943 2437 supponit,
1985 2352 2143 2422 quam

564 2425 891 2481 recusationi
940 2442 1004 2483 ac
1049 2425 1420 2495 trotestationi
1467 2426 1613 2480 locus
1661 2436 1777 2480 erat
1803 2435 1987 2495 contra
2016 2439 2146 2479 con-

563 2506 801 2568 ventum,
833 2512 991 2564 quem
1022 2494 1169 2551 nulla
1200 2499 1355 2564 ratio,
1388 2505 1445 2551 ut
1474 2497 1707 2568 loquitur
1734 2495 1792 2551 S.
1825 2494 1956 2564 Leo,
1986 2511 2144 2565 syno-

564 2566 690 2620 dum
716 2569 884 2622 uocari
910 2568 1053 2623 sinit.

637 2638 925 2694 Enimvero
968 2638 1318 2695 recusationis
1361 2648 1413 2694 et
1452 2636 1819 2707 appellationis
1856 2638 2022 2693 latum
2064 2647 2145 2694 est

565 2703 620 2763 in
652 2709 890 2777 pluribus
933 2710 1219 2767 discrimen
1256 2728 1271 2770 :
1308 2703 1534 2781 quorum
1566 2709 1669 2764 hoc
1697 2724 1862 2764 unum
1895 2718 1977 2765 est
2002 2710 2144 2781 quod

565 2784 835 2851 recusatio
874 2783 1191 2837 sententiam
1235 2783 1288 2836 in
1328 2780 1542 2836 irritum
1573 2781 1732 2834 mittit
1776 2789 2045 2851 tamquam
2077 2780 2145 2835 ab

566 2850 947 2923 incompetenti
968 2853 1150 2922 judice
1179 2853 1368 2917 latam;
1402 2851 1692 2923 appellatio
1714 2867 1839 2906 vero
1868 2850 2147 2922 suspendit

562 2922 902 2978 solummodo
932 2925 1213 2979 sententiae
1242 2924 1491 2979 effectum
1511 2964 1526 2990 ,
1573 2931 1842 2991 tamquam
1894 2925 2085 2991 injuste
2115 2939 2143 2975 a

560 2992 741 3067 judice
767 3036 783 3060 ,
835 2995 957 3051 licet
1007 2995 1224 3060 idoneo,
1255 2998 1585 3067 profectam,
1629 2994 1800 3048 donec
1823 3009 1852 3048 a
1878 2992 2144 3062 superiori

563 3065 627 3119 ad
660 3080 888 3121 examen
934 3076 1237 3122 revocetur.
1258 3065 1449 3121 ’Porro
1476 3065 1636 3129 toties
1666 3076 1878 3134 tamque
1923 3078 2145 3119 asseve-

561 3146 744 3209 ranter
765 3136 1094 3209 Epliesinum
1114 3138 1373 3209 judicium
1396 3138 1585 3208 synodi
1619 3135 1836 3191 nomine
1864 3135 2141 3209 indignum

560 3207 757 3261 clamat
784 3207 892 3264 Leo
922 3207 1125 3274 noster,
1151 3210 1311 3265 etiam
1333 3207 1456 3263 ante
1486 3210 1728 3263 iteratam
1760 3207 2138 3277 cognitionem,

561 3260 639 3350 ut
665 3260 1310 3350 “transuersis;
1330 3260 1685 3350 resistant;
1702 3260 1859 3350 ηε.δῶ
1907 3260 2146 3350 appensi
2169 3260 2219 3324 c

562 3348 692 3401 tioni
732 3348 909 3421 locum
956 3349 1140 3406 fuisse.
1179 3348 1341 3417 Ecqui
1371 3352 1516 3421 enim
1552 3348 1761 3421 1135
1790 3349 2147 3421 synorlus‘illa

564 3419 744 3472 vocari
775 3431 963 3488 queat,
994 3423 1080 3474 ubi
1110 3423 1286 3474 omnia
1318 3417 1650 3488 praedatoFiE
1668 3417 1793 3473 acta
1821 3417 1983 3473 aunt?
2025 3417 2143 3484 Ubi,

562 3488 701 3541 sicut
744 3492 1092 3558 conqueritur
1141 3491 1273 3555 Leo,
1321 3491 1373 3543 hi
1412 3492 1499 3558 qui
1530 3490 1727 3544 collecti
1756 3499 1895 3556 sunt,
1936 3490 1997 3542 de
2046 3489 2149 3557 ﬁde

563 3566 610 3610 et
652 3560 935 3614 errantibus
979 3577 1082 3614 non
1130 3561 1409 3615 secundum
1456 3561 1875 3615 consuetudinem
1916 3560 2145 3627 protule-

562 3636 718 3693 runt;
758 3630 842 3683 ubi
884 3633 1125 3702 primates
1171 3633 1355 3702 synodi
1382 3648 1473 3686 nec
1502 3632 1847 3685 resistentibus
1886 3630 2019 3695 sibi,
2058 3646 2147 3683 nec

564 3701 994 3775 consentientibus
1031 3701 1394 3775 pepercerunt;
1443 3702 1528 3756 ubi
1559 3719 1663 3775 non
1701 3717 1872 3775 omnes
1911 3703 1999 3775 qui
2026 3717 2148 3755 con-

563 3772 1141 3846 venerantjnterfnisse
1187 3775 1544 3846 cognovimus;
1585 3773 1672 3826 ubi
1718 3772 1850 3827 alios
1894 3772 2146 3846 rejectos,

563 3840 694 3916 alios
734 3840 1012 3916 didicimus
1059 3840 1410 3916 intromissos,
1455 3845 1545 3916 qui
1585 3860 1680 3916 pro
1727 3846 1879 3897 unius
1914 3844 2149 3916 Dioscori

562 3912 775 3967 arbitrio
812 3916 982 3984 impiis
1017 3912 1475 3984 subscriptionibus
1520 3912 1749 3984 captivas
1790 3931 1968 3968 manus
1996 3915 2149 3968 dede-

559 3993 714 4048 runt;
745 3984 831 4039 ubi
856 3987 909 4040 in
931 4003 1103 4042 omnes
1133 3988 1362 4041 attritum
1403 3996 1476 4041 est
1508 3985 1797 4053 Ect-lesias;
1838 3986 1926 4040 ubi
1952 3986 2147 4054 scripta

559 4056 866 4124 apostolica:
898 4059 1041 4113 sedis
1075 4060 1449 4128 episcoporum
1488 4059 1707 4113 auribus
1746 4058 2007 4127 publicari
2041 4073 2146 4111 non

559 4137 687 4182 sunt
733 4130 1022 4196 permissa;
1064 4130 1152 4185 ubi
1191 4129 1430 4200 ejusdem
1473 4128 1663 4200 legatis
1701 4143 1833 4183 suus
1860 4128 2011 4182 locus
2042 4144 2150 4183 non

563 4207 646 4252 est
697 4214 1015 4267 concessus;
1077 4201 1206 4266 ubi,
1271 4201 1410 4255 sicut
1455 4200 1637 4255 Patres
1683 4200 2149 4254 Chalcedonenses

557 4282 872 4343 queruntur,
902 4272 1143 4326 violentia
1170 4275 1305 4343 facta
1336 4283 1410 4326 est
1436 4311 1451 4333 ,
1492 4275 1567 4325 vis
1591 4288 1703 4343 cum
1743 4272 1939 4343 plagis_,
1984 4271 2152 4325 mina-

563 4340 712 4393 batur
739 4341 1017 4404 damnatio,
1051 4339 1202 4396 mina:
1234 4343 1406 4397 exsilii
1437 4339 1794 4409 tendebantur,
1825 4339 2011 4394 milites
2036 4357 2151 4395 cum

561 4411 780 4481 [natibus
803 4424 850 4464 et
880 4411 1068 4480 gladiis
1093 4412 1385 4481 instabant;
1425 4414 1510 4467 ubi
1539 4414 1698 4479 gladii
1729 4422 1775 4465 et
1806 4415 1985 4480 fustes,
2018 4428 2149 4479 qua-

562 4477 626 4530 lis
653 4477 977 4554 syngdus'est
1005 4482 1197 4554 (Epist.
1227 4484 1318 4548 '59,
1348 4477 1481 4538 nunc
1505 4477 1595 4549 ιδ,
1619 4500 1735 4554 cap.
1771 4477 1834 4547 1';
1876 4477 2038 4554 epist--
2058 4483 2147 4547 75.

562 4499 626 4530 us
653 4499 876 4549 synoaus
903 4499 977 4536 est
1005 4499 1197 4554 (Eplu.
1228 4499 1318 4548 ou,
1348 4500 1481 4538 nunc
1505 4499 1595 4549 eo,
1619 4500 1735 4553 cap.
1771 4499 1796 4535 1
1820 4500 1834 4547 ;
1941 4499 2018 4535 ιδι-
2065 4499 2145 4547 ID.

560 4563 694 4623 nunc
734 4546 823 4616 95,
853 4568 979 4623 cap.
1010 4552 1075 4617 ‘2;
1116 4555 1265 4623 epist.
1309 4554 1400 4620 59,
1443 4571 1576 4607 nunc
1611 4553 1700 4619 b3,
1733 4569 1851 4617 cap.
1876 4499 1954 4614 Τς
1996 4555 2145 4623 epist.

2244 582 2369 645 post
2394 572 2724 643 Ephesinum
2753 586 3072 631 conventum
3117 577 3330 646 scriptis
3353 616 3371 644 ,
3402 572 3704 645 numquam
3728 587 3795 634 ta-

2241 660 2366 718 men
2413 646 2781 718 sedemsnam
2815 648 2882 701 ait
2916 647 3273 718 appellatam:
3308 647 3447 715 quod
3481 647 3707 716 pontifex
3728 665 3795 707 se-

2242 716 2481 789 dissna;
2521 717 2721 787 jnrium
2767 716 3190 774 studiosissimus
3222 734 3508 783 numquam
3535 720 3794 789 omisisset,

2239 788 2284 860 si
2338 787 2411 842 ita
2460 787 2679 850 fuisset;
2722 790 2814 860 sed
2863 790 3275 860 appellationem
3326 787 3797 859 simplicitcrinteré

2235 856 2433 934 jcctam
2467 860 2680 934 asserit.
2712 859 2826 927 Cui,
2871 856 3039 929 inquit
3072 860 3261 934 (Epist.
3299 864 3368 918 59
3397 856 3446 915 et
3471 861 3560 926 40,
3595 879 3716 915 nunc
3742 863 3797 919 43

2242 939 2288 982 et
2317 930 2405 995 M,
2440 947 2485 983 c.
2522 930 2616 1000 3),
2647 944 2962 987 sacramento
2992 930 3124 988 verae
3143 930 3151 934 ’
3171 934 3453 987 divinitatis
3494 944 3541 986 et
3570 950 3693 987 verte
3718 936 3795 988 ltu-

2240 1003 2504 1075 manitatis
2533 1003 2844 1075 inChristo,
2878 1006 2998 1072 quia
3025 1004 3177 1073 impie
3201 1021 3336 1059 nunc
3363 1022 3394 1057 a
3423 1005 3603 1075 paucis
3630 1005 3797 1075 impru-

2241 1072 2473 1126 dentibus
2500 1072 2750 1134 oboiatur.
2781 1092 2952 1129 omnes
2983 1072 3207 1147 partium
3236 1085 3526 1129 nostrarum
3560 1072 3793 1144 Ecclesia,

2243 1158 2413 1217 omnes
2445 1147 2829 1199 mansuetudini
2866 1160 3184 1201 vestrm-cum
3215 1149 3481 1217 gemitibus
3506 1159 3555 1201 et
3595 1148 3797 1217 lacrylmis

2243 1216 2531 1285 supplicant
2558 1218 2883 1281 sacerdotes;
2916 1227 2993 1284 ut,
3025 1219 3142 1287 quia
3175 1216 3225 1271 et
3244 1221 3401 1272 nostri
3427 1218 3647 1285 ﬁdeliter
3669 1216 3796 1272 recla-

2242 1297 2466 1350 marunt,
2489 1289 2748 1360 etueisdem
2776 1288 3003 1342 libellum
3031 1289 3389 1360 appellationis
3410 1288 3688 1360 Flavianus
3713 1291 3794 1360 rpi-

2244 1372 2423 1432 scopns
2446 1358 2603 1432 dedit,
2626 1360 2910 1428 generalem
2932 1358 3186 1432 synodum
3201 1361 3429 1432 jnbeatis
3454 1361 3593 1413 intra
3621 1358 3792 1413 Italiam

2244 1378 2423 1424 scapus
2446 1378 2603 1417 αεαιι,
2626 1378 2910 1428 generarent
2932 1378 2954 1413 s
2996 1378 3186 1415 nonum
3201 1378 3429 1432 Jnoeaus
3454 1378 3593 1413 intra
3621 1378 3792 1413 uanam

2243 1428 2515 1502 celebrari,
2550 1444 2663 1502 qua;
2694 1447 2881 1502 omnes
2907 1378 3210 1499 o/¥ensiones
3249 1434 3320 1485 ita
3352 1442 3442 1485 aut
3474 1432 3703 1502 repellat,
3726 1441 3794 1484 aut

2245 1498 2467 1570 mitiget,
2511 1498 2574 1553 ne
2602 1500 2796 1570 aliquid
2828 1498 2965 1556 ultra
2990 1502 3055 1555 sit
3085 1502 3160 1555 vel
3193 1504 3246 1555 in
3283 1504 3385 1567 ﬁde
3410 1498 3642 1565 dubium,
3666 1507 3730 1555 vel
3752 1502 3789 1554 in

2245 1569 2496 1624 charitate
2531 1569 2751 1626 divisum
2782 1590 2800 1623 :
2834 1575 3247 1628 convenientibus
3280 1575 3455 1644 utique
3487 1573 3789 1627 Orientalium

2246 1644 2627 1716 provinciarum
2658 1645 2940 1711 episcopis,
2981 1661 3195 1716 quorum
3232 1648 3276 1716 si
3305 1646 3394 1715 qni
3427 1646 3655 1713 superati
3679 1646 3790 1716 minis

2246 1721 2393 1781 atque
2414 1713 2623 1785 injuriis
2656 1731 2687 1767 a
2716 1716 2941 1769 veritatis
2974 1713 3176 1769 tramite
3206 1713 3492 1781 deviarunt,
3526 1715 3790 1769 salutaribus

2248 1784 2482 1858 remediis
2516 1785 2569 1858 in
2596 1786 2848 1857 integrum
2886 1801 3212 1852 revocentur;
3253 1787 3481 1858 ipsique,
3516 1801 3715 1857 quorum
3737 1796 3791 1858 est

2245 1869 2405 1928 c_ausa
2444 1856 2646 1928 durior,
2691 1856 2735 1911 si
2774 1859 3000 1913 consiliis
3034 1856 3329 1912 melioribus
3370 1856 3702 1928 acquiéscnnt,
3739 1856 3788 1908 ab

2250 1923 2497 1980 Ecclesia:
2539 1923 2735 1981 unitate
2764 1944 2866 1981 non
2896 1930 3152 1983 excidant.
3195 1929 3361 1994 Quam
3399 1923 3563 1983 autem
3592 1936 3689 1997 post
3718 1943 3791 1996 ap-

2252 1997 2579 2067 pellationem
2606 2000 2959 2066 interpositam
2988 2001 3079 2053 hoc
3106 2001 3389 2055 necessario
3418 2000 3691 2067 postuletur,
3717 2014 3788 2050 ca-

2248 2083 2439 2121 nonum
2480 2067 2673 2143 Nicaea:
2724 2070 3013 2143 habitorum
3064 2072 3265 2143 decreta
3552 2077 3781 2133 testantur,

2246 2154 2359 2208 qua:
2387 2156 2419 2192 a
2446 2140 2597 2193 totius
2627 2141 2804 2193 mundi
2833 2151 2951 2195 sunt
2980 2140 3350 2196 sacerdotibnf
3364 2140 3633 2204 Foiistituta,
3658 2153 3778 2206 qure-

2245 2226 2343 2280 que
2379 2210 2551 2265 subter
2577 2228 2775 2266 annexa
2800 2223 2937 2265 sunt.
2971 2212 3112 2281 Lego
3142 2212 3224 2265 hic
3256 2213 3570 2265 reclamasse
3591 2212 3779 2281 legatos,

2246 2279 2368 2351 lego
2410 2282 2779 2351 interpositam
2824 2279 3263 2350 appellationem,
3301 2283 3421 2350 lcgo
3459 2284 3608 2335 etiam
3631 2279 3786 2349 legatis

2247 2350 2430 2406 datum
2463 2350 2834 2421 appellationis
2865 2355 3101 2408 libellum
3148 2372 3161 2408 :
3206 2363 3258 2406 at
3288 2370 3420 2408 vero
3451 2353 3514 2407 ad
3554 2367 3689 2421 quem
3714 2366 3789 2419 ap-

2248 2422 2497 2547 pellatum
2527 2423 2597 2478 sit
2628 2440 2848 2492 prorsus
2875 2441 2980 2479 non
3024 2427 3159 2495 lego.
3189 2424 3379 2489 Immo,
3409 2424 3577 2493 inquit
3599 2422 3786 2477 Joannes

2296 2494 2438 2547 avid.
2471 2508 2539 2547 ex
2573 2494 2652 2547 his
2685 2496 2813 2547 ipsis
2843 2497 3023 2547 verbis
3051 2497 3390 2547 nersnicuum
3417 2505 3502 2547 est
3530 2493 3782 2547 Romanum

2296 2494 2438 2565 avid,
2471 2508 2539 2548 ex
2573 2494 2652 2548 his
2685 2496 2813 2564 ipsis
2843 2497 3023 2551 verbis
3051 2493 3390 2565 perspicuum
3417 2505 3502 2550 est
3530 2493 3782 2565 Romanum

2248 2564 2553 2634 pontiﬁcem
2600 2563 2719 2621 esse
2748 2563 3095 2636 appellatum.
3125 2566 3311 2621 Omnis
3342 2567 3491 2621 enim
3536 2563 3780 2635 appellatio

2248 2650 2470 2691 necesse
2511 2646 2592 2690 est
2642 2645 2699 2691 ut
2743 2639 2897 2693 alicui
2945 2637 3116 2707 jndici
3162 2636 3459 2692 deferatur.
3498 2636 3624 2690 Cum
3664 2636 3789 2703 igitur

2248 2706 2535 2762 Flavianus
2565 2707 2798 2762 libellum
2830 2706 3201 2777 appellationis
3241 2709 3432 2777 legatis
3481 2707 3657 2773 dedit,
3697 2718 3787 2760 eam

2248 2777 2317 2833 ob
2339 2792 2552 2833 causam
2579 2778 2744 2849 dedit,
2768 2781 2908 2850 quod
2943 2781 2995 2834 in
3023 2782 3101 2833 eis
3123 2779 3555 2847 jurisdictionem
3584 2789 3791 2850 agnosce-

2247 2859 2349 2915 ret,
2375 2864 2495 2918 qua:
2516 2848 2834 2918 recipienda:
2858 2851 3227 2919 appellationis
3257 2860 3578 2920 potestatem
3601 2848 3788 2903 laceret:

2245 2919 2331 2989 jus
2376 2935 2535 2990 porro
2579 2921 2719 2975 istud
2770 2922 2986 2990 privatis
3033 2919 3338 2977 hominibus
3385 2928 3789 2991 competereoott

2251 2987 2447 3063 potuit;
2474 2990 2613 3045 unde
2644 2987 2866 3046 necesse
2892 3004 2975 3047 est
3004 3004 3059 3047 ut
3086 3004 3356 3062 tamquam
3386 2987 3541 3063 papa}
3566 2989 3725 3060 legatis
3745 2987 3791 3040 li-

2248 3061 2446 3134 bellum
2500 3063 2802 3132 hujusmodi
2854 3064 3168 3129 tradiderit,
3216 3061 3338 3133 quia
3385 3061 3679 3134 pontificem
3717 3070 3792 3134 pro

2253 3132 2447 3209 idoneo
2473 3125 2859 3209 appellationis
2881 3125 3439 3209 discutiendae-judice
3468 3132 3689 3209 agnovit.

2249 3220 2342 3259 ror
2372 3199 2571 3259 homini
2614 3204 2892 3261 versandis
2938 3206 3119 3261 litibus
3152 3221 3213 3261 ac
3255 3199 3795 3276 procurandisdedito

2251 3276 2321 3329 ita
2350 3276 2698 3346 jurisdicendi
2730 3292 2975 3331 normam
3002 3286 3053 3331 et
3085 3292 3239 3332 usum
3260 3274 3484 3342 latere,
3524 3284 3577 3329 ut
3616 3274 3800 3346 ignoret

2252 3341 2389 3423 quod
2424 3362 2581 3403 nemo
2612 3348 2895 3423 nescitqui
2930 3347 3109 3423 forum
3133 3348 3383 3423 a_l_im_i_ne
3411 3341 3799 3423 salutavithuis‘

2251 3417 2392 3471 enim
2435 3434 2683 3487 umquam
2726 3415 3135 3473 velisoinniavit
3174 3418 3413 3474 libellum
3454 3415 3799 3487 appellationis

2253 3490 2299 3543 ei
2347 3488 2410 3541 ad
2443 3483 2599 3556 quem
2648 3489 2966 3558 appellatur,
2994 3492 3082 3545 vel
3129 3489 3248 3558 ejus
3275 3483 3806 3558 vicariis'tradendnm

2252 3560 2406 3632 esse?
2443 3552 2611 3613 linmo
2640 3552 2931 3615 secundum
2955 3552 3099 3632 juris
3131 3552 3369 3632 Romani
3388 3560 3595 3632 formam
3633 3552 3803 3632 eidem

2255 3629 2480 3685 traditur
2506 3648 2533 3684 a
2561 3646 2667 3698 quo
2696 3626 3019 3698 appellatum
3051 3640 3154 3694 est,
3183 3633 3273 3702 qui
3301 3627 3537 3700 litigatori
3560 3626 3808 3702 decernat

2252 3703 2523 3770 apostolos
2551 3694 2588 3765 ,⁷
2614 3702 2663 3755 id
2707 3694 2807 3770 est
2839 3702 3047 3757 litteras
3099 3694 3449 3761 dim'issorias,
3498 3713 3607 3768 quae
3636 3695 3712 3749 sic
3737 3694 3810 3748 di-

2252 3769 2375 3845 cunt
2403 3791 2415 3825 :
2443 3772 2635 3826 Notum
2658 3774 2723 3827 s‘it
2744 3769 2881 3827 vo'bis
2907 3772 2971 3827 R.
2991 3774 3332 3845 appellassea
3352 3771 3594 3845 sententia
3616 3782 3742 3845 mea,
3767 3772 3809 3818 et

2252 3844 2366 3897 ideo
2395 3845 2596 3896 dimitto
2624 3860 2739 3897 eum
2764 3861 2793 3895 a
2810 3838 3162 3914 judicio'ineo
3197 3854 3247 3898 et
3290 3844 3359 3897 ad
3399 3851 3614 3914 oestrum
3642 3838 3808 3907 dirigo,

2253 3925 2308 3967 ut
2339 3914 2394 3968 if.
2427 3914 2494 3970 de
2521 3914 2639 3969 Lib.
2674 3911 2891 3969 Dimis‘s.
2925 3916 2961 3969 Ι.
3011 3931 3047 3969 t.
3084 3914 3160 3969 Ita
3194 3915 3386 3969 Paulus
3415 3911 3682 3983 apostolus
3703 3923 3804 3983 curn

2251 3984 2517 4040 Cmsarem
2551 3985 2876 4053 appellasset
2907 4001 2936 4039 a
2967 3986 3194 4056 praeside
3220 3985 3383 4040 Festo
3408 3978 3541 4052 (Act.
3568 3996 3685 4056 sxv,
3712 3978 3806 4048 ω),

2252 4071 2359 4110 non
2389 4058 2542 4111 alteri
2584 4070 2741 4127 quam
2790 4054 2979 4112 eidem'
3012 4056 3225 4126 prresidi
3254 4054 3622 4125 appellationis
3647 4062 3807 4127 vocent

2252 4127 2471 4201 direxit,
2508 4118 2617 4201 nec'
2645 4128 2712 4182 ab
2732 4128 2914 4201 altero
2960 4118 3173 4201 recepta
3203 4118 3493 4201 apprillatio
3521 4134 3613 4180 aut
3653 4118 3809 4201 appel-

2252 4198 2368 4253 lans
2396 4190 2649 4253 dimissus
2682 4198 2747 4252 ad
2775 4202 3037 4253 Caesarem
3063 4190 3251 4252 {Tunc
3269 4190 3461 4251 Festus
3487 4211 3602 4251 cum
3625 4190 3806 4248 concilio

2252 4268 2449 4339 locutus
2470 4310 2486 4333 ,
2522 4270 2785 4339 respondit
2815 4284 2831 4321 :
2858 4266 3112 4339 Caesarem
3138 4269 3459 4339 appellasti?
3497 4268 3577 4321 Ad
3593 4263 3810 4339 Casuras

2251 4340 2346 4395 ibis
2377 4338 2568 4410 (Ibid.,
2597 4336 2704 4410 η).
2736 4339 2802 4393 Ει
2828 4347 3009 4409 postea
3035 4355 3049 4394 :
3080 4336 3400 4410 Ipsoautem
3428 4338 3528 4410 [ioc
3558 4336 3811 4410 appellauit

2251 4412 2319 4463 ad
2357 4407 2674 4479 Augustum,
2691 4407 2921 4478 judicavi
2954 4407 3152 4464 mittere
3189 4408 3381 4479 (Ibid.,
3418 4407 3538 4479 25).
3570 4409 3683 4464 iam
3707 4414 3811 4479 vero

2253 4470 2597 4552 Flaviaitusa
2631 4470 2886 4535 Dioscom
2914 4481 3137 4550 θᾱιιεαιιθ
3168 4470 3397 4552 limans“
3431 4470 3813 4552 εἳδοδθὲἓβθιῗ

2254 4552 2369 4607 lans
2392 4551 2471 4624 (a)
2501 4551 2564 4605 ad
2597 4551 2737 4605 aliud
2766 4547 3074 4624 concilium,
3105 4551 3331 4624 cuinam
3350 4547 3508 4624 suum
3543 4547 3813 4624 tradidisset

678 4614 937 4702 nunc“,
968 4614 1079 4694 cap.
1129 4614 1184 4689 l';
1222 4614 1463 4702 (ihalced.
1497 4641 1610 4702 agn.
1642 4614 1777 4702 part.
1800 4614 1880 4702 Ἠ,
1915 4614 2034 4702 αςιξ
2054 4622 2147 4694 l)?
2172 4639 2228 4702 D
2254 4614 2493 4702 libellum
2514 4664 2528 4689 ,
2559 4623 2669 4702 nisi
2700 4624 2893 4702 legatis
2921 4614 3213 4687 Romanis,
3246 4622 3335 4691 qui
3366 4620 3481 4676 fere
3500 4622 3617 4702 _so_lj
3646 4614 3817 4702 iniquis

561 4688 694 4743 lliuc
742 4691 886 4745 vides
915 4688 1085 4763 quain,
1122 4688 1314 4748 merito
1354 4694 1476 4763 jure
1519 4688 1769 4748 clamavit
1810 4688 2133 4748 Flavianus:

557 4766 907 4837 ῌαραιτοῦμᾳί
936 4784 1016 4829 σε,
1063 4762 1261 4818 llecuso
1289 4762 1365 4821 te.’
1388 4765 1531 4837 Quia
1554 4776 1735 4837 tamen
1765 4764 2135 4837 episcoporum

559 4830 672 4887 fere
716 4830 955 4904 omnium
1005 4849 1301 4891 consensus
1343 4830 2141 4904 ac'subscriptio'nonnullam

556 4903 746 4973 synodi
779 4905 1061 4974 imaginem
1095 4904 1260 4974 impio
1284 4907 1570 4960 conventui
1611 4903 2001 4971 cunciliabant,
2045 4906 2145 4961 im-

558 4976 922 5045 peratorisque
959 4991 1022 5031 ac
1054 4985 1372 5043 potestatum
1407 4978 1793 5032 interveniebat
1828 4976 2139 5044 auctoritas,

556 5043 809 5118 Flaviano
838 5043 1024 5103 Visum
1057 5056 1176 5112 est,
1219 5063 1340 5103 cum
1386 5049 1725 5118 postmodum
1767 5047 2140 5118 appellationis

557 5115 793 5190 libellum
841 5119 1151 5188 apostolicae
1189 5119 1332 5175 sedis
1376 5115 1563 5190 legatis
1604 5115 1850 5184 tradidit,
1879 5118 2015 5190 lianc
2045 5133 2139 5188 ap-

557 5187 853 5255 pellationis
891 5205 1078 5263 vocem
1108 5205 1390 5263 usurpare,
1424 5187 1480 5247 ut
1509 5206 1574 5246 ex
1599 5191 1722 5263 jure
1762 5187 2137 5261 appellationis

556 5273 711 5330 novae
739 5261 947 5330 synodo
974 5261 1124 5317 locus
1153 5261 1391 5317 daretur.

622 5328 687 5382 ll.
724 5328 1014 5402 Appellans
1054 5340 1232 5388 autem
1262 5332 1546 5389 Flavianus
1572 5377 1587 5401 ,
1637 5331 1833 5389 Leonis
1858 5377 1872 5401 ,
1905 5343 1964 5387 ut
1992 5333 2141 5400 dixi,

553 5412 747 5475 nomen
779 5417 882 5457 non
909 5403 1228 5473 interposuit
1258 5419 1273 5459 :
1303 5408 1353 5459 in
1381 5421 1489 5475 quo
1522 5406 1696 5474 ipsum
1720 5406 1882 5459 etiam
1905 5404 2142 5459 Leonem

550 5468 958 5545 Sull‘ragatorem
998 5468 1280 5532 habemus.
1307 5468 1442 5533 Cum
1488 5468 1630 5532 enim
1677 5476 1745 5531 de
1779 5477 1878 5531 hac
1908 5476 2143 5545 appella-

2256 4694 2495 4749 Dioscori
2544 4691 2909 4755 molitionibus
2955 4708 3059 4746 non
3089 4692 3527 4747 consenserant?
3574 4691 3813 4749 Primum,

2252 4766 2375 4836 quia
2406 4765 2700 4819 Dioscorus
2732 4765 2910 4818 omnia
2942 4778 3041 4833 per
3070 4764 3176 4836 vim
3204 4772 3257 4817 et
3284 4763 3656 4836 impotentiam
3684 4768 3817 4836 agens

2253 4829 2450 4891 nullam
2497 4835 2634 4905 juris
2679 4835 2901 4889 formam
2944 4829 3155 4888 servari
3202 4834 3571 4904 permisisset;
3616 4829 3814 4890 deinde,

2292 4908 2375 4982 uia
2427 4921 2638 4982 omnes
2666 4905 2777 4959 fere
2830 4907 3015 4982 synodi
3064 4905 3339 4982 prmsules
3363 4906 3615 4982 _capti_vas
3661 4911 3818 4982 manus

2302 4979 2509 5032 ioscoro
2540 4975 2826 5039 dederant;
2858 4970 3036 5039 iertio,
3067 4970 3189 5045 quia
3215 4970 3597 5031 Occidentales
3623 4970 3821 5045 maxime

2253 5052 2535 5118 episcopos
2582 5047 2883 5115 appellabat
2913 5043 3203 5100 Flavianus
3225 5090 3240 5113 ,
3273 5056 3332 5099 ut
3373 5055 3431 5100 et
3460 5043 3815 5118 Tlieodoritus,

2253 5116 2315 5173 ac
2366 5118 2858 5191 proindenecesse
2905 5124 3022 5171 erat
3070 5126 3129 5171 ut
3173 5131 3366 5191 eo_rum
3409 5116 3728 5191 patriarcha:
3765 5122 3823 5191 ac

2247 5183 2485 5244 omnium
2535 5189 2748 5261 primati
2805 5189 3165 5261 innotesceret
3221 5183 3465 5261 Flaviani
3532 5183 3823 5261 appellatio.

2250 5262 2493 5330 Denique
2536 5255 2615 5315 ’ad
2668 5259 2970 5330 universale
3027 5260 3193 5330 totius
3242 5257 3509 5312 Ecclesiae
3562 5255 3824 5330 conci-liora

2247 5321 2559 5413 provocanti
2589 5372 2603 5397 ,
2655 5331 2776 5413 quis
2823 5328 3003 5413 politis
3042 5328 3320 5413 adeundus
3349 5337 3433 5381 est
3463 5321 3827 5413 appellationis

2248 5403 2453 5469 libello,
2482 5417 2642 5471 quam
2669 5399 2717 5455 is
2746 5403 2836 5471 qui
2860 5409 2913 5454 et
2938 5399 3198 5471 Ecclesiae
3224 5401 3387 5453 totius
3414 5415 3556 5467 aprx
3590 5408 3828 5457 summus,

2248 5482 2305 5529 et
2348 5475 2399 5529 in
2453 5470 2573 5528 lidei
2623 5470 2784 5527 causa
2841 5470 3160 5526 universalis
3191 5471 3337 5525 velut
3383 5479 3711 5540 procurator
3744 5473 3830 5525 est.

1609 5587 2175 5646 BALLERINIORUM
2210 5581 2764 5646 ANNOTATIONES.

626 5680 703 5751 (a)
748 5680 866 5737 Duo
914 5683 969 5737 in
998 5681 1468 5738 observationibus
1513 5681 1901 5737 ostendemus:
1931 5682 1989 5735 l°
2015 5679 2143 5735 Fla-

550 5750 763 5805 vianum
791 5754 1091 5822 appellasse
1125 5754 1190 5807 ad
1227 5753 1409 5809 sedem
1443 5754 1794 5818 apostolicam
1815 5792 1830 5818 ,
1858 5761 1910 5806 et
1940 5751 2005 5805 ad
2034 5752 2141 5806 Ro-

553 5832 765 5893 manant
783 5824 1080 5893 synodum,
1107 5838 1226 5892 quae
1253 5827 1302 5877 in
1333 5824 1594 5893 ejusmodi
1626 5825 1804 5878 causis
1834 5838 1860 5875 a
1887 5823 2143 5878 Romanis

556 5888 898 5954 pontificibus
924 5888 1237 5955 congregari
1262 5888 1499 5954 solebat;
1539 5894 1597 5947 2⁸
1633 5893 2004 5949 auctoritatem
2039 5894 2142 5948 ha-

2255 5694 2372 5735 rum
2420 5676 2755 5747 synodorum
2805 5671 3311 5747 fuissegpraesertim
3344 5671 3658 5747 insomnio
3686 5667 3837 5741 ponti-

2253 5750 2353 5805 lice
2376 5791 2390 5814 ,
2446 5743 2600 5817 cujus
2631 5755 2868 5816 potestas
2897 5744 3231 5814 potissimum
3280 5743 3743 5817 appellationibus
3769 5754 3840 5795 re-

2249 5814 2605 5891 Spiciebat'ur.
2632 5814 2774 5873 Vide
2807 5833 2860 5872 n.
2893 5817 2926 5872 5
2956 5827 3009 5872 et
3032 5830 3211 5887 scqq.,
3247 5828 3416 5887 usque
3447 5814 3513 5869 ad
3550 5815 3643 5872 12.
