3994 6310
184 299 296 364 6Ὶὸ

183 421 261 478 cui
291 416 933 494 incumbitconvocandic
958 419 1313 494 acumenicze
1339 421 1530 494 synodi
1565 421 1756 490 prieci-
1779 421 1832 484 Α

181 505 278 562 pua
298 490 610 564 sollicitudo
637 508 699 548 ac
726 508 850 548 cura
869 533 884 554 ,
925 493 1012 548 cui
1041 493 1271 562 denique
1297 490 1384 564 jus
1411 493 1602 564 primae
1627 509 1752 564 sene

179 563 362 635 tentia:
411 563 616 635 1137
657 565 920 634 primique
955 565 1058 620 loci
1089 563 1344 634 competit
1389 563 1444 618 in
1475 563 1753 620 conciliis?

180 633 272 688 Hm
302 633 595 708 sunfverai
623 633 856 708 rationes
885 653 1007 708 quae
1038 633 1351 708 Flavianum
1374 643 1759 708 ,moveruutiut

179 704 552 774 appellationis
581 707 662 761 vel
693 704 1045 763 recusationis
1089 705 1326 761 libellum
1371 707 1426 762 in
1459 722 1650 762 manus
1679 707 1759 762 le-

179 785 424 846 satorum
467 775 789 847 deponeret,
823 794 958 846 quos
991 778 1058 832 ad
1089 777 1230 832 hunc
1256 775 1508 834 eﬂ‘ectum
1539 792 1760 834 necesse

183 861 290 902 non
341 855 459 919 erat
501 858 558 904 ut
599 849 1024 918 iurisdictionem
1075 850 1344 919 propriam
1371 849 1456 904 vel
1489 849 1754 918 pontiﬁcis

183 919 402 974 nomine
445 918 732 986 haberent;
781 921 876 976 sed
920 918 1222 978 sufﬁciebat
1268 929 1325 975 ut
1375 919 1588 976 concilii
1637 935 1760 990 pars

181 997 395 1062 essent,
424 999 478 1062 et
493 991 830 1062 interpositae
859 991 1234 1062 appellationis
1262 1001 1425 1046 testes
1455 992 1652 1046 idonei.

253 1060 341 1116 ill.
377 1061 460 1118 Ad
489 1061 540 1116 id
567 1060 716 1132 vero,
754 1060 908 1134 quod
940 1063 1184 1134 decernit
1219 1063 1452 1130 scriptor
1483 1063 1591 1128 ille,
1639 1077 1760 1118 esse

183 1147 407 1189 necesse
445 1144 502 1188 ut
529 1136 706 1189 omnis
733 1133 1020 1204 appellatio
1039 1133 1105 1188 ad
1127 1135 1358 1204 aliquem
1382 1135 1618 1202 judicem
1643 1149 1768 1201 pro-

184 1213 358 1266 vocet.
393 1205 463 1258 ita
504 1215 610 1274 est,
655 1205 700 1260 si
727 1205 774 1259 is
807 1203 1093 1260 verborum
1127 1203 1341 1274 Davidis
1381 1219 1573 1258 sensus
1598 1220 1610 1256 :
1635 1219 1770 1274 quo-

183 1275 286 1330 lies
313 1273 633 1344 appellatur,
666 1276 733 1330 ad
763 1277 992 1346 aliquem
1018 1275 1294 1344 appeliari.
1324 1273 1432 1346 Sed
1461 1275 1568 1328 duo
1598 1273 1770 1328 anim-

185 1347 513 1402 advertenda
549 1355 697 1413 sunt,
747 1363 814 1402 ne
858 1345 944 1401 eui
973 1345 1150 1401 fucum
1183 1346 1376 1400 iaciant
1417 1345 1532 1400 lucc
1569 1347 1726 1402 verba
1755 1365 1766 1398 :

185 1418 444 1484 primum,
481 1419 622 1472 male
651 1417 720 1472 ab
749 1432 814 1471 eo
843 1417 978 1471 duos
1007 1417 1280 1482 confundi,
1305 1417 1508 1472 scilicet
1533 1431 1656 1471 eum
1683 1417 1772 1486 qui

185 1487 435 1544 libellum
473 1488 849 1558 appellationis
888 1487 1095 1558 recipit,
1135 1498 1190 1542 et
1231 1503 1352 1544 eum
1393 1503 1542 1552 cujus
1580 1497 1664 1558 est
1705 1489 1772 1544 de

185 1557 558 1630 appellatione
581 1559 849 1628 judicare,
889 1557 1024 1626 quos
1053 1559 1210 1628 longo
1251 1559 1532 1630 intervallo
1571 1557 1771 1614 distare

183 1621 554 1704 ﬁsietidimus,
581 1621 778 1704 cumis
809 1621 986 1704 petitis
1009 1621 1268 1704 reeip'eret
1298 1629 1532 1704 libellum
1564 1643 1592 1680 a
1613 1630 1771 1704 cujus

190 1698 460 1756 sententia
501 1699 896 1768 appellabatur;
939 1699 1130 1754 deinde
1159 1701 1445 1754 notandum
1487 1698 1626 1767 quod
1671 1699 1771 1754 etsi

191 1771 264 1826 ad
298 1771 526 1838 aliquem
551 1785 764 1838 semper
784 1771 1098 1840 appelletur,
1123 1785 1225 1824 non
1260 1779 1434 1824 tamen
1468 1773 1772 1824 necessario

197 1844 492 1912 requiritur
537 1853 594 1896 ut
630 1845 747 1908 ejus
787 1857 982 1896 nomen
1013 1842 1096 1895 vel
1134 1843 1249 1912 viva
1286 1855 1424 1912 voce
1449 1841 1532 1894 vel
1575 1841 1776 1910 scripto

192 1911 527 1978 explicetur;
577 1913 834 1966 solemnia
875 1912 1013 1966 enim
1043 1911 1416 1981 appellationis
1451 1911 1594 1966 aliud
1643 1912 1778 1968 nihil

187 1981 434 2052 exigunt,
470 1982 568 2052 nisi
601 1991 657 2035 ut
685 1997 806 2036 mox
841 1982 943 2036 lata
973 1985 1256 2048 sententia,
1275 1981 1454 2052 judice
1475 1982 1650 2038 adhuc
1684 2000 1780 2052 pro

187 2051 449 2122 tribunali
476 2051 719 2118 sedente,
749 2053 960 2122 litigans
989 2055 1108 2107 viva
1138 2051 1437 2108 vocedicat
1461 2071 1474 2108 :
1501 2051 1774 2111 APPELLO.

183 2120 412 2196 Etcum
442 2137 508 2178 ex
538 2123 820 2196 intervallo
837 2120 936 2194 per
963 2125 1204 2196 libellum
1237 2125 1648 2194 appellatorium
1680 2143 1778 2196 ap-

183 2193 442 2266 pellatur,
491 2193 690 2266 sufficit
723 2193 925 2260 dicere,
964 2195 1102 2266 quis,
1141 2211 1172 2249 a
1215 2193 1343 2266 quo,
1375 2209 1428 2250 et
1457 2213 1482 2248 a
1515 2213 1628 2266 qua,
1657 2193 1780 2252 sen-

185 2264 362 2320 tentia
389 2265 642 2334 appellet,
682 2265 896 2338 etiamsi
943 2264 1194 2338 appellati
1223 2264 1420 2338 iudicis
1450 2264 1646 2323 nomen
1688 2277 1782 2324 aut

181 2337 537 2404 magistratus
560 2351 664 2390 non
696 2337 1046 2405 exprimatur.

262 2405 556 2462 Evanescit
585 2409 745 2477 igitur
773 2409 925 2480 fucus
959 2409 1047 2464 ille
1077 2425 1234 2480 quem
1267 2426 1332 2466 ex
1353 2411 1534 2466 verbis
1559 2410 1614 2466 S.
1646 2411 1782 2468 Leo-

179 2477 276 2532 nis
308 2481 484 2552 l'acere
525 2480 748 2534 tentavit
785 2479 972 2534 David.
1019 2477 1128 2536 Nec
1161 2483 1333 2536 solum
1380 2499 1474 2549 pro
1515 2483 1780 2552 ipso,non

179 2559 430 2620 pugnant
459 2549 656 2626 Leonis
685 2565 744 2604 ea
774 2551 960 2626 verba,
991 2567 1108 2620 qua:
1137 2553 1308 2626 aliena
1339 2549 1779 2626 interpretatione

182 2630 446 2692 torquere
473 2622 660 2686 voluit,
694 2622 786 2676 sed
820 2623 991 2692 ipsum
1027 2623 1291 2692 pontiﬁcis
1327 2623 1394 2678 de
1423 2622 1550 2678 sede
1591 2639 1682 2679 sua
1712 2627 1780 2680 si-

181 2691 419 2746 lentium
458 2691 851 2764 sensuitquem
887 2691 1059 2747 eidem
1091 2694 1348 2764 attingere
1379 2697 1592 2764 sategit,
1626 2713 1779 2764 pror-

179 2777 282 2816 sus
332 2773 616 2833 repugnat.
651 2763 719 2818 Ut
746 2763 934 2838 demus
977 2765 1117 2838 enim
1151 2763 1456 2836 negativntn
1495 2763 1782 2838 argumen-

179 2841 307 2888 tum
341 2849 450 2888 non
480 2849 692 2904 semper
737 2837 945 2888 roboris
980 2837 1266 2904 plurimum
1299 2837 1528 2902 habere,
1568 2837 1668 2892 huc
1701 2849 1782 2894 ta-

179 2921 316 2978 men
349 2906 467 2961 loco
496 2907 600 2958 vim
634 2904 790 2958 habet
821 2909 1131 2973 maximam,
1164 2923 1284 2963 cum
1315 2919 1520 2964 certum
1552 2909 1623 2962 sit
1647 2925 1780 2978 pon-

178 2975 392 3031 tiﬁcem
443 2992 548 3030 non
603 2978 671 3030 ita
727 2991 904 3030 causa:
963 2981 1192 3048 propriae
1231 2979 1454 3034 oblitum
1510 2975 1666 3046 esse,
1723 2991 1782 3036 ut

176 3048 632 3116 appellationem,
655 3063 814 3114 quam
845 3053 1114 3116 expressis
1145 3050 1323 3104 verbis
1360 3049 1426 3103 ad
1461 3053 1644 3104 sedem
1674 3053 1780 3104 Ro-

175 3134 410 3174 manam
433 3117 1058 3190 Constantinopolitanus
1081 3122 1302 3174 antistes
1331 3120 1630 3186 detulisset,
1669 3123 1698 3190 ῆι
1722 3137 1780 3178 se

177 3199 466 3259 premeret
503 3189 734 3256 silentio,
795 3190 1314 3262 praerogativamque
1363 3191 1504 3246 ultro
1541 3189 1772 3249 delatam

175 3277 268 3318 res
283 3277 451 3327 puere
482 3263 773 3316 videretur.

252 3332 352 3387 IV.
383 3334 460 3386 Ex
497 3332 776 3399 descriptis
803 3346 967 3398 .porro
993 3331 1232 3400 epistola:
1259 3331 1506 3400 40(nunc
1535 3331 1629 3402 44)
1657 3351 1780 3390 ver-

177 3402 266 3459 bis
307 3403 456 3458 aliud
490 3403 644 3458 nobis
674 3401 1062 3474 Validissimqu
1094 3403 1246 3456 adest
1276 3403 1350 3474 (ιι)
1385 3401 1778 3472 argumentum,

219 3491 290 3530 no
313 3491 346 3530 a
373 3475 630 3529 Flaviano
658 3473 919 3544 synodum
957 3473 1422 3544 appellatatnesse
1455 3487 1684 3542 constat,
1719 3493 1782 3534 ac

219 3491 290 3530 no
313 3491 346 3530 a
373 3491 630 3529 r'tavtano
658 3491 919 3544 synouum
957 3491 1272 3544 appellatam
1304 3491 1422 3530 esse
1455 3491 1684 3542 eonStat,
1719 3493 1782 3534 ac

180 3491 388 3602 deinde
441 3546 674 3600 Leonem
725 3553 988 3616 quatenus
1036 3545 1226 3616 synodi
1262 3556 1440 3614 caput.
1481 3545 1611 3602 Cum
1639 3551 1782 3604 enim

179 3633 246 3670 ex
289 3617 662 3690 appellatione
705 3615 842 3690 illius
889 3615 1142 3686 episcopi,
1178 3620 1560 3690 congregandte
1591 3621 1782 3690 synodi

180 3689 540 3744 (scutnenicm
577 3688 950 3742 necessitatem
989 3697 1262 3751 arcessat,
1304 3691 1416 3744 sole
1459 3688 1660 3744 clarius
1700 3703 1784 3748 est

181 3761 518 3830 appellatam
541 3774 660 3813 esse
702 3759 986 3828 synodum,
1027 3775 1124 3814 nec
1157 3759 1377 3814 alterius
1407 3765 1784 3820 auctoritatem

181 3833 462 3897 pulsatum
497 3845 616 3886 esse
654 3831 1030 3897 appellationis
1079 3831 1283 3898 libello,
1332 3843 1388 3884 ut
1417 3833 1484 3886 de
1518 3833 1786 3889 latrocinii

185 3901 464 3970 Ephesini
500 3901 763 3955 sententia
787 3900 1046 3968 judicium
1073 3903 1259 3957 ferret.
1299 3903 1464 3968 Quam
1485 3913 1673 3970 autent,
1706 3909 1785 3961 iu-

189 3974 338 4042 quit,
385 3981 502 4044 post
549 3973 1324 4044 appellationeminterpositam
1367 3973 1461 4028 hoc
1503 3979 1786 4032 necessario

179 4041 502 4114 postuletur,
534 4041 791 4096 canonum
837 4041 1028 4097 Nica'a:
1061 4043 1352 4098 habitarunt
1376 4047 1576 4100 decreta
1599 4057 1785 4102 testan-

183 4127 292 4168 tur.
330 4116 394 4170 Si
426 4116 566 4169 enim
600 4115 663 4187 ad
695 4115 910 4187 unicum
937 4131 1000 4187 cx_
1021 4115 1454 4170 Occidentalibus
1476 4118 1786 4187 episcopum

179 4200 308 4240 cum
339 4185 656 4256 provinciali
685 4185 899 4256 1138
923 4185 1002 4238 vel
1031 4187 1331 4242 dimcesana
1356 4185 1560 4256 synodo
1591 4185 1785 4256 provo-

177 4267 372 4312 catum
407 4266 508 4321 est,
543 4255 898 4326 quiduisulus
939 4271 1058 4309 cum
1092 4257 1202 4310 suis
1249 4255 1789 4322 cntnprovinc’ialibus

175 4327 454 4396 judicium
484 4325 754 4382 adornat?
785 4325 852 4382 Ut
876 4327 1000 4396 qttid
1043 4330 1279 4381 omnium
1311 4327 1670 4383 Ecclesiarum
1705 4347 1790 4384 sa-

179 4401 449 4454 cerdotes
471 4415 501 4452 e
533 4399 642 4452 suis
682 4397 898 4452 sedibus
937 4397 1298 4465 dimoventur,
1331 4400 1374 4452 si
1408 4405 1561 4454 unius
1589 4403 1790 4466 judicio

179 4471 370 4538 possit
397 4485 556 4524 causa
590 4469 770 4543 ﬁniri?
811 4467 916 4524 Cur
939 4473 1220 4523 necessario
1265 4471 1524 4536 postulatu
1553 4473 1790 4543 synodus

178 4543 532 4614 mantnenica
553 4587 566 4610 ,
592 4541 804 4614 quando
844 4557 948 4614 non
979 4543 1307 4614 (ecuniettit'a
1340 4541 1791 4614 synodtts'appel-
1819 4553 1871 4614 D

180 4612 296 4666 lata
323 4613 462 4668 est?
493 4613 548 4666 Si
599 4613 754 4666 sedes
806 4611 1052 4678 primaria
1099 4613 1280 4666 libello
1327 4611 1464 4666 adita
1513 4611 1790 4680 estfsedi

180 4699 303 4738 suae
331 4683 572 4754 pontifex
599 4683 862 4756 litigantes
883 4686 1055 4756 sistat,
1079 4699 1192 4756 rem
1214 4685 1488 4756 discutiat,
1513 4687 1790 4756 coepisco—

181 4753 394 4825 poru’m
439 4755 758 4809 sententiam
805 4753 1066 4824 postulet,
1109 4754 1366 4822 judicium
1411 4753 1692 4822 decernat,
1737 4767 1791 4814 et

177 4842 360 4882 causa
397 4825 540 4879 ﬁnita
571 4835 672 4880 est.
720 4827 822 4880 Sed
873 4825 995 4896 ideo
1027 4827 1306 4880 necessario
1340 4829 1598 4894 postulari
1627 4846 1790 4896 gene-

175 4899 370 4968 ralem
403 4897 668 4968 synodum
701 4907 811 4964 post
841 4895 1234 4968 appellationem
1275 4895 1642 4968 interpositam,
1665 4917 1792 4956 cen-

177 4970 304 5024 suit
336 4967 454 5023 Lco
476 5009 490 5034 ,
523 4967 644 5036 quia
693 4967 838 5020 illam
869 4983 896 5021 a
931 4967 1182 5022 Flaviano
1231 4967 1546 5034 posmlatam
1578 4989 1698 5026 esse
1725 4989 1790 5028 ex

175 5041 380 5108 ipsius
409 5039 590 5094 libello
620 5047 778 5108 atque
806 5055 868 5092 ex
896 5039 1280 5094 consuetudine
1309 5041 1671 5098 ecclesiastica
1714 5045 1792 5098 in-

177 5113 450 5178 tellexit;
485 5125 584 5166 nec
613 5125 724 5165 sua:
757 5110 1102 5178 providentia:
1138 5109 1444 5181 judicioque
1469 5114 1796 5170 existimavit

175 5199 322 5240 esse
351 5181 777 5251 permissum,an
809 5183 1013 5252 synodo
1035 5183 1285 5248 cogenda!
1315 5185 1791 5253 supersederetur,

173 5271 252 5310 an
291 5257 626 5318 instaretur;
662 5253 755 5308 sed
782 5267 846 5308 ex
876 5255 1198 5310 necessitate
1226 5263 1278 5306 et
1308 5271 1372 5308 ex
1403 5255 1562 5310 ollicii
1587 5259 1668 5312 sui
1701 5259 1794 5314 de-

169 5327 308 5399 bito
349 5339 474 5399 esse
503 5325 656 5399 duxit
683 5340 778 5394 pro
805 5339 866 5399 ea
899 5326 1228 5399 impetranda
1256 5327 1416 5380 etiam
1448 5343 1564 5380 cunt
1591 5331 1794 5399 gemiti-

169 5397 282 5453 ιω
313 5405 374 5450 ει
403 5395 672 5467 locrymis,
695 5466 703 5468 4
716 5406 774 5468 ut
813 5395 927 5468 ipse
957 5397 1064 5463 ait,
1115 5405 1181 5468 el
1212 5399 1422 5468 genibus
1468 5395 1794 5464 provblutum

167 5469 496 5540 deprecari,
521 5466 584 5522 ut
605 5466 787 5540 scribit
815 5466 1090 5540 Liberatus
1122 5466 1294 5540 (linea.
1321 5487 1434 5538 cap.
1472 5471 1582 5540 12).
1619 5472 1691 5524 lta
1717 5474 1795 5526 ln-

167 5537 492 5600 ndcentius
519 5537 727 5610 papa],
761 5539 1004 5610 deposito
1047 5537 1103 5594 S.
1139 5539 1344 5594 Joanne
1372 5537 1792 5612 Chrysosmmo,

1806 1812 1854 1873 B

1807 3160 1854 3226 C

1193 299 1498 362 DISSERT.
1539 299 1672 360 Vill.
1715 299 1804 360 DE
1843 299 2070 360 CAUSA
2109 299 2457 364 FLAVIANI.

3339 298 3454 368 οτι

1860 419 2224 492 φραηιεηὲεαηι
2253 421 2528 492 synodum,
2567 418 2644 476 ait
2683 419 3018 478 Sozomenus
3043 419 3140 478 lib.
3175 434 3294 488 vm,
3323 437 3450 492 cap.

1861 491 1953 558 26,
1987 489 2534 550 conuocare’studuit.‘
2580 493 2925 562 scribensque
2953 493 3018 548 ad
3043 493 3268 549 clericos
3300 489 3450 549 Con-

1861 563 2392 635 stantinopolitanos,
2424 563 2502 616 sic
2523 562 2720 635 habet:
2751 563 2856 620 Sed
2884 567 3142 635 quodnam
3169 565 3448 622 remedium

1859 633 2000 708 hisce
2013 633 2172 708 rebus
2215 637 2532 708 iuprtesenti
2559 633 2876 708 emeramus?
2896 633 3205 692 Necessaria
3237 638 3331 690 erit
3363 654 3454 708 sy-

1862 705 2066 780 nodalis
2093 705 2351 780 cognitio;
2382 721 2536 780 quam
2559 706 2712 780 etiam
2739 707 2898 780 multo
2917 711 3032 780 jam
3069 718 3218 780 antea
3249 705 3456 780 congtieo

1861 777 2084 852 gantiam
2127 775 2370 852 diximus.
2407 775 2488 829 Ea
2525 777 2717 852 quippe
2757 777 2868 830 sola
2895 775 2964 832 eiut
2993 797 3104 846 qute
3149 775 3452 852 hujusniodi

1862 846 2210 922 procellarum
2259 848 2478 916 impetus
2515 846 2803 922 retundere
2823 859 3002 922 potest.
3051 846 3453 922 Quam'quidem

1864 917 2022 972 donec
2042 933 2436 992 consequamur,
2459 917 2666 992 expedit
2687 918 2936 992 medelam
2959 917 3266 992 calamitatis
3293 923 3452 992 hujus

1866 991 2178 1044 committere
2201 987 2455 1042 uoluntati
2475 989 2654 1059 magni
2683 988 2774 1060 Dei
2809 1005 2869 1042 ac
2897 987 3084 1044 Christi
3110 993 3220 1060 ejus
3245 987 3454 1048 Domini

1867 1061 2052 1114 nostri.
2085 1061 2147 1114 Et
2173 1069 2354 1128 postea
2389 1077 2402 1113 :
2431 1063 2506 1113 Ac
2533 1075 2622 1112 nos
2653 1059 2858 1128 quidem
2878 1061 3094 1114 multum
3117 1059 3452 1118 deliberamus

1867 1147 2092 1200 quonam
2121 1132 2277 1204 modo
2303 1131 2530 1204 synodus
2574 1131 2882 1204 tecumem'ca
2924 1134 3218 1204 congregari
3251 1135 3450 1204 possit;

1869 1199 2146 1282 perquam
2173 1199 2348 1256 divina
2373 1199 2632 1256 voluntate
2669 1201 2948 1258 turbulenti
2978 1199 3064 1258 isti
3097 1199 3263 1258 motus
3283 1199 3458 1260 (:0an

1871 1273 1973 1341 piri
1995 1273 2214 1341 possint.

1951 1341 2099 1414 idem
2129 1343 2232 1398 sibi
2263 1358 2398 1398 onus
2427 1341 2736 1398 incumbere
2779 1344 3077 1412 intellexit,
3121 1353 3176 1400 ut
3203 1345 3460 1414 diximus,

1874 1412 1930 1470 S.
1975 1413 2114 1488 Leo;
2159 1429 2379 1488 sensere
2416 1423 2473 1488 et
2521 1415 3174 1488 reliquiOccidentalium
3225 1412 3462 1488 partium

1873 1485 2168 1552 antistites,
2219 1487 2310 1554 qui
2349 1487 2531 1540 audito
2579 1485 2954 1554 appellationis
2995 1489 3202 1554 nuntio,
3226 1485 3464 1546 'causam

1875 1555 2014 1630 hanc
2043 1565 2101 1630 ut
2130 1556 2230 1610 sibi
2261 1557 2510 1630 omnibus
2531 1571 2870 1630 communem
2897 1569 2952 1614 et
2977 1562 3168 1630 cuique
3193 1563 3466 1630 propriam

1874 1627 2102 1701 amplexi
2136 1637 2296 1701 sunt,
2333 1629 2707 1698 supplicesque
2743 1627 3120 1699 imperatorem
3147 1627 3240 1701 per
3266 1627 3465 1688 Leonis

1875 1695 2084 1774 litteras
2114 1697 2380 1774 adierunt,
2401 1695 2462 1774 ut
2501 1695 2764 1774 synodum
2811 1695 3116 1774 generalem
3147 1695 3462 1774 coagregari

1877 1767 2115 1844 juberet,
2145 1767 2198 1822 in
2235 1767 2638 1844 quapdiscusso
2667 1767 2859 1826 iterum
2893 1771 3150 1843 Eutycltis
3175 1767 3424 1844 dogmate
3445 1815 3463 1842 ,

1881 1837 2226 1914 Flavianique
2256 1837 2342 1914 Vae
2372 1840 2608 1914 llioscori
2639 1844 2814 1914 causis
2849 1837 3074 1914 cognitis
3093 1887 3107 1910 ,
3141 1837 3466 1902 sententiam

1883 1908 2084 1984 ferreut
2115 1908 2273 1984 linem
2312 1911 2438 1966 huic
2467 1908 3106 1984 negotioiimposifuram.
3139 1915 3358 1984 Omnes,
3385 1923 3466 1972 in-

1881 1981 1994 2050 quit
2019 1980 2126 2060 Ιτβο
2141 1981 2344 2060 (Epist.
2367 1983 2455 2046 40,
2485 1999 2622 2038 nunc
2643 1983 2734 2050 44,
2757 1980 2938 2060 cap._3
2953 1989 3000 2060 ),
3013 1990 3241 2056 partium
3263 1980 3466 2042 nostru-

1881 2067 1997 2130 rum
2028 2051 2290 2130 Ecclesiaz,
2314 2051 2890 2130 ontnes__mansuetudini
2917 2051 3090 2111 retu-rte
3119 2076 3234 2112 cum
3275 2061 3466 2130 gemiti-

1882 2123 1972 2199 bus
1994 2132 2038 2199 et
2069 2125 2309 2199 lacrynns
2339 2125 2628 2196 supplicant
2661 2128 2972 2199 sacerdotes,
3005 2139 3059 2182 ut
3081 2131 3204 2199 quia
3234 2123 3466 2186 tat-nostri

1883 2193 2104 2271 [ﬁdeliter
2131 2193 2498 2271 reclanturunt,
2520 2198 2800 2271 eteisdent
2836 2199 3064 2252 libellum
3095 2193 3466 2271 "appellationis

1885 2263 2166 2345 Elavianus
2197 2263 2652 2345 episcopusucdit,
2683 2263 3252 2345 gené‘raletnsynouunt
3279 2275 3466 2345 jubea-

1883 2337 1955 2410 tis
1971 2339 2106 2390 intra
2127 2335 2344 2390 Italiam
2367 2335 2643 2402 celebrari;
2661 2335 3066 2396 cbnuenientibus
3087 2347 3259 2410 utique
3279 2335 3466 2398 Orien-

1883 2409 2066 2484 talium
2087 2411 2464 2484 prouinciarum
2503 2411 2770 2484 episcopis.
2813 2411 3007 2468 Votum
3053 2409 3266 2484 quidem
3310 2431 3467 2474 suum

1882 2477 2047 2552 Leoni
2076 2477 2378 2552 signiﬁcare
2409 2477 2642 2538 nondum
2673 2477 2954 2552 potuerant
2989 2477 3179 2540 om'nes
3201 2485 3466 2541 Occiden-

1884 2551 2013 2604 tales
2041 2551 2310 2628 episcopi;
2337 2553 2427 2606 sed
2461 2551 2692 2628 pontileit
2741 2565 2796 2628 n_t
2831 2557 3068 2628 omnium
3100 2569 3258 2628 caput
3279 2573 3340 2612 ac
3369 2559 3467 2612 lin-

1880 2635 2014 2701 gua,
2049 2627 2285 2701 omnium
2321 2635 2564 2701 utentem
2597 2623 2900 2701 Theodosio
2931 2623 3194 2696 esplicat',
3228 2629 3468 2686 onniium

1875 2693 1970 2768 jus
1994 2693 2134 2760 apud
2173 2696 2422 2768 entndetn
2473 2697 2815 2766 prosequitur
2855 2713 2918 2752 ac
2961 2693 3132 2768 urget,
3167 2693 3470 2756 nullatenus

1881 2763 2136 2838 dubitans
2191 2767 2403 2838 1139
2447 2763 2576 2834 quin
2613 2763 2802 2822 oinnes
2850 2763 3262 2837 appellationem
3303 2775 3367 2826 ad
3410 2785 3470 2826 se

1881 2833 2112 2912 delatam
2145 2833 2288 2912 aii—nu
2304 2833 2608 2912 stTvellent,
2640 2833 2962 2912 coiigregata
2987 2843 3210 2912 synodo,
3241 2843 3468 2908 discuti;

1883 2919 2057 2978 neque
2089 2905 2190 2959 hoc
2219 2907 2318 2960 sibi
2369 2923 2588 2962 sumens
2615 2949 2628 2972 ,
2661 2923 2716 2962 ut
2747 2905 3146 2978 Syuodum'sno
3187 2905 3340 2966 unius
3371 2905 3471 2966 no;

1883 2977 2252 3052 ntinenpostula
2263 2985 2371 3040 ret;
2401 2993 2468 3032 ne
2492 2979 2579 3044 jus
2601 2977 2848 3052 omnibus
2863 2995 3168 3052 commune,
3195 2983 3472 3052 prOprium

1881 3046 1984 3098 sibi
2021 3045 2196 3100 facere
2247 3061 2308 3100 ac
2343 3064 2622 3102 reservare
2671 3051 2774 3102 soli
2826 3051 3117 3106 videretur.
3167 3045 3470 3108 Notandum

1885 3131 2046 3184 porro
2075 3117 2358 3186 diligenter
2404 3133 2468 3172 ex
2515 3119 2618 3172 illis
2663 3119 2862 3174 Leonis
2907 3123 3078 3176 nostri
3110 3123 3288 3176 verbis
3317 3121 3473 3178 Occi-

1885 3187 2130 3242 dentales
2151 3203 2339 3242 omnes
2365 3189 2646 3258 episcopos
2671 3204 2724 3244 ct
2747 3191 3034 3258 Ecclesias,
3069 3211 3174 3249 non
3205 3209 3270 3248 eo
3298 3195 3473 3250 solum

1885 3261 2382 3334 notninesynodunt
2411 3261 2678 3334 supplices
2707 3265 3158 3334 postulare,quud
3189 3265 3311 3320 lidei
3343 3279 3474 3320 cau-

1885 3341 1942 3380 sa
1975 3330 2224 3402 omnibus
2269 3332 2572 3386 communis
2621 3330 3048 3402 perit-litaretur,
3091 3337 3170 3392 vel
3215 3337 3374 3390 aliam
3402 3337 3474 3393 ob

1885 3401 2172 3478 rationem,
2200 3403 2292 3478 sed
2335 3403 2404 3457 ob
2433 3401 2484 3456 id
2517 3407 2750 3458 maxime
2770 3407 2892 3472 quia
2915 3417 2965 3462 et
2991 3401 3142 3478 legati
3172 3411 3308 3463 sedis
3339 3425 3472 3478 apo-

1885 3472 2082 3550 stolica
2127 3473 2490 3550 recutitorum,
2541 3485 2588 3530 et
2631 3478 2820 3550 eisdem
2855 3472 3218 3550 appellationis
3247 3472 3477 3536 libellum

1887 3542 2093 3620 dederat
2120 3540 2561 3620 Flat'ianus._Jus
2603 3550 2746 3602 enim
2789 3540 3110 3606 inde'suum
3159 3561 3472 3620 arcessunt,

1887 3615 2066 3692 Leone
2099 3627 2254 3692 teste,
2285 3617 2658 3692 occidentales
2679 3619 2916 3692 episcopi
2941 3636 3150 3690 omnes,
3184 3639 3284 3680 nec
3307 3615 3472 3680 aliam

1889 3687 2166 3755 proferunt
2195 3689 2296 3744 hoc
2326 3689 2444 3744 loco
2464 3687 2746 3746 rationem.

1961 3757 2024 3812 ν.
2061 3761 2134 3813 Ex
2167 3776 2272 3828 quo
2298 3761 2554 3830 consequi
2585 3763 2896 3819 necessario
2921 3765 3052 3821 mihi
3091 3767 3339 3822 videntur
3369 3766 3478 3823 duo

1889 3831 2120 3906 maximi
2148 3833 2402 3886 momenti
2429 3849 2442 3886 :
2472 3833 2705 3906 alterum
2751 3835 2965 3906 quidem
2986 3879 3000 3902 ,
3048 3839 3190 3904 quod
3227 3839 3478 3906 superius

1891 3901 2278 3976 discussiinus,
2297 3905 2482 3958 nonad
2514 3922 2674 3961 unum
2695 3901 3002 3976 pontiﬁcem
3023 3901 3277 3975 aliquem;
3293 3901 3388 3963 sed
3407 3909 3476 3964 ad

1889 3987 2076 4046 onmes
2105 3975 2413 4046 Ocudcntis
2447 3978 2638 4030 saltem
2683 3977 2966 4046 episcopos
3010 3979 3316 4033 devolutam
3354 3993 3478 4034 esse

1891 4043 2130 4118 Flaviani
2177 4047 2623 4118 appellationem;
2673 4043 2911 4118 alterum
2958 4049 3034 4118 (ὁ)
3081 4049 3284 4117 legatos
3331 4047 3478 4118 sedis

1891 4117 2218 4186 apostolicae,
2243 4133 2346 4170 non
2367 4117 2593 4170 Rnntuni
2617 4117 2956 4172 solummodo
2977 4119 3243 4186 pontiticis
3261 4117 3480 4174 nomine

1895 4185 2181 4253 Ephesiuie
2219 4187 2425 4254 synodo
2456 4188 2708 4241 secunda:
2756 4185 3082 4252 interfuisse,
3114 4203 3212 4242 nec
3242 4189 3371 4241 alias
3397 4188 3478 4242 itt-

1895 4263 2099 4310 teresse
2138 4259 2482 4310 consuevisse
2509 4258 2856 4312 mcutnenims
2882 4259 3122 4312 conciliis
3163 4260 3214 4312 in
3255 4257 3480 4315 Oriente

1893 4327 2254 4396 congregatis,
2285 4329 2380 4382 sed
2409 4338 2461 4380 et
2487 4331 2726 4382 omnium
2753 4329 2914 4384 totius
2935 4329 3240 4386 Occidentis
3271 4331 3480 4398 episco-

1897 4413 2082 4466 porum
2127 4401 2260 4472 vice,
2295 4413 2521 4472 quurum
2555 4401 2986 4469 procurationem
3030 4401 3309 4472 gerebant,
3356 4415 3480 4458 cunt

1895 4484 1991 4542 per
2039 4485 2097 4524 se
2129 4469 2388 4524 interesse
2433 4471 2590 4525 iidem
2621 4487 2724 4526 non
2775 4469 3054 4542 poterantI
3081 4475 3190 4528 lloc
3219 4473 3363 4528 enim
3393 4487 3482 4528 so-

1900 4541 2073 4618 lemne
2099 4553 2216 4618 erat
2247 4543 2490 4618 llotnano
2517 4541 2858 4612 cpisc0pout
2893 4560 3012 4600 cum
3047 4546 3274 4616 primum
3317 4560 3482 4618 syno-

1898 4613 1998 4666 dus
2023 4613 2342 4668 universalis
2367 4615 2558 4668 tndicta
2589 4627 2724 4684 erat,
2754 4632 2942 4672 onmes
2969 4613 3059 4672 sui
3087 4613 3480 4685 patriart-liatus

1898 4687 2180 4760 episcopos
2202 4701 2271 4760 ea
2291 4685 2357 4739 de
2383 4702 2441 4740 re
2469 4685 2783 4760 admoneret
2806 4699 3126 4760 cogeretque
3153 4693 3263 4758 ipse
3297 4688 3480 4744 Roma:

1899 4759 2181 4826 synodum,
2211 4759 2275 4810 ad
2307 4773 2464 4826 quam
2493 4759 2695 4813 invitati
2715 4759 3086 4817 Oet-identales
3116 4761 3476 4825 confluerent;

1900 4837 1956 4900 ut
1974 4829 2036 4900 riu
2068 4843 2351 4882 Commune
2373 4831 2439 4884 de
2466 4829 2678 4900 negmio
2699 4832 2805 4886 illic
2836 4835 3113 4888 tractando
3131 4833 3478 4896 dissererent,

1899 4899 2302 4969 deligerentque
2333 4899 2554 4970 legatos
2582 4904 2880 4958 absentium
2927 4905 3098 4959 vicem
3141 4902 3480 4970 impleturus.

1900 4970 2158 5045 Nimirum
2201 4973 2288 5038 qui
2339 4987 2406 5045 ex
2437 4971 2522 5026 ilia
2562 4972 2798 5028 Romana
2849 4977 3055 5045 synodo
3103 4973 3259 5038 legati
3293 4977 3478 5045 mitte-

1902 5041 2114 5106 bantur,
2145 5058 2250 5096 tton
2277 5043 2442 5094 solius
2467 5045 2729 5112 pOIlllﬁt'iS
2755 5040 2914 5113 legaii
2937 5053 3108 5104 erant.
3141 5043 3335 5113 neciab
3363 5040 3482 5113 ipso

1899 5114 2015 5166 Snio
2045 5113 2182 5168 mitti
2213 5115 2561 5180 dicebantur,
2593 5117 2686 5171 sed
2717 5119 2783 5170 ab
2813 5112 3059 5172 universa
3093 5112 3298 5183 synodo
3331 5112 3482 5168 missi

1898 5195 2078 5246 erant,
2131 5185 2368 5254 ejusdem
2417 5189 2647 5256 agebant
2695 5189 2901 5252 vicem;
2934 5192 3146 5240 tametsi
3178 5184 3481 5256 legatorum

1897 5257 2038 5310 sedis
2051 5257 2362 5324 apostolica:
2393 5255 2586 5312 nomen
2615 5273 2827 5328 semper
2853 5255 3308 5328 retinerent,quia
3329 5255 3485 5328 occi-

1897 5328 2194 5382 demalium
2239 5329 2476 5382 omnium
2523 5325 2843 5399 corypltieus
2888 5338 3006 5383 erat
3061 5325 3346 5399 pontifex._
3373 5325 3486 5399 l_loc

1898 5401 2253 5454 clarissimum
2272 5401 2454 5453 evadit
2473 5415 2534 5453 ex
2557 5396 2708 5454 tertia
2731 5399 2936 5470 synodo
2954 5396 3283 5470 tecumeuica
3309 5396 3484 5464 Ephe<

1899 5471 2036 5534 sina,
2070 5471 2156 5523 ubi
2184 5471 2415 5541 Cyrillus
2441 5471 2732 5539 legatorum
2763 5469 3073 5541 apostolica:
3096 5469 3238 5524 sedis
3269 5475 3488 5541 senten-

1902 5544 2028 5596 tiam
2057 5539 2337 5597 resumens
2355 5583 2370 5606 ,
2411 5543 2490 5598 sic
2519 5541 2788 5611 loquitur;
2823 5539 3177 5613 Deposuerunt
3207 5539 3342 5595 enim
3363 5554 3489 5610 sup-

1282 5655 1842 5716 BALLERINIURUM
1870 5655 2414 5716 ANNOTATIONES.

250 5748 498 5832 (a)_lloc
518 5757 890 5832 argumentum
918 5757 1254 5832 expungetur
1285 5751 1334 5804 in
1366 5750 1583 5806 observ.
1617 5766 1672 5807 n.
1709 5749 1792 5818 l3,

163 5821 518 5890 Lebtiisque
544 5837 696 5878 mens
723 5822 1072 5888 explicabitur
1097 5839 1151 5876 n.
1187 5822 1250 5878 lt
1275 5831 1328 5878 et
1359 5837 1509 5893 seqq.

1941 5751 2054 5879 ι(ιν)
2085 5751 2211 5808 llaac
2249 5761 2304 5808 et
2331 5751 2607 5822 sequentia
2643 5749 2979 5810 excutientur
3009 5751 3062 5809 in
3093 5752 3306 5812 observ.
3335 5773 3390 5814 n.
3418 5757 3501 5838 25.

1982 5839 2128 5879 scan.

1906 5839 1960 5879 et
1982 5839 2128 5893 seqq.
