3994 6310
518 303 625 371 679

978 304 1226 366 PASCH.
1263 296 1644 377 QUESNELLI
1682 295 2258 362 DISSERTATIONES
2298 298 2364 361 IN
2402 301 2458 361 S.
2501 299 2752 363 LEONIS
2790 296 3007 363 MAGNI
3047 297 3298 360 OPERA.

3675 296 3774 364 680

520 423 765 502 legimus,
796 423 841 502 si
860 421 1147 502 appellasse
1173 422 1441 502 videatur:
1464 435 1528 475 ex
1553 435 1657 502 quo
1682 419 1928 473 videnlur
1957 435 2096 502 prte-
2127 423 2180 482 Α
2206 436 2364 475 manu
2394 420 2636 502 conditos
2663 437 2678 502 ξ
2709 421 2828 502 quia
2867 421 2913 476 si
2954 419 3030 492 (a)
3055 419 3242 502 eodem
3273 425 3541 502 tempore,
3568 417 3776 477 eadem-

519 496 662 550 sules
701 492 839 547 istud
871 491 1243 559 appellationis
1281 507 1422 547 verte
1465 491 1679 546 nomine
1725 507 1830 545 noti
1871 507 1988 546 esse
2020 491 2101 546 di-

519 576 731 636 gnatos,
765 564 905 631 quod
935 565 1017 617 his
1046 564 1163 618 aliis
1189 563 1364 618 verbis
1387 564 1582 636 saepius
1608 566 1921 636 exprimunt
1947 580 1958 615 :
1995 561 2096 616 Re-

518 635 705 690 novare
730 651 963 699 examen.
989 651 1228 689 renovare
1238 635 1497 704 judicium
1519 679 1533 702 ,
1566 635 1808 704 refricare
1838 649 1952 704 qua:
1985 645 2100 687 acta

520 717 665 769 sunt,
697 707 970 779 confugere
996 707 1064 758 ad
1091 707 1384 779 episcopum
1419 706 1742 779 Romanum,
1773 720 1980 779 causam
2005 705 2101 779 ite-

519 795 634 832 rum
665 775 1411 845 audiriIQuamobrem'cum
1454 777 1569 842 ait,
1619 775 1679 831 Si
1724 775 2097 847 appellaverit,

522 865 628 904 non
657 849 825 916 addit,
854 849 920 902 ad
951 847 1238 902 Romanum
1270 849 1601 919 episcopum;
1625 847 1717 900 sed
1756 847 2097 901 subauditum

521 922 634 976 Vult
659 924 865 989 potius,
898 920 1040 991 aliud
1071 919 1367 991 judicium;
1399 919 1614 984 subjieit
1646 933 1772 991 vero
1794 920 2024 991 rstatimL:
2053 928 2100 991 et

523 988 805 1062 confugerit
835 992 901 1044 ad
929 988 1220 1044 Romanum
1245 991 1655 1062 episcOpunt,_ttt
1679 989 1925 1043 nimirum
1953 988 2097 1043 aliud

519 1059 770 1135 judicium
801 1062 1049 1135 impetret
1077 1062 1370 1135 secundum
1401 1059 1597 1135 synodi
1622 1059 1916 1135 decretum.

590 1134 672 1187 An
713 1147 842 1186 vero
881 1129 949 1186 ad
994 1132 1258 1198 posterius
1302 1129 1446 1186 istud
1487 1130 1748 1200 judicium
1785 1129 1994 1201 judices
2031 1129 2101 1186 de

520 1219 660 1259 novo
690 1204 801 1257 dati
841 1218 962 1258 cum
1002 1203 1272 1272 prioribus
1301 1205 1589 1258 convenire
1618 1202 1878 1256 deberent
1911 1217 2102 1256 secun-

520 1277 644 1330 dum
679 1282 914 1329 mentem
945 1275 1190 1344 canonis,
1219 1272 1452 1328 affirmat
1479 1273 1689 1344 Marco,
1709 1283 1864 1344 negat
1890 1272 2054 1327 David
2082 1290 2096 1338 ;

520 1359 573 1402 et
597 1361 660 1401 ex
687 1347 814 1412 ipsis
840 1343 1062 1400 canonis
1083 1344 1264 1399 verbis
1288 1345 1574 1399 obscurum
1604 1342 1732 1398 mihi
1755 1342 1810 1398 et
1838 1345 2098 1399 incertum

518 1419 751 1471 videtur.
791 1416 1126 1484 Quamquam
1170 1417 1388 1470 omnino
1439 1415 1674 1470 insolens
1720 1415 1994 1469 videretur
2043 1425 2100 1469 ut

519 1492 607 1543 uni
641 1489 926 1557 provinciae
949 1487 1002 1541 in
1033 1487 1256 1541 alteram
1284 1487 1372 1556 jus
1401 1485 1644 1552 daretur,
1671 1484 1936 1557 hujusque
1971 1501 2099 1540 sen-

519 1556 737 1614 tentiam
759 1600 775 1625 ,
805 1558 991 1614 eadem
1025 1559 1263 1628 neglecta
1314 1558 1582 1625 provincia
1605 1597 1619 1621 ,
1649 1556 1716 1610 ad
1756 1556 1980 1612 examen
2013 1558 2100 1612 illa

430 1643 442 1656 ⁵
519 1639 820 1686 revocaret.
861 1629 1007 1684 Viam
1039 1627 1418 1684 ecclesiastica:
1454 1627 1750 1696 disciplinae
1786 1643 1848 1682 ac
1872 1642 2100 1683 consue-

522 1703 690 1756 tttdiui
725 1701 892 1768 magis
919 1709 1300 1770 congruentem
1332 1699 1560 1754 inierant
1590 1701 1769 1766 paucis
1789 1710 1913 1753 ante
1940 1699 2101 1754 annis

519 1773 834 1828 Antiocheni
871 1771 1074 1835 Patres,
1105 1785 1424 1840 quamquam
1455 1779 1509 1824 et
1536 1770 2097 1826 catholicmdoctrinze

520 1857 574 1899 et
602 1855 788 1898 sancto
820 1843 1112 1896 Athanasio
1142 1840 1368 1908 infensi,
1394 1856 1515 1894 cum
1547 1856 1755 1896 canone
1785 1840 1852 1893 M
1889 1850 2094 1897 statue-

521 1925 646 1969 runt
691 1926 747 1968 ut
793 1913 860 1968 ad
895 1914 1153 1983 judicium
1195 1913 1262 1967 de
1297 1911 1549 1982 episcopo
1580 1912 1909 1979 habendutn,
1943 1913 2101 1966 dissi-

519 1986 768 2041 dentibus
797 1983 1334 2054 comprovincialibus
1360 1983 1644 2052 episcopis,
1674 1983 1861 2038 vicinae
1885 1983 2102 2054 provin-

518 2059 614 2110 ciae
658 2057 892 2125 episcopi
927 2053 1354 2118 iadvocarentur,
1390 2065 1444 2106 ut
1480 2071 1568 2124 per
1611 2069 1698 2107 eos
1739 2053 1892 2108 simul
1934 2063 1982 2107 et
2012 2069 2102 2120 per

519 2125 973 2197 comprovinciales
1016 2127 1276 2198 epismpos
1317 2127 1455 2196 quod
1501 2126 1696 2193 iustum
1733 2125 1897 2180 visum
1947 2129 2102 2196 fuerit

519 2200 850 2269 approbetur.

593 2268 728 2324 VIII.
774 2268 926 2338 Quod
967 2267 1209 2324 ordinem
1248 2265 1408 2323 trium
1448 2266 1663 2338 illorum
1705 2266 2101 2322 Sardiceusium

519 2337 1076 2410 canonumspectat,
1123 2338 1428 2410 conjectura
1476 2347 1559 2392 est
1605 2337 1745 2392 Petri
1792 2340 1982 2392 Marene
2010 2380 2024 2401 ,
2073 2354 2104 2393 ι

517 2411 725 2467 Joanne
773 2409 972 2466 Davide
1016 2409 1257 2476 laudata,
1293 2410 1526 2463 nativutn
1560 2423 1664 2463 non
1709 2423 1831 2463 esse
1866 2424 1986 2462 eum
2013 2411 2103 2479 qui

519 2498 663 2538 nunc
692 2484 743 2537 in
779 2483 1028 2538 omnibus
1058 2481 1275 2536 excusis
1305 2480 1790 2548 manuscriptisque
1829 2481 2105 2536 codicibus

518 2554 880 2623 conspicitur:
907 2554 1157 2607 nimirum
1184 2551 1469 2621 septimum
1491 2565 1749 2605 canonem
1774 2551 2103 2623 jungendum

517 2639 640 2680 esse
661 2622 830 2679 tertio
867 2635 923 2679 et
956 2636 1178 2693 quarto;
1233 2623 1397 2676 immo
1435 2624 1710 2677 contendit
1753 2622 1900 2676 solus
1939 2622 2103 2676 David

521 2705 716 2763 quarto
739 2709 860 2750 esse
892 2694 1330 2762 praeponendum.
1358 2693 1813 2762 Ctmjectationem
1842 2696 1995 2747 istam
2022 2693 2103 2748 vel

519 2767 620 2820 soli
642 2767 858 2821 codices
885 2765 1138 2820 Romante
1167 2764 1445 2828 Ecclesize,
1478 2779 1570 2818 seu
1600 2763 1975 2834 Dionysianus,
2008 2779 2103 2820 seu

519 2847 705 2892 noster
735 2837 1058 2908 Dionysiano
1086 2837 1377 2906 antiquior,
1414 2833 1652 2908 funditus
1679 2833 1949 2908 evertunt.
1976 2836 2105 2901 Quis

517 2909 662 2962 enim
703 2906 888 2963 credat
927 2908 1219 2963 Innocentii
1265 2923 1415 2977 parte
1455 2907 1472 2960 l
1505 2907 1832 2977 temporibus
1855 2947 1869 2971 ,
1899 2906 1952 2960 id
1983 2917 2063 2961 est
2086 2947 2102 2973 ,

516 2979 897 3050 quinquaginta
926 2989 980 3034 et
1005 2980 1239 3049 quinque
1267 2976 1423 3033 annis
1454 2988 1572 3048 post
1610 2976 1982 3050 Sardiceusem
2015 2992 2102 3049 sy-

515 3048 736 3116 nodum,
761 3048 958 3104 lautam
990 3048 1447 3119 perturbationem
1481 3051 1531 3103 iit
1565 3048 1806 3104 ordinem
1836 3048 2101 3104 canonum

515 3122 800 3186 invectam,
836 3132 926 3175 aut
950 3121 1290 3175 inemendata
1319 3121 1640 3190 exemplaria
1672 3121 1895 3174 Romani
1928 3132 2101 3174 trans-

515 3196 699 3260 missa,
737 3193 950 3265 1146
980 3193 1065 3247 vel
1094 3194 1161 3245 ab
1188 3191 1315 3265 Osio
1343 3195 1393 3244 in
1423 3193 1762 3265 Occidentem
1793 3207 1974 3265 secum
1993 3207 2097 3265 _ap-
2124 3199 2171 3264 α

516 3262 935 3334 portauit—Quis
957 3272 1105 3334 putet
1145 3266 1216 3317 ita
1255 3264 1304 3316 in
1346 3278 1533 3334 omnes
1575 3263 1791 3334 codices
1818 3262 2098 3326 irrepsisse

517 3333 788 3399 errorem,
837 3347 894 3389 tit
933 3333 1191 3405 quotquot
1236 3350 1299 3388 ett
1343 3333 1608 3405 omnibus
1637 3333 1816 3385 ttittiidi
1861 3334 2098 3400 partibus

517 3407 687 3476 videri
729 3404 1002 3476 hucusque
1043 3405 1294 3474 contigit,
1328 3420 1390 3458 ea
1439 3404 1643 3457 ordinis
1686 3405 1991 3457 inversione
2022 3406 2096 3457 la-

517 3475 853 3542 boraverint;
879 3479 1054 3532 nullus
1072 3479 1357 3547 genuinam
1387 3490 1649 3530 canonum
1681 3476 1874 3547 seriem
1899 3489 2100 3542 reprae-

517 3549 730 3603 sentet?
757 3545 1112 3603 Audaeiorem
1146 3550 1302 3618 igitur
1330 3562 1489 3602 netno
1515 3553 1599 3599 est
1622 3545 1712 3614 qui
1737 3561 1838 3598 n0n
1867 3560 2100 3618 pronun-

515 3618 610 3674 tiet
642 3620 1039 3688 conjecturam,
1067 3617 1224 3688 quam
1255 3633 1352 3672 nec
1386 3618 1488 3688 ulla
1521 3618 1812 3688 necessitas
1843 3617 2095 3684 postulat,

515 3706 614 3745 nec
667 3687 994 3759 prebabiletn
1043 3687 1167 3742 facit
1218 3690 1319 3742 ulla
1353 3687 1758 3759 ratioriidouea,
1815 3703 1914 3740 nec
1960 3688 2100 3742 ullus

516 3758 684 3816 codett
712 3779 814 3815 non
844 3761 1111 3830 reprobat.
1143 3760 1293 3825 Quod
1327 3759 1470 3814 enim
1505 3758 1716 3811 illorum
1748 3759 1905 3811 triutn
1937 3773 2101 3812 cauo-

515 3848 642 3886 num
681 3832 867 3887 eadem
899 3829 981 3886 est
1011 3833 1293 3896 materies;
1327 3830 1467 3898 quod
1501 3830 1796 3897 praesertim
1827 3829 2012 3882 tertius
2045 3839 2101 3884 et

514 3905 774 3972 septimus
806 3919 968 3958 unum
1010 3903 1260 3971 idemque
1289 3901 1566 3963 deliniunt,
1596 3898 1767 3969 arguit
1803 3900 1979 3966 potius
2012 3901 2094 3954 in-

513 3975 735 4045 terjecto
763 3985 1004 4044 tempore
1030 3973 1204 4029 editos
1229 3988 1368 4039 esse,
1401 3987 1556 4042 quam
1587 3986 1689 4024 una
1716 3973 1856 4025 serie
1898 3985 1960 4025 ac
1991 3987 2094 4026 una

2125 1813 2174 1871 Β

2204 509 2310 562 que
2335 492 2615 564 occasione
2647 489 2922 548 definitum
2951 489 3095 547 esset
3121 489 3374 564 quidquid
3401 498 3641 564 utroque
3664 506 3780 549 cou-

2207 560 2432 631 tinetur,
2480 563 2534 618 in
2582 580 2742 617 unum
2787 560 3145 631 eumdemque
3179 576 3441 616 canonem
3479 560 3777 631 conjectum

2204 644 2366 691 esset.
2389 635 2505 689 Duo
2528 649 2686 705 porro
2715 633 2836 690 ideo
2861 633 2982 688 facti
3007 643 3151 699 sunt,
3177 633 3299 704 quia
3331 642 3452 705 post
3479 632 3666 705 aliqua
3689 635 3779 690 alia

2205 707 2256 778 in
2292 706 2498 778 synodo
2529 703 2805 778 ventilata,
2838 707 2985 778 venit
3011 709 3076 778 in
3091 703 3321 778 mentem
3353 703 3595 778 episc0pi
3626 704 3776 778 alicu-

2198 775 2288 844 jus
2321 775 2497 845 priora
2535 777 2748 832 decreta
2788 776 3108 832 revolventis
3142 775 3259 831 haec
3296 777 3438 831 tertii
3470 775 3698 830 canonis
3724 781 3780 833 de

2203 848 2446 904 Romano
2495 849 2746 918 episcopo
2795 848 2989 916 verba,
3035 849 3117 902 det
3160 847 3383 917 iudices,
3430 848 3780 902 contractiora

2205 935 2346 984 esse,
2379 935 2479 975 nec
2510 919 2735 975 formam
2761 919 2946 989 judicii
2979 919 3048 976 de
3079 933 3181 988 quo
3211 918 3469 989 agebatur
3497 918 3639 989 satis
3670 933 3781 988 ape-

2204 991 2311 1044 rire
2343 1008 2354 1042 :
2387 989 2509 1045 hinc
2542 986 2827 1060 postulavit
2857 991 2948 1046 ille
2982 986 3571 1060 canonemfexplicari,
3608 986 3780 1045 condi-

2205 1061 2487 1130 tionesque
2511 1059 2695 1132 judicii
2716 1062 2784 1116 de
2809 1077 2946 1117 novo
2976 1059 3260 1116 ordinandi
3289 1059 3598 1132 distinctius
3620 1060 3780 1126 expri-

2206 1133 2308 1195 mi;
2340 1133 2480 1202 quod
2511 1130 2566 1188 et
2593 1133 2842 1202 obtinuit,
2875 1133 3092 1190 condito
3123 1146 3246 1188 eum
3284 1132 3335 1186 in
3365 1130 3530 1187 finem
3561 1132 3779 1202 septimo

2204 1217 2430 1258 canone.

2277 1274 2345 1328 At
2379 1285 2562 1330 contra
2604 1284 2876 1344 argutatur
2917 1274 3082 1330 David
3122 1289 3188 1330 ex
3235 1272 3317 1328 his
3349 1273 3578 1328 canonis
3621 1277 3774 1343 quarti

2204 1347 2382 1400 verbis
2421 1365 2433 1399 :
2475 1345 2814 1410 Addendum,
2857 1347 2900 1400 si
2941 1345 3131 1414 placet,
3169 1346 3289 1399 huic
3329 1345 3602 1400 sententia:
3646 1361 3777 1415 quatit

2207 1417 2409 1486 plenam
2443 1419 2714 1472 sanctitate
2745 1417 3055 1486 protulistis,
3084 1425 3138 1470 ut
3163 1432 3279 1470 cum
3313 1417 3506 1486 aliquis
3526 1417 3778 1486 episcopis

2204 1490 2467 1557 depositus
2495 1489 2669 1556 fuerit,
2702 1498 2809 1544 etc.
2836 1490 2914 1542 Ex
2937 1488 3039 1553 his,
3072 1487 3240 1557 inquit
3263 1530 3277 1550 ,
3310 1488 3490 1543 verbis
3516 1489 3776 1542 evidenter

2206 1561 2444 1627 sequitur
2483 1575 2742 1614 canonem
2782 1561 2871 1629 qui
2918 1568 3108 1629 quarto
3155 1560 3278 1612 huic
3315 1558 3543 1628 przeibat
3597 1558 3773 1628 aliquid

2205 1631 2455 1685 statuisse
2486 1631 2628 1685 circa
2666 1631 3056 1699 depositionem
3088 1629 3348 1699 episcopi.
3376 1629 3454 1685 De
3485 1629 3590 1683 hac
3619 1638 3774 1684 tamen

2206 1702 2335 1755 nihil
2380 1716 2596 1768 prorsus
2638 1703 2688 1756 in
2733 1702 2888 1755 tertio
2913 1715 3146 1766 canone;
3192 1701 3338 1754 solus
3371 1701 3637 1769 septimus
3675 1715 3770 1753 eam

2205 1787 2459 1840 expresse
2487 1774 2714 1842 attingit.
2739 1772 2903 1841 Igitur
2929 1772 3190 1841 septimus
3213 1785 3383 1825 canon
3412 1779 3610 1838 quarto
3637 1770 3771 1825 debet

2207 1843 2476 1913 praemitti.
2502 1844 2684 1912 Nugte,
2709 1859 2895 1912 nugae;
2921 1843 2974 1897 in
2994 1843 3141 1896 nullo
3167 1843 3310 1897 enim
3339 1843 3500 1896 trium
3529 1857 3768 1898 canonum

2207 1915 2495 1983 quidquam
2524 1914 2590 1968 de
2615 1914 2949 1983 depositione
2972 1913 3310 1979 decernitur;
3335 1913 3431 1968 sed
3454 1929 3574 1968 eam
3606 1929 3766 1968 omnes

2208 1995 2534 2054 supponunt.
2559 1985 2670 2038 Iloe
2697 1986 2908 2039 caeteris
2935 1985 3166 2055 amplius
3195 1984 3356 2040 habet
3385 2000 3557 2040 canon
3584 1985 3764 2049 tertius,

2207 2056 2348 2124 quod
2379 2070 2565 2110 omnes
2592 2057 2809 2110 omnino
2852 2057 3222 2124 episcoporum
3259 2057 3629 2125 complectitur
3652 2071 3762 2109 cau-

2208 2142 2295 2181 sas
2324 2128 2376 2181 in
2407 2128 2598 2197 quibus
2636 2129 2725 2194 qui
2767 2141 2924 2181 causa
2963 2126 3267 2194 cecidisset,
3297 2127 3367 2182 de
3398 2127 3554 2181 altero
3573 2127 3756 2193 judicio

2209 2196 2524 2266 appellando
2562 2198 2722 2253 vellet
2769 2202 3004 2266 cogitare
3045 2215 3060 2253 :
3102 2213 3236 2267 quas
3266 2197 3409 2252 inter
3436 2196 3635 2252 dubium
3661 2211 3754 2250 non

2206 2277 2293 2324 est
2340 2269 2567 2337 primum
2607 2284 2726 2324 eam
2757 2268 2934 2323 locum
2973 2278 3178 2333 tenere,
3211 2270 3264 2323 in
3301 2283 3403 2336 qua
3441 2267 3757 2337 depositionis

2208 2355 2365 2409 poena
2409 2341 2549 2394 illata
2580 2349 2720 2394 esset
2749 2342 3020 2410 episcopo.
3060 2339 3116 2394 Id
3156 2340 3320 2408 probe
3351 2339 3617 2395 intellexit
3639 2338 3767 2410 ὓὶιιτ

2208 2411 2418 2465 dentius
2462 2411 2752 2477 significari
2799 2409 2985 2476 primis
3018 2414 3242 2466 canonis
3276 2411 3459 2465 verbis
3499 2429 3513 2464 :
3556 2410 3688 2477 Quod
3727 2409 3766 2462 si

2207 2482 2391 2553 aliquis
2422 2483 2746 2547 adiudicatus
2777 2481 2933 2552 fuerit
2969 2483 3239 2551 episcopus
3271 2498 3320 2536 IN
3353 2496 3550 2546 auom
3580 2497 3728 2553 ctust
3751 2522 3764 2547 ,

2209 2554 2309 2608 hoc
2339 2562 2441 2620 σεε,
2468 2555 2519 2606 in
2543 2553 2781 2621 qualibet
2809 2568 2966 2607 causa
3000 2570 3014 2606 :
3046 2553 3185 2607 unde
3216 2553 3512 2621 postulavit
3543 2562 3596 2608 ut
3619 2552 3666 2606 in
3692 2553 3769 2606 de-

2208 2624 2488 2693 positionis
2521 2639 2712 2690 causa,
2747 2639 2864 2693 quae
2908 2639 3007 2678 una
3051 2624 3259 2678 illarum
3292 2634 3347 2680 et
3374 2623 3594 2694 quidem
3622 2624 3767 2690 major

2207 2705 2341 2763 erat,
2377 2696 2425 2749 id
2455 2697 2833 2750 decerneretur
2856 2695 3016 2762 (quod
3047 2695 3100 2748 in
3131 2694 3248 2749 aliis
3279 2695 3457 2750 Ineunt
3492 2711 3596 2750 non
3627 2694 3769 2748 habe-

2208 2765 2350 2837 bat),
2387 2781 2455 2820 ne
2491 2767 2615 2820 dum
2647 2766 3056 2836 appellationem
3085 2780 3235 2820 suam
3266 2767 3410 2837 apud
3442 2765 3770 2834 apostolicam

2208 2840 2390 2893 sedem
2420 2841 2762 2907 prosequitur.
2791 2838 3062 2904 depositus
3101 2837 3415 2907 episcopus,
3447 2841 3589 2893 alius
3624 2839 3669 2892 ei
3698 2853 3772 2889 su-

2210 2909 2603 2976 perordinetur,
2626 2908 2798 2963 donec
2826 2922 2892 2961 an
2921 2909 3262 2976 appellationi
3288 2909 3438 2964 locus
3470 2909 3694 2973 dandus,
3713 2921 3769 2962 att

2209 2981 2374 3046 priori
2405 2979 2651 3033 standum
2682 2980 2914 3046 judicio,
2942 2981 3198 3034 decernat
3224 2994 3288 3034 ex
3321 2981 3582 3036 mandato
3605 2978 3773 3050 synodi

2207 3051 2480 3106 Romanus
2513 3050 2778 3118 pontifex,
2805 3065 2999 3120 resque
3034 3050 3249 3105 demunt
3281 3060 3390 3106 tota
3421 3066 3569 3107 novo
3586 3050 3772 3121 judicio

2209 3123 2616 3177 detertninetur.

2275 3193 2363 3248 IX.
2391 3192 2726 3248 Conlirmato
2746 3191 2912 3246 semel
2939 3193 3156 3261 antiquo
3181 3206 3244 3247 ac
3265 3193 3504 3263 genuino
3531 3205 3775 3248 canonum

2204 3265 2428 3320 istorum
2459 3263 2646 3318 ordine
2667 3303 2681 3328 ,
2714 3277 2809 3332 pro
2835 3278 2942 3332 quo
2972 3277 3168 3317 novum
3195 3263 3434 3320 Joannes
3476 3265 3641 3320 David
3678 3277 3774 3318 non

2203 3337 2307 3391 alio
2337 3336 2515 3389 animo
2559 3336 2837 3402 supposuit
2865 3349 3022 3404 quam
3053 3343 3113 3389 ut
3144 3337 3413 3390 novellam
3452 3351 3598 3390 suam
3644 3351 3780 3390 con-

2205 3416 2506 3476 tortamque
2535 3405 2749 3460 illorum
2779 3407 3278 3472 interpretationem
3309 3419 3593 3474 utcumque
3623 3406 3777 3460 fulci-

2203 3489 2307 3545 ret,
2349 3479 2454 3544 jam
2495 3492 2589 3544 per
2618 3492 2676 3531 se
2709 3477 2815 3530 ruit
2841 3477 3125 3532 mdiﬁcatio
3163 3476 3313 3545 haec,
3343 3477 3490 3546 cujus
3519 3478 3781 3532 dimotum

2205 3560 2283 3604 est
2321 3547 2526 3619 1147
2563 3547 2981 3602 fundamentum.
3015 3547 3129 3619 Duo
3156 3559 3281 3603 sunt
3306 3559 3472 3602 autem
3502 3563 3615 3616 quas
3647 3546 3779 3600 inde

2203 3617 2464 3688 consequi
2486 3617 2828 3673 manifestum
2856 3629 2955 3674 est.
2988 3617 3188 3686 Unum,
3225 3635 3319 3674 non
3341 3619 3616 3688 genuinam
3646 3629 3776 3671 esse

2208 3687 2725 3758 interpretationem,
2751 3705 2868 3758 quae
2897 3689 3107 3744 delendi
3137 3706 3243 3745 nou
3274 3687 3454 3759 possit,
3481 3688 3577 3744 nisi
3597 3687 3788 3743 iuver-

2205 3777 2264 3815 so
2287 3775 2548 3816 canonum
2581 3761 2790 3826 ordine,
2815 3771 2999 3816 contra
3026 3761 3265 3816 omnium
3295 3763 3535 3816 codicum
3555 3774 3781 3816 excuso-

2204 3847 2320 3886 rum
2354 3843 2404 3886 et
2436 3848 2564 3885 mss.
2593 3832 2785 3896 fidem;
2817 3841 3002 3886 contra
3032 3832 3344 3888 Latinorum
3368 3831 3784 3902 Graecorumque

2203 3908 2526 3974 scriptorum
2552 3902 2814 3967 omnium,
2842 3905 2928 3972 qui
2960 3917 3197 3958 canones
3225 3905 3359 3959 istos
3383 3905 3466 3958 vel
3487 3904 3787 3967 ediderunt,

2203 3975 2286 4030 vel
2317 3975 2849 4043 interpretationibus
2875 3989 2939 4029 ae
2967 3975 3078 4029 suis
3107 3975 3512 4031 commentariis
3549 3975 3783 4031 illustra-

1501 4120 1509 4126 ι
1563 4085 2122 4144 BALLERINIORUM
2161 4087 2707 4144 ANNO'I‘ATIONES.

581 4188 656 4262 (a)
688 4188 947 4243 Nonnulla
982 4186 1065 4241 hic
1097 4184 1329 4241 notanda
1356 4193 1632 4262 suntquae
1665 4182 1717 4237 in
1749 4181 2093 4262 [observatio-

515 4253 673 4316 nibus
696 4262 870 4315 locum
897 4267 1252 4327 opportunum
1287 4272 1390 4310 non
1426 4255 1713 4309 habebunt.
1747 4253 2094 4327 sardieenses

513 4347 747 4386 canones
779 4346 884 4384 non
928 4324 1034 4382 uno
1076 4330 1371 4397 eodemque
1403 4336 1673 4394 tempore,
1716 4324 1807 4378 scd
1836 4325 2090 4390 diverso,

514 4411 672 4470 atque
697 4407 906 4454 actione
933 4400 1083 4466 quasi
1112 4401 1357 4452 distincta
1392 4397 1554 4470 fuisse
1578 4398 1900 4470 consntutos
1923 4437 1938 4460 ,
1976 4409 2090 4470 tne-

515 4466 633 4524 ruut
657 4481 739 4524 est
766 4480 1149 4535 commentum,
1178 4472 1315 4532 quod
1344 4468 1486 4521 nullo
1512 4469 1622 4520 sive
1644 4466 1950 4521 Grateorum
1974 4467 2095 4521 sive

515 4541 824 4595 Latinorum
843 4540 1084 4594 eodicum
1109 4549 1200 4590 aut
1220 4539 1513 4592 editionum
1543 4539 1738 4590 indicio
1760 4537 2090 4604 probabitur.

516 4612 716 4666 Omnes
741 4613 882 4664 enim
916 4609 966 4661 hi
999 4623 1232 4662 canones
1261 4625 1365 4661 uno
1395 4615 1650 4660 contextu
1675 4606 1899 4659 diversis
1929 4608 2093 4660 inter-

517 4682 878 4736 locutionibus
921 4679 1260 4748 proferuntttr
1291 4719 1305 4744 ,
1354 4677 1494 4746 quod
1547 4678 1701 4730 unius
1746 4676 2092 4748 ejusdemque

513 4753 740 4807 actionis
777 4746 1049 4820 proprium
1076 4759 1157 4803 est
1189 4767 1200 4800 :
1233 4759 1286 4801 ut
1326 4750 1376 4802 in
1407 4749 1522 4800 aliis
1551 4750 1853 4820 caminibus
1882 4746 2089 4802 Africa-

513 4839 702 4878 narum
732 4819 1060 4894 synodorum
1088 4820 1333 4894 similiter
1376 4820 1670 4894 propositis
1691 4819 1883 4894 accidit
1909 4861 1922 4884 ,
1957 4834 2091 4887 quos

513 4895 699 4950 eadem
737 4888 948 4947 a'ctioue
989 4891 1232 4945 conditos
1279 4905 1437 4944 nemo
1480 4888 1715 4958 ambigit.
1761 4891 1891 4943 Cum
1931 4904 2091 4958 porro

511 4966 618 5021 duo
647 4966 840 5020 fuerint
876 4979 1137 5018 canonum
1165 4961 1560 5016 Sardiceusium
1593 4961 1869 5029 originalia
1909 4977 2092 5015 erem-

513 5039 630 5107 pla,
675 5054 838 5091 unum
879 5036 1123 5107 Latinum
1171 5049 1266 5107 pro
1310 5033 1547 5107 Latinis,
1581 5032 1825 5107 Gt'tecum
1858 5032 2088 5107 alterum

511 5102 609 5178 pro
637 5108 876 5175 Graecis,
923 5116 979 5161 ut
1015 5104 1315 5178 palam__liet
1349 5121 1415 5160 ex
1460 5104 1698 5159 dicendis
1746 5113 1876 5178 tom.
1921 5102 1992 5157 Ill
2034 5107 2087 5157 in

513 5175 741 5234 tractatu
787 5181 854 5234 de
899 5175 1347 5240 Collectionibus,
1394 5185 1531 5244 part.
1581 5191 1627 5242 ι,
1659 5191 1774 5243 cap.
1821 5175 1883 5240 5,
1914 5189 2086 5230 canon

511 5253 651 5320 apud
680 5252 894 5305 Latinos
935 5250 1190 5320 septimus
1226 5248 1281 5320 in
1323 5247 1524 5320 Graecis
1567 5247 1846 5320 eatenthis,
1871 5248 2088 5314 quintus

511 5317 616 5387 est,
646 5323 836 5377 canoni
868 5317 1054 5391 quarto
1080 5317 1402 5374 Gaudentius
1434 5317 1737 5373 immediate
1768 5317 2042 5391 subjectus
2069 5333 2084 5371 :

551 5410 598 5446 Ill
629 5408 758 5448 sane
787 5389 920 5447 ordo
953 5391 1261 5447 continuam
1301 5391 1494 5445 seriem
1532 5403 1797 5444 canonum
1839 5389 1905 5442 ad
1938 5403 2088 5442 eam-

551 5410 598 5446 ut
629 5408 758 5448 sane
787 5408 920 5447 oruo
953 5408 1261 5447 continuam
1301 5408 1494 5445 seriem
1532 5408 1797 5444 canonum
1839 5408 1905 5442 au
1938 5408 2082 5442 eam-

510 5408 633 5518 dem
683 5475 957 5519 materiem
1005 5463 1382 5530 pertinentium
1425 5461 1719 5516 evidentius
1767 5459 2082 5530 pratl'erens,

511 5537 716 5607 sequior
745 5536 974 5607 videtur.
1006 5534 1158 5600 Quod
1194 5533 1247 5607 si_
1278 5535 1396 5607 quis
1431 5545 1689 5607 canonem
1735 5540 2017 5607 septimum
2053 5546 2084 5584 a

511 5600 704 5678 quarto
733 5605 1054 5678 disjunctutn
1074 5600 1430 5678 _eum_I..:itinis
1445 5602 1718 5678 codicibus
1742 5601 1914 5678 malit,
1943 5600 2085 5678 hunc

515 5671 723 5732 duobus
754 5671 869 5731 aliis
897 5675 1191 5730 canonibus
1215 5673 1508 5743 ittterjeetis
1534 5674 1720 5728 eadem
1746 5673 1956 5726 actione
1985 5671 2084 5725 ad-

517 5749 686 5802 dittnn
719 5749 880 5801 fuisse
909 5747 976 5802 ab
1002 5747 1128 5800 Osio
1167 5746 1346 5799 dicere
1385 5744 1630 5809 debebit,
1670 5759 1777 5798 non
1817 5757 1944 5798 vero
1981 5743 2083 5798 alia

513 5828 685 5892 qostet
700 5817 797 5872 iori
819 5817 1026 5873 actione
1046 5816 1410 5872 constitutum.
1435 5815 1613 5882 Neque
1634 5830 1815 5870 verum
1841 5822 1924 5871 est
1942 5813 2084 5886 quod

2199 4182 2285 4236 hic
2322 4181 2643 4249 Quesnellus
2685 4181 2962 4245 obtrudit,
3011 4181 3168 4237 tertio
3211 4196 3274 4236 ac
3316 4185 3554 4252 septimo
3587 4195 3786 4238 canone

2200 4271 2358 4307 unum
2397 4253 2629 4324 idemque
2669 4254 2834 4308 fuisse
2883 4254 3159 4308 definitum
3182 4294 3197 4318 ,
3224 4253 3360 4308 adeo
3398 4265 3458 4310 tit
3481 4296 3496 4319 .
3524 4255 3572 4309 si
3610 4255 3788 4310 eodem

2201 4334 2476 4389 tempore,
2512 4339 2605 4378 seu
2635 4332 2818 4379 eadem
2862 4328 3072 4380 actione
3101 4334 3355 4378 statutum
3399 4325 3596 4381 fuisset
3639 4325 3789 4394 quid-

2198 4397 2324 4466 quid
2356 4397 2408 4448 in
2436 4403 2664 4462 utroque
2695 4397 3018 4467 continetur,
3063 4398 3115 4450 in
3157 4412 3313 4449 unum
3341 4398 3683 4467 eamdemque
3715 4413 3790 4450 ca-

2199 4465 2383 4521 nonem
2426 4469 2708 4538 conjectum
2739 4477 2887 4520 esset.
2921 4465 3052 4520 Nam
3093 4482 3262 4538 canon
3305 4465 3680 4535 septimuside
3708 4484 3792 4536 ap-

2204 4537 2751 4607 pellatione’proprie
2807 4538 2951 4592 dicta
3001 4538 3065 4591 ad
3119 4537 3421 4592 Romanum
3480 4539 3789 4606 pontificem

2202 4609 2337 4678 agit,
2371 4611 2438 4664 de
2465 4625 2564 4678 qua
2606 4609 2738 4663 nihil
2770 4623 2976 4662 canone
3005 4609 3191 4673 tertio,
3224 4617 3281 4662 ut
3309 4608 3361 4662 in
3389 4610 3793 4665 observationi-

2201 4681 2300 4734 bus
2330 4681 2393 4733 ad
2429 4679 2642 4733 dissert.
2679 4681 2712 4734 5
2744 4681 2910 4747 ipsius
2941 4679 3208 4746 Quesnelli
3239 4694 3360 4743 cap.
3393 4679 3459 4744 6,
3493 4697 3654 4735 num.
3688 4681 3737 4744 7,
3766 4680 3797 4736 8

2200 4761 2253 4804 et
2287 4751 2340 4815 9,
2371 4749 2540 4803 fusius
2568 4751 2922 4806 ostendimus.
2959 4753 3031 4805 De
3065 4752 3162 4804 hac
3190 4751 3563 4820 appellati-tne
3590 4758 3797 4820 proprie

2201 4822 2338 4875 dicta
2372 4821 2649 4893 ad_sedem
2681 4825 3039 4893 apostolicam,
3057 4831 3176 4889 post
3198 4821 3502 4893 secundum
3532 4824 3795 4893 judicium

2200 4903 2383 4960 egerat
2431 4891 2762 4948 Gaudentius
2787 4935 2801 4957 ,
2841 4909 2962 4950 ean.
3014 4890 3067 4944 4.
3119 4892 3275 4945 Osius
3317 4890 3546 4959 autem,
3595 4910 3716 4950 can.
3748 4895 3795 4959 '7,

2199 4963 2332 5017 alias
2364 4963 2432 5028 5,
2460 4962 2572 5032 agit
2615 4963 2685 5018 de
2724 4963 2910 5019 eadem
2959 4963 3323 5032 appellatione
3368 4973 3493 5030 post
3532 4966 3797 5034 judicium

2199 5036 2463 5104 primum,
2501 5043 2558 5086 ut
2598 5034 2790 5089 ibidem
2834 5034 3087 5102 vidimus,
3131 5049 3276 5087 num.
3311 5035 3381 5090 10
3429 5051 3442 5106 ξ
3483 5051 3559 5090 ex
3612 5038 3800 5106 quibus

2203 5113 2345 5174 patet
2364 5115 2619 5174 quantum
2651 5120 2820 5159 canon
2851 5106 3112 5174 septimus
3137 5120 3168 5159 a
3195 5115 3388 5174 quarto
3415 5105 3725 5172 discrepet,
3752 5117 3800 5161 et

2193 5191 2352 5241 quam
2407 5177 2546 5230 male
2590 5177 2728 5230 alter
2755 5177 2823 5230 ab
2861 5177 3030 5230 altero
3081 5184 3410 5246 temperatus
3459 5179 3801 5235 venditetur.

2189 5246 2380 5316 Negari
2410 5247 2627 5317 quidem
2661 5248 2848 5319 nequit
2883 5247 3066 5302 Osium
3118 5247 3172 5302 in
3215 5247 3440 5319 judiciis
3466 5251 3805 5319 appellatio-

2191 5318 2406 5390 nutnad
2442 5319 2738 5390 Romanum
2770 5318 3079 5388 episcopum
3109 5334 3205 5390 eos,
3231 5318 3423 5373 modos
3446 5318 3803 5390 cognosceng

2189 5389 2242 5443 di
2286 5388 2548 5464 ejusmodi
2595 5391 2894 5464 causasuin
2947 5389 3240 5458 provinciis
3279 5388 3692 5464 proposuisse,
3720 5389 3810 5464 qui

2189 5461 2551 5535 expeditiores
2599 5469 2655 5515 et
2705 5461 2971 5516 faciliores
3005 5471 3157 5527 sunt;
3189 5476 3295 5515 non
3325 5475 3456 5516 vero
3492 5461 3807 5535 quidquam

2190 5532 2513 5595 decrevisse,
2543 5546 2650 5601 quo
2678 5547 2851 5586 canon
2884 5539 3104 5599 quartus
3136 5532 3557 5598 retractaretur,
3592 5532 3695 5589 aut
3725 5536 3806 5590 la-

2187 5603 2361 5676 cultas
2387 5603 2883 5676 cognoscendarum
2896 5617 3202 5676 kcausarum
3240 5614 3392 5676 extra
3411 5607 3812 5676 provinciam,

2191 5675 2281 5731 ubi
2310 5674 2558 5749 videatur
2584 5674 2866 5749 expedire,
2896 5673 3152 5749 Romanis
3181 5673 3535 5749 pontificibus
3571 5673 3816 5749 negare;

2187 5753 2277 5802 tur
2310 5761 2322 5776 '
2354 5760 2458 5822 qua
2489 5745 2557 5803 de
2585 5760 2643 5802 re
2667 5745 2790 5803 vide
2817 5745 3059 5814 obserm,
3082 5745 3200 5802 loco
3224 5746 3476 5817 allegato,
3511 5745 3688 5806 nutri.
3723 5749 3818 5809 η.
