3994 6310
224 358 323 419 681

1240 348 1547 413 DISSERT.
1591 350 1719 408 VIII.
1762 349 1851 410 DE
1887 349 2117 410 CAUSA
2153 346 2491 408 FLAVIANI.

3363 347 3472 409 σεε

221 482 379 541 runt,
401 470 691 544 judicium;
721 477 904 529 contra
932 459 1357 544 antiquissimum
1389 467 1645 544 Ecclesiae
1672 466 1782 544 ito-
1811 467 1865 530 Α
1887 467 2088 523 inserto
2117 464 2448 544 intelligitur,
2479 464 2567 534 qui
2596 465 2757 544 sic__se
2779 464 2941 521 habet
2960 463 3022 544 _in
3053 473 3254 544 nostro_
3258 467 3428 523 veteri
3455 483 3471 544 ε

220 538 424 609 manat,
461 543 613 613 cujus
651 552 829 610 partes
867 538 1105 597 maxime
1146 549 1395 610 aguntur,
1423 538 1785 594 testimonium

222 630 289 670 ex
313 624 537 684 utroque
564 613 747 684 codice
772 626 1078 681 erumpens.

295 681 532 739 Alterum
560 683 685 739 inde
720 692 1130 739 consectaneum
1164 690 1276 747 est,
1307 690 1541 736 mentem
1572 681 1789 735 concilii

222 753 557 810 Sardicensis
596 770 703 809 non
733 764 837 808 tam
874 768 939 809 ex
977 751 1423 807 contractioribus
1465 752 1791 807 obscuriori-

221 826 428 895 busque
459 825 536 895 (a)
560 825 785 895 canonis
818 824 960 895 tertii
990 833 1045 879 et
1070 824 1247 892 quarti
1274 822 1493 895 verbis,
1530 837 1686 895 quam
1725 838 1792 877 ex

222 892 411 949 fusiori
442 892 761 963 clariorique
799 894 1110 949 definitione
1150 893 1364 962 septimi
1401 908 1523 949 esse
1562 892 1793 963 investi-

222 964 468 1034 gandam.
503 962 833 1021 Posteriores
860 965 1000 1019 enim
1028 964 1378 1034 cogitationes
1409 962 1673 1032 prioribus
1701 963 1795 1017 de-

223 1033 430 1104 rogant,
460 1046 515 1091 et
559 1051 627 1092 ex
675 1034 1055 1103 posterioribus
1095 1033 1325 1089 decretis
1364 1035 1602 1104 priorum
1645 1034 1788 1104 acci-

224 1103 415 1173 pienda
444 1105 811 1173 interpretatio
838 1114 922 1160 est
958 1124 973 1160 :
1013 1106 1112 1159 nisi
1150 1104 1521 1158 communibus
1543 1103 1681 1172 juris
1707 1103 1789 1157 le-

221 1174 395 1245 gibus,
427 1176 806 1244 communique
826 1176 927 1242 ipsi
957 1174 1412 1245 sensuinuntium
1442 1173 1578 1227 velis
1600 1173 1792 1245 remit-

223 1243 356 1300 tere.
386 1245 441 1301 Si
471 1247 653 1316 igitur,
676 1243 817 1316 quod
838 1245 1111 1300 contendit
1140 1244 1328 1307 David,
1353 1245 1526 1316 minus
1548 1243 1797 1316 tribuitur

223 1316 459 1385 pontiﬁci
484 1312 730 1371 Romano
756 1315 825 1385 in,
842 1316 1001 1369 tertio
1026 1328 1231 1369 canone
1259 1328 1417 1383 quam
1448 1312 1503 1367 in
1531 1312 1797 1385 septimo,

223 1383 400 1440 ininus
419 1388 580 1441 etiam
612 1387 665 1439 in
696 1384 924 1451 septimo
953 1399 1111 1450 quam
1139 1385 1191 1438 in
1220 1391 1409 1453 quarto
1441 1399 1453 1435 :
1485 1397 1607 1453 cum
1638 1383 1801 1448 septi-

222 1470 341 1510 mus
370 1457 559 1511 ultimo
590 1456 712 1511 loco
737 1454 807 1509 sit
827 1454 1074 1508 conditus
1092 1494 1106 1515 .
1132 1469 1198 1509 ex
1227 1452 1294 1509 eo
1320 1452 1545 1522 petenda
1566 1460 1650 1507 est
1677 1467 1800 1520 pro-

220 1525 311 1580 cul
340 1526 506 1581 dubio
537 1527 774 1594 priorum
812 1525 1151 1593 intelligentia
1171 1564 1188 1591 ,
1220 1532 1275 1579 et
1304 1524 1370 1577 ad
1397 1522 1554 1594 hujus
1582 1523 1799 1590 septimi

220 1609 444 1651 sensum
503 1593 839 1650 reducendus
888 1595 1114 1649 aliorum
1164 1608 1373 1649 sensus.
1434 1593 1541 1647 Nec
1597 1602 1799 1647 temere

221 1665 367 1735 quis,
410 1664 496 1719 his
521 1664 889 1730 consideratis,
919 1663 1279 1735 putaverit(b)
1305 1664 1583 1735 episcopos
1610 1661 1801 1735 Orien-

221 1733 393 1805 tales,
427 1736 522 1805 qui
549 1734 753 1803 synodo
783 1733 1092 1805 intererant.
1122 1733 1606 1805 anitnadvertentes
1635 1733 1796 1805 verba

224 1803 346 1885 haec
391 1802 550 1885 tertii
580 1802 817 1885 canonis,
847 1803 931 1857 det
950 1874 961 1885 ο
966 1804 1195 1885 Ῐαάὲρερ,
1215 1818 1342 1885 qua:
1387 1802 1519 1884 nihil
1568 1802 1635 1857 de
1678 1802 1799 1857 loco

225 1872 506 1945 famaque
530 1875 715 1945 judicii
751 1872 1128 1945 praescribunt,
1159 1872 1473 1945 latissimum
1499 1872 1801 1945 jusocreare

220 1942 485 2014 pontillci,
519 1942 977 2014 praevidentesque
998 1942 1110 1998 lore
1138 1944 1447 2012 aliquando,
1478 1950 1536 2014 ut
1556 1943 1607 1996 vi
1640 1942 1799 2012 hujus

219 2011 425 2067 decreti
462 2011 642 2068 causae
683 2011 917 2068 Orientis
958 2014 1014 2068 in
1050 2011 1395 2068 Occidentem
1436 2011 1799 2079 traherentur,

218 2096 285 2137 ac
312 2096 411 2151 pro
449 2083 608 2138 unius
646 2082 870 2153 arbitrio
914 2083 1175 2153 pontiﬁcis
1206 2084 1648 2149 terminarentur,
1682 2097 1803 2139 sese

218 2161 653 2219 commoverunt,
681 2152 1052 2224 petieruntque
1081 2163 1139 2208 ut
1157 2155 1289 2209 certi
1318 2154 1514 2209 limites
1542 2169 1803 2223 poneren-

219 2230 311 2295 tur
324 2238 601 2295 concesso
646 2223 923 2295 privilegio
946 2223 975 2291 ,⁷
1005 2239 1121 2295 nec
1145 2234 1297 2280 extra
1340 2224 1806 2295 suasprovincias

219 2291 611 2365 iudicarentur.
649 2291 924 2365 ’Augebat
980 2294 1341 2365 suspicionem
1384 2291 1754 2365 Orientalium
1787 2334 1805 2361 ,

221 2364 369 2434 quod
394 2364 727 2420 Gaudentius
758 2364 860 2434 (c),
889 2379 1047 2432 quem
1080 2364 1242 2419 unum
1277 2379 1343 2419 ex
1370 2364 1806 2420 Occidentalibus

222 2433 390 2490 fuisse
436 2443 491 2489 et
535 2448 745 2505 nomen
774 2433 829 2490 et
870 2434 1080 2505 loquela
1112 2436 1387 2497 indicant.
1432 2435 1559 2490 dum
1600 2450 1807 2491 canone

222 2514 419 2573 quarto
443 2505 513 2560 de
540 2504 802 2560 addendis
818 2504 884 2559 ad
910 2504 1239 2572 superiorem
1262 2506 1501 2573 disserit,
1531 2506 1608 2560 sic
1638 2507 1805 2561 inter-

225 2584 469 2645 pretatus
499 2582 583 2645 est
602 2574 765 2630 verba
792 2575 1015 2630 canonis
1034 2618 1048 2639 ,
1078 2585 1134 2629 ut
1162 2575 1352 2630 horum
1384 2576 1500 2630 loco
1532 2594 1543 2627 :
1572 2575 1633 2631 Si
1660 2585 1807 2645 putat

225 2643 281 2698 se
301 2643 485 2699 bonam
505 2644 686 2700 habere
706 2662 910 2699 causam
938 2654 992 2699 ut
1012 2646 1199 2700 iterum
1225 2646 1493 2699 concilium
1515 2643 1801 2710 renovetur,

227 2714 347 2770 hac
376 2716 480 2770 alia
506 2716 845 2786 supposucrit
872 2733 887 2770 :
918 2715 979 2772 Si
1008 2717 1398 2786 proclamaverit
1426 2718 1680 2786 agendum
1711 2718 1806 2772 sibi

227 2788 486 2855 negotium
503 2787 557 2839 in
577 2786 696 2856 urbe
721 2784 923 2851 Roma;
957 2784 1015 2841 et
1047 2802 1143 2856 pro
1172 2787 1254 2841 his
1289 2804 1302 2841 :
1336 2784 1622 2841 Renovetur
1647 2797 1693 2841 et
1722 2790 1808 2841 det

228 2856 427 2929 iudices
446 2897 461 2921 ,
487 2856 586 2929 ista
617 2873 631 2909 :
662 2855 880 2929 Causam
910 2858 964 2909 in
982 2855 1187 2929 judicio
1217 2856 1435 2929 Romani
1470 2858 1807 2929 episcopi_de-

228 2926 531 2992 terminari;
583 2941 687 2996 qua
740 2926 1184 2995 interpretatione
1236 2928 1427 2981 mirum
1482 2928 1536 2980 in
1592 2927 1809 2981 modum

228 2997 587 3066 ampliabatur
614 2998 857 3065 superius
883 2996 1177 3052 decretum.
1222 2996 1581 3064 Quamobrem
1598 3037 1613 3062 ,
1643 2997 1811 3051 recla-

229 3067 506 3122 mantibus
533 3067 797 3136 episcopis
836 3066 1167 3122 satisfactum
1196 3077 1324 3136 puto
1353 3082 1445 3135 per
1480 3067 1694 3135 septimi
1722 3080 1812 3121 ca-

228 3138 391 3193 nonis
433 3136 811 3203 conditionem,
842 3151 948 3207 quo
986 3145 1043 3194 et
1072 3138 1258 3192 tertius
1286 3136 1580 3207 explicatus
1623 3144 1708 3191 est
1749 3151 1815 3191 ac

229 3215 563 3275 temperatus
584 3251 599 3275 ,
628 3216 684 3262 et
711 3208 944 3277 suspicio
973 3223 1041 3263 ex
1066 3207 1312 3265 affectata

229 3279 539 3348 pretatione
585 3288 707 3333 nata
756 3278 823 3335 ab
873 3279 1067 3334 animis
1120 3277 1469 3334 Orientalium
1513 3277 1819 3335 oblitterata

232 3446 241 3501 ξ
279 3417 663 3501 JConiirmatur
687 3433 755 3475 ex
783 3418 943 3501 modo
966 3434 1073 3490 quo
1090 3428 1212 3501 tres
1241 3420 1327 3475 isti
1357 3432 1593 3501 canones
1619 3432 1814 3501 concef

234 3490 314 3614 sti
342 3500 501 3571 sunt;
534 3490 723 3547 tertius
748 3490 889 3545 enim
914 3500 968 3546 et
988 3490 1488 3572 septimusomnino
1512 3490 1733 3572 canonis
1762 3499 1819 3547 et

276 3569 441 3614 ecreti
471 3559 699 3614 formam
730 3560 947 3614 habent.
982 3560 1093 3614 Hoc
1121 3569 1263 3614 tertii
1291 3560 1525 3614 clausula
1566 3560 1765 3614 indicat
1799 3580 1810 3613 :

276 3562 441 3615 ecreti
471 3559 699 3615 formam
730 3560 947 3615 habent.
982 3560 1093 3614 Hoc
1121 3560 1263 3615 tertii
1291 3560 1525 3616 clausula
1566 3560 1765 3615 indicat
1799 3580 1810 3613 :

235 3630 302 3702 ξε
337 3629 436 3702 hoc
457 3631 704 3702 omnibus
741 3631 945 3701 placet?
984 3630 1227 3701 Synodus
1262 3631 1525 3702 respondit
1559 3647 1583 3702 .j
1610 3630 1810 3687 Placet.

237 3699 468 3780 soptlmi
493 3699 969 3780 similiter‘initium
997 3699 1367 3780 auctoritatem
1388 3700 1664 3780 prgsel’ert
1686 3715 1811 3780 syn-

236 3769 329 3824 odi
371 3770 709 3841 decerncntis
745 3773 946 3841 oreosui
981 3772 1223 3841 praesidis
1248 3773 1357 3828 Osii
1388 3769 1404 3824 Ξ
1444 3773 1594 3827 Osius
1622 3769 1815 3840 episco-

237 3856 339 3965 pus
367 3839 500 3896 dixit
526 3858 545 3896 :
575 3839 799 3924 Placuit.
833 3839 1062 3907 Quartus
1092 3858 1221 3925 vero
1261 3843 1681 3925 propositionem
1726 3858 1813 3925 so:

264 3911 517 3965 ummodo
540 3919 777 3965 continet
809 3916 842 3965 Ἰ
863 3911 1019 3965 mn
1046 3928 1281 3965 emscom
1315 3928 1491 3965 unius.
1524 3912 1812 3965 Gaudenti:

264 3911 517 3984 ummodo
540 3911 791 3984 continet
809 3911 1019 3984 1158
1046 3911 1281 3984 episcopi
1315 3916 1491 3977 unius,
1524 3912 1812 3984 Gaudentii

239 3981 482 4063 scilicet,
508 3982 600 4051 qui
631 3981 850 4063 synodo—
864 3981 1355 4063 rT'on'prassidebat,
1384 3992 1440 4039 et
1477 3983 1815 4063 timide_pro-

240 4052 398 4123 ponit
412 4066 478 4123 ex
497 4052 710 4121 proprio
727 4052 940 4121 ingenio
960 4068 1073 4108 rem
1096 4070 1122 4104 a
1147 4054 1350 4123 synodo
1370 4053 1807 4109 examinandam:

240 4121 579 4187 Addeudum,
602 4136 647 4177 si
671 4138 893 4189 PLACE'I',
924 4123 1040 4175 huic
1061 4121 1356 4189 sententiis,-
1377 4138 1477 4177 nec
1498 4137 1811 4192 responsum

241 4202 327 4246 est
354 4206 389 4246 a
417 4193 622 4262 synodo
654 4212 665 4245 :
702 4192 895 4247 Placet.
923 4193 1093 4258 Adde,
1126 4192 1258 4247 nihil
1284 4194 1351 4248 ab
1380 4207 1446 4249 eo
1468 4192 1669 4247 directe
1698 4208 1820 4261 pro-

242 4262 479 4331 positum
508 4263 574 4318 de
594 4262 792 4333 judicio
822 4264 1152 4328 renovando,
1175 4263 1257 4318 vel
1282 4264 1463 4333 judicii
1493 4262 1697 4333 forma;
1726 4262 1821 4333 sed

243 4331 617 4388 tantummodo
654 4334 721 4388 de
747 4348 851 4388 non
880 4331 1339 4403 superordinando
1378 4334 1630 4403 episcopo
1658 4331 1712 4385 in
1736 4332 1822 4403 lo.

246 4416 374 4459 cum
410 4403 725 4475 appellantis
756 4420 771 4459 :
804 4402 959 4474 quod
984 4404 1068 4460 vel
1109 4418 1175 4460 ex
1213 4404 1366 4459 titulo
1404 4402 1615 4472 utrique
1650 4402 1821 4457 codici

1830 1845 1879 1906 Β
1904 1845 2124 1942 diripi}

1891 546 1945 592 ut
1987 537 2269 605 appellanti
2311 551 2411 589 non
2445 536 2857 604 superordinetur
2892 538 3178 605 episcopus.
3214 536 3282 591 Et
3321 536 3473 607 apud

1891 608 2201 679 Dionysium
2224 607 2485 679 Exiguum
2513 623 2524 658 :
2549 615 2611 679 ut
2627 607 2797 679 nullus
2819 608 3044 660 accusati
3067 608 3239 679 sedent
3261 616 3471 677 usurpet

1891 675 2135 749 episcopi.
2162 678 2237 732 Ex
2266 676 2459 749 quibus
2481 675 2815 749 manifestum
2840 686 3043 749 estnon
3066 694 3132 733 ex
3152 678 3257 732 isto
3279 675 3473 746 quarto

1892 746 2098 805 canone
2124 749 2209 818 jus
2238 746 2668 818 recipiendarum
2706 746 3115 818 appellationum
3154 750 3254 802 sibi
3298 749 3478 803 vindi—

1894 835 2045 876 casse
2086 815 2419 889 antiquiores
2458 816 2715 870 Romanae
2738 815 3007 889 ‘Ecclesiae
3052 833 3298 889 proceres
3322 863 3337 885 ,
3380 818 3474 889 qui

1894 891 2097 945 codicis
2125 885 2373 945 auctores
2402 888 2633 949 inerunt,
2661 885 2755 940 sed
2783 888 3112 941 solummodo
3132 904 3197 943 ex
3223 893 3380 943 tertio
3401 885 3471 944 'et

1895 962 2143 1027 septimo.
2170 961 2313 1014 Illius
2338 958 2529 1028 titulus
2552 957 2605 1010 in
2629 965 2812 1010 nostro
2842 957 2958 1028 talis
2985 967 3066 1012 est
3096 976 3108 1010 :
3142 957 3218 1012 De
3236 962 3474 1028 appella-

1898 1026 2034 1085 tione
2068 1032 2134 1083 ad
2165 1031 2462 1100 episcopum
2500 1027 2825 1100 Romanum;
2857 1026 3011 1100 hujus
3042 1043 3165 1081 vero
3195 1026 3314 1083 talis
3348 1050 3362 1083 :
3396 1029 3473 1084 De

1898 1096 2222 1154 retractanda
2245 1096 2400 1153 causa
2428 1097 2738 1165 appellantis
2764 1098 2817 1149 in
2838 1096 3030 1166 synodo
3061 1100 3376 1163 provinciali.
3398 1100 3475 1155 Ac

1901 1171 2116 1225 demum
2143 1178 2349 1225 certum
2387 1167 2563 1222 evadit
2592 1168 2682 1238 uni
2712 1167 2939 1235 septimo
2967 1166 3350 1238 inhaerendum,
3384 1172 3475 1238 qui

1900 1242 1968 1294 ad
2007 1242 2147 1296 tertii
2193 1240 2249 1295 et
2295 1239 2467 1309 quarti
2506 1237 2914 1309 explicationem
2960 1237 3204 1291 conditus
3245 1237 3478 1309 videtur,

1901 1324 2023 1365 cum
2055 1318 2275 1379 uterque
2296 1307 2538 1379 {aliquot
2568 1307 2978 1379 allocutionibus
3012 1308 3343 1376 interpositis
3370 1348 3385 1374 ,
3416 1310 3479 1364 ad

1902 1395 2127 1436 examen
2153 1377 2235 1434 est
2266 1377 2547 1433 revocatus
2577 1378 2828 1431 instantia
2851 1377 3244 1446 episcoporum.

1974 1451 2053 1504 Ad
2078 1451 2215 1505 hunc
2239 1450 2318 1520 (d)
2339 1450 2496 1517 igitur
2517 1449 2819 1515 respexisse
2846 1457 3087 1520 nostrum
3116 1448 3350 1520 Leonem
3376 1465 3477 1518 pn-

1904 1521 2150 1591 taverim,
2179 1518 2338 1590 atque
2359 1534 2423 1591 ex
2446 1531 2511 1572 eo
2538 1532 2641 1591 per
2663 1518 3100 1591 consequentiam
3129 1519 3392 1590 synodum
3425 1521 3477 1575 in

1899 1590 2187 1645 Occidente
2218 1588 2549 1657 postulasse,
2579 1588 2645 1641 ad
2676 1603 2833 1657 quam
2870 1598 2925 1643 et
2961 1588 3260 1644 Orientales
3288 1604 3487 1645 convo-

1900 1661 2093 1731 larent.
2124 1658 2257 1715 Cum
2288 1660 2430 1714 enim
2458 1673 2645 1731 canon
2684 1658 2991 1731 facultatem
3032 1659 3188 1714 iaciat
3231 1660 3484 1731 episcopo

1900 1730 2146 1786 Romano
2174 1728 2494 1802 decernendi
2535 1728 2800 1802 synodum
2830 1744 2897 1784 ex
2925 1730 3146 1784 ﬁnitima
3177 1741 3229 1785 et
3259 1728 3483 1801 propin-

1902 1816 2007 1871 qua
2041 1801 2329 1871 provincia,
2373 1802 2426 1872 in
2460 1801 2576 1870 qua
2596 1808 2884 1872 renovetur
2914 1815 3143 1872 examen
3174 1816 3347 1855 causa:
3373 1803 3487 1872 epi-

2172 1870 2434 1927 sententia
2475 1872 2707 1939 propria:
2738 1870 3024 1939 provinciae
3064 1872 3378 1941 appellantis
3397 1870 3421 1939 ,ἡ
3438 1876 3485 1929 si

1905 1942 1984 2015 ab?
2004 1940 2295 1997 universali
2323 1940 2693 2015 orientalium,
2715 1940 3110 2015 provinciarum
3138 1940 3362 2015 'synodo
3391 1959 3485 2015 ap-

1908 2014 2215 2081 pellaretur,
2246 2011 2486 2082 sequitur
2519 2020 2577 2065 ut
2609 2013 2964 2067 universalem
2991 2011 3213 2067 alteram
3243 2014 3294 2067 in
3326 2011 3486 2069 Occi-

1905 2082 2087 2153 dente,
2118 2082 2185 2137 ad
2214 2098 2371 2151 quam
2404 2092 2457 2137 et
2482 2093 2806 2153 concurrant
2840 2082 3178 2153 Orientales,
3209 2085 3485 2153 postulare

1906 2156 2078 2281 possit
2112 2154 2385 2209 Romanus
2415 2152 2650 2221 pontifex
2682 2166 2697 2208 :
2728 2152 2939 2223 qualem
2972 2168 3158 2209 revera
3196 2152 3487 2224 postulavit

1954 2239 2038 2281 eo.
2066 2234 2123 2278 ut
2152 2240 2216 2279 ex
2240 2223 2608 2281 superioribus
2630 2233 2860 2279 constat.

1954 2239 2038 2287 eo,
2066 2234 2123 2278 ut
2152 2240 2216 2279 ex
2240 2223 2608 2291 superioribus
2630 2233 2860 2279 constat.

1980 2294 2048 2349 Χ.
2082 2295 2139 2352 Si
2168 2308 2329 2365 porro
2344 2308 2417 2365 ex
2446 2302 2638 2365 qoarto
2658 2294 2821 2350 etiam
2851 2308 3055 2365 canone
3080 2294 3167 2365 jus
3197 2311 3353 2352 suum
3396 2310 3485 2351 as-

1908 2366 2146 2437 seruisse
2171 2363 2457 2437 pontiﬁces
2486 2363 2756 2437 _Romanos
2776 2405 2791 2430 ,
2819 2371 2873 2437 et
2900 2364 3047 2419 illum
3077 2363 3308 2422 Leonem
3348 2368 3491 2437 pari-

1911 2445 1993 2491 ter
2036 2435 2106 2490 ob
2133 2436 2316 2508 oculos
2345 2434 2594 2508 habuisse
2639 2435 3003 2508 contenderis,
3028 2437 3199 2508 nolim
3226 2452 3328 2508 ego
3349 2434 3489 2493 *ροη-

1909 2508 2140 2561 tentiose
2170 2506 2328 2560 nimis
2354 2505 2642 2561 contraire.
2692 2510 2759 2560 At
2798 2505 2845 2561 si
2885 2505 3300 2575 appellationem
3340 2508 3393 2563 in
3423 2523 3491 2565 eo

1910 2585 2384 2632 commemoratam
2419 2575 2486 2647 ad
2519 2576 2689 2631 solum
2716 2576 2857 2647 velis
2885 2586 3133 2646 spectare
3161 2577 3486 2647 pontiﬁcem,

1908 2647 2051 2717 quod
2094 2662 2334 2703 asserere
2362 2646 2573 2717 videtur
2617 2647 2816 2709 David.
2848 2646 2949 2703 hoc
2988 2657 3042 2703 et
3081 2646 3487 2704 Sardicensium

1910 2716 2200 2789 praesulum
2230 2718 2483 2789 etsancti
2514 2716 2710 2789 Leonis
2732 2720 2899 2789 menti
2940 2719 3266 2773 contrarium
3300 2722 3491 2775 existi-

1910 2786 2154 2859 inamus.
2180 2787 2702 2859 Safdicensesenim
2731 2786 2835 2842 hoc
2862 2804 3023 2842 unum
3053 2790 3202 2843 aiunt
3232 2807 3245 2842 :
3288 2789 3351 2845 Si
3380 2792 3492 2859 epi-

1908 2875 2093 2929 scopus
2122 2858 2376 2929 d_epositus
2407 2858 2789 2929 proclamauerit
2814 2858 3207 2929 Aagendumsibi
3235 2863 3494 2929 negotium

1912 2929 1967 2982 in
1986 2926 2106 2980 urbe
2127 2926 2321 2996 Roma,
2344 2941 2560 2982 causam
2582 2927 2635 2978 in
2652 2926 3101 2996 judicio’episcOpi
3124 2926 3345 2981 Romani
3374 2945 3495 2986 esse

1913 2995 2395 3053 determinandam.
2424 2996 2563 3061 Quid
2592 2995 2661 3049 sit
2686 3011 2816 3067 vero
2840 2996 3096 3067 judicium
3123 2999 3350 3067 episcopi
3387 3000 3497 3053 Ro.

1912 3068 2077 3130 mani,
2102 3074 2244 3135 patet
2268 3081 2336 3120 ex
2366 3067 2495 3134 ipsis
2518 3066 2931 3128 canonibus,’de
2962 3066 3158 3135 quibus
3180 3068 3375 3137 agitur,
3403 3069 3492 3125 ubi

1906 3137 2168 3212 judicium
2203 3138 2437 3212 renovari
2471 3144 2548 3212 et_
2563 3137 2836 3212 concilium
2877 3139 3110 3212 {caecari
3154 3153 3249 3206 pro
3292 3154 3398 3192 uno
3444 3149 3498 3212 et

1388 3206 1624 3281 audentii
1648 3208 1815 3262 inter-
1844 3206 2109 3281 C'eodem
2130 3206 2577 3281 accipiuntur._Et
2602 3206 2801 3281 verohsi
2815 3206 3071 3281 judicium
3101 3222 3199 3277 pro
3226 3211 3495 3281 sententia

1919 3280 2288 3350 acciperetur,
2326 3291 2437 3350 non
2455 3277 2663 3350 _iuisset
2707 3276 2992 3350 dicendum
3042 3276 3365 3350 iaijudicio,
3403 3282 3500 3337 sed

1919 3348 2388 3421 tantum‘judicio.
2438 3348 2661 3421 _Qonstat
2714 3348 2874 3421 igitur
2930 3348 3215 3421 concilium
3265 3349 3496 3407 Romani

1920 3416 2280 3492 episcopi'hic
2324 3416 2753 3492 intelligendum;
2785 3417 2853 3473 At
2880 3418 3039 3489 quale
3066 3421 3385 3492 concilium,
3415 3422 3501 3477 in-

1918 3489 2289 3560 vestigandum
2316 3489 2471 3560 nobis
2493 3498 2593 3543 est.

1990 3558 2262 3630 multiplex
2286 3558 2569 3614 concilium
2593 3558 2838 3615 Romano
2859 3561 3045 3616 Subest
3075 3563 3334 3630 pontillci,
3360 3563 3499 3619 sicut

1918 3629 2267 3700 multiplicem
2296 3629 2349 3700 in
2379 3644 2438 3684 se
2474 3643 2583 3683 uno
2612 3630 2770 3685 habet
2808 3629 3286 3689 administrationis
3316 3634 3494 3691 eccle-

1919 3699 2149 3785 oiasticm
2185 3699 2427 3783 gradum.
2453 3700 2555 3785 .Est
2594 3700 2737 3785 enim
2777 3702 2935 3785 simul
2977 3702 3133 3785 Urbis
3177 3704 3492 3785 episcopus,

1920 3774 2177 3829 Romanae
2228 3773 2516 3840 provinciae
2568 3773 2949 3841 metropolita,
3005 3773 3496 3831 suburbicariarum

1918 3845 2228 3915 diteceseon
2251 3843 2484 3915 primas,
2514 3840 3129 3915 llmoOccidentaIis
3161 3852 3365 3900 tractus
3407 3862 3502 3915 pa-

1920 3912 2184 3976 triarcha,
2216 3912 2269 3965 in
2300 3912 2670 3984 totadeniqne
2696 3912 2940 3966 Ecclesia
2968 3924 3124 3984 caput
3158 3922 3213 3969 et
3246 3912 3505 3984 apefot

1918 3987 2224 4055 episcopus,
2254 3981 2514 4055 synodum
2548 3982 2708 4035 habet
2737 3983 3095 4055 partecialem,
3128 3996 3240 4047 seu,
3276 3981 3341 4055 ut
3357 3999 3503 4055 nunc

1920 4050 2213 4124 loquimur,
2252 4050 2649 4124 dimeesanam;
2691 4059 2748 4103 ut
2786 4050 3161 4124 metropolita,
3195 4052 3503 4124 provincia-

1920 4119 2063 4187 ιειίη
2107 4132 2166 4175 ιιι
2206 4121 2441 4189 primas,
2469 4119 2731 4189 synodum
2769 4119 3071 4189 dimcese‘on
3116 4119 3497 4189 plurimarum;

1921 4204 1981 4247 ut
2009 4186 2310 4263 patriarcha
2337 4230 2351 4253 ,
2396 4186 2754 4263 patriarchale
2786 4190 2948 4242 totius
2977 4186 3315 4263 Occidentis;
3349 4201 3406 4245 ut
3450 4186 3502 4247 in

1923 4257 2167 4318 Ecclesia
2192 4266 2352 4328 caput
2380 4268 2433 4312 et
2459 4257 2693 4328 primas,
2726 4259 3137 4313 tecumenicum.
3186 4260 3316 4314 Cum
3360 4262 3503 4316 intra

1922 4330 2223 4403 parasciam
2236 4326 2332 4403 seu
2355 4326 2635 4403 dimcesitn
2660 4328 2932 4403 propriam
2963 4328 3030 4403 ad
3057 4344 3178 4403 eum
3206 4330 3503 4403 appellatur

1920 4396 1953 4458 Ξ
1993 4398 2260 4457 sententia
2290 4397 2488 4468 judicis
2522 4396 2819 4464 inferioris,
2863 4396 2936 4469 (ε)
2968 4400 3033 4453 ad
3060 4399 3176 4467 ejus
3205 4396 3505 4471 appellatur

1313 4513 1872 4572 BALLERINIORUM
1910 4511 2459 4573 ANNOTATIONES.

346 4602 401 4678 ᾳ)
435 4601 1027 4678 (ξρωμθιμρι-ωρεᾶεῃιί
1055 4606 1397 4678 annotatione
1426 4619 1659 4678 canones
1687 4606 1724 4661 3
1743 4647 1760 4674 ,
1791 4604 1825 4659 4
1851 4610 1901 4671 D
1928 4617 2014 4662 tur
2040 4606 2102 4678 in_
2125 4604 2351 4678 Latino;
2381 4613 2502 4674 post
2538 4617 2797 4678 canonem
2837 4620 2963 4663 vero
2992 4608 3053 4677 5,
3088 4608 3385 4678 subjectum
3416 4625 3507 4667 ca-

248 4683 305 4731 et
331 4674 388 4740 7,
423 4674 555 4728 alias
578 4674 632 4745 5,
658 4674 900 4745 diversas
928 4676 1356 4731 circumstantias
1383 4676 1694 4745 respiciant,
1727 4691 1825 4731 nec

250 4746 521 4829 septimus
533 4744 599 4799 ad
618 4744 898 4829 aliosduos
919 4747 1293 4829 temperandos
1316 4744 1621 4829 propositus
1642 4746 1823 4829 luerit,

251 4816 385 4941 sibi!
418 4822 503 4939 ost
526 4829 621 4870 cur
648 4817 836 4872 tertius
862 4831 924 4872 ac
949 4828 1168 4888 quartus
1196 4832 1263 4873 ex
1290 4816 1520 4889 septimo
1548 4818 1829 4887 explican-

291 4903 307 4941 ι
338 4900 421 4940 sm
452 4924 466 4938 .

326 4956 408 5027 (ὁ)
432 4954 556 5028 Haec
574 4954 897 5025 conjectura,
920 4971 1023 5028 qua
1052 4957 1349 5013 Orientales
1380 4958 1539 5013 tertio
1558 4968 1615 5014 et
1639 4966 1829 5028 quarto

252 5026 554 5098 canonibus
582 5036 877 5098 commotos
903 5026 957 5083 et
982 5028 1323 5095 reclamasse,
1347 5037 1402 5084 et
1425 5029 1638 5098 septimi
1656 5026 1833 5084 ‘cano-

253 5095 636 5170 niscondendi
664 5098 1121 5170 causamﬂdedisse
1147 5098 1463 5165 Quesnellus
1487 5095 1825 5170 suspicatur;

254 5167 410 5223 nullo
436 5165 783 5224 fundamento
809 5167 1047 5239 sullulta,
1077 5169 1219 5225 inter
1243 5170 1451 5225 somnia
1470 5165 1829 5241 computanda

333 5306 408 5379 (ε)
439 5306 535 5383 llic
562 5307 891 5383 Gaudentius
923 5308 1099 5383 _Naissi
1126 5309 1179 5365 in
1210 5310 1369 5383 Dacia
1396 5312 1677 5383 episcopus
1706 5310 1827 5379 fuit,

297 5378 711 5449 uemadmodum
750 5380 1095 5436 ostendemus
1120 5389 1250 5436 tom.
1282 5380 1388 5449 Ill,
1420 5378 1471 5437 in
1510 5378 1735 5440 tractatu
1764 5383 1831 5438 de

304 5447 713 5524 ollectionibos,
738 5458 879 5524 part.
905 5466 951 5517 ι,
986 5464 1035 5506 c.
1065 5452 1116 5524 ’7ξ
1147 5451 1326 5521 Neque
1364 5447 1531 5524 refert
1568 5454 1707 5524 quod
1745 5453 1832 5507 hic

256 5532 393 5592 usus
412 5521 485 5592 si_t
498 5520 687 5592 verbis
699 5521 749 5592 si
774 5521 959 5592 placet,
983 5535 1081 5576 nec
1101 5520 1305 5592 legatur
1320 5520 1828 5592 synodum'respon-

257 5588 410 5644 disse
438 5588 637 5644 Placet.
670 5588 920 5663 Nam‘alii
950 5588 1179 5663 quoque
1192 5588 1431 5663 ejusdem
1457 5594 1644 5663 synodi
1675 5588 1831 5647 cano-

258 5673 363 5729 nes
388 5669 577 5715 carent
603 5660 767 5715 verbo
796 5659 993 5729 Placet,
1031 5659 1085 5716 et
1114 5659 1338 5726 Placuit,
1370 5663 1458 5729 qui
1487 5659 1831 5717 nihilominus

258 5728 491 5799 legitimi
522 5745 756 5786 canones
782 5728 1061 5802 habentur.
1090 5732 1237 5788 Adde
1263 5728 1404 5801 quod
1425 5734 1478 5788 in
1500 5734 1685 5791 Graaco
1711 5741 1833 5802 post

1932 4676 2111 4750 nonid
2136 4674 2475 4750 Gaudentius,
2500 4676 2728 4750 appendi
2747 4674 3063 4750 generalem
3086 4674 3504 4750 praecedentium

1928 4748 2367 4823 approbationem
2395 4746 2476 4800 his
2503 4746 2681 4823 vefbis
2701 4764 2713 4799 :
2736 4746 3103 4823 ,ἶΔπικρίναντᾷ
3128 4750 3174 4805 οἱ
3210 4752 3505 4808 ἕπίσκοποιτ

1928 4817 2010 4876 Ta‘t
2025 4820 2272 4890 λεχθέντα
2301 4818 2484 4894 ἤρισεν
2509 4835 2522 4871 :
2559 4817 2686 4884 Qua:
2711 4817 2852 4894 dicta
2881 4817 2997 4873 sunt
3027 4820 3506 4894 placueruttt;_qum

1931 4888 2191 4945 canonem
2208 4888 2422 4944 tertium
2436 4896 2490 4958 et
2504 4896 2749 4957 quartum
2764 4888 3501 4958 videnturcompreliendere.

2005 4959 2089 5031 (ά)
2111 4958 2227 5031 Non
2255 4959 2322 5013 ad
2352 4957 2637 5031 septimum
2662 4998 2681 5031 ,
2723 4959 2856 5031 alias
2895 4961 3169 5027 quintum,
3200 4973 3461 5031 canonem
3489 5001 3504 5022 .

1935 5031 2030 5086 sed
2061 5026 2125 5083 ad
2151 5038 2396 5099 quartum
2418 5026 2745 5083 Gaudentius
2776 5026 3009 5085 Leonem
3046 5028 3348 5099 respexisse
3373 5030 3535 5085 vidi-~

1937 5114 2057 5156 mus
2089 5097 2214 5154 tom.
2248 5098 2309 5165 ι,
2340 5099 2391 5152 in
2423 5099 2786 5154 admonltione
2815 5099 3091 5169 praemissa
3127 5097 3369 5169 epistolae
3394 5099 3464 5157 45
3487 5140 3504 5167 ,

1938 5172 2027 5226 ubi
2048 5170 2188 5225 hunc
2209 5177 2454 5239 quartum
2480 5184 2741 5225 canonem
2763 5168 2823 5224 ei
2842 5169 3083 5239 epistolae
3111 5168 3409 5225 subnexum
3439 5185 3504 5226 ex

1938 5255 2068 5297 mss.
2099 5238 2451 5295 ostendimus.

2010 5309 2081 5383 (ε)
2124 5309 2331 5383 Nullas
2358 5310 2739 5383 appellationes
2772 5307 2846 5383 ad
2870 5308 3166 5383 Romanum
3192 5308 3504 5383 episcopum

1938 5377 2144 5437 delatas
2167 5421 2181 5445 ,
2211 5381 2277 5437 ad
2320 5377 2491 5451 ipsum
2532 5380 2736 5434 delatas
2763 5378 2875 5451 vult
2904 5377 3219 5451 Quesnellus
3248 5379 3317 5433 ob
3338 5377 3507 5451 juris-

1938 5452 2227 5508 dictionem
2256 5447 2420 5520 ipsius
2447 5451 2747 5520 propriam,
2785 5447 2878 5520 sed
2904 5462 3116 5520 semper
3142 5448 3213 5520 ad
3240 5447 3506 5518 synOdum

1938 5524 2023 5579 vel
2048 5516 2414 5592 parmcialem,
2448 5516 2561 5575 vel
2588 5517 2996 5592 provincialem,
3025 5516 3107 5571 vel
3125 5516 3507 5592 ditecesanam,

1937 5594 2020 5648 vel
2051 5588 2453 5648 'Occidentalem
2482 5630 2495 5655 ,
2528 5590 2611 5643 vel
2654 5588 3037 5643 meumenicam
3065 5627 3083 5654 ,
3113 5589 3215 5643 nisi
3243 5604 3309 5644 ex
3342 5589 3509 5646 libera

1938 5663 2320 5732 appellantium
2360 5657 2766 5732 optione_aliud
2808 5659 3155 5732 signiﬁcetur.
3211 5658 3283 5715 Ut
3325 5669 3508 5732 autem

1938 5728 2045 5790 alia
2071 5728 2450 5802 praetereamus
2493 5730 2559 5785 de
2588 5728 2831 5802 Romano
2866 5728 3134 5802 pontiﬁce
3171 5729 3513 5802 utoepiscopo

250 5802 484 5872 tertium
509 5815 773 5858 canonem
799 5801 951 5857 deest
977 5800 1293 5876 approbatio
1306 5804 1519 5876 synodi,
1550 5818 1669 5876 qua:
1704 5800 1845 5877 legi.
1941 5800 2122 5873 urbis,
2152 5804 2239 5861 vel
2280 5812 2335 5859 ut
2366 5800 2725 5873 metropolita,
2772 5810 2875 5858 etc.
2899 5843 2914 5869 ,
2945 5800 3062 5867 ejus
3084 5800 3390 5871 jurisdictlo
3416 5814 3508 5863 ra-

547 5893 822 5958 Panon.
865 5891 999 5961 LV.

2924 5888 3005 5955 22
