3994 6310
513 285 619 347 681

992 285 1228 345 PASCH.
1268 285 1653 357 QUISNELLI
1684 274 2260 344 DlSSER'l‘A'l‘IONES
2297 285 2362 343 IN
2399 286 2458 345 S.
2500 284 2746 347 LEONIS
2783 286 2996 348 MAGNI
3031 288 3279 345 OPERA.

513 403 605 460 ubi
625 398 973 471 solummodo,
992 401 1401 471 appellationem
1436 398 1673 471 Flaviani
1697 398 1890 471 nonad
1922 414 2081 453 unum
2111 398 2166 459 Λ
2192 468 2209 471 _
2259 400 2309 453 7.
2344 399 2583 455 Notanda
2610 415 2741 457 vero
2770 401 3105 469 potissimum
3134 406 3259 471 sunt
3286 397 3458 471 verba
3478 394 3670 471 quibus
3684 398 3746 471 _S.

512 486 781 530 summum
832 469 1137 540 pontiﬁcem
1184 472 1315 525 sedis
1367 470 1659 539 apostolica:
1685 469 1901 524 nomine
1944 471 2083 525 desi-

551 554 730 597 natum
762 542 1015 596 directam
1049 542 1242 607 tradit,
1287 540 1379 595 sed
1419 549 1465 594 et
1506 540 1572 593 ad
1612 556 1781 593 omnes
1826 541 2083 609 episcOpos

551 561 730 597 natum
762 561 1015 596 ulrecmm
1049 561 1242 607 11⁸3011,
1287 561 1379 595 seu
1419 561 1464 594 ει
1506 561 1571 593 aa
1612 561 1781 593 omnes
1826 561 2083 609 ερησοροε

513 561 696 667 παι-ατη
721 613 961 681 partium.
994 611 1286 679 Episcopos
1308 626 1438 681 vero
1464 612 1643 663 harum
1664 610 1885 681 partium
1914 612 2083 675 Ques-

513 684 688 740 nellus
712 680 763 734 n.
796 684 856 736 ll
894 683 1269 747 interpretatur
1293 680 1659 735 Occidentales.
1693 680 1766 735 Ita
1807 683 1966 735 etiam
2013 691 2086 737 te-

513 755 826 810 stimonium
857 750 1196 815 Theodoriti,
1231 766 1335 819 quo
1382 752 1436 805 in
1474 752 1697 820 epistola
1727 750 1792 805 ad
1823 749 2082 807 Renatum

514 824 797 880 concilium
844 822 1138 877 Romanum
1169 832 1289 890 post
1323 836 1473 876 suam
1504 820 1887 891 depositionem
1918 822 1968 876 in
2002 822 2083 875 la-

514 895 743 949 trocinio
794 893 1061 961 Ephesino
1107 892 1423 961 appellavit,
1467 891 1535 947 de
1580 892 1741 945 totius
1782 892 2085 947 Occidentis

516 965 747 1020 concilio
768 961 1161 1031 intelligendum
1190 963 1463 1016 contendit
1483 962 1696 1016 dissert.
1725 961 1813 1026 10,
1847 978 1993 1017 num.
2027 964 2082 1030 5,

516 1043 572 1089 et
603 1034 758 1103 hujus
790 1036 863 1087 rei
885 1033 1017 1086 hanc
1046 1034 1305 1103 rationem
1329 1032 1480 1086 aﬁ’ert
1502 1048 1650 1103 num.
1683 1032 1737 1103 2,
1766 1047 1866 1103 qua
1897 1032 2087 1087 Orien-

517 1100 705 1160 talium
733 1103 1167 1157 couvocationem
1198 1102 1505 1167 excludens,
1537 1102 1603 1156 ad
1633 1102 1799 1155 solius
1828 1100 2085 1157 Occiden-

516 1176 588 1230 tis
628 1174 910 1228 concilium
954 1188 1075 1227 eum
1122 1186 1439 1239 provocasse
1484 1172 1656 1240 palam
1684 1170 1915 1241 praefert.
1951 1172 2086 1235 Quid

514 1243 764 1307 restabat,
806 1243 1005 1311 inquit,
1053 1241 1363 1296 Theodorito
1399 1243 1685 1310 agendum,
1738 1242 2083 1297 Orientalibus

515 1330 645 1384 pene
671 1314 900 1367 omnibus
930 1313 1003 1384 vel
1034 1313 1310 1384 [urentibus
1332 1354 1346 1377 ,
1376 1314 1454 1366 vel
1476 1312 1727 1384 oppressis
1746 1352 1764 1384 ,Α
1790 1312 1865 1364 vel
1892 1328 1955 1384 ne
1978 1312 2085 1366 his-

516 1381 628 1438 cere
654 1384 857 1454 quidem
896 1381 1225 1449 audentibus,
1260 1384 1359 1437 nisi
1400 1394 1453 1436 ut
1494 1384 1576 1454 ad
1608 1381 1955 1454 Occidentales
1980 1399 2087 1438 sese

517 1451 845 1514 converteret,
876 1469 1144 1522 eorumque
1165 1453 1315 1523 ﬁdem
1345 1469 1404 1523 ac
1432 1452 1724 1521 religionem
1753 1451 2087 1507 sollicitaret?

518 1523 577 1579 Si
620 1532 796 1578 autem
828 1524 1075 1577 similiter
1113 1522 1490 1589 explicandum
1533 1531 1674 1575 esset
1720 1522 2083 1577 testimonium

518 1594 769 1648 Placidia:
789 1634 803 1657 ,
834 1593 949 1663 ipso
978 1593 1263 1663 Quesnello
1291 1593 1357 1649 de
1382 1590 1795 1663 Occidentalibus
1821 1590 2085 1663 interpre-

517 1674 666 1719 tante
688 1703 702 1725 ,
732 1679 836 1719 non
860 1661 988 1731 ergo
1017 1662 1082 1716 ad
1108 1664 1485 1719 mcumenicam
1502 1702 1518 1728 ,
1548 1662 1640 1716 sed
1675 1661 1739 1715 ad
1766 1661 2083 1731 Occidenta-

517 1734 626 1789 lem
674 1730 945 1805 synodum
988 1732 1055 1787 ad
1085 1748 1365 1805 summum
1409 1732 1726 1805 appellasset
1766 1730 2082 1805 Flavianus;

519 1818 623 1859 nec
656 1800 1003 1871 Quesnellus,
1046 1803 1146 1857 nisi
1186 1802 1499 1871 sibimetipsi
1548 1816 1733 1870 parum
1776 1800 2082 1869 cohmrens,

518 1876 905 1944 tecumenicum
937 1874 1251 1944 concilium,
1282 1874 1348 1928 ad
1385 1872 1527 1944 quod
1566 1873 1657 1928 ille
1690 1875 2082 1941 provocavcrit,

521 1959 589 2000 ex
616 1944 721 1999 illis
750 1943 925 2000 verbis
954 1942 1198 2014 ingerere
1213 1942 1417 2014 potest.

587 2014 642 2070 ϐ.
672 2014 777 2071 Sed
809 2014 1000 2084 falsum
1018 2012 1110 2068 'cst
1130 2012 1183 2067 in
1208 2012 1456 2069 Placidia:
1482 2013 1673 2070 litteris
1705 2015 1968 2084 episcopos
1993 2012 2089 2067 Ita-

516 2100 637 2139 rum
665 2087 883 2154 partium
904 2083 1140 2139 indicare
1159 2084 1443 2154 episc0pos
1467 2086 1628 2139 totius
1658 2083 1980 2141 Occidentis.
2006 2084 2086 2138 Ad

518 2154 637 2209 haec
658 2154 853 2218 verba,
903 2168 1023 2222 qua:
1047 2167 1113 2209 ex
1138 2154 1333 2209 Leonis
1359 2154 1723 2223 proculdubio
1749 2162 1929 2209 mente
1957 2156 2090 2208 scri-

518 2232 611 2295 pta
639 2224 807 2287 fuere,
838 2224 1005 2295 probe
1030 2224 1368 2295 intelligenda
1396 2225 1674 2295 conferent
1695 2225 1781 2279 illa
1803 2239 1921 2295 quae
1942 2223 2085 2295 idem

517 2294 759 2364 pontifex
781 2294 1012 2364 inseruit
1035 2295 1191 2362 epist.
1220 2294 1319 2361 44,
1350 2294 1417 2349 ad
1447 2294 2089 2363 imperatorem’Theodo-

515 2363 657 2422 eium
698 2381 714 2421 :
762 2363 951 2419 Omnes
998 2366 1224 2435 partium
1267 2374 1555 2419 nostrarum
1595 2364 1868 2430 Ecclesiae,
1918 2380 2089 2418 omnes

516 2436 898 2506 mansuetudini
924 2445 1101 2506 uestra:
1128 2450 1245 2506 cum
1273 2436 1538 2506 gemitibus
1555 2445 1601 2489 et
1622 2435 1863 2506 lacrymis
1890 2436 2090 2506 suppli-

512 2513 633 2561 cant
655 2504 962 2561 sacerdotes.
990 2504 1048 2560 S.
1074 2504 1311 2573 pontifex
1350 2505 1467 2575 haec
1493 2506 1707 2575 scripsit
1737 2504 1933 2575 synodi
1967 2504 2090 2575 Bo-

513 2591 690 2631 mante
732 2576 981 2639 nomine,
1030 2582 1089 2629 ut
1118 2575 1298 2645 palam
1350 2574 1411 2629 ﬁt
1459 2590 1523 2629 ex
1572 2573 1688 2645 ipsa
1741 2573 2089 2643 inscriptione

513 2646 756 2715 ejusdem
781 2645 1024 2715 epistolae
1057 2661 1071 2699 :
1104 2645 1208 2700 Leo
1247 2646 1515 2714 episcOpus
1543 2654 1587 2699 et
1614 2653 1789 2699 sancta
1829 2645 2086 2715 synodus,

511 2731 628 2786 qua:
658 2718 711 2771 in
734 2716 858 2770 urbe
901 2716 1062 2770 Roma
1100 2716 1348 2769 convenit.
1395 2715 1543 2786 lianc
1585 2715 1895 2786 synodum,_
1927 2730 2088 2785 quam

512 2783 696 2841 audito
725 2786 915 2841 nuntio
942 2786 1202 2840 latrocinii
1228 2785 1482 2855 Ephesini
1505 2783 1708 2855 habuit,
1733 2794 1788 2840 et
1813 2783 1963 2855 cujus
1994 2801 2089 2855 no-

511 2857 659 2926 mine
689 2856 806 2911 hazc
829 2856 1075 2925 scripsit,
1105 2871 1211 2910 non
1249 2854 1365 2911 erat
1409 2856 1591 2926 utique
1639 2854 1874 2926 synodus
1923 2854 2087 2911 totius

513 2925 818 2997 Occidentis
838 2968 853 2993 ,
898 2927 985 2981 cui
1019 2926 1406 2997 congreganda:
1433 2925 1642 2997 longius
1670 2925 1881 2995 tempus
1902 2926 2087 2995 requi-

511 2997 673 3051 situm
704 2996 920 3061 fuisset,
966 2996 1222 3066 moraque
1267 2996 1568 3051 diuturnior
1598 3011 1755 3065 quam
1785 3012 1871 3052 res
1898 3006 2085 3065 postu-

510 3066 674 3150 labat.
708 3067 957 3150 §ynodus
982 3066 1095 3150 fuit.
1116 3066 1524 3150 episcoporum,
1552 3068 1640 3137 qui
1672 3082 1738 3123 ex
1769 3068 1933 3121 variis
1964 3081 2087 3150 par-

510 3137 656 3192 tibus
675 3129 791 3193 aliis
820 3146 980 3207 atque
1008 3137 1127 3194 aliis
1150 3129 1218 3193 de
1251 3129 1428 3193 causls
1466 3129 1689 3193 Romam
1716 3129 2082 3203 accesserant,
2114 3129 2162 3194 C

509 3207 597 3262 vel
624 3223 691 3263 ex
713 3208 954 3264 ﬁnitimis
982 3208 1139 3262 etiam
1165 3208 1386 3262 urbibus
1405 3209 1515 3263 cito
1534 3207 1747 3263 evocari
1770 3217 2085 3276 potuerunt;

509 3286 569 3348 ut
612 3279 665 3333 in
693 3278 814 3334 aliis
842 3278 1110 3348 plerisque
1140 3278 1450 3347 urgentibus
1480 3278 1707 3347 negotiis
1740 3278 1853 3331 ﬁeri
1884 3277 2091 3348 solebat

509 3346 640 3417 (vix
688 3346 853 3402 enim
872 3364 937 3403 ex
970 3346 1081 3402 toto
1102 3348 1390 3402 Occidente
1417 3346 1692 3415 generales
1721 3346 1911 3417 synodi
1951 3348 2089 3401 indi-

510 3416 612 3471 ctae
638 3416 1040 3486 invenientur),
1082 3426 1135 3471 et
1164 3416 1763 3487 probabiliussynodus’
1784 3416 1883 3471 fuit
1903 3432 2089 3472 eorum

508 3486 882 3555 episcoporum
932 3486 1022 3555 qui
1068 3487 1435 3541 anniversario
1477 3486 1582 3541 diei
1622 3487 1973 3541 ordinationis
2026 3488 2086 3543 S.

511 3554 709 3611 Leonis
738 3554 1061 3611 celebrando
1104 3554 1347 3611 kalendis
1377 3555 1626 3611 Octobris
1672 3557 2089 3625 frequentissimi

510 3634 906 3692 convenerant,
949 3627 1025 3679 uti
1050 3625 1521 3680 animadvertimus
1548 3626 1603 3681 in
1623 3626 2087 3683 observationibus

510 3696 578 3770 ad
605 3695 826 3770 dissert:
847 3694 1175 3770 l_Q_uesnelli
1205 3703 1317 3770 unt.
1348 3696 1373 3749 1
1408 3695 1640 3770 (Supra,
1673 3698 1775 3750 col.
1800 3695 1929 3770 220,
1955 3715 2008 3752 η.
2032 3698 2084 3770 c)

510 3766 581 3838 ad
613 3780 699 3819 an.
729 3765 854 3820 449.
888 3765 1049 3838 Igitur
1072 3766 1199 3838 dum
1229 3766 1292 3838 S.
1316 3765 1555 3838 poniifex
1588 3782 1697 3822 suae
1737 3768 1925 3838 synodi
1948 3765 2087 3838 peti-

515 3837 713 3891 tionem
743 3834 1003 3904 expreSsit
1025 3836 1127 3891 sub
1155 3834 1370 3892 nomine
1404 3834 1828 3892 Ecclesiarum’et
1853 3834 2089 3893 sacerdo-

512 3915 953 3978 tumsnostrarum
1006 3906 1211 3978 1157
1260 3908 1514 3977 partium,
1567 3909 1651 3963 his
1693 3909 1879 3977 procul
1927 3909 2088 3965 dubio

512 3976 729 4048 vocibus
757 3976 1049 4031 nostrarum
1066 3976 1297 4048 partium
1321 3978 1397 4031 illi
1427 3986 1632 4048 tantum
1661 3976 1897 4048 episcopi
1932 3981 2089 4036 intel-

510 4045 602 4116 ligi
631 4055 867 4119 queunt,
900 4048 993 4117 qui
1031 4045 1094 4103 ea
1125 4048 1179 4102 in
1226 4048 1432 4119 synodo
1479 4045 1718 4119 Romana
1757 4045 2048 4118 praesentes
2069 4092 2084 4116 ,

510 4131 612 4172 una
636 4133 755 4173 cum
782 4118 989 4185 Leone,
1022 4133 1121 4173 suo
1154 4128 1207 4173 et
1236 4118 1450 4175 suarum
1480 4118 1841 4175 Ecclesiarum
1872 4124 2087 4177 nomine

509 4186 867 4260 l[Theodosium
912 4188 1305 4260 supplicabant.
1359 4188 1616 4246 Similiter
1642 4201 1771 4260 ergo
1796 4198 1851 4245 et
1880 4192 1934 4245 in
1964 4191 2089 4245 Pla-

507 4257 894 4332 cidiae_litteris
938 4257 1101 4332 voces
1125 4259 1194 4332 ad
1225 4275 1398 4314 omnes
1440 4257 1923 4332 episcopos'lgarum
1967 4278 2089 4332 par-

503 4328 635 4398 gium
660 4330 727 4383 de
756 4330 1022 4398 episcopis
1050 4330 1140 4398 qui
1168 4344 1235 4384 ex
1264 4346 1417 4385 more
1455 4328 1710 4385 Romanae
1754 4328 2007 4386 Ecclesiie
2033 4332 2087 4387 in

503 4396 746 4480 Romana
791 4396 1001 4480 synodo
1027 4396 1670 4480 congregarisolebant,
1726 4401 2086 4480 intelligendas

504 4467 773 4540 videntur,
800 4467 861 4521 ut
884 4484 953 4523 ne
971 4468 1047 4540 ad
1078 4467 1565 4525 totius'Occidentis
1586 4472 1869 4540 episcopos
1893 4467 1948 4526 in
1978 4472 2085 4526 dis-

503 4536 623 4609 sitis
674 4552 739 4609 ac
793 4538 1013 4609 remotis
1069 4540 1357 4609 provinciis
1412 4536 1683 4609 dispersos
1733 4536 2084 4598 extendendae

504 4606 638 4692 sint.
655 4601 723 4692 ASi
753 4606 1046 4692 quisnullo
1070 4601 1237 4662 allato
1278 4601 1600 4665 documento
1648 4625 1817 4692 secus
1844 4612 2082 4692 iudicet,

504 4683 704 4745 praeter
732 4682 984 4732 usitatum
1029 4692 1235 4731 morem
1282 4693 1345 4733 ac
1391 4693 1603 4734 sensum
1631 4695 1698 4734 ex
1740 4682 1961 4736 arbitrio
1992 4697 2083 4737 eas

503 4748 847 4819 integpretari
894 4749 1265 4803 convincetur.
1292 4749 1446 4803 Adde
1471 4751 1613 4817 quod
1642 4750 1782 4805 haud
1809 4752 2082 4819 probabile

504 4825 590 4870 est
615 4816 924 4899 Flavianum
943 4860 958 4884 ,
987 4818 1077 4943 qui
1109 4819 1206 4871 hac
1234 4819 1591 4887 appellatione
1620 4816 1923 4891 promptum
1968 4838 2081 4879 sua:

504 4888 794 4942 calamitati
844 4903 989 4943 reme
1032 4904 1135 4943 tum
1185 4889 1486 4943 quaerebat.
1538 4891 1589 4943 id
1635 4893 1895 4943 auaesisse
1936 4894 2079 4943 auod

502 4888 794 4963 calamitati
844 4888 1135 4943 remedium
1163 4889 1486 4963 quaerebat,
1524 4891 1589 4963 id
1622 4888 1895 4962 quaesisse
1936 4894 2079 4963 quod

500 4956 771 5028 longiores
801 4973 978 5014 moras
1002 4958 1347 5028 postulasset,
1378 4968 1437 5014 ut
1461 4956 1668 5017 Scilicet
1685 4978 1751 5017 ex
1781 4972 1892 5017 toto
1922 4956 2075 5019 Occi-

499 5026 661 5101 dente
689 5031 923 5101 episcopi
946 5026 1394 5101 convocarentur.
1416 5030 1569 5098 Quod
1598 5032 1645 5088 si
1673 5033 1926 5089 credatur
1950 5034 2075 5090 Fla-

500 5099 687 5171 vianus
727 5099 840 5155 non
870 5099 1060 5171 solum
1099 5100 1166 5155 ad
1218 5103 1563 5171 apostolicam
1616 5105 1835 5167 sedem,
1884 5120 2071 5160 verum

498 5169 662 5225 etiam
680 5170 756 5245 ad
794 5169 1356 5245 episcoposilomanae
1395 5174 1588 5245 synodi
1626 5189 1976 5245 provocasse,
2018 5174 2073 5230 id

497 5242 756 5316 nonalia
775 5242 845 5297 de
870 5257 1031 5298 causa
1077 5243 1269 5316 fecisse
1312 5242 1778 5316 censendus'est,
1818 5246 1921 5300 nisi
1949 5246 2072 5316 quia

496 5312 701 5385 sciebat
723 5312 1290 5385 Romanospontiﬁces
1310 5314 1365 5369 in
1384 5315 1714 5385 gravissimis
1732 5316 1906 5371 causis
1931 5312 2073 5385 ejus-

495 5383 644 5437 modi
664 5383 905 5455 synodos
928 5384 1107 5455 solere
1132 5399 1325 5453 cogere
1344 5428 1359 5453 ,
1389 5383 1446 5440 ut
1475 5388 1735 5440 maturius
1758 5396 1809 5442 et
1832 5383 2072 5441 exactius

495 5453 768 5519 negotium
796 5454 1196 5526 dijudicaretur.
1220 5455 1333 5511 Hoc
1351 5456 1566 5526 quidem
1596 5457 1821 5511 consilio
1850 5456 1909 5513 S.
1934 5456 2074 5511 Leo-

494 5537 618 5578 nem
663 5524 902 5593 epistolis
946 5526 1046 5579 hac
1084 5526 1139 5581 in
1175 5540 1235 5582 re
1272 5524 1600 5582 transmissis
1636 5542 1743 5581 non
1770 5542 1926 5582 suum
1953 5534 2073 5581 tan-

493 5599 640 5668 tum,
671 5604 729 5649 ut
755 5595 818 5668 in
831 5595 949 5668 aliis
979 5596 1201 5662 litteris,
1238 5596 1333 5653 sed
1362 5604 1419 5653 et
1440 5598 1632 5668 synodi
1653 5611 1849 5651 nomen
1877 5597 2072 5668 inscri-

495 5665 669 5730 psisse
698 5666 954 5739 credibile
971 5676 1074 5735 est,
1100 5683 1169 5723 ne
1191 5669 1452 5738 praecipiti
1471 5665 1706 5739 quodam
1730 5668 1930 5739 impetu
1956 5667 2072 5724 sine

454 5800 457 5803 λ
489 5744 733 5802 congruo
757 5738 1002 5795 examine
1022 5741 1292 5807 negotium
1321 5737 1423 5800 hoc
1437 5737 1761 5808 transegisse
1778 5737 2062 5797 videretur.

2187 468 2297 524 Leo
2322 471 2476 538 epist.
2505 471 2595 537 61,
2626 487 2674 527 c.
2699 472 2751 535 l,
2774 468 2924 526 Suam
2948 480 3001 527 et
3024 470 3211 541 synodi
3233 469 3553 526 sententiam
3574 469 3750 524 distin-

2185 540 2318 608 guit.
2354 542 2481 607 Qua
2500 543 2691 609 scripta
2717 551 2911 606 nostra,
2935 540 3121 610 inquit,
3154 557 3255 593 non
3281 540 3447 595 solum
3467 540 3752 609 apostolica

2184 612 2316 664 sedis
2346 613 2661 676 auctoritate,
2690 612 2778 665 sed
2801 614 2951 666 etiam
2979 622 3166 666 sanctae
3195 612 3396 681 synodi,
3433 625 3549 681 quas
3578 610 3650 662 ad
3675 627 3753 681 nos

2186 684 2418 804 {requests
2445 692 2764 749 convenerat,
2788 682 3121 735 unanimitate
3141 679 3329 735 directa
3346 690 3487 735 sunt.
3505 679 3753 744 Quesnel-

2208 765 2268 804 us
2289 751 2424 804 hanc
2455 753 2723 804 nostillam
2754 752 2921 804 afﬁxit
2943 752 2995 804 in
3017 752 3285 804 margine:
3317 751 3456 804 Nota
3475 750 3753 804 distinctio-

2208 750 2424 807 us'hanc
2455 753 2723 821 postillam
2754 752 2921 805 afﬁxit
2943 752 2995 805 in
3017 752 3285 820 margine:
3317 751 3456 806 Nota
3475 750 3754 821 distinctio-

2186 836 2302 895 nem
2331 832 2375 876 et
2399 820 2781 895 gradationem;
2811 822 3032 895 perinde
3060 836 3122 875 ac
3150 821 3287 895 si_ab
3314 821 3613 895 apostolica
3646 820 3755 876 sede

2186 893 2251 945 ad
2296 891 2532 962 sanctam
2578 893 2839 962 synodum
2885 894 3031 962 quasi
3074 908 3101 944 a
3144 892 3351 945 minore
3397 892 3462 944 ad
3506 891 3755 962 majorem

2185 961 2380 1030 gradus
2411 963 2580 1018 ﬁeret.
2610 960 2680 1017 At
2707 976 2811 1016 non
2854 960 2923 1017 ita
2952 970 3056 1017 est.
3103 962 3239 1016 Dum
3270 962 3327 1017 S.
3360 960 3606 1030 pontifex
3643 975 3752 1027 apo-

2186 1032 2390 1087 stolica:
2417 1032 2531 1088 sedi
2579 1034 2949 1097 auctoritatem,
2986 1047 3097 1087 sua:
3124 1042 3300 1087 autem
3336 1032 3543 1102 synodo
3580 1032 3753 1084 unani-

2186 1102 2409 1155 mitatem
2446 1103 2685 1169 ascribit,
2729 1103 2902 1171 palam
2942 1103 3116 1157 innuit
3165 1111 3326 1157 tOtam
3368 1102 3452 1156 vel
3502 1102 3755 1167 potiorem

2186 1173 2537 1242 auctoritatem
2561 1172 2613 1226 in
2639 1173 2901 1242 ejusmodi
2923 1174 3139 1241 synodis
3168 1171 3480 1241 apostolica:
3511 1171 3636 1226 sedi
3656 1186 3755 1227 esse

2188 1241 2531 1314 deferendam
2548 1260 2561 1308 ;
2577 1241 2837 1314 synodum
2860 1253 3036 1298 autem
3055 1258 3234 1314 secum
3257 1252 3644 1314 congregatum
3666 1256 3754 1298 non

2188 1312 2476 1375 nominari,
2499 1312 2730 1368 nec'vim
2762 1312 2959 1368 habere
2988 1313 3088 1367 nisi
3120 1312 3188 1367 ob
3225 1313 3645 1375 unanimitatem,
3672 1328 3753 1377 qus

2189 1380 2369 1450 plures
2410 1383 2479 1437 ad
2526 1398 2740 1438 causam
2789 1383 3209 1453 cognoscendam
3259 1398 3321 1436 ac
3370 1382 3753 1449 dijudicandam

2189 1454 2491 1515 convocati,
2520 1467 2708 1508 omnes
2739 1454 2788 1506 iu
2814 1454 3054 1508 eamdem
3094 1467 3211 1506 cum
3242 1467 3339 1508 suo
3366 1453 3544 1521 capite
3571 1460 3633 1505 et
3654 1465 3753 1506 eum

2188 1522 2317 1576 sede
2347 1523 2637 1591 apostolica
2680 1525 2998 1578 sententiam
3040 1523 3381 1577 transierunt.
3417 1526 3550 1588 Quae
3582 1523 3752 1592 synodi

2188 1594 2502 1647 unanimitas
2540 1594 2638 1648 etsi
2686 1594 2971 1661 plurimum
3010 1593 3253 1647 conferre
3285 1593 3456 1648 soleat
3488 1596 3554 1647 ad
3583 1592 3749 1661 judicii

2190 1663 2551 1717 maturitatem
2604 1663 2976 1718 declarandam
3025 1672 3078 1717 et
3124 1663 3190 1716 ad
3237 1663 3533 1717 faciendam
3588 1662 3747 1727 ﬁdem,

2115 1769 2163 1829 B
2189 1732 3748 1829 ﬁf‘ffoﬁ“.E‘PE‘l_aP?§E°'ifi‘iffdff..i‘i'l!..‘l[‘?l‘fdf°f’5

2191 1809 2303 1873 tum
2335 1803 2455 1871 quia
2487 1803 2599 1858 haec
2642 1818 2735 1872 per
2776 1818 2917 1870 sese,
2969 1804 3128 1857 etiam
3177 1803 3601 1871 independenter
3632 1818 3657 1855 a
3684 1818 3733 1873 sy

2190 1872 2352 1939 nodo,
2374 1873 2460 1941 jus
2476 1887 2631 1927 suum
2661 1889 2728 1928 ex
2758 1874 2989 1941 primatu
3004 1874 3282 1927 dimanans
3298 1888 3554 1927 exercere
3575 1872 3747 1942 potest,

2190 1956 2255 1996 ac
2284 1942 2573 1998 identidem
2604 1952 2837 2009 exercet,
2867 1951 2975 1997 tum
3013 1944 3134 2013 quia
3163 1944 3207 1997 si
3238 1953 3343 1997 tota
3375 1944 3455 1997 vis
3486 1942 3671 2013 synodi
3696 1956 3747 1997 ex

2192 2014 2531 2067 unanimitate
2559 2014 2777 2083 pendet,
2812 2014 3003 2068 efﬁcax
3041 2012 3197 2082 hujus
3238 2012 3536 2067 auctoritas
3564 2015 3614 2067 in
3642 2028 3743 2081 apo

2190 2083 2393 2138 stolica:
2424 2084 2715 2150 praesertim
2757 2084 2899 2138 sedis
2921 2084 3236 2137 auctoritate
3260 2098 3324 2137 ac
3346 2083 3551 2151 judicio
3588 2084 3744 2137 consi-

2191 2153 2283 2224 stit
2302 2169 2315 2216 ;
2335 2153 2477 2208 unde
2495 2154 2761 2223 pleraeque
2784 2154 3144 2209 Romanorum
3170 2153 3478 2224 pontiﬁcum
3501 2154 3732 2224 epistolae,

2191 2221 2318 2277 licet
2338 2224 2389 2277 in
2415 2221 2919 2294 eju'smodi’synodis
2942 2221 3194 2290 exaratze',
3224 2239 3329 2277 non
3353 2232 3529 2277 tamen
3547 2223 3732 2293 synodi,

2190 2294 2285 2347 sed
2301 2294 2478 2375 solius
2502 2293 2781 2375 pontiﬁcis
2810 2295 3039 2375 nomine
3077 2302 3237 2375 atque
3270 2294 3588 2375 auctoritate

2191 2372 2317 2417 sunt
2344 2379 2409 2419 ex
2425 2363 2793 2433 antiquissima
2809 2365 3063 2419 Romana:
3085 2365 3334 2419 Ecclesia:
3355 2363 3744 2425 consuetudine,

2192 2442 2249 2486 ut
2278 2434 2446 2502 liquet
2480 2450 2546 2505 ex
2573 2435 2798 2503 epistola
2828 2434 3020 2505 synodi
3050 2434 3305 2489 Romana:
3346 2436 3416 2489 ad
3455 2436 3675 2490 clericos
3698 2444 3743 2487 et

2190 2505 2485 2559 monachos
2511 2504 2811 2560 Orientales
2838 2504 2926 2559 an.
2957 2505 3085 2560 485.

2263 2574 2318 2630 8.
2368 2574 2427 2629 ld
2468 2584 2644 2629 autem
2685 2576 3016 2631 auctoritatis
3061 2576 3113 2628 in
3157 2575 3393 2630 Flaviani
3434 2590 3621 2640 causa,
3653 2589 3751 2641 qua:

2191 2644 2604 2716 appellationem
2653 2645 2939 2701 Orientalis
2992 2646 3231 2716 episcopi
3277 2647 3545 2716 respicit,
3604 2646 3749 2699 multo

2191 2715 2362 2784 magis
2379 2716 2717 2785 perspicuum
2743 2724 2846 2771 est.
2867 2716 3061 2781 Quaero
3080 2715 3223 2772 enim
3240 2733 3303 2771 ex
3326 2715 3623 2783 Quesnello
3642 2728 3750 2769 num

2191 2785 2511 2857 particulari
2538 2786 2746 2857 synodo
2776 2788 3051 2850 Romanae,
3102 2787 3149 2840 si
3189 2802 3218 2840 a
3264 2801 3482 2841 summo
3527 2785 3754 2855 pontiﬁce

2189 2864 2471 2923 separetur
2494 2856 2583 2925 jus
2614 2856 2814 2911 tribuat
2843 2857 3196 2924 cognoscendi
3229 2872 3420 2911 causas
3449 2857 3747 2926 appellatio-

2190 2940 2319 2979 num
2348 2941 2467 2993 qute
2504 2941 2575 2980 ex
2614 2928 2831 2982 Oriente
2870 2927 3221 2982 deferuntur?
3255 2926 3429 2981 Judex
3467 2925 3754 2995 appellatio-

2190 3010 2318 3067 num
2350 2996 2594 3065 profecto
2624 3011 2744 3053 esse
2790 2998 2995 3067 nequit,
3044 2998 3144 3052 nisi
3187 2998 3275 3065 qui
3325 3000 3582 3065 superior
3605 3005 3754 3067 esteo

2188 3064 2370 3134 judice
2416 3082 2449 3137 a
2492 3067 2645 3137 cujus
2686 3064 2955 3137 sententia
3002 3064 3322 3136 appellatum
3371 3064 3493 3121 fuit.
3526 3066 3756 3135 Superior

2193 3144 2374 3207 autem
2420 3136 2781 3193 Orientalibus
2820 3137 3109 3207 iudicibus,
3149 3140 3239 3207 qui
3285 3137 3602 3193 Flavianum
3644 3150 3756 3191 con-

2194 3206 2597 3273 demnaverant,
2642 3206 2916 3263 Romanus
2942 3206 3431 3278 quidem’pontifex
3457 3220 3543 3263 est
3573 3208 3757 3262 ratione

2197 3278 2475 3344 primatus,
2522 3280 2612 3348 qui
2653 3294 2774 3333 cum
2819 3277 3121 3347 persenalis
3156 3281 3509 3348 praerogativa
3539 3281 3622 3343 sit,
3652 3277 3757 3348 ejus

2193 3349 2480 3403 auctoritas
2500 3344 2766 3420 a'synodo
2795 3344 3127 3419 nequaquam
3154 3344 3373 3419 pendet,
3399 3358 3455 3403 et
3475 3350 3671 3420 idcirco
3698 3344 3761 3399 ad

2193 3432 2315 3489 eum
2352 3420 2512 3472 etiam
2553 3418 2725 3473 solum
2764 3435 2827 3475 ac
2855 3418 3167 3488 separatum
3196 3435 3224 3472 a
3254 3420 3458 3489 synodo
3503 3418 3763 3487 appellare

2192 3486 2480 3543 Flavianus
2504 3491 2701 3558 putuit;
2724 3490 2904 3545 caeteri
2921 3486 3053 3544 vero
3074 3486 3379 3545 Occidentis
3406 3498 3496 3543 aut
3517 3486 3764 3558 Remens:

2192 3558 2383 3630 synodi
2413 3557 2650 3630 episcopi
2674 3575 2704 3614 a
2734 3574 2945 3614 summo
2978 3560 3228 3627 pontiﬁce
3256 3560 3470 3630 sejuinscti
3499 3574 3613 3611 cum
3645 3557 3759 3630 pari

2192 3626 2425 3699 primatu
2444 3644 2506 3684 ac
2524 3626 2648 3698 jure
2679 3645 2783 3685 non
2815 3631 3109 3699 potiantur,
3151 3628 3495 3685 Orientalibus
3517 3626 3759 3699 superin-

2193 3690 2280 3753 res
2307 3698 2409 3753 dici
2452 3690 2755 3767 nequeunt:
2803 3690 2865 3754 ac
2914 3690 3201 3769 propterea
3244 3700 3524 3755 Flavianus
3562 3690 3626 3769 ad
3665 3696 3769 3769 hos

2193 3769 2419 3893 Eerinde
2458 3765 2735 3838 separatos
2764 3787 2867 3825 non
2901 3765 3070 3837 patuit
3108 3785 3417 3840 provocare.
3448 3768 3601 3835 Quod
3634 3766 3681 3821 si
3704 3765 3769 3820 ad

2235 3852 2294 3892 os
2318 3854 2531 3893 auoaue
2553 3842 2883 3893 provocavit.
2909 3842 3185 3893 praemissa
3207 3851 3386 3893 tamen
3414 3839 3767 3893 annellatione

2235 3852 2294 3892 os
2318 3854 2531 3909 quoque
2552 3842 2883 3909 provocavit,
2909 3839 3185 3909 przetniSsa
3207 3851 3386 3895 tamen
3414 3839 3767 3909 appellatione

2192 3909 2258 3964 ad
2283 3910 2466 3965 sedem
2494 3911 2865 3979 apostolicam,
2907 3926 3001 3965 seu
3046 3912 3111 3965 ad
3144 3927 3412 3966 summum
3446 3910 3768 3979 pontiﬁcem.

2192 3989 2253 4033 ut
2286 3978 2541 4034 Placidia!
2570 3980 2933 4036 testimonium
2967 3982 3203 4051 praefert,
3251 3996 3373 4037 cum
3406 3981 3511 4036 hoc
3554 3982 3641 4051 jus
3672 3993 3768 4032 non

2192 4064 2259 4121 ex
2310 4052 2661 4119 praerogativa
2714 4050 3237 4121 ipsorum’prnpria,
3286 4052 3380 4107 sed
3429 4066 3498 4106 ex
3550 4050 3772 4121 primatu

2196 4118 2424 4193 Romani
2452 4118 2747 4193 pontiﬁcis,
2771 4118 3427 4193 quorutn'illiunanimiter
3455 4118 3770 4193 sententiam

2191 4190 2453 4262 tulerunt,
2494 4195 2546 4245 in
2583 4189 2803 4248 eosdem
2847 4193 3026 4262 aliqua
3063 4193 3275 4247 ratione
3308 4193 3573 4262 dimanet,
3605 4189 3770 4245 solum

2191 4260 2276 4314 vel
2301 4262 2628 4331 prncipuum
2663 4263 2752 4331 jus
2779 4260 3007 4318 Romani
3052 4263 3308 4319 antistitis
3358 4261 3650 4317 Flavianus
3691 4275 3772 4315 re-

2192 4331 2432 4402 spexisse
2470 4333 2774 4389 credendus
2810 4343 2913 4397 est,
2963 4333 3085 4388 licet
3134 4349 3198 4387 ex
3253 4348 3405 4388 more
3451 4334 3772 4402 judiciorum

2190 4401 2334 4473 sedis
2357 4404 2662 4471 apostolicae
2688 4405 2850 4459 etiam
2873 4403 2942 4458 ad
2966 4404 3246 4473 episcopos
3273 4400 3538 4458 Romanae
3560 4400 3768 4473 synodi,

2111 4502 2166 4563 D
2190 4472 2363 4553 quiin
2390 4475 2724 4563 ‘gsavioribus
2835 4472 3013 4563 genus
3036 4476 3211 4563 cnnsis
3254 4472 3771 4563 aupontiﬁce’adro-

2189 4542 2300 4597 cari
2323 4543 2587 4614 solebant,
2620 4542 3035 4614 appellationem
3062 4545 3342 4614 direxerit.

2264 4612 2476 4684 1159
2501 4615 2555 4670 9.
2598 4612 2731 4670 Hinc
2755 4630 2883 4670 sane
2906 4616 3149 4669 laudatus
3178 4613 3595 4670 Valentinianus
3620 4621 3779 4669 totam

2187 4686 2557 4753 appellationis
2584 4686 2846 4741 rationem
2876 4686 2930 4739 in
2960 4686 3241 4753 primatum
3267 4684 3411 4739 sedis
3442 4685 3779 4753 apostolicae,

2186 4757 2276 4839 qui
2305 4755 2493 4839 solius
2517 4756 2751 4839 {inmani
2776 4755 3336 4839 pontiﬁcisuproprim
3377 4764 3435 4809 et
3478 4753 3781 4839 per-sonans

2186 4834 2287 4886 est,
2320 4826 2501 4879 retulit
2528 4826 2611 4879 his
2642 4826 2820 4881 verbis
2848 4829 3008 4894 epist.
3036 4825 3134 4881 55:
3165 4825 3516 4895 Debemus....
3545 4826 3780 4895 dignita-

2185 4902 2284 4948 tem
2312 4896 2533 4966 propria:
2559 4897 2893 4951 venerationis
2937 4895 3005 4950 Β.
3037 4894 3269 4966 apostolo
3303 4896 3464 4950 Petro
3502 4894 3783 4949 intemera-

2184 4972 2291 5018 tam
2312 4974 2356 5018 et
2375 4966 2427 5018 in
2453 4966 2640 5019 nostris
2670 4966 2979 5033 temporibus
3006 4967 3302 5021 conservare
3325 4982 3344 5033 ;
3378 4976 3642 5033 quatenus
3674 4966 3784 5018 bea-

2180 5036 2403 5090 tissimus
2446 5036 2692 5090 Romante
2717 5039 2930 5091 civitatis
2966 5038 3253 5106 episcopus,
3294 5039 3379 5090 cui
3420 5050 3789 5092 PBINCIPATUI

2177 5106 2451 5177 sacerdotii
2479 5122 2632 5175 super
2669 5123 2842 5161 omnes
2878 5109 3160 5177 antiquitas
3205 5109 3445 5171 contulit,
3488 5110 3669 5161 locum
3701 5109 3790 5159 Isa-

2176 5176 2290 5249 bgat
2318 5194 2377 5231 ac
2395 5176 2693 5249 facultatem
2722 5178 2784 5233 de
2807 5178 2909 5245 ﬁde
2932 5186 2979 5232 et
3003 5176 3401 5249 isaceunortsus
3433 5180 3787 5249 judicare....

2176 5245 2355 5318 Hujus
2405 5248 2540 5301 enim
2582 5248 2655 5302 rei
2699 5250 2865 5319 gratia
2912 5248 3193 5302 secundum
3238 5245 3653 5315 solenmitatem,
3706 5264 3795 5301 seu

2177 5317 2371 5389 morem
2398 5317 2731 5372 conciliorum
2749 5317 3349 5389 ConstantinOpolitanus
3374 5322 3661 5387 episcopus
3686 5331 3793 5389 sui

2177 5404 2269 5456 per
2291 5388 2491 5460 libellos
2512 5389 2812 5460 appellavit.
2845 5389 3003 5445 Vides
3030 5387 3406 5460 appellationis
3430 5389 3717 5445 rationem
3739 5387 3796 5441 in

2176 5472 2254 5531 eos
2272 5459 2551 5527 collocari,
2575 5461 2697 5531 quia
2726 5474 2970 5516 summus
3005 5459 3265 5529 pontifex,
3300 5461 3669 5531 principatus,
3705 5473 3801 5514 seu

2178 5529 2439 5595 primatus
2458 5544 2639 5597 causa,
2671 5529 2832 5586 habet
2858 5540 3153 5599 potestatem
3196 5531 3259 5585 de
3286 5529 3687 5593 sacerdotibus,
3740 5542 3802 5581 ac

2177 5599 2403 5709 ﬂoride
2436 5600 2503 5657 de
2532 5601 3126 5671 Constantinopolitano
3154 5602 3315 5658 etiam
3346 5602 3622 5672 episcopo
3645 5599 3806 5674 judi-

2174 5684 2291 5724 care
2307 5684 2319 5724 2

2248 5740 2336 5798 to.
2368 5740 2429 5798 ln
2451 5740 2555 5800 hoc
2582 5756 2714 5801 sane
2742 5743 3053 5821 apostolicae
3078 5743 3351 5815 sedis,seu
3373 5741 3628 5804 Romani
3660 5756 3805 5817 pan-
