3994 6310
1012 400 1250 460 PASCH.
1288 396 1673 471 QUESNELLI
1711 393 2285 455 DISSERTATIONES
2322 396 2392 454 1N
2426 396 2486 453 Β.
2527 396 2769 456 υεοΝιδ
2806 395 3021 456 MAGNI
3056 398 3307 460 OPERA.

495 531 594 579 tem
624 528 669 577 et
693 535 870 593 pacem
895 527 1080 593 cuncta
1110 520 1397 591 perducere.
1442 519 1532 572 Sic
1552 521 1687 593 enim
1716 519 2070 593 haerensque:
2095 520 2143 577 Α
2176 528 2296 570 nam
2328 522 2561 571 mentem
2589 526 2978 593 revocarentur
2990 534 3020 593 _;_
3029 519 3164 593 altas
3194 520 3334 572 enim
3362 515 3757 593 quidquidipse

494 586 733 667 surrexit,
766 601 815 647 et
856 590 1030 667 turba:
1051 586 1165 660 qtae
1188 599 1391 667 propter
1418 604 1528 641 eam
1558 588 1707 659 facta
1731 595 1869 667 sunt,
1918 586 2069 667 facil:

497 666 616 718 lime
627 657 969 719 destruentur.
987 657 1341 715 Removebitur
1364 667 1534 713 autem
1555 657 1599 712 et
1626 658 1913 723 concilium,
1934 657 2070 724 quod

495 736 605 804 fieri
642 734 957 806 diuulgatur,
1008 740 1270 806 quatenus_
1289 730 1496 806 1163
1522 728 2072 806 nequaquant__nb_ique

498 801 831 861 sanctissima:
850 804 1205 872 perturbentur
1226 801 1488 855 EcEl‘esiar.
1514 802 1613 867 Qui
1639 802 1692 872 in
1710 801 2069 872 appellatione

496 890 653 945 quam
688 870 952 947 Eutychos
972 874 1266 947 ementitus
1293 880 1377 927 est
1400 881 1602 947 tantum
1640 870 1895 947 Romanae
1927 871 2068 947 sedis

496 942 807 1025 auctoiitati
828 944 1033 1009 tribuit,
1062 955 1119 999 ut
1156 944 1324 1025 solam
1365 943 1480 1025 ejus
1522 942 1841 1025 sententiam
1870 943 2069 1025 requiri

494 1025 549 1071 et
594 1018 861 1081 suflicere,
897 1029 1063 1084 eaque
1099 1024 1362 1069 remotum
1397 1013 1460 1068 iri
1499 1013 1780 1084 afﬁrmarit
1822 1014 2069 1084 generale

492 1088 799 1154 concilium,
831 1083 1295 1169 quod’cogendum
1322 1084 1659 1167 vulgabatur,
1708 1083 1785 1169 uti
1831 1083 2068 1169 amplius

498 1172 604 1212 non
632 1154 1028 1225 necessarium,
1070 1154 1242 1211 immo
1272 1172 1338 1212 ex
1360 1154 1466 1226 quo
1499 1154 1729 1226 majores
1764 1154 1947 1210 turbas
1977 1171 2072 1210 ex-

495 1228 734 1284 citandas
780 1228 1021 1296 timebat,
1070 1227 1338 1298 quomodo
1369 1225 1524 1298 aecus
1547 1225 1789 1298 judicare
1817 1227 1987 1295 potuit
2015 1228 2068 1281 in

493 1299 849 1370 appellatione
873 1314 969 1355 sua
1000 1296 1121 1370 post
1147 1297 1614 1370 pseudosynodum
1648 1296 1994 1370 Ephesinam,
2018 1298 2070 1352 in

494 1367 597 1493 311a
630 1369 887 1426 factiones
919 1378 968 1425 et
1003 1367 1188 1424 turbas
1222 1367 1569 1439 prazvaluisse
1591 1367 1927 1437 experientia
1958 1368 2070 1437 ipsa

534 1438 791 1493 idicerat?
824 1441 949 1493 llaec
978 1456 1102 1493 vero
1133 1441 1308 1493 omnia
1333 1454 1452 1493 cum
1485 1438 1648 1493 Leoni
1681 1448 1861 1493 essent
1884 1440 2070 1493 exulo-

534 1438 791 1495 idicerat?
824 1441 949 1497 llaec
978 1456 1102 1495 vero
1133 1438 1308 1495 omnia
1333 1454 1452 1494 cum
1485 1438 1648 1494 Leoni
1681 1448 1861 1494 essent
1884 1440 2071 1508 explo-

495 1518 610 1564 rata
633 1527 703 1565 ex
731 1512 846 1580 ipso
868 1510 1049 1567 libello
1079 1525 1141 1565 ac
1191 1510 1383 1565 litteris
1435 1508 1697 1576 Flaviani,
1747 1526 1853 1563 non
1902 1509 2074 1579 potuit

493 1595 618 1653 ergo
654 1582 957 1653 generalem
990 1581 1270 1653 synodum
1312 1594 1375 1636 ea
1404 1580 1487 1653 de
1532 1596 1691 1653 causa
1736 1583 2073 1635 necessariam

494 1650 788 1723 aliirmare,
814 1652 955 1723 quod
986 1650 1084 1723 hoc
1109 1650 1365 1721 judicium
1403 1650 1691 1723 Flavianus
1728 1653 2068 1721 postulasset.

474 1720 610 1793 Alia
642 1721 803 1792 igitur
833 1720 1173 1778 necessitatis
1201 1722 1340 1793 ratio
1368 1721 1696 1792 exquirenda
1726 1720 1827 1776 est.

568 1792 652 1848 M.
682 1793 737 1850 Si
786 1794 907 1863 quis
955 1809 1084 1849 vero
1135 1794 1277 1862 ipsas
1325 1792 1519 1849 Leonis
1568 1793 2073 1863 epistolasrattente

497 1860 706 1932 legerit,
739 1860 1271 1934 cit‘cumstantiasque
1299 1866 1415 1931 ejus
1464 1860 1719 1933 temp—oris
1764 1862 2071 1934 diligentius

497 1934 871 2003 considerarit,
896 1948 991 1989 cur
1017 1944 1071 1990 et
1106 1950 1213 2003 quo
1240 1948 1401 1990 sensu
1432 1934 1522 1989 ille
1569 1935 1907 1989 necessarium
1954 1950 2071 1991 cre-

496 2002 692 2059 diderit
745 2005 1027 2060 concilium
1057 2002 1327 2075 generale,
1386 2004 1637 2075 perfacile
1684 2005 1957 2075 intelliget.
2014 2006 2073 2062 In

501 2074 644 2148 nulla
696 2075 895 2148 Leonis
936 2074 1159 2148 epistola
1189 2074 1409 2148 indicatji
1442 2075 1680 2148 invenies
1710 2074 2071 2133 necessarium

498 2144 664 2218 fuisse
685 2144 1249 2218 concilium'getierale
1282 2155 1340 2200 ut
1370 2146 1635 2218 Epheslna
1680 2157 1794 2204 acta
1836 2148 2074 2218 legitime

501 2215 951 2290 rescinderentur,
985 2215 1046 2272 ac
1076 2216 1359 2290 Flavianus
1390 2215 1577 2273 iisdem
1608 2219 1772 2287 gestis
1794 2215 2073 2290 perperam

498 2284 773 2358 depositus
796 2288 1185 2343 restitueretur.
1219 2288 1378 2341 Enim
1411 2302 1538 2344 vero
1567 2284 1687 2344 cum
1719 2284 1907 2345 eadem
1937 2305 2072 2358 pra:-

500 2353 714 2430 datoria
735 2366 789 2414 et
813 2358 991 2430 iniqua
1035 2368 1184 2430 gesta
1231 2359 1403 2428 palam
1432 2367 1487 2413 et
1513 2358 1788 2430 evidenter
1816 2353 1959 2415 nulla
1992 2368 2071 2415 at-

497 2440 603 2549 que
627 2428 773 2483 irrita
800 2428 1001 2497 essent,
1033 2428 1089 2484 ut
1117 2428 1256 2483 idem
1296 2429 1613 2494 Quesnellus
1645 2431 1833 2500 probat
1856 2431 2073 2485 dissert.

538 2496 594 2549 0.
625 2513 682 2549 n.
713 2498 770 2549 ι.
801 2500 1045 2549 sunerior
1071 2498 1429 2549 ecclesiastica
1456 2503 1744 2549 auctoritas
1774 2501 2073 2549 necessaria

538 2496 594 2564 0,
625 2513 682 2553 n.
713 2498 771 2567 4,
801 2496 1045 2569 superiOr
1071 2498 1429 2555 ecclesiastica
1456 2496 1744 2557 auctoritas
1774 2501 2074 2557 necessaria

501 2580 623 2642 esse
648 2584 755 2625 non
786 2578 993 2641 poterat
1014 2578 1074 2642 ut
1102 2569 1533 2642 rescinderentur
1559 2578 1717 2642 atque
1737 2582 1795 2627 ut
1826 2573 1897 2642 in,
1923 2586 2072 2627 suam

498 2638 704 2707 sedem,
723 2638 873 2711 aqua
897 2640 1064 2711 gestis
1094 2641 1263 2711 irritis
1291 2640 1486 2710 deponi
1510 2638 1832 2710 non—potuit,
1860 2641 2073 2697 Flavia-

500 2723 603 2781 nus
654 2710 1044 2767 restitueretur.
1099 2710 1309 2781 Solum;
1341 2725 1463 2766 cum
1514 2712 1700 2767 eadem
1759 2720 1906 2781 gesta
1959 2719 2075 2769 rata

502 2775 827 2851 haberentur
870 2796 901 2836 a
944 2782 1054 2838 suis
1092 2779 1599 2851 auctoribusiatque
1625 2775 1945 2848 fauto'ribus,
1978 2784 2076 2837 im-

502 2850 794 2922 perialique
818 2852 1136 2909 auctoritate
1163 2851 1372 2922 ﬁrmata
1404 2850 1652 2917 fuissent,
1686 2854 1751 2909 ad
1782 2853 2073 2909 tollendum

498 2922 905 2994 erroremiapud
928 2922 1125 2994 multos
1147 2921 1541 2994 pervulgatum,
1566 2926 1864 2979 necessaria
1889 2923 2074 2980 haberi

500 2993 671 3063 potuit
717 2992 893 3065 aliqua
937 2992 1184 3064 superior
1232 2994 1551 3065 auctoritas.
1602 3010 1719 3065 qua:
1762 2995 2073 3065 eorumdem

499 3071 771 3133 gestorum
796 3063 1099 3130 nullitatem,
1133 3071 1189 3121 ut
1224 3073 1431 3133 vocant,
1469 3063 1786 3122 declararet.
1814 3064 1871 3121 In
1899 3063 1951 3120 id
1980 3080 2008 3118 a

499 3132 843 3206 pellationem
874 3135 1191 3206 interposuit
1218 3132 1510 3206 12Tlavianus
1538 3136 1605 3191 ad
1647 3152 1765 3192 eam
1814 3132 2073 3203 apostoli-

501 3216 617 3276 cam
643 3205 847 3272 sedem,
880 3204 1033 3276 cujus
1058 3205 1429 3276 auctoritatem
1468 3204 1600 3262 alios
1633 3206 2071 3276 Orientalesrim-

2103 1904 2151 1964 B

2175 600 2296 641 cum
2324 601 2418 641 sua
2445 586 2651 657 synodo
2677 587 2956 653 scriberet,
2989 588 3095 644 illis
3122 590 3171 641 in
3200 588 3481 657 praesentia
3507 586 3757 647 obniten-

2174 657 2314 712 tibus
2359 657 2490 712 nihil
2524 657 2747 714 valeret.
2779 657 2847 713 Ut
2887 669 3064 714 autem
3092 660 3391 714 Orientales
3420 662 3615 714 saltem
3649 664 3759 726 ple-

2176 727 2329 797 rique
2357 740 2706 801 sanarentur,
2726 729 2925 801 nullum
2970 731 3145 801 aptius
3194 730 3489 784 remedium
3531 733 3758 801 reperiri

2175 800 2761 873 posse_cognovit_inisi
2799 800 3047 871 generale
3094 802 3399 873 concilium,
3434 803 3487 856 in
3530 800 3638 873 quo
3686 804 3759 857 illi

2174 884 2292 942 cum
2325 870 2754 942 Occidentalibus
2784 870 3158 926 convenirent.
3193 873 3246 926 ln
3272 871 3375 927 hoc
3402 870 3558 926 etiitn
3575 874 3757 942 plures

2175 941 2317 996 docti
2347 949 2400 996 et
2429 941 2676 997 catholici
2706 942 2940 1012 episcopi
2968 957 3087 997 cum
3120 943 3360 1011 deceptis
3387 941 3621 998 liberum
3658 955 3758 999 tra-

2175 1021 2372 1069 ctatum
2404 1012 2681 1079 habentes,
2707 1027 2801 1067 eos
2823 1013 3028 1067 facilius
3051 1013 3335 1079 instruere,
3363 1015 3592 1069 suadere
3616 1028 3671 1071 et
3694 1018 3757 1072 ad

2175 1097 2361 1155 sanum
2390 1084 2674 1155 consilium
2701 1098 2953 1138 revocare
2981 1084 3136 1139 facile
3168 1095 3404 1153 possent,
3444 1087 3517 1139 uti
3571 1097 3756 1155 postea

2176 1154 2237 1228 in
2254 1152 3079 1228 concilioChalcedonensicum
3134 1152 3449 1228 ll’lyricianis
3490 1168 3547 1211 et
3572 1152 3759 1211 _Pal:e-

2175 1226 2327 1279 stiuis
2357 1223 2585 1281 feliciter
2627 1226 2868 1296 contigit.
2925 1225 3071 1281 Vidit
3115 1223 3376 1296 praeterea
3425 1226 3530 1282 hoc
3580 1230 3757 1283 conci-

2176 1296 2303 1350 lium
2360 1304 2509 1350 extra
2550 1296 2822 1351 Orientem
2874 1298 3271 1352 convocandum
3318 1312 3458 1363 esse,
3510 1298 3599 1351 ubi
3647 1299 3756 1354 aliis

2175 1366 2430 1438 Augustis
2453 1368 2852 1438 imperantibus,
2878 1369 3026 1422 omni
3059 1368 3327 1424 violentia)
3361 1368 3606 1438 periculo
3637 1370 3756 1425 sub-

2177 1436 2344 1509 moto,
2379 1436 2587 1509 factiosi
2602 1437 2855 1509 homines
2890 1438 3020 1493 nihil
3052 1448 3303 1507 possent;
3346 1436 3532 1509 sicque
3564 1452 3755 1497 cuncta

2176 1506 2379 1581 facilius
2398 1511 2457 1581 Δι
2471 1508 2639 1581 165
2655 1506 3124 1581 componerentur.
3153 1509 3261 1563 llac
3282 1526 3409 1580 ergo
3434 1506 3753 1581 necessitate

2176 1578 2601 1651 nonjuris‘fse'd:
2617 1579 2740 1634 facti
2772 1580 3021 1651 generale
3048 1581 3333 1651 concilium
3349 1578 3421 1635 ‘in
3469 1578 3628 1636 Italia
3670 1597 3753 1650 pe-

2178 1650 2393 1703 tendum
2418 1649 2645 1704 credidit
2673 1649 2793 1717 posi
2817 1652 3229 1720 appellationem
3260 1650 3522 1719 Flaviani,
3553 1654 3632 1705 uti
3659 1649 3745 1708 ue-

2176 1722 2465 1775 cessztrium
2509 1721 2573 1773 ad
2608 1722 2997 1777 restitutionem
3037 1723 3150 1790 ejus
3189 1721 3563 1788 obtinendam,
3606 1732 3662 1778 et
3687 1722 3749 1778 ad

2179 1791 2468 1845 resecanda
2512 1806 2573 1845 ea
2621 1793 2871 1847 scandala
2920 1808 3039 1858 qua:
3079 1793 3130 1847 in
3173 1792 3479 1848 memoratis
3526 1792 3747 1848 circum-

2178 1862 2399 1933 stantiis
2419 1862 2559 1915 aliud
2584 1860 2719 1931 juris
2749 1862 3043 1918 remedium
3092 1878 3199 1919 non
3228 1863 3589 1933 patiebantur.
3620 1864 3744 1921 Cum

2178 1932 2724 2005 porroTheodosium
2755 1934 2806 1988 in
2852 1934 2953 1988 hoc
3001 1935 3172 2004 ipsum
3224 1932 3512 1989 concilium
3563 1950 3743 2005 Cogen-

2175 2003 2300 2058 dum
2327 2003 2597 2075 difficilem
2628 2005 2964 2072 prazvideret,
2994 2003 3153 2061 trium
3177 2008 3538 2075 Augustorum
3563 2003 3739 2062 Valen-

2176 2074 2384 2147 tiniani,
2417 2074 2673 2147 Placidite
2688 2084 2742 2129 et
2763 2075 3015 2147 Eudoxiae
3035 2074 3408 2147 auctoritatem
3434 2076 3573 2147 apud
3594 2094 3731 2147 eume

2174 2144 2295 2200 dem
2328 2146 2766 2215 interponendam
2801 2146 3047 2214 credidit,
3071 2154 3125 2202 et
3161 2155 3218 2201 ut
3248 2144 3638 2203 efﬁcacissimas
3668 2146 3730 2204 ad

2174 2230 2295 2272 eum
2324 2216 2527 2270 litteras
2555 2217 2874 2281 scriberent,
2908 2218 3154 2273 obtinuit.

2248 2286 2334 2360 l_6.
2376 2287 2487 2360 Hoc
2516 2286 2737 2360 quidem
2760 2288 3065 2360 consilium,
3097 2303 3205 2360 quo
3234 2288 3435 2360 nonob
3462 2287 3727 2358 juridicam

2175 2355 2613 2424 declarationem,
2646 2355 2741 2413 sed
2777 2358 2845 2412 ob
2870 2355 3162 2414 remedium
3198 2355 3580 2414 scandalorutn
3608 2375 3735 2415 mcu-

2176 2429 2381 2499 menica
2404 2426 2637 2498 synodus
2661 2428 2959 2498 petebatur,
2978 2428 3116 2485 idem
3132 2429 3241 2485 Leo
3260 2431 3316 2485 in
3339 2431 3467 2499 ipsis
3492 2430 3561 2484 ad
3584 2430 3737 2486 Theo-

2175 2497 2383 2570 dosium
2407 2497 2609 2570 [litteris
2640 2497 2924 2570 manifeste
2957 2500 3260 2568 explicavit.
3298 2497 3388 2556 Sic
3419 2506 3570 2558 enim
3596 2501 3734 2570 epist.

2174 2568 2265 2655 μ,
2286 2584 2345 2655 lc.
2435 2586 2447 2621 :
2489 2566 2791 2655 Generalem
2828 2566 3086 2655 Δξἐνιοοάιὶηι
3110 2572 3339 2655 jubeaiis
3367 2574 3509 2655 intra
3548 2566 3738 2655 Italian:

2175 2638 2438 2711 celebrari,
2462 2654 2575 2711 qua:
2594 2656 2765 2711 omnes
2788 2638 3091 2708 aliensiones
3106 2638 3183 2698 ita
3204 2651 3291 2697 aut
3310 2643 3529 2711 repellat
3552 2653 3636 2696 aut
3658 2644 3738 2698 trti-

2175 2709 2421 2792 tipet,_n_e
2458 2710 2657 2792 aiiquid
2686 2711 2826 2765 ultra
2872 2711 3128 2792 sitaelin
3171 2713 3273 2792 ﬁde
3316 2709 3557 2792 dubium,
3603 2714 3671 2792 uel
3695 2714 3739 2767 ia

2175 2727 2320 2833 "get,
2358 2727 2421 2763 ne
2458 2727 2655 2792 aitquta
2686 2727 2826 2765 uttra
2872 2727 2937 2765 stt
2970 2727 3047 2767 vet
3076 2729 3128 2768 tn
3171 2727 3273 2781 [tae
3316 2727 3557 2779 auorum,
3603 2727 3668 2767 uel
3695 2730 3739 2767 ut

2174 2796 2200 2831 c
2238 2781 2421 2861 aritate
2458 2781 2708 2862 dtvtsunt;
2753 2782 3362 2865 c9necnientibus_utique
3408 2781 3739 2865 Orientalium

2174 2853 2548 2924 provinciarum
2573 2853 2840 2924 episcopis,
2868 2869 3085 2921 quorum
3130 2856 3176 2909 si
3201 2853 3291 2924 qui
3321 2856 3554 2922 superati
3607 2855 3739 2909 mittis

2173 2921 2546 2993 atqueinjuriis
2581 2921 2612 2976 a
2636 2921 2855 2977 veritatis
2885 2925 3087 2979 tramite
3113 2921 3405 2989 deuiaruttt,
3438 2925 3738 2980 salutaribus

2173 2991 2408 3063 remediis
2448 2992 2501 3063 in
2526 2994 2779 3063 integrum
2808 3005 3139 3063 revocentur;
3168 2996 3384 3063 ipsique,
3418 3013 3637 3061 quorum
3677 3001 3739 3050 est

2173 3076 2331 3135 causa
2362 3060 2571 3135 durior,
2612 3060 2656 3117 si
2701 3062 2927 3119 consiliis
2973 3060 3657 3135 melioribus'acquiescunt,
3684 3065 3739 3118 alt

2176 3128 2418 3203 Ecclesia:
2435 3128 2627 3187 unitate
2664 3150 2764 3188 non
2792 3135 3047 3191 excidant.
3079 3135 3335 3193 Similiter
3364 3128 3419 3191 in
3462 3138 3620 3203 epist.
3646 3128 3737 3201 ’69,

2174 3216 2224 3257 c.
2256 3204 2324 3256 ει
2354 3200 2638 3257 Concilium
2660 3206 2941 3261 universale
2968 3206 3101 3259 intra
3129 3203 3436 3263 Italiam...
3477 3200 3741 3263 Clementia

500 3274 741 3347 plorasse
762 3270 1011 3343 noverat;
1034 3275 1165 3333 ets.
1190 3274 1301 3347 Leo
1326 3276 1565 3346 ejusdem
1587 3277 1731 3333 sedis
1760 3275 2073 3333 auctoritate
2099 3270 2144 3335 C
2176 3282 2337 3347 uestra
2356 3274 2595 3347 concedat
2627 3283 2681 3347 ut
2704 3276 2757 3330 in
2784 3292 2937 3330 unum
2967 3277 3377 3333 conuenientibus
3404 3280 3634 3333 omnibus
3668 3278 3741 3333 Itis

498 3346 679 3417 utens,
712 3361 775 3401 ea
802 3358 947 3417 gesta
975 3347 1116 3401 nulla
1146 3353 1201 3402 et
1237 3346 1386 3401 irrita
1412 3360 1547 3417 esse
1572 3347 1869 3417 declaravit
1889 3348 1943 3401 in
1972 3360 2068 3417 sua

496 3415 729 3486 synodo,
752 3415 1146 3484 ut'Quesnellus
1173 3418 1287 3485 ipse
1304 3415 1552 3486 probavit
1574 3417 1791 3473 dissert.
1820 3416 1907 3481 10,
1931 3434 1985 3472 n.
2009 3416 2066 3485 4,

496 3485 589 3556 qui
640 3486 867 3557 proinde
912 3486 1197 3557 pervidere
1232 3485 1483 3557 debebat,
1524 3486 1579 3541 in
1620 3487 1719 3543 hac
1746 3503 1804 3544 re
1834 3487 2069 3543 Leonem

494 3555 603 3630 non
634 3555 871 3630 potuisse
900 3555 1142 3630 judicare
1178 3555 1542 3630 necessarium
1591 3558 1878 3630 concilium
1910 3572 2070 3630 gene-

494 3625 606 3681 rale
635 3625 955 3682 necessitate
986 3627 1089 3681 ulla
1112 3626 1270 3696 juris,
1303 3626 1387 3681 cui
1420 3627 1561 3682 idem
1593 3627 1703 3683 Leo
1729 3625 1987 3687 satisfecit
2015 3630 2070 3685 in

494 3707 591 3768 sua
615 3696 994 3768 SqudOLCUID
1022 3711 1083 3753 ea
1112 3704 1258 3765 gesta
1286 3696 1429 3751 nulla
1456 3712 1576 3768 esse
1612 3698 1783 3768 palam
1814 3700 1996 3756 edixit.

567 3765 658 3840 15;
688 3765 820 3821 Tota
848 3765 1009 3840 igitur
1035 3768 1325 3840 necessitas
1353 3782 1511 3840 quam
1537 3765 1595 3825 S.
1614 3765 1863 3840 pontifex
1888 3770 2070 3826 animo

495 3834 1021 3909 obvolverepotuit,
1058 3837 1255 3893 factum
1300 3834 1597 3909 spectabat,
1626 3834 1747 3895 'non
1786 3842 1892 3909 jus.
1938 3840 2070 3899 Esto

494 3907 801 3981 enimquod
832 3907 1097 3981 Ephesios
1135 3917 1323 3981 gesta,
1352 3922 1416 3981 ac
1441 3907 1679 3966 Flaviani
1710 3907 1974 3981 depositio
2001 3928 2069 3968 ex

493 3976 610 4063 ipso
638 3976 928 4063 juretnulla
960 3993 1063 4063 per;
1082 3976 1203 4061 sese
1233 3986 1289 4034 et
1312 3979 1709 4063 irrita_es.sentk;r
1756 3976 1901 4063 esto_
1925 3981 2068 4063 quod

494 4046 611 4119 haec
639 4046 855 4104 nullitas
883 4046 1167 4119 pontiﬁciis
1206 4062 1270 4105 ac
1313 4049 1587 4119 synodicis
1635 4051 1828 4107 litteris
1881 4046 2070 4107 fuisset

492 4116 1089 4193 declaratatob'tinente
1135 4127 1313 4193 tamen
1344 4116 1414 4193 ea
1442 4120 1895 4193 Eutychianorum
1926 4122 1979 4177 vi
2005 4138 2071 4179 ac

490 4190 863 4261 pratppteutia,
896 4191 979 4246 cui
1007 4189 1339 4247 Theodosius
1374 4189 1671 4261 imperator
1700 4194 2069 4259 patrocinaba-

490 4267 596 4333 tur,
627 4259 917 4333 Flavianus
947 4275 1335 4333 perisummum
1362 4259 1539 4318 scelus
1576 4263 1855 4333 depositus
1896 4272 1949 4319 et
1976 4278 2070 4319 ex-

532 4329 678 4403 ulsus
701 4330 754 4385 in
786 4329 1158 4387 suam—sedem
1190 4332 1367 4403 redire
1396 4348 1506 4389 non
1541 4329 1766 4403 poterat.
1814 4333 1955 4402 Quid
1985 4348 2071 4389 re-

512 4401 696 4484 'er_ebat
720 4415 840 4484 eum
863 4402 1221 4484 _restiiutione'
1231 4401 1373 4483 juris
1424 4401 1554 4459 noni
1578 4401 1852 4484 indigere,
1868 4406 1949 4484 _si
1972 4417 2068 4484 sua

489 4468 620 4543 sede
662 4470 881 4525 carebat
904 4512 920 4540 ,
974 4480 1049 4543 et,
1068 4468 1254 4543 exsilii
1278 4487 1467 4541 poenas
1498 4468 1717 4543 perpeti
1732 4468 2065 4543 cogebatur?

490 4539 642 4593 Adde
668 4550 859 4595 caetera
891 4539 1137 4613 scandala
1164 4542 1233 4595 ab
1261 4539 1451 4598 eodem
1480 4539 1759 4599 latrocinio
1790 4539 2064 4613 Ephesino

2173 3345 2262 3419 qui
2282 3354 2369 3398 aut
2399 3344 2703 3419 ignorantia,
2721 3354 2811 3401 aut
2835 3355 3025 3419 tegare
3054 3347 3286 3419 prolapsi
3312 3360 3452 3413 sunt,
3479 3351 3741 3419 correctio.

2172 3415 2250 3488 nis
2274 3416 2507 3488 remediis
2525 3417 2842 3471 consulatur.
2865 3414 3267 3488 ConcinitquOd
3289 3418 3448 3474 tradit
3471 3420 3623 3487 epist.
3649 3417 3737 3481 54.

2170 3484 2237 3540 ad
2266 3487 2526 3561 eumdettt
2544 3488 2920 3561 imperatorem
2947 3506 2959 3542 :
2986 3487 3047 3543 Si
3070 3484 3232 3561 pietas
3256 3498 3417 3544 uestra
3435 3484 3739 3561 supgestiont'

2171 3564 2217 3629 et
2250 3556 2616 3629 supplicationi
2649 3566 2837 3629 nostrae
2864 3555 3098 3629 dignetur
3127 3576 3349 3615 annuere
3378 3570 3429 3613 ut
3454 3555 3733 3629 inciditu-

2170 3625 2293 3699 liam
2310 3625 2483 3682 haberi
2496 3628 2717 3699 jubcatis
2729 3625 3019 3699 episcopale
3037 3631 3321 3695 concilium,
3338 3629 3431 3682 cito
3450 3626 3730 3699 auxiliante

2171 3694 2279 3771 Deo
2301 3694 2547 3771 peierarit
2568 3700 2741 3753 omnia
2759 3694 3009 3754 scandala
3041 3716 3156 3771 qua:
3186 3702 3239 3756 in
3283 3694 3737 3771 perturbationibus

2171 3769 2320 3822 totius
2351 3767 2594 3821 Ecclesia:
2627 3779 2743 3823 sunt
2780 3767 3062 3833 commota,
3089 3767 3327 3826 resecari.
3357 3768 3547 3825 Confer
3578 3769 3740 3823 etiam

2168 3839 2325 3907 epist.
2358 3838 2447 3904 70,
2478 3838 2545 3893 ad
2574 3838 2931 3907 Pulcheriam,
2957 3842 3007 3895 in
3034 3841 3158 3898 fine.
3194 3841 3349 3897 Vides
3375 3838 3587 3895 concilii
3616 3853 3741 3893 con-

2168 3909 2394 3981 vocandi
2442 3908 2760 3981 consilium?
2802 3908 2918 3965 Non
2958 3925 3085 3980 ergo
3114 3926 3237 3966 cum
3275 3911 3529 3981 generale
3570 3908 3744 3981 conci-

2170 3977 2296 4051 lium
2329 3979 2438 4051 Lep
2463 3980 2807 4051 petiitiveluti
2846 3977 3209 4051 necessarium
3251 3977 3470 4051 propter
3514 3980 3741 4050 appella-

2168 4049 2365 4121 tionem
2396 4048 2652 4121 Flaviani,
2674 4051 2853 4121 solam
2882 4050 3038 4121 hujus
3067 4048 3489 4121 depositionem,
3514 4048 3611 4107 sed
3635 4065 3742 4121 om:

2169 4120 2255 4174 nia
2284 4120 2551 4175 latrocinii
2590 4119 2844 4190 Ephesini
2865 4119 3108 4177 scandala
3137 4119 3435 4192 prospexit,
3472 4139 3581 4178 non
3609 4120 3741 4192 quod

2169 4192 2380 4261 concilii
2408 4192 2671 4260 generalis
2706 4192 3028 4247 sententiam
3059 4191 3341 4261 Ephesinis
3378 4193 3517 4248 aetis
3547 4191 3742 4248 rescin-

2168 4260 2357 4317 dendis
2387 4272 2478 4315 aut
2513 4261 2683 4332 irritis
2712 4262 3046 4317 declarandis
3075 4260 3191 4332 ipso
3225 4262 3347 4332 jure
3385 4262 3745 4318 necessariam

2168 4340 2399 4400 putaret,
2433 4330 2528 4387 sed
2552 4341 2609 4386 ut
2641 4340 2715 4386 tot
2735 4332 2890 4388 malis
2916 4330 3103 4387 efﬁcax
3125 4330 3423 4389 remedium
3441 4333 3743 4389 aﬂ'erretur.

2241 4402 2327 4457 t7.
2372 4401 2603 4473 ldijisum
2633 4402 2793 4473 etiam
2824 4403 3143 4473 Quesnellus
3170 4404 3426 4473 cognovit
3452 4414 3513 4459 et
3544 4402 3746 4473 confes-

2168 4486 2256 4527 sus
2284 4483 2366 4527 est
2390 4474 2439 4527 in
2462 4471 2779 4544 Theodoriti
2803 4487 2985 4538 causa,
3006 4472 3072 4527 de
3098 4488 3200 4544 qua
3226 4469 3391 4542 agens
3419 4476 3645 4544 dissert.
3665 4469 3744 4536 ιο.

2170 4558 2225 4617 n.
2256 4544 2310 4607 4,
2334 4544 2604 4617 intellexit,
2632 4542 2819 4612 inquit,
2849 4545 3021 4617 statim
3044 4542 3273 4613 pontifex
3293 4554 3409 4617 post
3432 4543 3747 4615 Ephesium

490 4620 811 4695 pariaque:
839 4612 1134 4695 remedium
1155 4613 1621 4695 praestolabantur.
1645 4613 1769 4695 sola
1792 4612 2059 4695 pontiﬁcia
2088 4635 2141 4695 Ι)
2171 4613 2491 4695 latrocinium
2535 4629 2662 4695 opus
2694 4628 2800 4667 esse
2828 4612 3065 4695 concilio
3096 4629 3250 4682 eoque
3275 4612 3551 4695 peperisti,
3602 4624 3655 4669 ut
3692 4628 3747 4695 ea:

489 4676 554 4734 ac
580 4676 843 4750 Romanae,
864 4682 1053 4750 synodi
1080 4676 1369 4737 auctoritas
1390 4690 1444 4737 et
1465 4682 1762 4737 declaratio
1788 4676 1918 4739 Satis
1944 4699 2063 4740 esse

489 4757 787 4823 pote_ra_t_a_t_:
815 4749 1045 4805 debebat
1068 4765 1135 4806 ex
1156 4750 1295 4823 jure.
1328 4752 1399 4807 At
1445 4752 1499 4805 in
1543 4768 1605 4807 ea
1658 4753 1964 4823 impotentia
2009 4763 2063 4810 et

492 4817 814 4890 praejudiciis
843 4834 963 4890 quae
1010 4834 1129 4889 pom
1156 4817 1315 4890 fidem
1359 4823 1699 4878 latrocinium
1735 4817 1803 4879 'in
1842 4823 2060 4880 Oriente

489 4888 818 4956 obtinebant,
842 4888 1289 4961 prudentissimus
1311 4892 1549 4961 pontifex
1592 4893 1659 4949 ad
1706 4909 1801 4951 eos
1840 4895 2060 4951 allectus

490 4975 622 5035 quos
648 4960 931 5030 expetebat
953 4960 1266 5035 eam_solam
1295 4960 1665 5035 auctoritatem
1692 4974 1851 5035 atque
1882 4965 2059 5021 decla-

488 5030 751 5087 rationem
779 5046 884 5086 non
913 5030 1043 5086 satis
1071 5030 1275 5087 futuras
1310 5033 1577 5101 praevidit.
1617 5030 1943 5101 Quid'euim
1990 5051 2058 5091 ex

488 5048 751 5087 rationem
779 5048 884 5086 non
913 5048 1043 5086 satis
1071 5048 1275 5087 tuturas
1306 5048 1577 5156 RFEBVIOII.
1617 5048 1754 5101 uota
1799 5051 1943 5089 etum
1990 5051 2053 5091 ex

488 5103 599 5155 suis
639 5102 767 5157 solis
815 5101 1055 5170 epistolis
1095 5102 1256 5157 etiam
1354 5119 1560 5159 ornans:
1601 5107 1794 5171 synodi
1838 5107 2053 5162 nomine

488 5172 699 5246 scriptis
726 5182 1178 5246 sperarepoterat
1206 5173 1288 5246 ab
1314 5173 1619 5246 hominibus
1654 5177 1745 5246 qui
1791 5177 2054 5245 imperiali

486 5239 673 5297 favore
700 5239 924 5315 protecti
950 5239 1148 5315 Ephesi
1162 5243 1301 5315 alias
1322 5259 1447 5299 suas
1484 5239 1693 5302 litteras
1734 5239 2050 5315 suppresse-

488 5322 627 5375 rant,
656 5324 708 5366 et
736 5312 922 5383 legatis
948 5312 1252 5383 apostolicis
1288 5315 1699 5372 reclamantibus
1750 5312 1909 5372 aures
1956 5333 2053 5372 ne-

486 5396 749 5505 gotiquatn
810 5383 1200 5450 praebuerant?
1264 5383 1401 5451 Quid
1460 5401 1676 5452 Sperare
1729 5395 1939 5457 poterat
1998 5388 2052 5443 in

535 5462 725 5505 rtettte.
750 5452 839 5505 ubi
862 5468 924 5505 ea
965 5454 1214 5505 violentia
1250 5453 1539 5505 Theodosii
1584 5457 1765 5505 favore
1808 5457 2049 5505 domina-

535 5452 725 5517 rieute,
750 5452 839 5505 ubi
862 5468 924 5507 ea
965 5454 1214 5510 violentia
1250 5453 1539 5511 Theodosii
1584 5452 1765 5513 favore
1808 5457 2049 5513 domina-

484 5521 676 5595 batur?
702 5521 830 5595 Quis
857 5524 1048 5595 usitata
1075 5526 1207 5595 juris
1246 5527 1483 5582 remedia
1535 5527 1806 5595 profutura
1848 5536 2049 5595 speret,

482 5593 571 5666 ubi
620 5608 743 5666 non
769 5591 878 5666 jus,
916 5594 1009 5666 sed
1036 5591 1117 5649 vis
1157 5597 1440 5663 praevalet?
1466 5591 1844 5666 Imperatorem
1876 5591 1941 5651 ab
1984 5591 2050 5652 eo

484 5658 683 5736 favore,
714 5658 1101 5736 deducendum.
1131 5658 1363 5734 agnovit,
1411 5683 1479 5723 ne
1530 5658 1776 5723 violentis
1822 5666 2050 5736 amplius

483 5735 927 5800 patrocinaretur.
969 5733 1025 5788 ld
1061 5733 1235 5790 autem
1267 5737 1406 5790 haud
1448 5737 1599 5793 facile
1653 5733 1928 5793 obtentum
1985 5738 2051 5793 iri

486 5802 733 5877 pervidit,
764 5806 869 5877 nisi
888 5804 1181 5861 Orientales
1202 5807 1460 5877 episcopi,
1485 5824 1711 5877 quarunt
1735 5822 1961 5864 numero
1995 5818 2050 5865 et

486 5875 799 5930 auctoritate
827 5874 1217 5931 circumventus
1244 5874 1327 5933 ac
1372 5874 1625 5944 deceptus
1652 5880 1839 5947 fuerat,
1874 5880 1925 5935 in
1956 5896 2045 5936 sa-

2168 4684 2292 4767 eius.
2308 4684 2490 4737 litteris
2512 4700 2571 4767 ea
2591 4683 2653 4737 de
2682 4698 2735 4737 rc
2771 4683 2839 4765 ad
2869 4685 3154 4767 Augustum
3184 4684 3392 4767 scriptii
3422 4685 3633 4767 clarum
3661 4693 3747 4737 est.

2166 4752 2411 4810 Recitato
2448 4763 2624 4808 autem
2695 4752 2998 4809 testimonio
3056 4752 3303 4824 superius
3356 4755 3641 4824 descripto
3686 4767 3745 4808 ex

2165 4824 2323 4892 epist.
2359 4825 2447 4892 44,
2476 4825 2527 4878 in
2569 4839 2673 4891 quo
2703 4825 2847 4879 nulla
2886 4821 3201 4893 Theodoriti
3243 4833 3335 4879 aut
3383 4821 3623 4881 aliorum
3666 4824 3749 4893 qui

2164 4893 2361 4964 Ephesi
2386 4894 2611 4962 depositi
2635 4894 2844 4949 fuerant
2869 4893 3005 4949 facta
3032 4892 3328 4954 mentione.
3352 4892 3749 4951 (ecumenicnm

2164 4964 2448 5019 concilium
2474 4966 2669 5033 petitur
2690 4965 2757 5017 ob
2782 4964 3077 5033 remedium
3108 4964 3516 5033 scandalorum,
3544 4966 3747 5021 subdit:

2169 5033 2357 5089 Verum
2396 5032 2490 5106 pro
2518 5035 2828 5088 restituendo
2860 5032 3168 5088 Theodorito
3196 5051 3352 5106 neque
3378 5032 3754 5105 prouincialem

2160 5122 2319 5185 neque
2344 5107 2631 5185 generalem
2652 5106 2907 5185 synodum
2948 5107 3283 5185 necessariam
3318 5122 3427 5185 esse
3644 5109 3754 5185 ine-

2160 5176 2409 5230 cessitate
2437 5176 2642 5229 scilicet
2673 5175 2857 5245 juris),
2888 5177 3133 5245 quoniam
3175 5192 3266 5242 pro
3295 5175 3538 5242 deposito
3567 5176 3753 5230 haben-

2158 5247 2255 5298 dus
2284 5246 2370 5300 ille
2400 5260 2500 5300 non
2521 5254 2652 5311 erat,
2685 5246 2737 5299 iu
2763 5262 2909 5315 quem
2940 5262 3042 5299 non
3071 5246 3363 5310 concilium,
3409 5250 3505 5301 sed
3543 5246 3755 5301 (atroci.

2158 5316 2316 5377 nium,
2349 5334 2452 5388 non
2482 5318 2773 5388 episcopus,
2797 5318 2886 5369 sed
2907 5316 3097 5388 prazdo
3118 5316 3387 5388 improbus
3412 5316 3755 5388 depositionis

2155 5386 2465 5459 seuientiam
2497 5386 2630 5459 ferre
2653 5396 2884 5459 conatus_
2891 5386 3077 5459 fuerat.
3100 5386 3165 5459 _Si
3190 5400 3321 5440 vero
3354 5386 3755 5459 generalissy.

2157 5456 2330 5510 nodus
2361 5472 2455 5525 pro
2487 5455 2813 5512 restituendo
2842 5455 3173 5511 Theodorito
3218 5471 3321 5509 non
3362 5455 3462 5511 fuit
3495 5458 3759 5524 ipsojurc

2158 5530 2486 5592 necessaria,
2519 5543 2623 5596 qua
2653 5528 2975 5582 coltzerentia
3013 5526 3151 5581 idem
3180 5526 3509 5592 Quesnellus
3536 5527 3757 5581 tradidit

2156 5611 2270 5651 eam
2304 5613 2333 5652 a
2363 5597 2545 5652 Leone
2588 5598 2945 5653 necessariam
2990 5596 3153 5652 fuisse
3184 5597 3416 5650 habitam
3461 5614 3567 5667 pro
3607 5596 3759 5652 resti-

2156 5667 2354 5723 tuendo
2386 5668 2664 5733 Flaviano,
2699 5670 2764 5724 de
2782 5668 2935 5739 cujus
2958 5667 3061 5722 [ide
3078 5668 3464 5739 etiinnocentia
3490 5680 3760 5737 expresse

2154 5748 2499 5807 cognoverat,
2528 5740 2768 5810 illudque
2791 5737 2957 5794 in‘sua
2986 5737 3496 5810 synododccretum
3534 5742 3755 5810 tulerat,

2153 5824 2259 5878 quo
2315 5813 2469 5888 epist.
2505 5809 2573 5864 50
2632 5808 3103 5888 (ipsoQuesne'llo
3147 5808 3757 5888 ibidetn_observantei

2155 5880 2350 5932 monuit
2381 5880 2997 5949 ConstantinOpolitanos,
3031 5897 3093 5935 ne
3131 5897 3161 5933 a
3189 5881 3453 5935 sacerdote
3501 5898 3627 5947 suo,
3670 5880 3756 5951 qvi
