3994 6310
462 324 574 388 ϐω

955 315 1195 376 essen.
1233 312 1614 385 QUESNELLI
1650 292 2225 368 DlSSERTATlONES
2263 308 2329 367 IN
2367 312 2427 369 s.
2467 310 2709 369 LEONIS
2747 310 2964 369 MAGNI
3000 310 3250 368 orans.

465 444 810 501 Sardicenses
838 448 1105 500 canones,
1136 434 1262 489 dum
1292 431 1555 511 episcopis
1596 429 1833 485 tribuunt
1872 427 2040 508 facul-
2068 424 2123 484 Δ
2148 424 2340 508 debeat
2368 442 2554 512 necne.
2578 429 2693 484 Huc
2717 441 2884 510 usque
2906 427 2991 497 ius
3016 427 3344 497 pontificium
3364 426 3505 509 circa
3532 428 3720 553 appel-

465 526 625 554 latam
651 507 970 554 m-nmmndi
1001 505 1068 554 ad
1095 504 1276 554 sedem
1305 502 1671 554 apostolicam.
1707 515 1804 554 seu
1833 498 1898 552 ad
1925 512 2039 554 ent-
2144 496 2371 553 lationes
2406 513 2780 554 episcoporum
2810 515 2860 553 tn
2890 499 3173 554 statuendo
3193 513 3343 554 mero
3365 512 3499 554 tum
3526 514 3588 554 or
3630 512 3723 554 tne

464 496 973 583 {attempt-evocandi
1001 496 1276 583 adsedem
1305 496 1671 583 apostolicam,
1707 515 1804 556 seu
1833 496 2039 583 adepi-f

464 567 683 654 scopum
713 582 1033 654 Romanum,
1064 575 1117 629 id
1161 589 1225 627 eo
1265 567 1431 654 sensu
1468 572 1702 654 tribuere
1746 567 2039 654 quo_idem

466 640 739 711 Romanus
786 650 1202 720 episcopuspon
1228 642 1469 720 solitarie
1494 652 1762 720 sumptus,
1793 640 1885 695 sed
1917 653 2038 692 cum

464 743 560 780 sua
582 711 910 792 Occideniali
934 711 1158 792 synodo,
1189 714 1255 768 ad
1281 728 1461 792 quam,
1489 720 1548 767 ut
1567 712 1705 792 idun
1726 711 1840 792 Leo
1856 720 2040 792 pestu-

464 798 610 862 lavit,
658 795 821 851 etiam
865 782 1163 845 Orientales
1192 783 1543 851 accederem,
1576 784 1643 839 de
1670 782 2039 853 appellationis

466 882 627 921 causa
657 868 1023 933 cognosceret.

541 937 631 991 21.
683 922 817 990 Tota
866 933 980 986 hate
1016 926 1288 995 Quesneili
1333 925 1724 995 argumentatio
1766 938 1828 978 ea
1870 922 2038 995 hypo-

466 1008 606 1062 thesi
628 1007 869 1061 innititur
891 1003 949 1058 8.
972 993 1206 1056 Leonem
1228 1012 1296 1051 ex
1317 993 1610 1050 canonibus
1629 993 2041 1051 Sardicensibus

465 1077 732 1147 generalis
757 1074 947 1147 synodi
992 1068 1364 1147 necessitatem
1393 1066 1671 1147 collegisse
1716 1077 1773 1147 ut
1817 1064 1883 1147 de
1922 1062 2041 1117 Fla-

466 1134 607 1203 Viani
638 1134 990 1216 appellatione
1017 1141 1271 1216 judicium
1318 1134 1573 1216 ferreum,
1614 1146 1669 1216 et
1708 1136 1774 1216 a_d
1822 1134 1887 1216 id_
1919 1148 2042 1202 pro-

465 1205 822 1275 bandun't'eos
852 1205 1133 1284 allega'sse.
1166 1207 1697 1284 Sed_quatn_fal_sa_sit
1730 1206 1846 1260 haec
1876 1205 2044 1284 hypo-

466 1288 637 1344 thesis
676 1302 743 1341 ex
782 1278 1021 1356 pluribus
1048 1280 1576 1356 et__manifestiss‘imis
1602 1278 1768 1347 ipsius
1798 1278 2042 1356 testitno-_-

466 1360 572 1414 niis
614 1347 966 1420 ostendimus,
1016 1354 1209 1422 quibus
1236 1348 1656 1422 palamfactum
1680 1356 1761 1403 est
1796 1347 2042 1422 eumqui

464 1430 574 1498 jam
602 1437 755 1483 antea
786 1428 839 1483 in
878 1418 971 1481 sua
1004 1418 1247 1498 Romana
1266 1421 1471 1498 syuodo
1501 1420 1565 1473 de
1589 1420 1776 1498 injusta
1804 1418 2041 1498 Flaviaui

468 1488 914 1555 condemnatione
942 1492 1261 1550 sententiam
1292 1488 1503 1555 tulerat,
1539 1488 1649 1543 non
1674 1490 1828 1557 hujus
1851 1488 2043 1557 judicii

468 1570 674 1626 ferendi
695 1585 855 1625 causa
885 1568 953 1623 ob
980 1564 1388 1636 appellationem
1421 1564 1584 1636 ipsius
1615 1560 2041 1636 Flavianigene-

467 1641 581 1697 rale
595 1640 881 1696 concilium
900 1629 1217 1707 postulasse,
1236 1634 1330 1689 sed
1354 1644 1409 1687 ut
1430 1632 1782 1707 restitutionis
1794 1629 2041 1707 effectum

466 1727 531 1765 ac
574 1711 807 1785 remedia
854 1702 917 1764 iis
957 1707 1220 1785 scandulis
1255 1713 1687 1785 quaarerctpqna:
1723 1702 1775 1756 in
1812 1702 2043 1785 circum:

2144 496 2371 553 lationes
2406 500 2780 568 episcoporum
2798 496 2860 553 in
2890 496 3173 554 statuendo
3193 513 3343 554 mero
3363 498 3499 567 juris
3526 496 3588 554 or

2141 568 2450 635 collocatur,
2475 570 2619 639 quod
2642 570 2928 639 primatum
2952 585 3055 623 non
3080 571 3363 638 praecipua:
3383 568 3722 637 iurisdictio—

2142 639 2257 701 nis,
2291 640 2385 695 sed
2412 644 2548 697 meri
2582 641 2789 697 ordinis
2813 640 3184 696 constitueret.
3219 640 3352 695 Dein
3372 654 3503 695 vero
3540 641 3586 695 si
3624 654 3723 709 ap-

2144 709 2420 778 pellationi
2449 712 2624 767 locum
2648 721 2831 781 patere
2856 711 3131 766 Romanus
3158 711 3396 781 pontifex
3421 712 3647 780 judicet,
3668 716 3722 770 vi

2143 782 2457 838 earumdem
2508 797 2771 839 canonum
2822 783 3108 845 concilium
3154 784 3223 838 ab
3269 798 3337 838 eo
3376 783 3726 840 indicendum

2142 852 2335 931 credit,
2358 864 2546 931 etnon
2574 868 2787 931 semper
2815 854 3205 931 generale,_sed
3234 855 3323 909 vel
3343 870 3407 910 ex
3430 856 3721 931 episcopis,

2142 923 2228 990 qui
2258 923 2311 976 in
2342 925 2562 991 ﬁnitima
2588 926 2864 996 provincia
2900 934 3036 994 sunt,
3068 926 3134 979 iis
3161 941 3374 996 quoque
3397 923 3649 996 receptis,
3676 928 3726 983 si

2144 1006 2283 1066 quos!
2305 995 2666 1066 admittendos
2691 995 3051 1064 judicaverit;
3090 996 3171 1051 vel
3203 997 3248 1051 si
3289 995 3582 1066 appellatio
3614 998 3728 1053 [toa-

2144 1064 2287 1138 mani
2309 1067 2545 1138 episcopi
2558 1065 2815 1138 judicium
2837 1068 3070 1138 petierit,
3093 1067 3158 1122 de
3178 1082 3283 1138 quo
3302 1064 3511 1124 canone
3531 1082 3729 1138 quarto

2143 1134 2654 1208 agitur_,’concilium
2681 1136 2749 1193 ab
2772 1134 3153 1208 eo'cogendum
3180 1134 3333 1206 putat
3369 1155 3464 1206 pro
3485 1134 3728 1208 judicum

2146 1219 2175 1257 a
2222 1206 2415 1274 quibus
2466 1217 2807 1276 provocatum
2857 1206 3016 1264 fuerit
3050 1209 3303 1275 qualltate
3332 1206 3622 1275 divemum,
3654 1213 3727 1265 ita

2146 1284 2203 1350 ut
2247 1277 2294 1330 si
2341 1278 2663 1350 appellatum
2708 1281 2775 1333 sit
2824 1296 2852 1333 a
2890 1279 3159 1349 judicibus
3183 1280 3409 1350 alicujus
3434 1283 3729 1350 provincia:

2144 1346 2285 1428 intra
2327 1348 2601 1428 dioecesim
2634 1351 2717 1404 cui
2758 1346 2991 1428 pontifex
3042 1352 3116 1405 uti
3165 1346 3364 1428 primas
3418 1346 3727 1428 praesideat,

2146 1420 2307 1473 totius
2354 1420 2604 1475 dimcesis
2650 1422 2935 1477 concilium
2980 1422 3378 1476 convocandum
3424 1420 3524 1484 sit:
3571 1425 3617 1478 si
3663 1441 3731 1479 ex

2148 1495 2319 1568 tractu
2350 1491 2679 1568 Occidentali
2710 1492 3013 1568 appellatio
3030 1493 3302 1568 proveniat
3322 1534 3338 1557 ,
3380 1493 3730 1568 indigendum

2146 1562 2215 1613 sit
2243 1562 2523 1633 concilium
2557 1563 2717 1618 totius
2743 1562 3077 1627 Occidentis;
3108 1564 3151 1617 si
3178 1572 3357 1618 autem
3388 1578 3455 1619 ex
3482 1563 3727 1633 Oriente,

2147 1640 2203 1683 ut
2248 1632 2300 1685 in
2351 1648 2481 1688 casu
2535 1633 2797 1698 Flaviani,
2846 1633 3132 1702 appellatio
3177 1633 3571 1702 interponatur,
3606 1646 3732 1693 tunc

2146 1703 2425 1759 concilium
2456 1704 2844 1759 mcumenicum
2874 1706 3234 1760 necessarium
3265 1706 3354 1760 sit.
3401 1706 3474 1760 Ita
3504 1707 3559 1761 in
3584 1710 3730 1767 omni

467 1784 680 1855 stantiis
727 1795 875 1855 quas
902 1772 1332 1855 memoravimus,
1377 1792 1479 1855 non
1511 1775 1613 1829 nisi
1637 1776 1708 1855 _i_n
1755 1772 2039 1855 universali
2070 1794 2118 1855 Β
2148 1775 2505 1855 appellatione
2544 1776 2797 1855 episcopi
2827 1775 3127 1855 Orientales
3180 1776 3246 1855 ad
3290 1777 3476 1855 sedem
3514 1792 3731 1855 apostof

465 1853 671 1923 synodo
701 1843 879 1908 sanari
909 1858 1172 1923 poterant.
1205 1847 1264 1923 In
1290 1847 1537 1923 omnibus
1563 1847 1778 1923 quidem
1799 1843 2042 1912 epistolis

464 1916 522 1977 in
548 1924 739 1992 quibus
768 1923 825 1977 8.
855 1916 1095 1992 pontifex
1126 1919 1191 1992 de
1222 1918 1336 1992 hac
1366 1916 1589 1992 synodo.
1613 1919 1741 1992 agit,
1785 1930 1852 1969 ne
1876 1930 2040 1992 unum

467 1985 683 2063 quidem
715 1985 937 2047 verbum
985 1989 1379 2063 invenieturuin
1402 1985 1535 2063 quo
1568 1986 1826 2055 judicium
1857 1985 1924 2039 de
1949 2001 2043 2055 ap-

466 2058 753 2133 pellatione
776 2064 1014 2119 Flaviani
1059 2059 1325 2133 ejusmodi
1348 2058 1575 2133 concilio
1605 2065 1863 2113 reservet.

539 2135 627 2188 22.
653 2135 805 2202 Quod
829 2135 873 2188 si
889 2135 1088 2201 absque
1111 2130 1431 2200 prtejudiciis
1454 2144 1574 2183 cum
1597 2143 1755 2202 sensu
1778 2142 2043 2202 canonum

466 2198 866 2261 Sardicensium
905 2198 1229 2259 conferatur
1258 2202 1521 2269 objectum
1570 2198 1928 2255 testimonium
1978 2213 2045 2252 es

466 2277 692 2345 epistola
719 2274 789 2349 44
820 2275 1013 2349 Leonis
1039 2288 1191 2328 mens
1217 2271 1575 2349 ett-cnsilium
1599 2287 1627 2323 a
1664 2270 1935 2349 Quesnelli
1965 2269 2045 2322 in-

466 2338 848 2414 terpretatione
895 2345 1128 2401 alienum
1176 2342 1561 2414 multomagis
1610 2339 1830 2414 patebit.
1890 2338 2045 2414 Certe

467 2410 704 2472 canones
729 2415 1098 2481 Sardicenses,
1122 2412 1376 2483 quidquid
1410 2410 1499 2466 ille
1523 2426 1616 2466 eos
1644 2410 2045 2483 interpretando

466 2498 559 2542 aut
589 2488 765 2557 potius
795 2486 1049 2541 aliorsum
1078 2481 1460 2557 distorquendo
1483 2483 1710 2546 laboret,
1734 2481 2046 2557 appellatio:

465 2560 551 2613 nis
576 2551 684 2627 jus,
705 2559 847 2628 quod
874 2557 1114 2611 Romano
1142 2551 1373 2624 pontifici
1402 2567 1668 2628 espresse
1681 2561 1946 2615 asserunt,
1972 2551 2041 2606 ad

463 2623 768 2699 generalem
814 2628 1074 2699 synodum
1116 2623 1224 2680 non
1258 2624 1579 2699 extendunt.
1630 2623 1947 2699 Germanam
1989 2630 2046 2677 et

464 2692 677 2753 obviam
727 2692 886 2755 trium
935 2711 1204 2753 canonum
1252 2695 1647 2750 Sardicensium
1701 2692 2041 2759 sententiam,

465 2783 572 2837 qua
602 2778 743 2824 totus
771 2771 1042 2837 Quesnelli
1092 2769 1238 2822 nisus
1270 2766 1519 2832 elidetur,
1552 2764 1897 2837 exposuimus
1938 2764 2043 2837 late

465 2833 521 2893 in
554 2833 1014 2896 observationibus
1042 2839 1109 2894 ad
1139 2838 1352 2892 dissert.
1380 2837 1414 2892 5
1443 2833 1680 2904 ejusdem
1706 2848 1824 2903 cap.
1849 2836 1901 2887 ϐ.
1937 2833 2043 2887 Ho-

464 2922 585 2963 rum
638 2927 900 2967 canonum
956 2909 1356 2966 condcndorum
1408 2921 1568 2961 causa
1628 2905 1723 2959 fuit
1771 2905 2041 2974 negotium

466 2979 527 3035 S.
568 2983 866 3049 Athanasii,
897 2982 1150 3047 Marcelli,
1182 2980 1442 3047 Asclepaa,
1473 2978 1805 3049 aliorumque
1835 2978 2042 3049 episco-

465 3064 656 3118 porum
684 3048 1051 3119 Orientalium,
1094 3068 1229 3123 quos
1259 3050 1543 3123 Eusebiani
1574 3048 1921 3123 haeretici__ita
1948 3048 2042 3123 de-

466 3134 771 3190 posuerant,
825 3136 883 3179 ut
932 3126 1061 3179 nulli
1112 3118 1248 3177 novo
1289 3121 1509 3190 judicio,
1548 3128 1638 3174 aut
1665 3118 2033 3188 appellationi,

462 3206 564 3261 qua
595 3194 669 3248 illi
693 3197 757 3249 ad
791 3195 1081 3250 Romanam
1114 3196 1295 3248 sedem
1326 3192 1694 3260 confugerant,
1722 3191 1894 3261 locum
1920 3204 2038 3244 esse

464 3260 876 3335 contenderent,
899 3282 963 3320 eo
990 3266 1127 3335 quod
1160 3266 1297 3335 sicut
1316 3264 1613 3317 Orientales
1642 3264 1695 3314 in
1722 3260 2038 3335 Occidenta-

463 3332 591 3387 lium
624 3336 837 3403 judiciis
867 3332 1161 3403 nihil—juris
1190 3334 1288 3387 sibi
1316 3335 1513 3388 debent
1538 3346 1808 3400 arrogare,
1840 3332 1908 3384 ita
1938 3346 2039 3387 nec

465 3402 833 3475 Occidentales
864 3408 915 3460 in
940 3402 1155 3475 jud’iciis
1184 3406 1550 3475 Orientalium.
1587 3402 1693 3475 ilac
1724 3404 1930 3475 ratione
1952 3418 2040 3458 ca-

464 3473 645 3545 thoIiCt
672 3486 726 3530 et
752 3472 1077 3531 sanctissimi
1108 3474 1345 3545 episcolii
1376 3515 1389 3536 ,
1420 3473 1510 3542 qui
1541 3473 1735 3545 injusto
1758 3472 1959 3541 judicio
1984 3476 2036 3529 in

464 3544 682 3615 Oriente
712 3555 896 3600 essent
915 3543 1163 3615 depositi,
1190 3545 1332 3599 omni
1352 3547 1498 3613 justo
1524 3543 1762 3615 subsidio
1782 3558 1844 3596 ac
1865 3559 2039 3600 reme-

464 3611 553 3665 dio
575 3627 843 3683 expertes,
863 3618 974 3670 suis
990 3611 1209 3671 sedibus
1230 3611 1484 3683 perpetuo
1500 3626 1685 3667 carere
1706 3614 2032 3671 debuissent.

469 3683 601 3755 lluic
616 3696 793 3739 autem
815 3687 1191 3741 haereticorum
1212 3686 1471 3739 ntolimini
1491 3683 1770 3755 orthodoxi
1802 3685 2036 3755 episcopi

462 3750 519 3826 in
554 3752 857 3811 Sardicensi
904 3756 1133 3812 concilio
1177 3758 1471 3811 remedium
1521 3750 2038 3826 aliquodiop'ponen-

462 3821 591 3904 dum
642 3828 848 3904 1171
880 3836 1288 3904 putarunt,_quo
1315 3842 1486 3904 cansm
1514 3821 1772 3904 ejusmodi
1805 3821 2039 3896 appella-

464 3897 610 3968 tione
635 3897 952 3968 interposita
981 3900 1379 3967 expedirentur.
1416 3898 1489 3951 De
1526 3897 1701 3968 causis
1730 3898 1905 3968 itaque
1945 3915 2037 3968 ap-

464 3964 1067 4045 pellationisagehatnr'
1096 3972 1159 4045 ad
1201 3969 1547 4045 apostolicam
1590 3967 1791 4045 sedent,
1817 3964 1891 4023 'et
1930 3964 2039 4045 hoc

464 4036 676 4109 quidem
707 4036 1081 4108 appellationis
1103 4041 1191 4109 jus
1220 4036 1288 4093 ita
1327 4039 1671 4095 Sardicenses
1712 4039 1895 4093 Patres
1926 4042 2038 4094 lan-

462 4103 601 4184 datis
629 4103 939 4184 _canbnihus
975 4103 1334 4184 attribuerunt
1375 4111 1616 4184 Romano
1656 4111 1918 4184 pontifici,
1946 4122 2035 4181 ut,

464 4178 580 4260 ipso
624 4178 832 4260 latente
864 4182 1181 4260 Qttesnello,
1210 4181 1238 4253 ᾗ
1278 4184 1329 4260 'l,
1360 4184 1427 4260 ad
1457 4180 1655 4232 Jttlittnt
1687 4191 1820 4260 tunc
1864 4178 2041 4238 Romae

460 4253 751 4318 episcopum
797 4254 975 4306 littera:
1024 4256 1235 4307 decreta:
1280 4254 1467 4320 fuerint
1508 4269 1605 4304 non
1645 4253 1746 4304 alia
1787 4254 1849 4306 de
1886 4271 2043 4309 causa

460 4331 623 4397 quant
645 4331 701 4372 ut
722 4322 992 4397 Athanasii
1020 4328 1273 4393 negotium
1303 4326 1369 4376 ad
1402 4340 1455 4377 se
1487 4325 1733 4392 pertinere
1762 4324 2039 4397 (synodus)

460 4389 761 4466 intelligeret
788 4394 833 4444 vi
863 4389 1372 4466 istornmvcanonum.
1420 4389 1496 4447 Et
1520 4402 1639 4466 post
1671 4389 1834 4460 pauca
1866 4413 1879 4447 :
1909 4389 2044 4451 Cort-

462 4456 646 4537 silium:
645 4463 993 4537 episcoporum
1010 4465 1432 4529 orthodoxorum,
1445 4456 1535 4537 qui
1550 4456 2040 4537 illuc—convenerant,

2146 1842 2301 1917 licam
2329 1886 2343 1909 ,
2387 1842 2596 1901 etiamsi
2658 1842 2889 1902 maxime
2930 1846 3109 1917 justa,
3157 1848 3231 1900 uti
3294 1846 3395 1901 fuit
3450 1842 3728 1909 Athanasii

2144 1913 2480 1983 aliorumque
2536 1913 2945 1989 catholicorum
2974 1918 3345 1988 episcoporum
3392 1924 3723 1989 provocatio,

2143 1998 2242 2042 seu
2299 1989 2628 2057 perfugium,
2679 1987 2811 2041 nihil
2856 1987 3177 2044 concludere
3224 1997 3406 2056 posset
3458 1987 3725 2048 Romanus

2146 2059 2405 2127 pontifex,
2441 2062 2602 2113 immo
2630 2072 2730 2113 nec
2759 2067 2927 2113 totum
2955 2058 3258 2114 Occidentis
3286 2058 3590 2125 concilium,
3617 2064 3721 2121 nisi

2146 2128 2308 2201 totius
2332 2131 2477 2184 orbis
2505 2131 2742 2201 synodus
2770 2139 3073 2201 eogeretur.
3102 2130 3344 2185 lnsanire
3380 2131 3580 2199 quidem
3602 2145 3704 2198 est,

2146 2202 2191 2255 si
2215 2200 2317 2255 hoc
2342 2199 2747 2257 Sardicensibus
2770 2199 3016 2256 Patribus
3045 2202 3095 2255 in
3119 2211 3351 2255 utentem
3378 2203 3576 2255 venisse
3594 2220 3709 2259 cre-

2146 2271 2320 2327 datur.
2354 2272 2487 2337 Quis
2516 2280 2627 2326 tum
2650 2271 3024 2341 appellationis
3054 2271 3347 2326 remedium
3371 2271 3544 2326 esset?
3563 2273 3715 2329 liac-

2146 2344 2267 2397 cine
2298 2345 2531 2412 prudens
2576 2354 2631 2397 et
2672 2343 2921 2412 expalita
2967 2358 3063 2411 pro
3107 2342 3486 2397 innocentibus
3532 2345 3721 2414 iniusta

2147 2414 2599 2469 condemnatione
2621 2418 2893 2483 oppressis
2924 2414 3177 2481 provisio,
3221 2428 3379 2484 quam
3408 2414 3605 2470 laudati
3629 2414 3721 2469 Pa-

2149 2495 2256 2541 tres
2287 2484 2713 2539 constituendam
2763 2484 3052 2554 putaruntf
3084 2484 3218 2539 Cum
3246 2486 3638 2554 appellationes
3672 2487 3722 2542 id

2145 2571 2313 2627 genus
2360 2556 2650 2611 identidem
2696 2556 2906 2624 possint
2938 2554 3272 2625 contingere,
3305 2554 3600 2611 identidem
3630 2573 3721 2627 ge-

2147 2629 2328 2682 nerale
2348 2627 2634 2683 concilium
2661 2629 3093 2698 congregandum
3121 2634 3283 2685 esset.
3316 2636 3370 2698 et
3416 2627 3722 2697 frequenter

2146 2700 2381 2769 episcopi
2412 2714 2477 2752 ex
2502 2698 2613 2752 suis
2642 2699 2859 2771 sedibus
2877 2697 3069 2754 essent
3094 2697 3373 2771 evocandi.
3422 2698 3564 2771 Quis
3583 2701 3721 2771 cogi:

2146 2768 2401 2825 tationem
2430 2784 2524 2825 seu
2552 2768 2727 2837 potius
2755 2770 3114 2825 commentum
3139 2778 3246 2822 tam
3278 2768 3601 2824 incredibile
3626 2770 3722 2825 sibi

2144 2842 2402 2897 suadeat?
2442 2841 2499 2895 S.
2544 2841 2778 2896 Leonem
2818 2852 2964 2895 certe
3006 2842 3107 2896 hoc
3153 2854 3259 2894 non
3300 2840 3622 2907 credidisse,
3660 2855 3721 2895 ex

2140 2911 2343 2981 judicio
2364 2913 2506 2981 quo'd
2536 2914 2717 2966 statim
2746 2913 3113 2981 pronuntiavit
3140 2909 3483 2981 manifestum
3514 2921 3616 2964 est.

2213 2983 2305 3039 24.
2349 2980 2418 3039 Ut
2460 2993 2636 3038 autem
2676 2980 2956 3054 delegatur
2982 2999 3101 3053 qua:
3146 2980 3303 3054 hujus
3345 2996 3503 3035 mens
3542 2981 3717 3046 fuerit,

2143 3068 2263 3109 cum
2296 3056 2348 3109 in
2384 3055 2607 3123 epistola
2638 3054 2707 3107 44
2749 3052 2820 3107 ad
2849 3052 3207 3109 Theodosium
3242 3052 3340 3123 hos
3361 3067 3600 3107 canones
3631 3066 3721 3121 pro

2144 3122 2460 3181 necessitate
2502 3124 2688 3194 synodi
2735 3125 3007 3194 allegavit,
3038 3122 3432 3194 observandum
3460 3133 3545 3177 est
3587 3124 3721 3177 hanc

2141 3198 2452 3252 eorumdem
2482 3193 2746 3249 canonum
2777 3193 3142 3266 allegationem
3175 3193 3402 3266 inveniri
3432 3202 3634 3266 tantum
3668 3197 3719 3248 in

2141 3268 2329 3322 litteris
2359 3268 2424 3321 ad
2454 3282 2574 3321 eum
2598 3264 2975 3336 imperatorem
3001 3267 3088 3336 qui
3112 3264 3526 3336 pseudosynodo
3546 3265 3722 3335 Ephe-

2141 3341 2272 3392 sina:
2309 3338 2659 3408 patrocinium
2697 3338 3002 3407 prtrstabat.
3034 3337 3166 3391 Cum
3214 3345 3329 3408 tam
3373 3351 3564 3408 magno
3615 3337 3719 3388 hu-

2135 3409 2226 3479 jus
2249 3406 2587 3464 co‘nciliabuli
2618 3406 2862 3477 patrono,
2892 3410 2980 3479 qui
3023 3422 3213 3461 novum
3238 3406 3491 3475 judicium
3521 3408 3721 3475 aegrius

2144 3482 2373 3545 tulisset,
2416 3481 2630 3535 mollius
2658 3489 2711 3535 et
2741 3481 2955 3534 suavius
2998 3479 3259 3548 agendum
3296 3485 3429 3542 erat,
3460 3485 3630 3548 atque
3655 3485 3721 3531 ut

2140 3550 2445 3606 flecteretur
2490 3552 2714 3617 facilius,
2751 3546 3165 3619 attctoritas'ipsi
3196 3550 3352 3603 etiam
3390 3546 3710 3619 veneritbilis

2140 3622 2484 3691 proponenda
2543 3621 2656 3677 fuit.
2704 3616 2963 3677 'Nicaanos
3027 3616 3205 3675 autem
3259 3631 3478 3691 canones
3530 3616 3711 3686 Euty-

2140 3688 2257 3746 cbis
2308 3708 2518 3763 quoque
2568 3693 2801 3749 fautores
2853 3693 3084 3747 maxima
3140 3688 3475 3763 robservantia
3525 3701 3723 3755 prose-

2141 3762 2456 3832 quebantur’,
2491 3778 2719 3834 cumque
2744 3780 2839 3833 pro
2867 3764 3095 3818 Nicaznis
3137 3762 3453 3817 haberentur
3481 3772 3726 3834 canones

2143 3836 2507 3899 Sardicenses,
2541 3831 2705 3889 unum
2735 3831 2801 3889 ex
2827 3835 2911 3889 his
2939 3835 3045 3888 Leo
3072 3834 3121 3886 in
3156 3847 3269 3887 rem
3295 3838 3614 3901 praesentem
3647 3831 3727 3883 al-

2142 3905 2359 3974 legavit,
2392 3916 2549 3973 atque
2583 3906 2823 3974 epistola:
2858 3908 3017 3959 etiam
3046 3903 3288 3973 subjecit.
3328 3901 3511 3955 Canon
3542 3911 3729 3956 antem

2140 3977 2411 4045 subjectus
2441 3976 2703 4045 epistolze,
2743 3985 2800 4031 ut
2836 3976 3063 4031 vidimus
3103 3976 3156 4029 in
3187 3974 3555 4045 admonitione
3586 3987 3733 4041 prae-

2142 4042 2300 4100 missa
2327 4042 2488 4115 epist.
2510 4046 2597 4111 45,
2624 4049 2720 4101 fuit
2747 4056 2964 4116 quartus
2995 4046 3350 4111 Sardicensis,
3378 4047 3467 4111 qui
3499 4042 3587 4097 his
3607 4058 3733 4099 ver-

2141 4116 2223 4172 bis
2251 4118 2567 4187 exprimitur
2592 4136 2603 4170 :
2627 4118 2945 4172 Gaudentius
2982 4118 3247 4187 episcopus
3295 4117 3424 4169 dixit
3457 4130 3475 4168 :
3514 4116 3733 4169 Adden-

2142 4191 2263 4241 dttm
2306 4198 2417 4253 est,
2468 4190 2512 4243 si
2561 4190 2752 4257 placet,
2789 4189 2904 4242 huic
2964 4188 3257 4247 sententite,
3321 4203 3474 4256 quam
3524 4189 3737 4257 plenam

2140 4260 2425 4313 sanctitatis
2479 4261 2792 4327 protulistis,
2834 4270 2908 4313 ua
2935 4275 3046 4311 cum
3083 4259 3269 4325 aliquis
3306 4258 3574 4329 depositus
3620 4260 3738 4329 fue-

2144 4332 2209 4385 rit
2256 4333 2518 4401 episwpus
2571 4348 2743 4384 eorum
2784 4333 3136 4402 episcoporum
3170 4328 3509 4402 judicioequi
3550 4328 3609 4380 in
3643 4329 3739 4402 ri-

2145 4404 2274 4455 cittis
2329 4400 2450 4455 locis
2505 4400 2902 4465 commorantur,
2939 4412 2988 4455 et
3037 4400 3426 4471 proclamaverit
3470 4400 3739 4469 agendum

2148 4473 2361 4547 1173
2391 4473 2491 4547 sibi
2524 4475 2777 4547 negotium
2816 4474 2867 4525 in
2908 4474 3030 4547 urbe
3058 4471 3256 4547 Roma;
3296 4471 3427 4547 alter
3454 4474 3739 4547 episcopus

460 4526 1083 4625 fuisse,
1125 4547 1179 4587 ut
1217 4526 1427 4625 consent
1451 4526 1516 4625 8ἰ
1544 4526 2122 4625 Athenasiijeiusqueo
2147 4526 2361 4625 iit-eiu:
2390 4526 2633 4625 cathedra
2672 4553 2781 4625 post
2823 4543 3216 4625 appellationem
3240 4526 3370 4624 'ej'us
3408 4526 3497 4611 qui
3535 4526 3744 4625 vidétur

460 4598 714 4676 sociorum
734 4603 793 4676 in
823 4598 1146 4676 Occidentem
1176 4606 1550 4673 pertraherent;
1574 4607 1765 4660 melius
1795 4598 2039 4676 ditisset,

463 4674 520 4748 ut
546 4672 838 4748 apostolica:
856 4674 970 4748 sedi
996 4677 1351 4748 appellationis
1370 4678 1572 4748 judicia
1600 4694 1630 4729 a
1656 4679 1777 4732 solis
1798 4672 2043 4732 Eusebia;

463 4740 543 4818 nis
573 4740 821 4819 ltteretic‘is
849 4740 1093 4813 impedita
1116 4740 1446 4819 vindicarent,
1476 4757 1521 4800 et
1552 4748 1646 4802 hac
1676 4752 1873 4803 ratione
1901 4755 2041 4819 futu-

462 4814 549 4890 ris.
570 4814 875 4890 temporibus
894 4818 1263 4890 cognoscendis
1294 4818 1539 4890 ejusmodi
1558 4822 1725 4873 causis
1758 4814 2039 4890 legitimum

462 4878 705 4963 triduani.
733 4878 1117 4963 proastituErent.
1169 4878 1330 4955 Haec;
1358 4888 1593 4957 inquam,
1648 4878 2034 4963 faterivdebuit,

460 4955 583 5017 quia
611 4955 662 5005 in
694 4955 1143 5029 ipsiscanonibus
1187 4955 1494 5013 memoratis
1539 4962 1847 5029 apostolica:
1894 4955 2039 5018 sedis

458 5026 808 5102 praerogativa
832 5027 884 5081 in
907 5028 1082 5102 causis
1102 5029 1366 5102 ejusmodi
1391 5026 1673 5102 manifeste
1696 5034 2035 5102 exprimitur,

458 5092 709 5172 nullaque
729 5098 1001 5172 generalis
1025 5092 1213 5172 synodi
1243 5101 1598 5156 convocanda:
1621 5092 1816 5157 nedum
1852 5092 2037 5161 neces;

456 5167 611 5240 situs,
649 5167 841 5240 sedne
883 5167 1082 5225 mentio
1123 5173 1334 5240 quidem
1365 5173 1450 5227 vel
1479 5174 1709 5228 obscura
1750 5176 2031 5231 indicatur.

528 5234 619 5290 25.
670 5236 1017 5315 Yideautem
1069 5234 1226 5311 quam
1280 5245 1437 5315 longo
1477 5244 1784 5314 difficilique
1812 5248 2038 5303 circuitu

456 5301 776 5370 Quesnellus
820 5309 957 5367 hanc
987 5301 1600 5371 necessitatemvexinde
1646 5301 1844 5372 nitatur
1884 5301 2037 5373 indu;

455 5387 599 5456 cere,
643 5389 696 5433 et
723 5379 976 5456 Romanae
1000 5385 1144 5439 sedis
1177 5386 1266 5455 jus
1292 5387 1421 5456 ipsis
1448 5388 1742 5442 canonibus
1767 5398 2031 5445 assertum

360 5466 363 5469 ν
454 5444 768 5529 infringere.
799 5453 932 5507 Cum
960 5455 1047 5529 jus
1080 5444 1290 5525 aliq'uod
1316 5444 1593 5527 peculiare
1618 5474 1827 5514 summo
1859 5444 2031 5529 pontié

453 5514 1082 5602 fici_iisdem_canonibus
1106 5514 1369 5602 assertum
1402 5545 1597 5599 negare
1626 5546 1728 5584 non
1760 5514 1947 5600 possit,
1976 5514 2031 5585 id

455 5594 911 5670 tantumjurisilli
944 5596 1197 5670 tributum
1219 5594 1553 5663 affirmatfut
1576 5603 1627 5655 in
1659 5594 2029 5670 appellatiOnis

454 5670 636 5741 causa,
670 5678 773 5718 non
803 5665 868 5719 de
892 5667 1091 5741 judicio
1122 5670 1237 5737 ipso
1263 5684 1291 5723 a
1325 5687 1427 5739 quo
1452 5672 1549 5725 fuit
1570 5665 1915 5741 appellatum,
1941 5688 2031 5727 co-

454 5740 677 5807 gnoscat
721 5750 783 5790 ac
822 5740 1138 5807 sententiam
1170 5742 1496 5807 pronuntiet,
1526 5740 1620 5798 sed
1644 5740 1721 5798 fut
1761 5743 1815 5797 id
1864 5759 2027 5799 unum

455 5800 732 5870 decernat,
778 5821 905 5867 num
942 5806 997 5862 in
1029 5824 1095 5865 eo
1144 5800 1271 5866 casu
1312 5800 1658 5881 appellationi
1705 5815 1855 5872 locus
1904 5829 2024 5873 esse

2148 4613 2266 4667 esse
2283 4616 2562 4681 depositus,
2588 4613 2792 4668 omnino
2824 4613 2924 4667 non
2950 4614 3234 4675 ordinetur,
3259 4613 3358 4666 nisi
3386 4628 3549 4683 causa
3581 4613 3742 4683 fuerit

2144 4685 2197 4738 in
2235 4686 2436 4756 judicio
2477 4686 2695 4738 Romani
2740 4686 2962 4752 episcOpi
3003 4686 3367 4756 determinata.
3416 4682 3611 4756 Palam
3662 4689 3747 4756 est

2145 4752 2446 4810 sermonem
2478 4757 2592 4810 fteri
2620 4757 2685 4810 de
2716 4756 3075 4823 appellatione
3105 4753 3171 4807 ad
3205 4754 3466 4824 judicium
3499 4752 3746 4808 Romani

2094 4882 2097 4885 δ
2146 4826 2430 4894 pontificis.
2501 4827 2613 4881 Duo
2667 4835 2843 4880 autem
2900 4827 2999 4880 hoc
3056 4839 3263 4879 canone
3318 4824 3746 4879 decernuntur:

2146 4898 2339 4965 primo,
2386 4905 2443 4950 nt
2482 4907 2604 4966 post
2640 4898 3051 4965 appellationem
3096 4894 3275 4949 nullus
3317 4896 3375 4966 in
3400 4894 3593 4949 locum
3628 4897 3750 4966 ejus

2143 4964 2234 5037 qui
2279 4964 2497 5021 videtur
2529 4983 2648 5022 esse
2676 4964 2963 5035 depositus
3004 4968 3301 5030 ordinetur,
3346 4964 3531 5021 donec
3576 4964 3752 5023 causa

2143 5039 2516 5107 appellationis
2540 5039 2896 5094 determinata
2920 5038 3107 5103 fuerit;
3141 5037 3401 5103 secundo,
3427 5047 3486 5091 ut
3517 5040 3598 5092 ab
3629 5040 3753 5108 ipso

2143 5108 2386 5165 Romano
2415 5113 2668 5179 episcopo
2692 5109 2949 5178 judicium
2979 5109 3198 5175 feratur.
3248 5108 3373 5163 Haec
3402 5108 3514 5162 duo
3552 5110 3678 5165 Leo
3721 5123 3755 5163 a

2144 5178 2795 5249 Theodosiopostulavit:
2839 5180 3089 5249 prinium,
3117 5195 3238 5243 cum
3279 5179 3459 5248 capite
3488 5180 3755 5236 secundo

2145 5251 2371 5306 laudatae
2418 5253 2659 5321 epistola:
2707 5252 2859 5321 petiit
2903 5260 2958 5304 ut
3003 5252 3179 5305 omnia
3224 5252 3278 5305 in
3328 5267 3387 5304 eo
3433 5260 3590 5305 statu
3644 5268 3757 5307 esse

2132 5323 2361 5393 jubeatis
2390 5324 2441 5374 in
2473 5339 2571 5393 quo
2599 5323 2804 5392 fuerunt
2832 5333 2951 5376 ante
2976 5337 3125 5375 omne
3140 5323 3400 5391 judicium
3430 5322 3757 5392 (latrocinii

2142 5392 2441 5463 Ephesini),
2484 5396 2643 5448 donec
2682 5395 2847 5463 major
2873 5409 2936 5448 es:
2966 5402 3071 5446 toto
3109 5394 3228 5447 orbe
3263 5395 3611 5447 sacerdotum
3654 5412 3761 5449 nst-

2135 5479 2303 5536 merus
2317 5474 2687 5536 congregetur;
2721 5465 3013 5519 secundum
3041 5478 3194 5536 vero,
3214 5478 3334 5520 cum
3364 5466 3552 5536 capite
3582 5468 3761 5522 tertio

2136 5533 2697 5605 concilium'generale
2727 5536 2781 5589 in
2808 5536 2957 5591 italia
2990 5535 3294 5605 cogendum
3324 5533 3666 5605 postulavit,
3701 5540 3761 5596 in

2136 5620 2241 5675 quo
2280 5607 2393 5675 ipse
2434 5606 2543 5661 Leo
2570 5608 2903 5662 commodius
2934 5608 3248 5674 interesset,
3297 5620 3361 5660 ac
3401 5605 3469 5660 de
3518 5615 3657 5665 tota
3700 5625 3763 5666 re

2136 5678 2459 5731 sententiam
2492 5678 2674 5732 ferret.
2722 5678 2833 5733 Hoc
2863 5680 3007 5732 enim
3041 5677 3098 5734 S.
3132 5677 3403 5748 pontificis
3438 5682 3760 5748 consilium

2138 5749 2239 5802 etsi
2268 5748 2383 5817 ipse
2411 5758 2595 5818 aperte
2625 5764 2729 5807 non
2760 5748 3046 5818 explicavit
3076 5747 3352 5804 in’litteris
3381 5748 3447 5802 ad
3471 5747 3764 5808 Theodo-

2138 5819 2299 5887 sium,
2326 5819 2458 5878 satis
2489 5828 2666 5879 tamen
2704 5822 3007 5894 expositum
3047 5820 3146 5881 fuit
3185 5836 3215 5878 a
3244 5819 3653 5879 Valentiniano
3700 5825 3760 5883 ia
