3994 6310
215 365 317 428 τοι

627 362 939 425 DISSERT.
978 362 1070 425 IX.
1112 360 1205 423 DE
1242 358 1466 421 CAUSA
1504 357 1717 416 DOMM
1753 352 2175 415 ANTIOCHENI
2211 348 2520 424 EJUSQUE
2555 350 3023 417 DAHNATIONE.

3356 338 3473 414 τοί

204 456 530 538 cumtamen
549 489 613 532 ex
631 475 808 533 Africa
836 477 981 535 solus
1001 476 1193 533 Besula
1216 474 1471 530 diaconus
1502 472 1774 529 interfuis-
1800 478 1851 541 Α
1876 470 2197 540 Quesnellus
2232 542 2235 543 ν
2268 483 2433 528 unam
2492 471 2787 543 legatorum
2856 473 3047 542 synodi
3104 473 3465 535 Occidentalis

204 558 320 618 set,
354 549 444 620 qui
474 563 505 603 a
544 546 704 621 totius
738 548 1204 621 _Africaesynodo
1226 562 1323 601 nec
1343 546 1626 621 delegatus
1672 543 1772 621 fuit

204 616 313 678 nec
334 616 569 690 delegari
607 618 806 689 potuit,
847 621 921 674 uti
952 616 1147 675 faietur
1190 617 1306 687 ipse
1332 616 1627 690 Capreolus
1655 616 1770 685 epi-

202 707 397 764 scopus
423 688 877 764 Carthaginensis
899 692 951 764 in
976 690 1202 764 epistola
1218 688 1515 764 _abeodem
1544 688 1770 764 diacono

202 758 380 829 alla‘ta,
411 773 465 818 et
491 758 756 818 lecta’act.
781 762 831 818 l.
859 758 1192 819 ldem'etiam
1218 760 1415 830 legitur
1436 760 1490 815 in
1512 758 1772 815 relatione

201 850 229 889 a
261 833 551 901 Quesnello
600 832 807 887 laudata
834 874 848 899 ,
886 832 1037 902 cujus
1079 833 1284 902 integer
1324 839 1502 885 textus
1533 830 1616 902 hic
1643 838 1725 885 est
1754 846 1767 881 :

200 904 469 960 Consessui
491 903 809 974 (Ephesino)
839 901 981 958 adest
1019 912 1063 974 et
1102 901 1397 974 Celestinus
1428 901 1771 955 sanctissimus

198 971 797 1047 piissimusqjts—ntagnm'
814 984 996 1047 uestra,
1019 973 1199 1028 Roma!
1240 971 1689 1047 archiepiscopus,
1724 978 1772 1025 et

199 1043 431 1102 universa
463 1043 807 1101 Occidentalis
835 1045 1060 1116 synodus
1086 1059 1175 1115 per
1202 1043 1558 1116 sanctissimos
1580 1044 1775 1113 episco-

200 1133 293 1187 pos
313 1134 439 1187 quos
464 1118 531 1171 ad
570 1132 664 1171 nos
688 1117 803 1187 ipsa
832 1113 990 1183 niisit,
1018 1113 1218 1185 totaque
1244 1114 1443 1187 Africa.
1460 1113 1624 1187 Vides
1647 1126 1775 1183 ergo

197 1184 353 1257 quam
380 1201 663 1257 perperam
684 1185 1001 1254 Quesnellus
1025 1184 1302 1257 ejusmodi
1316 1184 1575 1257 formulas
1599 1184 1777 1257 inges-

196 1254 360 1326 serit,
380 1254 458 1313 ἰιι
478 1254 811 1327 legationem
842 1254 1151 1327 apostolicae
1180 1255 1326 1310 sedis
1354 1254 1423 1310 ad
1453 1254 1776 1324 legationem

200 1329 364 1386 totius
388 1328 697 1384 Occidentis
724 1328 1052 1383 traduceret.

266 1400 540 1479 '53._Quod
593 1414 763 1479 porro
803 1398 1343 1479 veluti-manifestum
1400 1403 1775 1479 argumentum

198 1466 439 1529 obtrudit
467 1486 531 1525 ea:
560 1466 763 1525 concilii
796 1484 850 1524 vr
894 1471 1020 1523 actis
1038 1511 1052 1538 ,
1079 1466 1169 1521 ubi
1202 1466 1426 1591 episcplri
1452 1466 1772 1549 Parmensis,

198 1540 526 1591 Pater-neum
555 1550 602 1591 et
636 1540 916 1591 Reaitanus
946 1538 1114 1591 locum
1150 1548 1315 1591 tenere
1379 1539 1580 1591 intratur
1609 1553 1772 1589 conci.

194 1540 526 1612 Paternensis
555 1550 602 1595 et
636 1540 916 1612 Regitanus
946 1537 1114 1593 locum
1150 1537 1325 1612 tenere
1343 1537 1580 1612 dicuntur
1609 1537 1778 1589 conci—

194 1611 254 1666 lii
279 1615 499 1683 antiqua
522 1608 731 1675 Roma;
746 1610 835 1683 ubi
864 1621 1063 1683 centum
1084 1620 1129 1663 et
1154 1608 1570 1683 eigintiepiscapi
1596 1622 1777 1661 conve-

192 1679 407 1748 nerunt,
435 1682 589 1737 valde
623 1682 830 1753 1181
864 1682 1146 1753 mirificum
1178 1688 1279 1735 est.
1309 1679 1364 1735 Si
1393 1680 1533 1734 enim
1566 1692 1628 1732 ea
1656 1685 1774 1753 acta

193 1753 597 1824 expendantur,
624 1748 1065 1824 ﬁe—c'tﬁiidquam
1114 1752 1417 1824 omittatur2
1444 1764 1551 1802 non
1572 1748 1773 1824 __solum

198 1817 315 1877 non
344 1825 495 1879 obest
523 1817 620 1878 hec
643 1817 1041 1885 documentum,
1074 1820 1165 1874 sed
1190 1822 1364 1889 potius
1390 1818 1552 1889 favet.
1572 1817 1769 1873 Verum

189 1893 410 1962 quidem
463 1903 543 1949 est
590 1901 696 1946 tres
739 1892 1021 1960 episcopos
1066 1888 1326 1962 Joannem
1382 1888 1765 1962 Portuensem,

183 1960 590 2018 Abundantium
621 1962 999 2018 Paternensem
1022 1999 1039 2027 .
1072 1970 1125 2016 et
1150 1960 1409 2015 Joannem
1453 1960 1774 2029 Regitauum

184 2031 495 2102 in‘singulis
538 2031 833 2087 actionibus
860 2040 916 2087 et
949 2033 1000 2086 in
1032 2030 1517 2102 subscriptionibus
1542 2031 1649 2102 dici
1690 2034 1774 2087 lo-

183 2117 305 2156 cum
352 2100 707 2172 prtesentantes
745 2102 1051 2172 verterahilis
1086 2100 1269 2172 synodi
1312 2106 1537 2172 antiqua:
1594 2101 1773 2159 Roma:

190 2171 400 2227 centum
420 2184 467 2227 et
487 2173 663 2243 viginti
687 2173 908 2243 quinque
935 2171 1045 2228 Deo
1072 2171 1371 2227 notabilium
1396 2171 1772 2243 episcoporum.

182 2242 255 2297 At
281 2244 444 2299 simul
463 2242 648 2300 verum
671 2252 753 2299 est
778 2252 888 2299 tres
907 2245 1063 2308 alios,
1086 2244 1339 2298 nimirum
1362 2245 1496 2298 duos
1516 2242 1772 2301 Remane

185 2314 451 2385 Ecclesiae
498 2316 856 2385 prmsbyteros
894 2315 1237 2371 Theodorum
1277 2324 1331 2370 et
1360 2314 1643 2383 Georgium
1668 2356 1683 2379 ,
1710 2331 1776 2373 ac

178 2382 448 2457 Joannem
465 2382 745 2441 dieeontim
763 2384 817 2440 in
840 2385 1028 2441 iisdem
1051 2386 1349 2441 actionibus
1362 2395 1412 2440 et
1426 2382 1777 2457 subscriptio-

183 2456 352 2510 nibus
372 2457 632 2525 appellari
660 2458 824 2509 locum
844 2465 1208 2525 prcesentantes
1234 2457 1544 2511 sanctissimi
1573 2466 1621 2510 et
1642 2456 1771 2512 ’bea-

180 2527 377 2582 tissimi
420 2543 569 2598 papa:
596 2527 915 2597 Agathonis;
955 2542 1017 2581 ac
1045 2537 1309 2597 praeterea
1340 2542 1520 2582 verum
1551 2537 1633 2582 est
1675 2531 1772 2584 hos

180 2608 517 2665 postremos,
549 2598 678 2654 licet
717 2600 834 2654 solo
864 2598 1184 2671 presbyterii
1212 2608 1303 2671 aut
1329 2598 1643 2671 diaconatus
1673 2601 1771 2655 ho-

180 2683 327 2726 nore
355 2679 597 2735 ornatos,
629 2677 939 2724 constanter
963 2672 1193 2739 primum
1216 2670 1393 2739 locum
1418 2670 1618 2726 habere
1646 2679 1772 2727 ante

177 2753 378 2795 omnes
402 2741 564 2795 etiam
597 2738 1027 2811 patriarchalium
1055 2740 1262 2794 sedium
1294 2738 1478 2796 Patres
1503 2783 1519 2807 ,
1543 2740 1614 2798 ob
1645 2758 1771 2811 per-

176 2824 376 2865 sonam
410 2811 591 2882 utique
624 2810 848 2882 Bomani
879 2811 1144 2874 pontificis
1173 2813 1337 2867 totius
1369 2812 1627 2866 Ecclesiae
1648 2810 1772 2882 pri-

174 2882 376 2947 matis,
407 2881 561 2950 cujus
590 2880 706 2936 vice
733 2880 1126 2952 fungebantur;
1180 2884 1302 2936 illos
1325 2897 1454 2936 vero
1501 2882 1628 2937 licet
1654 2880 1771 2952 epi-

174 2965 380 3023 scapos
400 2960 458 3007 et
483 2968 513 3005 a
543 2952 697 3023 plena
722 2952 1053 3023 Occidentali
1074 2952 1283 3023 synodo
1304 2954 1497 3008 missos
1518 2969 1547 3005 a
1579 2954 1767 3020 primis

176 3022 291 3094 illis
318 3022 567 3094 sejungi,
593 3032 645 3094 et
673 3023 849 3077 locum
882 3022 1083 3077 habere
1120 3035 1239 3094 post
1268 3023 1659 3094 principuarum
1687 3039 1773 3078 se-

174 3092 333 3148 dium
363 3092 571 3157 Patres.
601 3092 790 3148 Nonne
817 3095 932 3147 haec
958 3092 1334 3163 appellationis
1362 3103 1417 3147 et
1447 3092 1550 3147 loci
1579 3093 1772 3148 distin-

175 3166 288 3219 ctio
339 3164 679 3219 manifestam
734 3164 1030 3234 fegatorum
1086 3164 1489 3219 distinctionem
1544 3164 1772 3219 astruit?

1802 1856 1852 1917 Β

1877 543 2205 598 mentionem
2229 542 2503 612 ingerens,
2521 542 2621 598 hoc
2644 547 3005 603 testimonium
3038 560 3104 603 eo
3133 546 3235 605 loci
3258 547 3436 605 attulit

1874 586 2371 691 attaining”
2381 586 3114 691 ἔὸέᾶἕῖιὶιῖἓὲἓι³⁴ἐῖὂζιὲἰίιέἷι
3122 586 3241 674 (si;
3258 586 3461 691 Ξὶιῖὁὲῖ

1874 685 2079 811 legans
2108 684 2211 745 sibi
2240 685 2579 768 probandum
2608 688 2951 770 sumpserat!

2020 794 2033 808 .
2075 755 2228 811 Ouod
2268 770 2315 811 st
2355 772 2566 811 quaeras
2610 771 2704 811 cur
2744 774 2798 811 ιιι
2835 758 2939 811 hoc

2020 794 2033 808 .
2075 755 2228 824 Quod
2268 755 2315 812 si
2355 772 2566 825 quaeras
2610 771 2704 813 cur
2734 755 2798 815 in
2835 758 2939 815 hoc
2981 775 3089 818 uno
3131 760 3363 817 concilio
3407 775 3463 819 vt

1872 827 2137 899 ejusmodi
2166 827 2464 899 legatorum
2492 842 2641 899 papae
2670 843 2732 883 ac
2755 829 2948 899 synodi
2971 831 3241 888 distinctio
3270 847 3461 888 occur-

1874 898 1978 966 rat,
2010 914 2076 970 ex
2109 898 2296 970 iisdem
2323 899 2457 953 actis
2488 898 2644 970 facile
2672 898 2958 969 intelliges.
2997 901 3287 970 imperator
3316 905 3461 959 enim

1874 971 1929 1025 in
1961 969 2072 1040 suis
2096 968 2161 1023 ad
2203 968 2413 1040 Donum
2453 968 2750 1037 Agathonis
2789 968 3235 1040 prmdecessorem
3266 974 3465 1040 litteris

1875 1040 2015 1097 hanc
2041 1039 2307 1112 duplicem
2338 1039 2660 1112 legationem
2691 1037 2948 1112 expresse
2978 1037 3355 1111 postulaverai,
3384 1045 3466 1099 al-

1877 1121 2049 1167 teram
2086 1110 2251 1181 ipsius
2288 1110 2557 1181 pontilicis
2595 1110 2846 1167 mandato
2872 1124 2924 1167 et
2955 1110 3203 1179 nomine,
3244 1116 3464 1171 alteram

1878 1180 2132 1238 mandato
2180 1192 2234 1236 et
2278 1182 2495 1237 nomine
2542 1180 2767 1238 Romani
2812 1182 3025 1240 concilii
3076 1198 3141 1238 ex
3180 1181 3469 1240 Occidente

1878 1253 2190 1311 convocati.
2248 1251 2358 1324 Hoc
2406 1252 2620 1320 quidem
2667 1253 2864 1324 duplex
2903 1254 3251 1316 mandatum,
3288 1255 3362 1308 uti
3402 1254 3470 1313 ad

1879 1324 2144 1405 duplicent
2188 1323 2858 1405 legationemreq_uirit_ur_,
2891 1325 3031 1405 idem
3062 1326 3351 1405 imperator
3378 1338 3467 1394 pa.

1879 1393 1985 1449 lam
2018 1396 2214 1451 indicat
2239 1393 2292 1449 in
2325 1393 2444 1447 aliis
2466 1394 2665 1465 litteris
2702 1394 2768 1465 ad
2798 1394 3085 1465 Georgium
3110 1393 3470 1465 archiepisco-

1880 1410 1985 1449 tam
2018 1410 2214 1451 indicat
2239 1410 2292 1449 tn
2325 1410 2444 1447 aius
2474 1410 2665 1449 utterts
2702 1410 2768 1449 an
2798 1410 3085 1519 ueorgium
3110 1410 3470 1465 arcnteptsco-

1880 1481 2006 1533 pum
2037 1462 2683 1532 Constantinopolitanum
2726 1464 2810 1520 his
2850 1482 2941 1519 ver
2984 1466 3027 1520 is
3059 1482 3075 1521 :
3104 1465 3305 1533 Agatho
3344 1483 3471 1521 san-

1880 1483 2006 1533 pum
2037 1483 2683 1532 uousmnunopoutanum
2726 1483 2810 1520 lllS
2850 1483 3027 1520 vernis
3059 1483 3075 1521 :
3104 1483 3147 1520 Α
3185 1483 3305 1521 amo
3344 1483 3471 1521 san-

1876 1545 1986 1590 ctus
2016 1550 2177 1604 nuper
2204 1534 2476 1607 ordinatas
2510 1552 2644 1604 papa
2680 1537 2733 1591 in
2762 1536 3043 1606 apostolica
3070 1483 3186 1591 sed:
3214 1537 3473 1607 prwtlicta

1877 1607 2099 1679 antiqua:
2123 1607 2299 1679 Roma:
2320 1606 2617 1676 hujusmodi
2649 1616 2847 1679 nostros
2872 1609 2980 1673 pios
3005 1606 3284 1679 suscipiens
3305 1609 3472 1679 apices

1880 1676 2026 1747 (post
2054 1678 2182 1731 Doni
2213 1686 2439 1749 mortem
2484 1676 2779 1749 acceptos),
2827 1678 3097 1732 destinavit
3134 1680 3187 1733 iu
3232 1676 3473 1749 prtesenti

1877 1749 2143 1820 propriam
2179 1750 2291 1820 ejus
2322 1748 2527 1820 indutos
2564 1765 2832 1815 personam
2869 1748 3190 1820 Theodorum
3212 1758 3276 1820 Aet
3306 1748 3472 1804 Geor-

1914 1820 2019 1874 ium
2041 1819 2149 1873 Deo
2185 1818 2427 1874 amabiles
2462 1820 2801 1890 presbyteros,
2824 1831 2871 1875 et
2910 1819 3167 1876 Joannem
3195 1818 3303 1875 Deo
3324 1837 3472 1875 ama-

1909 1890 2028 1944 item
2070 1889 2379 1953 diaconum;
2428 1889 2491 1943 ea:
2528 1889 2745 1959 persona
2784 1908 2899 1947 vero
2930 1893 3087 1945 totius
3124 1894 3234 1959 ejus
3269 1892 3476 1947 concilii

1874 1959 2127 2016 Joannem
2144 1970 2194 2018 st
2212 1958 2597 2015 Abundantium
2618 1971 2665 2014 et
2684 1958 2938 2019 Joannem
2956 1958 3262 2018 venerabiles
3282 1963 3475 2033 episcan

1878 2048 2090 2101 pos.....
2132 2033 2447 2115 porrigentes
2498 2033 2839 2115 nebis'etiam
2885 2048 3017 2089 uuas
3065 2048 3471 2115 successiones,

1876 2120 2031 2186 ursam
2053 2102 2261 2186 quidem
2283 2102 2814 2186 ejusdem_Agatltonis
2836 2120 3003 2186 papar,
3028 2105 3186 2160 aliam
3205 2120 3326 2186 vero
3341 2121 3464 2159 con-

1877 2173 1982 2229 cilii
2009 2175 2146 2245 ejus.
2182 2173 2262 2229 Eu
2300 2173 2463 2243 igitur
2500 2175 2693 2243 duplex
2737 2173 3031 2245 legatorum
3080 2190 3247 2243 genus
3277 2184 3334 2230 et
3371 2190 3469 2230 ex-

1878 2244 2123 2315 pressum
2144 2244 2455 2315 mandatum
2478 2259 2540 2301 ac
2560 2244 2866 2314 procuratio
2886 2247 3112 2315 duplex;
3148 2245 3285 2301 unde
3306 2246 3471 2300 etiam

1876 2313 1998 2371 duas
2027 2316 2267 2383 epistolae
2290 2317 2344 2371 in
2366 2313 2574 2371 eisdem
2597 2319 2731 2372 actis
2760 2313 3076 2383 recitantur,
3106 2318 3273 2372 altera
3303 2317 3474 2372 solius

1878 2387 2186 2458 pontificis,
2218 2387 2383 2443 altera
2416 2390 2577 2441 totius
2617 2388 2807 2457 synodi
2840 2390 3059 2443 nomine
3085 2389 3358 2455 inscripta.
3390 2388 3470 2443 Ex

1877 2460 1961 2512 his
2006 2468 2185 2513 autem
2231 2458 2337 2512 duo
2368 2458 2585 2512 maximi
2628 2461 2885 2515 momenti
2920 2460 2973 2514 in
3006 2474 3115 2513 rem
3150 2468 3473 2525 praesentem

1875 2538 2276 2594 consequuntur
2306 2547 2319 2582 :
2350 2531 2579 2598 primum
2599 2572 2612 2594 ,
2647 2530 2849 2600 legatos
2890 2532 2978 2600 qui
3009 2530 3176 2584 solius
3205 2528 3472 2599 pontificis

1874 2601 1991 2671 vice
2018 2610 2071 2655 et
2102 2601 2322 2656 nomine
2347 2600 2579 2671 concilio
2608 2602 2907 2671 intersunt,
2936 2617 3041 2656 non
3073 2600 3239 2656 fuisse
3262 2600 3473 2655 habitos

1875 2670 2079 2742 legatos
2110 2672 2272 2727 totius
2301 2671 2492 2743 synodi
2523 2670 2779 2727 Romamn
2808 2682 2863 2729 et
2896 2670 3269 2728 'Occidentalis
3296 2687 3311 2726 :
3340 2672 3473 2727 alias

1874 2756 2010 2811 opus
2054 2759 2164 2798 non
2214 2744 2407 2799 fuisset
2452 2743 2759 2799 distinctam
2809 2745 3130 2811 legationem
3182 2752 3366 2812 petere
3407 2756 3473 2797 ac

1875 2814 2175 2878 destinare;
2228 2815 2522 2871 secundum
2550 2854 2565 2878 ,
2600 2814 2666 2868 ad
2716 2815 3035 2881 legationem
3080 2814 3241 2868 totius
3280 2812 3473 2884 synodi

1876 2884 2187 2939 distinctum
2211 2885 2521 2938 mandatum
2549 2893 2606 2938 et
2634 2886 3062 2950 procurationem
3088 2886 3325 2938 omnium
3352 2884 3470 2949 epi-

1876 2968 2161 3022 scoporum
2205 2953 2444 3021 ejusdem
2475 2954 2665 3024 synodi
2696 2955 2954 3022 requisita
2994 2954 3199 3018 fuisse,
3236 2968 3339 3024 nec
3367 2967 3474 3024 non

1877 3026 2205 3079 mentionem
2227 3022 2540 3095 expressam
2564 3025 2843 3094 legationis
2872 3023 3087 3095 synodi,
3110 3038 3231 3095 qum
3253 3022 3471 3093 quidem

1878 3095 1932 3150 in
1962 3098 2096 3149 actis
2123 3093 2262 3149 sexti
2291 3094 2507 3150 concilii
2550 3093 2861 3150 constanter
2900 3093 3134 3148 notatur.
3169 3094 3305 3151 Cum
3336 3105 3467 3147 vero

1879 3165 1932 3219 in
1963 3166 2081 3220 aliis
2108 3166 2450 3236 generalibus
2475 3166 2718 3220 conciliis
2746 3165 2953 3221 nullum
2978 3165 3184 3234 legatur
3208 3163 3469 3236 Occiden-

175 3236 440 3293 nimirum
470 3244 527 3295 et
550 3235 753 3307 legatos
779 3251 928 3305 papae
953 3234 1248 3307 Agathonis
1275 3234 1414 3290 haud
1436 3234 1602 3291 fuisse
1629 3235 1773 3306 lega-
1797 3241 1843 3303 ρ
1876 3238 2062 3291 talium
2109 3234 2201 3290 aut
2246 3237 2503 3292 Romanas
2549 3236 2738 3307 synodi
2787 3250 3101 3306 expressum
3134 3234 3465 3307 mandatum,

178 3312 260 3363 tos
283 3307 663 3379 totiussynodi
684 3306 1067 3379 Occidentalis,
1085 3316 1137 3379 et
1166 3307 1548 3379 legatoshujus
1580 3308 1771 3379 synodi

176 3390 274 3445 pro
304 3375 672 3448 legatis’papae
704 3377 911 3431 habitos
954 3392 1062 3448 non
1090 3375 1284 3443 fuisse;
1315 3376 1447 3432 alias
1465 3375 1662 3432 omnes
1699 3379 1770 3432 si-

178 3448 288 3502 mul
315 3446 649 3519 et'nominati
670 3455 723 3519 et
746 3448 1030 3516 subscripti
1053 3446 1444 3515 invenirentur,
1461 3456 1516 3503 et
1530 3448 1771 3519 episcopi

178 3518 519 3590 presbyteris
570 3531 627 3574 et
677 3518 905 3574 diacono
968 3520 1393 3589 praeeessissent.
1448 3518 1587 3587 Quid
1644 3518 1773 3591 ergo

1881 3308 2040 3378 legati
2087 3315 2268 3361 autem
2315 3308 2482 3363 solius
2526 3303 2799 3378 pontificis
2840 3303 2933 3362 aut
2976 3306 3286 3376 apostolicae
3317 3303 3475 3378 sedis

1878 3376 2095 3449 nomine
2122 3392 2187 3433 ac
2208 3378 2324 3433 vice
2354 3376 2714 3449 appellentur,
2745 3379 2843 3433 hos
2871 3377 3032 3434 totius
3056 3376 3360 3434 Occidentis
3380 3382 3474 3431 aut

1878 3448 2135 3507 Romanae
2154 3450 2347 3522 synodi
2378 3451 2581 3517 legatos
2609 3450 2891 3509 venditare
2916 3450 3341 3509 commentitium
3364 3456 3470 3504 est.

180 3637 3443 3665 mm

1206 3735 1982 3822 DISSERTATIO
2062 3735 2419 3822 NONA.

177 3907 263 3956 nn
298 3909 506 3955 causa
534 3911 739 3958 unum
768 3910 1158 3961 ANTtocunNt
1187 3913 1497 3966 erucem.
1531 3916 1809 3969 ususque
1840 3900 2289 3971 nsir’ﬁs'rtoxn;
2329 3916 2541 3971 neque
2595 3918 2834 3962 ΜΑιιω
2892 3915 3291 3961 succussoms
3320 3912 3468 3961 usus

257 3991 694 4036 OBDINLTIONB
725 3993 740 4035 3
770 3992 873 4035 UBI
904 3993 1220 4037 ιιιηςτιιιλε
1250 3994 1473 4038 SANCTI
1498 3995 1739 4047 LEONIS,
1777 3996 2179 4049 CONCILIIQUE
2208 3997 2761 4041 CHALCEDONENSIS
2778 3998 2935 4041 ACTA
2964 3994 3466 4044 ILLUSTBANTUB.

261 4072 349 4115 ΒΤ
372 4071 560 4116 ACTIO
590 4073 672 4115 DE
700 4072 921 4117 ΒολίΝο
955 4073 1056 4116 H18
1093 4072 1269 4117 ACTII
1304 4073 1571 4118 INSERTA
1602 4076 2047 4120 COMMENTITIA
2074 4075 2218 4119 ESSE
2248 4076 2783 4121 DBMONSTRLTUR.

731 4194 834 4258 Ad
857 4194 1155 4275 epistolas
1180 4194 1249 4258 S.
1286 4197 1641 4269 Leonistﬁo,
1670 4198 1751 4259 78
1781 4207 1837 4261 et
1866 4198 1967 4273 80,
2001 4217 2170 4261 nunc
2202 4207 2404 4263 autem
2424 4200 2529 4279 80,
2561 4198 2675 4261 1οὢ
2704 4208 2760 4262 et
2794 4198 2929 4261 106.

250 4491 474 4617 “1183
506 4488 549 4545 Ι.
579 4490 868 4573 Maximum
900 4488 1291 4573 Antiochenam
1323 4490 1654 4563 episcopum,
1684 4493 1774 4564 qui

287 4573 506 4617 sututus
542 4571 626 4617 est
651 4578 704 4616 in
738 4563 914 4617 locum
947 4562 1135 4616 Domni
1174 4577 1271 4617 per
1309 4562 1563 4617 Euliesini
1612 4563 1774 4617 latro-

177 4562 506 4619 sulisﬁtiit’us
542 4571 626 4619 est
651 4565 704 4616 in
738 4563 914 4617 locum
947 4562 1135 4616 Domni
1174 4577 1271 4632 per
1309 4562 1563 4631 Epiiesini
1612 4562 1778 4619 latro-

178 4635 308 4707 cinii
340 4648 611 4707 proceres,
636 4633 1009 4707 confirmatum
1038 4633 1203 4688 fuisse
1232 4634 1299 4687 ab
1322 4632 1653 4707 aecumenica
1682 4650 1775 4707 sy-

1879 4501 2006 4566 ante
2035 4492 2325 4566 infaustam
2356 4492 2620 4566 synodum
2647 4536 2662 4564 ,
2694 4492 2869 4551 donec
2897 4494 3076 4566 omnia
3111 4508 3204 4565 per
3232 4507 3472 4552 meome-

1880 4565 2061 4637 nicumﬁ
2089 4565 2372 4637 concilium
2391 4564 2845 4637 ‘refortnarenttu'.
2893 4564 3237 4637 Conseqttens
3267 4577 3384 4622 erat
3412 4574 3472 4625 ιιι

1881 4634 2147 4705 depositio
2177 4635 2366 4689 Domni
2397 4645 2451 4688 et
2492 4634 2705 4689 Maximi
2746 4636 3011 4691 ordinatio
3058 4634 3222 4693 irrita:
3264 4648 3467 4707 essent,

178 4706 329 4760 nodo
355 4705 616 4759 mirantur
638 4704 875 4779 plurimi,
905 4718 1229 4779 causamque
1250 4704 1776 4779 operositis_invcst_i-
1798 4704 1853 4765 D
1878 4704 2141 4775 suumque
2170 4708 2279 4779 _ille
2310 4707 2568 4777 reciperet
2610 4708 2807 4763 locum.
2844 4709 2955 4763 lloc
2986 4717 3165 4765 tamen
3200 4709 3317 4764 ideo
3345 4704 3471 4779 prol-

178 4791 313 4844 gare
344 4786 627 4831 conantur.
651 4775 799 4829 lianc
820 4790 977 4829 unam
1010 4774 1120 4830 fere
1149 4774 1334 4829 omnes
1360 4774 1608 4832 catholici
1636 4777 1770 4832 scri-

179 4856 370 4916 ptorcs
390 4847 480 4917 qui
507 4848 661 4901 istam
684 4858 964 4901 versarunt
990 4846 1337 4915 quaestionem
1360 4845 1591 4903 afferunt
1616 4867 1627 4902 :
1652 4848 1773 4904 ideo

176 4917 510 4985 Maximum,
542 4918 644 4973 etsi
670 4932 700 4971 a
725 4916 1320 4987 suspectisltominibus
1348 4919 1574 4972 electum
1594 4964 1608 4987 ,
1640 4934 1774 4974 con-

182 4999 461 5059 secratum
492 5003 520 5041 a
552 4986 1140 5061 Constantinopolitano
1174 4992 1437 5061 _episcopo
1474 4986 1651 5045 contra
1687 5006 1777 5061 ea:

175 5058 683 5133 nanicamiregulam
708 5100 726 5133 ,_
753 5060 1084 5133 _Domuoque
1127 5058 1300 5113 adhuc
1346 5058 1395 5113 in
1426 5061 1561 5113 vivis
1599 5059 1777 5133 agenti

175 5146 247 5185 su
256 5129 690 5199 perordinatum;
715 5129 837 5201 ideo
862 5138 1037 5185 tamen
1065 5139 1341 5201 receptum
1363 5143 1482 5185 esse
1498 5145 1525 5184 a
1546 5129 1773 5201 synodo,

175 5203 314 5273 quia
336 5216 367 5257 a
393 5212 582 5257 sancto
605 5202 783 5256 Leone
807 5200 860 5256 in
886 5202 1196 5273 episcopatu
1216 5201 1559 5257 confirmatus
1574 5200 1772 5258 fuerat.

175 5273 566 5346 Quamobrem,
606 5281 784 5346 autem
828 5273 988 5346 inter
1031 5272 1229 5346 multos
1278 5273 1560 5346 episcOpos
1608 5276 1698 5346 qui
1749 5289 1779 5329 a

178 5344 607 5416 pseudosynodo
647 5342 911 5416 Ephesius
931 5342 1153 5416 _dejecti
1191 5359 1221 5399 e
1268 5342 1379 5399 suis
1421 5342 1641 5400 sedibus
1688 5360 1783 5416 per

173 5413 461 5471 summum
488 5415 639 5470 nefas
668 5414 896 5481 fuerant,
930 5413 1165 5471 Domnus
1196 5431 1331 5470 unus
1362 5432 1474 5471 sua:
1505 5413 1781 5472 restitutus

176 5501 303 5541 non
334 5486 434 5554 sit,
471 5486 717 5541 omnibus
744 5485 861 5539 aliis
900 5485 1304 5557 redintegratis,
1340 5502 1445 5540 non
1477 5488 1651 5542 minor
1680 5488 1784 5543 dif-

178 5558 405 5611 ficultas
447 5566 547 5611 est.
592 5558 780 5611 Omnia
831 5555 975 5611 enim
1008 5555 1256 5627 pr'csini
1292 5559 1555 5612 latrocinii
1582 5568 1698 5613 acta
1728 5559 1780 5613 in

173 5628 403 5685 irritum
430 5629 593 5682 missa
620 5638 743 5682 sunt
764 5628 829 5681 ab
858 5627 1289 5682 Occidentalibus
1309 5628 1595 5698 episcopis,
1622 5629 1781 5685 etiam

174 5710 324 5755 ante
352 5698 841 5771 Chalcedonensem
866 5698 1147 5771 synodum,
1166 5702 1477 5771 smpiusquc
1508 5700 1778 5771 eontesta-

177 5777 286 5825 tus
313 5782 395 5825 est
424 5770 533 5826 Leo
565 5785 695 5839 papa
729 5770 1102 5841 imperatorem
1154 5770 1361 5839 (Epist.
1401 5770 1491 5839 40,
1527 5786 1660 5823 nunc
1685 5770 1775 5838 Μ,

172 5855 319 5906 cap.
339 5840 399 5898 2i
429 5850 486 5897 ut
508 5842 683 5898 omnia
708 5841 761 5897 in
789 5840 854 5898 eo
876 5852 1015 5897 Statu
1037 5854 1155 5898 esse
1179 5842 1390 5912 juberct
1418 5841 1471 5897 in
1492 5855 1598 5912 quo
1624 5850 1779 5897 erant

1882 4779 2121 4834 hibuisse
2166 4777 2400 4849 Leonem
2446 4782 2635 4842 aiunt,
2676 4782 2953 4849 quoniam,
2999 4780 3169 4849 inquit
3210 4777 3471 4836 Baroitius

1883 4849 1986 4923 (_Ad
2014 4866 2139 4903 anu.
2169 4848 2271 4905 451
2296 4892 2309 4915 ,
2339 4866 2484 4923 nunt.
2522 4848 2702 4923 128),;
2732 4867 2886 4905 causa
2921 4848 3125 4922 (agnita
3145 4892 3167 4923 ,Δ
3195 4868 3306 4923 eum
3329 4852 3473 4923 juste

1880 4920 2180 4974 damnatum
2208 4936 2313 4975 esse
2344 4920 2886 4976 intellexit.Mentcm
2928 4920 3079 4975 suam
3123 4920 3339 4974 clarius
3364 4937 3471 4975 non

1882 4992 2113 5061 explicat
2139 4991 2593 5047 eminentissimus
2620 4992 2928 5056 cardina'lis,
2956 5006 3053 5045 nec
3084 4991 3255 5059 aperit
3285 4994 3334 5043 io
3364 5005 3471 5061 quo

1878 5060 2073 5130 justior
2116 5063 2500 5133 essetruomni
2544 5063 2810 5133 depositio
2861 5077 3022 5131 quam
3080 5063 3329 5133 aliorum.
3410 5060 3472 5117 in

1885 5133 2149 5206 Ephesina
2178 5132 2394 5203 quidem
2422 5132 2629 5206 synodo
2672 5133 2739 5189 ad
2768 5134 3027 5206 sacrilega
3072 5132 3312 5188 Dioscuri
3342 5146 3472 5206 c_on-

1883 5204 1999 5259 silia
2031 5201 2210 5272 abripi
2236 5220 2296 5260 se
2344 5201 2532 5275 passus
2572 5205 2786 5272 fuerat,
2818 5201 3309 5275 subscripseratque
3353 5201 3471 5275 Fla-

1885 5277 2022 5328 viani
2051 5284 2104 5329 et
2130 5273 2359 5331 Eusebii
2378 5276 2707 5330 damnationi
2734 5316 2747 5339 ,
2781 5273 3106 5345 restitutioni
3138 5273 3470 5345 Eutychetis,

1886 5347 2167 5415 impiisque
2207 5347 2435 5403 decretis
2474 5347 2709 5415 captivas
2754 5358 2944 5399 manus
2981 5344 3253 5409 dederat;
3282 5346 3375 5399 sed
3417 5353 3474 5399 ut

1885 5430 1998 5491 erat
2026 5418 2102 5472 illi
2125 5433 2245 5491 cum
2277 5417 2489 5491 1185
2518 5418 2695 5491 multis
2718 5418 2869 5491 culpa
2894 5416 3008 5491 lucc
3028 5420 3349 5491 communis,
3372 5415 3471 5469 de-

1886 5488 2076 5544 buerat
2106 5486 2675 5544 etiamEt‘c'ontmunis
2696 5502 2815 5543 esse
2846 5486 3196 5558 indulgentia,
3222 5502 3323 5558 quia
3351 5500 3470 5540 cum

1887 5560 2096 5614 caeteris
2128 5570 2303 5614 actum
2332 5570 2412 5615 cst
2445 5562 2495 5613 in
2528 5558 2954 5613 Chalcedoncnsi
2991 5556 3217 5628 synodo.
3242 5556 3247 5557 “
3269 5556 3472 5612 Forsan

1890 5630 2014 5686 inde
2044 5633 2256 5686 caeteris
2284 5632 2618 5700 culpabilior,
2652 5629 2795 5698 quod
2822 5630 3110 5684 recentiori
3142 5630 3312 5697 culpae
3338 5630 3477 5682 anti-

1887 5717 2009 5784 qua;
2031 5704 2362 5784 suspiciones
2378 5701 2751 5784 accedebant.”
2766 5700 2905 5784 (ium
2930 5701 3073 5784 enim
3095 5700 3348 5784 Joannis
3363 5700 3477 5784 Ait-

1890 5771 2120 5828 tioclieni
2150 5789 2315 5842 ncpos
2341 5781 2395 5828 ct
2418 5786 2695 5827 successor
2726 5774 2951 5838 fuisset,
2982 5771 3312 5829 Nestorianze
3335 5771 3469 5825 labis

1885 5858 1991 5899 non
2020 5860 2173 5901 secus
2202 5860 2262 5900 ac
2286 5844 2374 5901 ille
2398 5844 2736 5902 insimulatus
2759 5844 2951 5903 fuerat.
2987 5844 3252 5902 Praeterea
3283 5858 3380 5899 nec
3408 5856 3473 5896 ea
