3994 6310
528 374 641 433 703

994 370 1231 430 PASCH.
1270 369 1651 442 QUESNELLI
1690 362 2273 428 DISSERTATIONES
2310 368 2377 424 IN
2412 370 2469 428 S.
2512 370 2754 431 LEONIS
2790 373 3001 433 MAGNI
3038 376 3289 438 OPERA.

3671 389 3769 450 708

601 490 767 573 llebat
787 490 1007 573 scientia
1034 504 1097 545 ac
1118 488 1279 544 animt
1305 490 1602 573 constantia
1628 503 1753 573 qute
1775 485 2103 573 difficillimis
2130 484 2187 546 Α
2208 486 2513 557 episcopus,
2541 488 2856 558 dignemini,
2887 498 2943 547 et
2970 501 3202 550 statuere
3237 495 3285 551 ei
3312 506 3493 553 certos
3531 514 3765 573 sumptus

524 556 633 618 illis
686 560 1015 631 temporibus
1067 560 1385 617 necessaria:
1430 569 1585 616 erant
1638 556 1695 613 in
1742 567 1901 614 tanta:
1948 556 2096 613 urbis

523 647 795 689 θυιςεοβο.

555 647 835 772 “ﬁgitﬁgit:
881 716 987 757 non
1032 702 1127 757 abs
1169 717 1229 758 re
1257 704 1435 758 forsan
1464 700 1585 771 quis
1611 700 1801 772 dixerit
1831 701 2095 772 Domuum

521 770 697 844 ipsum
718 770 1038 843 depositioni
1067 786 1177 827 sua:
1201 788 1391 828 manus
1418 770 1558 827 ultro
1586 771 1816 837 dedisse,
1845 770 2097 844 solitariae

523 841 645 898 vitae
672 841 876 898 deliciis
908 843 1167 914 illectum,
1199 844 1393 914 quibus
1433 844 1718 914 innutritus
1759 844 1887 896 olim
1924 841 2095 895 fuerat

524 914 623 996 sub
654 914 936 996 Euthymio
964 913 1189 996 abbate;
1217 911 1372 996 ‘quas
1416 928 1536 996 cum
1586 911 1884 994 refragante
1911 921 2095 996 saneto

522 982 683 1038 Patre
710 982 1011 1053 relinquere
1035 982 1402 1052 meditaretur,
1425 992 1483 1038 ut
1506 982 1695 1038 Joanni
1715 982 1981 1053 avunculo
1997 995 2094 1035 suo

521 1067 552 1107 a
589 1054 692 1109 fide
720 1052 980 1109 catholica
1021 1054 1326 1109 deflectenti
1363 1068 1518 1119 Opem
1561 1053 1759 1117 ferret,
1795 1052 1909 1107 haec
1936 1052 2003 1105 ab
2028 1064 2095 1106 eo

518 1124 679 1179 verba
708 1122 868 1178 futuri
897 1126 1193 1193 praenuntia
1219 1124 1457 1178 audivit:
1489 1122 1570 1189 Si,
1605 1123 1795 1194 inquit,
1823 1124 1901 1177 Itis
1922 1122 2095 1194 negle-

519 1195 635 1276 ctis,
666 1203 713 1248 et
741 1195 1022 1276 tolernntite
1050 1195 1349 1276 contemptis
1379 1193 1795 1276 cogitationibus,
1822 1193 2036 1276 tentabis
2060 1210 2093 1248 a

516 1262 666 1317 laura
727 1264 1021 1332 discedere,
1070 1262 1311 1318 obtinebis
1361 1262 1561 1334 quidem
1603 1263 2093 1317 administrationem

513 1348 669 1402 quam
689 1342 803 1387 tuus
824 1334 970 1388 habet
996 1336 1295 1400 avunculus,
1318 1335 1408 1389 sed
1433 1351 1542 1388 eam
1563 1335 1651 1387 tibi
1668 1349 1843 1387 rursus
1862 1334 2093 1403 auferent

515 1404 641 1457 mali
661 1405 888 1458 homines
910 1415 954 1458 et
976 1406 1534 1474 prwstigiatiores,cum
1563 1406 1625 1457 ab
1650 1404 1753 1457 illis
1776 1405 1917 1471 prius
1930 1406 2092 1472 fueris

512 1474 753 1543 seductus
771 1475 1085 1543 ignorantia.
1114 1475 1239 1529 Haec
1266 1474 1430 1528 refert
1452 1474 1679 1543 Cyrillus
1700 1474 1995 1528 monachus
2023 1474 2093 1531 de

514 1542 573 1598 S.
609 1542 879 1613 Euthymii
918 1545 1078 1599 rebus
1121 1544 1287 1613 gestis
1313 1542 1610 1607 disserens;
1648 1544 1898 1611 additque
1928 1545 2087 1598 Dom-

511 1628 639 1667 num
669 1612 967 1682 profectum
1005 1612 1341 1669 Antiochiam
1394 1630 1408 1668 :
1462 1613 1529 1666 Et
1579 1630 1691 1667 cum
1735 1612 1863 1680 illic,
1898 1615 2085 1682 inquit,

512 1685 721 1753 fuisset,
759 1685 929 1755 omnia
970 1701 1084 1755 qua:
1111 1684 1157 1737 ei
1186 1684 1429 1755 praedicta
1468 1684 1669 1754 fuerant
1700 1684 1934 1751 effectum
1973 1694 2091 1739 sunt

511 1755 713 1807 sortita.
747 1753 944 1824 llleque
978 1753 1150 1825 postea
1180 1771 1365 1825 magna
1397 1754 1579 1807 ductus
1616 1754 1933 1825 pmnitentia,
1952 1755 2089 1823 quod

513 1838 616 1894 non
647 1825 910 1889 obedisser,
940 1824 1007 1877 ad
1036 1826 1200 1893 ipsum
1232 1824 1494 1878 revertitur
1521 1826 1661 1893 gravi
1685 1825 1859 1878 dolore
1888 1824 2095 1894 ttisceri-
2120 1832 2168 1894 Β

513 1892 603 1947 bus
630 1896 883 1965 cruciatus
914 1904 960 1948 et
986 1892 1162 1947 acerbe
1188 1894 1477 1965 deplorans.
1529 1894 1608 1948 Ex
1645 1895 1762 1965 istis
1790 1893 1966 1949 verbis
1991 1894 2093 1951 hoc

511 1963 699 2018 conﬁci
747 1964 955 2018 videtur
998 1981 1013 2019 :
1054 1963 1315 2019 Domuum
1366 1965 1677 2033 paenitentia
1715 1964 1931 2019 ductum
1974 1975 2095 2033 post

514 2033 633 2105 abla
642 2043 747 2088 tam
766 2034 1279 2105 administrationem
1309 2034 1475 2103 (quod
1498 2034 1808 2105 praedictum
1829 2035 1877 2089 ei
1900 2033 2094 2105 fuerat)

514 2102 879 2175 Euthymium,
906 2104 1084 2160 denuo
1129 2102 1444 2159 convenisse
1469 2102 1773 2175 ,quodque
1810 2102 2096 2175 vitaaireliL

515 2187 678 2297 guum
726 2174 824 2229 fuit
870 2174 922 2229 in
970 2188 1186 2230 secessu
1229 2176 1433 2243 egisse,
1480 2174 1706 2228 Maximo
1747 2174 2095 2230 Antiochente

562 2245 773 2297 cclesiaa
802 2245 1195 2297 enisconatum.
1231 2260 1386 2297 auem
1421 2245 1507 2297 hic
1533 2245 1984 2297 Eutvchianorum
2010 2245 2093 2297 fa-

562 2245 773 2299 cclesiaa
802 2245 1195 2313 episcopatum,
1231 2260 1386 2313 quem
1421 2245 1507 2299 hic
1533 2245 1984 2315 Eutychianorum
2010 2245 2093 2298 fa-

515 2328 644 2385 vore
673 2315 895 2384 adeptus
920 2324 1054 2380 erat,
1089 2322 1280 2384 sponte
1306 2314 1613 2385 relinquens
1643 2314 1877 2385 propria.
1912 2314 2095 2385 anue

514 2384 729 2508 demnm
755 2400 880 2468 vera
903 2388 1004 2440 erit
1032 2399 1192 2439 causa
1218 2399 1315 2440 cur
1339 2385 1405 2439 ad
1429 2384 1609 2439 sedem
1636 2384 1787 2440 suam
1816 2399 2094 2454 regressus

514 2469 618 2508 non
674 2464 835 2508 uertt.

513 2469 618 2508 non
652 2456 835 2510 fuerit.

536 2554 539 2557 ν
585 2526 647 2578 ll.
704 2526 804 2591 Qui
850 2539 1011 2592 porro
1068 2524 1261 2579 Leonis
1314 2524 1685 2580 auctoritatem
1752 2525 1853 2579 hoc
1918 2525 2095 2595 egisse

521 2596 730 2667 1185
762 2604 967 2665 putant,
998 2596 1343 2667 utiMaximus
1375 2597 1428 2649 in
1464 2596 1790 2651 Antiochena
1821 2595 1947 2650 sede
1982 2604 2093 2651 tam

514 2666 670 2719 malis
696 2666 945 2734 auspiciis
977 2666 1269 2720 collocatus
1296 2675 1597 2721 remaneret
1622 2707 1637 2730 .
1680 2668 1961 2735 locumque
1999 2681 2093 2721 ce-

514 2735 642 2789 dere
674 2736 907 2789 Domnus
926 2746 1224 2803 cogeretur,
1254 2736 1590 2791 manifestum
1625 2738 1674 2791 id
1702 2739 1998 2793 esseaiunt
2024 2752 2092 2791 ex

513 2805 647 2858 actis
686 2805 1129 2876 Chalcedonensis
1180 2806 1411 2861 concilii.
1468 2808 1523 2861 Si
1555 2807 1767 2876 quidem
1800 2808 1851 2861 in
1884 2806 2093 2861 actione

514 2890 633 2943 quae
656 2875 735 2929 De
752 2875 954 2930 Damno
979 2876 1294 2930 Antiocheno
1322 2875 1648 2943 inscribitur,
1675 2877 1891 2932 disertis
1916 2877 2093 2932 verbis

514 2945 705 3015 legitur
738 2946 1108 3001 confirmatum
1151 2948 1469 3001 auctoritate
1509 2947 1702 3001 Leonis
1734 2947 1897 3002 fuisse
1928 2946 2096 3001 Maxi-

513 3031 679 3070 mum.
715 3017 863 3071 Hane
890 3016 1152 3071 actionem
1185 3019 1435 3086 quoniam
1483 3018 1746 3072 discutere
1771 3018 1979 3071 animus
2008 3026 2091 3072 est

513 3087 578 3141 ad
600 3087 972 3143 ecclesiastica:
1002 3086 1237 3141 historia:
1262 3089 1537 3143 veritatem
1564 3088 1934 3159 indagandam,
1965 3102 2092 3157 ope-

514 3172 587 3211 rte
635 3161 862 3227 pretium
908 3168 990 3212 est
1038 3173 1155 3213 cam
1195 3158 1278 3213 hic
1306 3160 1566 3227 integram
1595 3158 1938 3223 describere;
1990 3172 2091 3213 nec

512 3228 654 3299 enim
692 3229 895 3299 prolixa
936 3237 1045 3293 est,
1087 3238 1143 3284 et
1179 3229 1246 3283 de
1274 3243 1336 3282 ea
1366 3229 1467 3283 sub
1491 3230 1657 3284 oculis
1681 3228 1852 3299 posita
1880 3228 2089 3284 facilius

510 3298 681 3353 lector
703 3298 963 3368 judicium
994 3314 1148 3353 suum
1178 3299 1499 3369 interponet.

2118 3195 2166 3260 C

513 3469 729 3526 ACTIO
758 3470 858 3526 DE
888 3471 1153 3526 DOMNO
1178 3471 1688 3539 ANTIOCUENO,
1712 3473 1912 3528 concilii
1933 3472 2091 3529 Chal-

769 3543 1061 3597 cedonensis
1087 3554 1231 3614 parte
1257 3558 1314 3610 tt,
1344 3552 1457 3615 post
1481 3544 1731 3597 actionem
1754 3544 1839 3600 10.

516 3697 523 3704 ·
587 3676 875 3730 Consulatu
911 3675 1110 3731 domini
1147 3676 1399 3732 Marciani
1442 3678 1683 3747 perpetui
1729 3680 1988 3749 Augusti,
2035 3689 2090 3737 et

514 3766 607 3838 qui
631 3767 792 3823 fuerit
820 3768 1111 3835 nuntiatus,
1137 3778 1290 3824 sexto
1309 3769 1655 3825 kalendarum
1686 3770 2086 3841 Novembrium,

512 3856 853 3916 Chalcedone
880 3860 1173 3916 secundum
1194 3869 1519 3933 praeceptum
1545 3861 1860 3917 divinissimi
1897 3872 1952 3919 et
1976 3866 2089 3922 cle-

513 3950 830 4007 mentissimi
852 3952 1054 4007 domini
1077 3953 1243 4008 nostri
1272 3953 1626 4023 imperatoris,
1651 3958 2090 4015 convenientibus

512 4047 567 4102 in
606 4054 787 4101 sancta
843 4046 1069 4101 ecclesia
1120 4055 1319 4102 sanctae
1364 4050 1613 4120 martyris
1652 4050 1992 4119 Euphemite;
2036 4061 2090 4108 et

514 4141 1040 4211 magnificentissimo
1065 4150 1119 4197 et
1145 4141 1535 4213 gloriosissimo
1564 4145 1818 4215 magistro
1860 4146 2088 4200 militum

509 4240 567 4288 et
602 4233 891 4289 exconsule
918 4233 1225 4300 ordinario,
1258 4242 1313 4290 et
1338 4234 1561 4304 patricio
1590 4236 1855 4300 Anatolio,
1889 4247 1943 4292 et
1976 4252 2091 4292 ma-

510 4323 950 4393 gnificentissimo
979 4334 1034 4380 et
1058 4324 1444 4394 gloriosissimo
1478 4340 1753 4382 sacrorum
1786 4328 2089 4383 officiorum

514 4415 771 4482 magistro
813 4414 1153 4481 Vincomalo;
1197 4417 1637 4473 convenientibus
1668 4419 1827 4473 etiam
1858 4419 2090 4475 Pascha-

513 4505 630 4558 sino
652 4513 705 4559 et
725 4505 983 4560 Lucentio
1027 4508 1488 4564 reverendissimis
1523 4512 1817 4581 episcopis,
1847 4521 1901 4566 et
1927 4513 2089 4568 Boni-

512 4594 652 4648 facio
682 4596 1130 4652 reverendissimo
1156 4600 1493 4670 presbytero,
1527 4602 1735 4658 vicariis
1762 4604 2083 4662 sanctissimi
2115 4567 2166 4630 ι)

513 4685 897 4756 archiepiscopi
929 4688 1153 4743 senioris
1183 4689 1367 4745 Romae
1395 4691 1612 4760 Leonis,
1646 4702 1702 4748 et
1723 4694 1967 4751 Anatolio
1997 4711 2083 4752 re-

511 4775 900 4833 verendissimo
942 4779 1346 4851 archiepiscopo
1394 4783 1609 4838 maximi
1657 4787 1889 4842 nominis
1944 4790 2083 4845 Con-

512 4868 922 4937 stantinopolis,
954 4878 1009 4926 et
1046 4870 1273 4928 Maximo
1320 4875 1767 4934 reverendissimo
1814 4880 2081 4951 archiepi-

512 4977 677 5033 scopo
702 4963 1001 5021 Antiochite
1031 4966 1219 5038 Syriae,
1249 4976 1304 5023 et
1338 4967 1592 5025 Juvenale
1634 4973 2084 5032 reverendissimo

512 5056 767 5127 episcopo
794 5056 1268 5129 Jerosolymitano,
1300 5070 1357 5116 et
1383 5072 1577 5118 caetera
1611 5076 1792 5119 sancta
1835 5068 2040 5138 synodo
2065 5108 2082 5135 ,

511 5162 629 5217 quae
650 5162 715 5203 ex
739 5150 1015 5206 sanctione
1041 5149 1358 5208 divinissimi
1380 5161 1433 5209 et
1453 5154 1851 5212 clementissimi
1879 5158 2084 5215 domini

511 5240 678 5294 nostri
709 5238 960 5295 Marciani
982 5242 1319 5313 imperatoris
1342 5244 1395 5299 in
1422 5245 1843 5305 Chalcedonensi
1866 5250 2083 5307 civitate

511 5339 828 5400 congregata
864 5328 967 5399 est,
998 5347 1226 5403 quorum
1275 5335 1490 5391 nomina
1527 5338 1661 5393 infra
1692 5348 1815 5394 sunt
1848 5342 2081 5412 scripta;
2132 5354 2135 5357 ‘

511 5428 564 5473 et
590 5419 946 5477 residentibus
970 5424 1231 5481 universis
1251 5433 1378 5482 ante
1398 5429 1662 5484 cancellos
1683 5431 1851 5485 sancti
1874 5430 2081 5499 altaris,

511 5510 772 5567 Maximus
801 5516 1281 5574 reverendissimus
1301 5520 1583 5591 episcopus
1605 5524 1900 5579 Antiochia:
1925 5526 2082 5582 dixit:

514 5599 782 5671 Deprecor
825 5608 1381 5677 magnificentissimos
1409 5622 1462 5669 et
1490 5614 1906 5683 gloriosissimos
1940 5618 2084 5687 judi-

512 5705 623 5758 ces,
668 5704 723 5749 et
762 5704 1000 5754 sanctam
1032 5700 1170 5757 hanc
1207 5713 1262 5757 et
1292 5705 1643 5762 universalem
1695 5708 1978 5777 synodum,
2026 5722 2085 5767 ut

513 5778 896 5847 humanitatem
918 5806 1173 5851 exercere
1192 5794 1246 5850 in
1268 5794 1547 5861 Domnum.
1571 5799 1657 5859 qui
1676 5799 1769 5856 fuit
1789 5800 2084 5862 Antiochia

2199 575 2266 632 de
2296 577 2530 634 Ecclesia
2561 595 2678 648 quae
2703 581 2801 636 sub
2832 596 2918 638 me
2944 592 3045 638 est.

2268 672 2621 729 Paschasinus
2650 682 2705 729 et
2726 674 3014 731 Lucentius
3042 677 3479 734 reverendissimi
3507 682 3740 755 episcopi

2198 772 2253 819 et
2277 765 2579 821 Bonifacius
2600 767 2897 839 presbyter,
2926 768 3115 824 vicarii
3142 769 3286 824 sedis
3312 772 3654 841 apostolicze,
3681 792 3761 844 per

2198 856 2580 915 Paschasinum
2607 859 3118 915 reverendissimum
3150 863 3459 932 episcopum
3487 864 3759 923 dixerunt:

2204 949 2430 1006 Sanctus
2453 960 2506 1003 et
2528 948 2865 1004 beatissimus
2902 964 3054 1019 papa,
3083 951 3173 1019 qui
3201 952 3573 1035 episcopatum
3605 960 3761 1014 sancti

2197 1056 2258 1097 ac
2287 1042 2604 1098 venerabilis
2633 1042 2845 1097 Maximi
2874 1042 3110 1111 episcopi
3138 1042 3487 1100 Antiocheam
3518 1045 3761 1103 Ecclesia

2194 1131 2550 1199 confirmavit,
2579 1133 2722 1199 jusw
2750 1134 2880 1189 satis
2915 1133 3117 1203 judicio
3145 1133 3262 1203 ejus
3288 1136 3540 1190 meritum
3583 1152 3760 1207 appro-

2193 1224 2351 1279 besse
2394 1224 2634 1289 videtur;
2684 1222 2729 1279 si
2765 1224 2976 1293 quidem
3014 1234 3340 1280 memoratus
3384 1227 3758 1282 reverendissi-

2195 1328 2317 1369 mus
2343 1314 2625 1384 episcopus
2654 1313 2913 1368 Maximus
2938 1327 3037 1368 suo
3060 1314 3281 1369 arbitrio
3308 1315 3519 1370 Domno
3543 1316 3759 1373 voluerit

2194 1422 2315 1463 esse
2339 1408 2659 1473 consultum,
2686 1417 2743 1461 ut
2772 1417 3014 1477 sumptus
3041 1409 3089 1463 ei
3119 1407 3187 1464 de
3216 1423 3312 1463 sua
3338 1409 3585 1467 Ecclesia
3619 1412 3758 1467 mise-

2192 1500 2416 1555 rationis
2442 1500 2655 1571 1136
2675 1500 2885 1568 intuitu,
2909 1509 3066 1569 prout
3093 1500 3464 1571 aestimaverlt,
3487 1503 3753 1575 largiatur;

2193 1601 2251 1647 ut
2297 1600 2581 1648 contentus
2622 1592 2887 1648 alimOniis
2929 1594 3167 1662 quiescat
3196 1593 3248 1647 in
3292 1603 3597 1663 posterum.
3645 1597 3755 1662 Qua

2192 1683 2455 1738 confessio
2496 1682 2682 1738 Graece
2707 1698 2802 1750 per
2832 1682 3238 1738 Beronicianum
3269 1684 3445 1739 virum
3488 1685 3753 1741 devotissi-

2196 1790 2374 1841 mum,
2422 1775 2767 1829 secretarium
2817 1776 2955 1831 sacri
3001 1777 3303 1833 consistorii
3354 1779 3617 1834 translata
3647 1780 3749 1850 [AL

2197 1865 2425 1937 tradita]
2466 1876 2569 1921 est.
2623 1866 2899 1921 Anatolius
2947 1867 3426 1924 rererendissimus
3489 1871 3750 1941 episcopus

2195 1957 2821 2027 Constantirmpolitanus
2848 1957 3014 2012 dixit:
3037 1958 3219 2013 Laudo
3245 1967 3301 2013 et
3337 1974 3439 2030 ego
3481 1962 3751 2017 condolen-

2195 2048 2321 2106 tiam
2352 2048 2467 2120 [AL
2501 2048 2960 2121 compassionem]
2984 2049 3277 2106 beatissimi
3307 2053 3543 2123 episcopi
3570 2056 3743 2108 Antio-

2198 2138 2336 2194 chiat
2370 2139 2607 2207 Maximi,
2634 2140 2686 2194 in
2711 2140 2904 2209 quibus
2926 2150 3217 2210 spontanea
3249 2142 3515 2198 voluntate
3537 2144 3640 2213 ipse
3666 2152 3736 2197 ta-

2194 2230 2277 2284 les
2304 2230 2629 2297 precatorias
2660 2230 2774 2300 [ΑΙ.
2801 2229 3017 2301 preces]
3048 2230 3259 2299 obtulit,
3285 2242 3343 2286 ut
3365 2243 3596 2303 sumptus
3618 2250 3740 2302 prte-

2195 2328 2362 2375 starct
2407 2320 2649 2387 Domno,
2680 2322 2769 2391 qui
2801 2320 2895 2375 fuit
2940 2322 3224 2391 episcopus
3269 2322 3529 2378 Ecclesia:
3572 2332 3749 2379 sancte

2196 2426 2315 2480 quae
2353 2410 2453 2466 sub
2494 2425 2559 2467 eo
2598 2420 2703 2479 est,
2747 2420 2941 2482 praeter
2980 2412 3082 2469 hoc
3120 2413 3382 2484 pracdicto
3420 2414 3558 2472 nihil
3596 2415 3751 2486 requi-

2194 2512 2366 2559 rente.

2265 2594 2537 2650 Juvenalis
2582 2596 2865 2665 episcopus
2912 2596 3393 2668 Jerosolymitanus
3443 2598 3751 2653 dixitzAm-

2197 2686 2400 2755 plector
2426 2695 2479 2742 et
2518 2701 2617 2756 ego
2660 2686 2939 2741 consilium
2980 2688 3150 2743 sancti
3190 2689 3428 2759 episcopi
3478 2688 3751 2745 Antiochi:

2194 2775 2435 2831 Maximi.
2468 2774 2727 2832 Universa
2755 2777 2991 2847 synodus
3020 2777 3308 2833 vociferata
3337 2788 3423 2833 est
3449 2777 3570 2851 [ΔΙ.
3597 2778 3753 2834 excla-

2196 2866 2419 2939 mavit]:
2446 2867 2762 2924 Laudabiles
2788 2869 2977 2925 merito
3021 2878 3144 2925 sunt
3168 2870 3565 2927 benevolentiae
3598 2869 3749 2926 archi-

2193 2961 2453 3031 episcopi.
2486 2961 2683 3016 Omnes
2705 2962 2990 3031 cogitatum
3019 2962 3134 3032 ejus
3163 2961 3468 3017 laudamus.
3505 2963 3595 3018 Hic
3618 2962 3753 3018 decet

2196 3054 2311 3123 ejus
2361 3053 2808 3109 existimationem
2857 3055 3123 3111 humanus
3169 3055 3435 3125 cogitatus
3478 3055 3751 3127 pontificis.

2196 3144 2703 3213 Magnificentissimi
2767 3145 2976 3214 judices
3043 3146 3297 3202 dixerunt
3334 3163 3349 3204 :
3393 3148 3759 3219 Amplectente

2194 3244 2376 3291 sancta
2423 3235 2629 3307 synodo
2673 3235 2949 3290 arbitrium
2996 3236 3207 3291 Maximi
3238 3238 3339 3292 viri
3373 3239 3611 3310 religiosi
3653 3239 3758 3309 epi-

2192 3326 2341 3397 scopi
2382 3324 2855 3391 Antiochensium,
2891 3326 3032 3396 quod
3068 3326 3135 3382 de
3169 3326 3378 3382 Domno
3426 3328 3682 3398 probavit,
3709 3336 3763 3384 et

2191 3432 2290 3472 nos
2335 3416 2507 3471 eidem
2557 3414 2673 3488 [AL
2706 3416 2921 3488 itidem]
2961 3417 3357 3482 eonsentimus‘,
3386 3419 3500 3489 ejus
3539 3419 3762 3474 arbitrio

2189 3508 2641 3579 derelinquentes,
2689 3524 2807 3578 qua:
2834 3517 2958 3565 sunt
2995 3510 3063 3565 de
3099 3510 3291 3566 Domni
3324 3510 3755 3565 honorificentia.

2192 3599 2261 3654 Et
2288 3600 2395 3655 alia
2423 3617 2578 3655 manu
2609 3616 2628 3655 :
2653 3600 2908 3657 Edantur.
2942 3600 3063 3657 Huc
3090 3618 3249 3670 usque
3272 3602 3395 3657 actio
3423 3601 3482 3655 de
3514 3600 3744 3654 Damno.

2262 3692 2350 3748 Ill.
2391 3692 2537 3749 Hanc
2567 3694 2831 3749 actionem
2875 3694 3095 3749 minime
3138 3692 3544 3749 commentitiam
3592 3707 3721 3748 esse
3746 3733 3761 3759 ,

2191 3764 2287 3817 sed
2330 3764 2615 3835 genuinam
2662 3766 2787 3819 totis
2832 3766 2969 3835 votis
3013 3773 3371 3835 peroptarem.
3404 3763 3515 3819 Hoc
3539 3764 3691 3818 enim
3718 3765 3764 3820 si

2193 3843 2362 3905 esset,
2403 3834 2510 3905 jam
2540 3834 3024 3905 iprmclarissimum
3075 3836 3612 3905 antiquissimumque
3655 3848 3766 3903 pra:

2194 3904 2438 3959 manibus
2469 3904 2788 3960 haberemus
2819 3905 3180 3959 testimonium
3210 3904 3450 3960 summa:
3479 3905 3768 3959 auctorita-

2194 3974 2260 4045 tis
2289 3974 2555 4044 pontificis
2583 3975 2806 4029 Romani
2836 3984 2943 4029 tum
2972 3976 3025 4029 in
3045 3975 3279 4045 synodos
3302 3990 3425 4030 cum
3448 3976 3500 4029 in
3520 3974 3769 4030 Orienta-

2193 4044 2272 4115 les
2300 4044 2599 4113 episcopos,
2631 4046 2912 4109 majorum,
2959 4044 3172 4115 inquam
3193 4086 3208 4111 ,
3241 4060 3304 4101 ac
3342 4048 3644 4114 primarum
3687 4059 3768 4099 se-

2193 4113 2339 4168 dium
2362 4115 2661 4186 episcopos.
2698 4114 2851 4170 Enim
2879 4130 3003 4171 vero
3028 4113 3239 4186 quantae
3263 4113 3548 4186 potestatis
3575 4126 3682 4181 est,
3712 4124 3770 4170 ut

2192 4198 2356 4253 penes
2385 4185 2679 4239 Romanum
2723 4185 3417 4255 episcopum’Antiocheni,
3462 4196 3523 4241 et
3574 4201 3767 4242 conse-

2193 4262 2417 4327 quenter
2438 4255 2781 4327 Alexandrini
2810 4256 3141 4327 aliorumque
3167 4257 3549 4327 episcoporum
3582 4271 3773 4312 conse-

2193 4323 2361 4379 cratio
2392 4327 2546 4381 fuerit
2585 4336 2677 4381 aut
2710 4326 2900 4381 saltem
2939 4323 3299 4394 confirmatio,
3331 4323 3391 4379 ut
3420 4342 3491 4382 ex
3521 4328 3632 4382 hoc
3666 4330 3775 4380 loco

2192 4405 2627 4467 argumentantur
2655 4395 2937 4467 cardinalis
2966 4397 3322 4467 Bellarminus
3372 4397 3612 4467 ejusque
3650 4412 3771 4463 apo-

2193 4465 2385 4538 logisfa
2420 4466 2649 4538 Jacohns
2678 4465 2960 4538 Gretserus
2994 4464 3282 4538 (Bellarm:
3320 4464 3446 4520 tom.
3484 4464 3776 4538 l'controe.

2192 4537 2377 4608 nt,_rde
2402 4538 2552 4592 Rom.
2586 4535 2786 4608 Pontif.
2819 4538 2906 4591 lib.
2936 4535 3072 4601 tt,'c.
3099 4536 3198 4602 ης
3240 4535 3517 4608 Gretserus
3566 4537 3777 4608 Defens.

2193 4605 2443 4661 Bellerm.
2484 4616 2608 4662 tom.
2634 4607 2702 4674 ll,
2736 4608 2802 4661 ad
2828 4608 2966 4660 hunc
2996 4608 3163 4661 locum
3184 4609 3236 4675 )l
3268 4607 3455 4672 Qualis
3498 4605 3778 4676 praeroga-

2192 4676 2319 4745 tiva,
2342 4685 2403 4731 ut
2428 4691 2550 4732 cum
2592 4678 2770 4748 plures
2802 4678 3035 4747 episcopi
3073 4678 3139 4732 ab
3169 4678 3412 4748 infausta,
3438 4681 3666 4748 synodo
3696 4692 3784 4747 per

2190 4748 2297 4801 vim
2328 4746 2610 4816 scelusque
2647 4746 2874 4816 depositi
2912 4756 3115 4815 essent,
3157 4762 3346 4803 eorum
3384 4746 3682 4804 damnatio
3722 4763 3780 4801 ac

2189 4816 2455 4888 depositio
2500 4827 2613 4871 rata
2641 4831 2762 4873 esse
2784 4818 3080 4887 juberetur,
3124 4833 3281 4888 quam
3314 4828 3492 4873 ratam
3526 4835 3663 4876 esse
3697 4819 3788 4874 de-

2188 4885 2896 4970 berejndiucaretﬁomanus
2917 4885 3230 4970 episcopus;
3259 4890 3653 4970 so|a_alterius
3679 4891 3784 4957 epi-

2188 4956 2338 5030 scopi
2359 4958 2421 5030 in
2446 4958 2595 5030 illius,
2611 4958 2784 5013 locum
2807 4956 3111 5013 substitutio
3137 4959 3357 5030 haberet
3382 4959 3604 5030 locum,
3631 4975 3788 5030 quam

2188 5026 2331 5103 idem
2355 5027 2446 5083 ille
2464 5027 2835 5103 confirmasset
2852 5031 2881 5103 !_
2899 5030 3071 5103 Quam
3090 5028 3365 5103 evidenter
3388 5026 3794 5103 denique’hinc

2189 5098 2427 5154 eluceret
2455 5113 2705 5169 suprema
2735 5100 2974 5173 ejusdem
3003 5099 3315 5173 innsynnodos
3341 5098 3623 5173 potestas,
3661 5116 3793 5173 qna-

2187 5182 2305 5241 rum
2347 5179 2464 5241 acta
2505 5186 2573 5224 ex
2597 5185 2671 5241 ea
2698 5181 2845 5238 parte
2875 5170 3037 5241 robur
3066 5170 3318 5241 habeant,
3350 5172 3439 5226 cui
3474 5173 3577 5229 ille
3628 5170 3794 5229 robur

2188 5238 2472 5312 adiecerit;
2514 5255 2580 5312 ex
2623 5240 2711 5312 illa
2746 5254 2896 5312 cassa
2923 5240 3030 5294 sint
3057 5249 3111 5295 et
3142 5238 3312 5312 irrita,
3354 5256 3531 5312 quam
3584 5244 3796 5299 irritam

2187 5308 2277 5382 ille
2304 5324 2424 5382 esse
2459 5310 2709 5365 voluerit.
2747 5309 2945 5365 Verum
2977 5319 3033 5364 ut
3057 5310 3253 5382 eruditi
3285 5325 3349 5365 ac
3372 5308 3677 5382 sapientis
3718 5321 3800 5367 est

2188 5380 2424 5461 theologi
2469 5394 2592 5435 vera
2622 5394 2979 5461 germanoque
3005 5381 3269 5461 primariae
3308 5380 3479 5461 sedis:
3495 5383 3804 5461 privilegia

2184 5458 2297 5522 toto
2317 5451 2494 5505 animo
2516 5463 2673 5520 atque
2692 5465 2759 5505 ex
2779 5452 2962 5505 solidis
2982 5453 3331 5522 genuinisque
3360 5451 3805 5521 probationibus

2184 5520 2439 5591 adversus
2466 5529 2753 5575 novatores
2781 5522 3074 5581 vindicare.
3107 5524 3178 5576 ita
3200 5520 3385 5591 parum
3410 5523 3643 5580 sinceri
3672 5526 3807 5579 libe~

2184 5590 2415 5672 ralisque
2442 5592 2602 5672 animi
2625 5592 2695 5672 sit
2717 5592 2902 5672 eadem
2925 5593 3005 5672 ve_l
3030 5594 3169 5672 ultrn
3197 5591 3563 5672 praescriptos
3585 5599 3810 5672 limites

2186 5660 2464 5729 ampliare,
2507 5663 2593 5715 vel
2625 5662 2860 5729 incertis,
2901 5662 3115 5718 caducis
3144 5660 3398 5731 falsisque
3428 5664 3811 5723 adminiculis

2185 5746 2248 5786 ac
2284 5731 2607 5807 fulcimentis
2652 5742 2970 5807 sustentare.
3000 5733 3123 5807 ANcAe
3147 5734 3287 5789 enim
3319 5733 3638 5807 mendacio
3686 5746 3816 5807 eget

2185 5802 2404 5871 veritas,
2437 5802 2529 5859 sed
2559 5804 2735 5876 potius
2765 5818 2830 5859 ex
2860 5803 3123 5864 mendacii
3150 5803 3421 5861 consortio
3444 5804 3511 5863 in
3539 5802 3817 5865 falsitatis
