3994 6310
206 297 313 361 705

654 296 958 357 DISSERT.
1001 294 1090 351 lX.
1131 295 1218 351 DE
1253 290 1473 351 CAUSA
1516 294 1720 352 DOMNI
1756 293 2164 353 ANTIOCHENI
2213 295 2516 367 ωυδρυιι
2557 294 3029 356 DAMNATIONE.

3353 295 3457 355 706

205 416 563 486 suspicionem
594 414 789 471 veritas
828 413 987 470 etiam
1035 412 1372 469 testatissima
1418 411 1599 468 vocari
1636 426 1769 469 con-
1800 417 1853 479 Α
1879 426 1944 468 eo
1986 426 2105 467 esse
2129 412 2458 486 recensitam
2495 426 2510 464 :
2546 411 2829 486 soli_enim
2878 412 2965 467 isti
3012 408 3209 467 actioni
3255 422 3452 469 nomen

204 489 397 544 suevit.

276 558 405 613 Tale
446 565 560 620 est.
610 571 729 611 mea
774 556 1072 621 sententia,
1118 555 1169 610 id
1199 569 1357 610 omne
1400 555 1541 624 quod
1578 570 1642 611 ex
1686 555 1773 609 illa

149 628 164 684 ζ
204 630 416 684 actione
434 628 501 683 de
520 628 727 681 Domno
752 634 1011 681 assertum
1042 634 1123 680 est
1143 627 1210 680 ab
1240 626 1614 681 ecclesiasticis
1639 626 1775 680 scri-

149 696 469 769 3ptoribus,
515 699 707 769 quibus
749 696 815 769 ad
843 697 1195 769 alia_1181
1229 698 1638 766 properantibus
1683 711 1775 769 va-

204 766 364 824 cuum
406 783 509 823 non
536 766 651 823 fuit
679 766 746 822 de
778 766 875 835 (a)
908 766 1051 821 illius
1072 766 1314 822 veritate
1352 768 1652 821 accuratius
1697 766 1779 820 in-

204 840 441 908 quirere.
475 838 599 893 Mihi
640 851 768 893 vero
801 851 924 908 rem
955 837 1217 908 curiosius
1247 838 1545 908 exploranti
1571 845 1778 892 certum

204 907 291 981 est
313 908 406 981 (b)
430 910 695 981 Domnum
723 907 1111 981 Antiochenam
1137 907 1377 981 jam_tum
1407 907 1514 981 fato
1541 908 1776 981 functum

207 976 519 1035 fuisse’cum
561 979 822 1034 Maximus
851 978 1195 1033 Antiochense
1242 978 1496 1033 Ecclesiae
1535 976 1777 1047 pontifex

207 1048 381 1105 factus
407 1058 517 1115 est;
549 1064 612 1104 ac
640 1048 861 1119 proinde
886 1048 1086 1119 falsam
1127 1061 1246 1103 esse
1274 1062 1338 1102 ac
1363 1048 1780 1103 commentitiam

207 1121 471 1176 actionem
516 1118 684 1183 illam,
723 1133 841 1189 quae
866 1118 935 1173 de
962 1118 1188 1189 Damno
1208 1119 1533 1189 inscribitur,
1566 1126 1782 1189 sancto-

208 1204 315 1260 que
341 1191 567 1260 consilio
595 1185 1015 1260 Chalcedouensi
1046 1187 1228 1257 putido
1258 1188 1536 1260 mendacio
1580 1185 1788 1260 aflingi:

210 1255 298 1314 tur
320 1277 332 1313 :
357 1258 411 1315 in
436 1275 537 1330 qua
562 1259 810 1315 videlicet
832 1255 1090 1313 Maximus
1115 1257 1383 1330 inducitur
1406 1258 1608 1330 Damno
1636 1255 1787 1330 quasi

208 1338 335 1399 post
372 1326 865 1399 exauctorationem
911 1343 1060 1382 suam
1102 1328 1376 1399 superstiti
1404 1326 1789 1399 alimentade

209 1397 324 1454 suae
364 1400 623 1456 Ecclesiae
659 1398 955 1454 redditibns
983 1412 1049 1451 ex
1076 1397 1289 1452 concilii
1328 1397 1651 1467 indulgentia
1693 1398 1789 1467 im-

211 1471 478 1539 pertiens.
511 1472 689 1539 Atque
716 1479 779 1539 ut
806 1468 1245 1539 hociconstanter
1278 1466 1537 1531 asseram,
1570 1482 1672 1522 non
1709 1466 1788 1522 le-

212 1537 301 1594 via
330 1550 385 1594 et
406 1537 616 1595 infirma
644 1537 832 1594 videor
857 1537 987 1591 mihi
1015 1537 1215 1592 habere
1244 1546 1575 1606 argumenta.

288 1609 379 1663 IV.
422 1610 658 1664 Primum
683 1607 825 1664 enim
851 1607 966 1662 haec
997 1622 1098 1661 una
1120 1607 1259 1663 actio
1284 1609 1421 1661 inter
1449 1621 1635 1661 omnes
1658 1608 1788 1660 alias

215 1678 675 1735 Chalcedonensis
693 1676 905 1734 concilii
924 1678 1163 1733 actiones
1192 1677 1379 1731 Latine
1407 1686 1605 1730 tantum
1646 1678 1785 1731 edita

219 1750 514 1818 reperitur,
542 1748 638 1873 Sc)
661 1748 845 1805 Graece
874 1756 1047 1802 autem
1072 1749 1312 1816 nnspiam
1343 1745 1583 1815 apparuit
1610 1764 1621 1798 :
1645 1747 1785 1815 quod

220 1827 372 1873 certe
413 1834 517 1873 non
578 1834 673 1873 eve
704 1818 954 1872 indicium
996 1825 1077 1871 est
1114 1816 1495 1873 sunnositionis
1529 1830 1559 1869 a
1597 1815 1785 1871 Latino

220 1827 372 1874 certe
413 1834 517 1874 non

219 1888 518 1957 impostore
543 1889 721 1957 aliquo
744 1886 915 1941 facta.
946 1887 1006 1941 Si
1030 1889 1183 1957 enim
1209 1887 1296 1957 illa
1327 1899 1452 1940 vere
1481 1886 1536 1939 in
1564 1888 1794 1957 concilio

215 1956 463 2025 confecta
503 1956 708 2021 fuisset,
739 1957 924 2012 Graece
949 1957 1130 2025 utique
1166 1956 1370 2022 fuisset,
1402 1965 1560 2024 atque
1594 1956 1797 2013 Graecis

218 2024 382 2094 hujus
410 2026 617 2098 synodi
640 2027 773 2098 actis
798 2027 998 2082 inserta
1029 2024 1153 2081 cum
1181 2027 1300 2081 aliis
1326 2027 1626 2081 actionibus
1652 2029 1797 2097 lege-

215 2105 389 2167 retur.
432 2096 540 2151 Cur
586 2096 727 2151 enim
773 2098 889 2167 haec
933 2111 1037 2151 una
1074 2098 1477 2167 a_reliquarum
1526 2096 1795 2153 actionum

211 2164 520 2221 Graecarum
551 2180 775 2236 corpore
818 2166 1073 2223 distracta
1112 2164 1319 2233 fuisset,
1366 2168 1524 2237 plane
1567 2183 1672 2224 non
1702 2184 1798 2240 ap-

212 2245 390 2306 paret.

292 2306 355 2380 Y.
394 2306 449 2361 2.
479 2308 561 2362 Ex
589 2306 869 2380 (d)_unico
896 2307 1052 2363 nobis
1079 2308 1263 2363 codice
1290 2309 1467 2380 prodit
1493 2308 1799 2380 hujusmodi

210 2376 381 2444 actio,
416 2376 765 2449 quem‘nulla
804 2379 1114 2449 auctoritas,
1150 2376 1435 2449 antiquitas
1467 2376 1615 2434 nulla
1653 2394 1801 2434 com-

211 2448 538 2514 mandabat;
576 2464 697 2503 cum
728 2460 781 2503 et
810 2448 1125 2503 chartaceus
1162 2448 1502 2504 solummodo
1541 2459 1704 2514 esset,
1746 2462 1801 2506 et

212 2518 287 2571 ab
334 2520 531 2588 ignotis
579 2518 914 2573 scholaribus
956 2518 1237 2575 Germanis
1294 2519 1503 2589 duobus
1549 2532 1800 2589 acceptus

210 2589 564 2671 praedicetur.
588 2589 1045 2671 I'l‘alisenimnest.
1075 2588 1364 2671 epigraphe
1403 2604 1505 2671 qua
1548 2588 1798 2671 insignita

208 2660 483 2728 reperitur
504 2660 560 2713 in
583 2658 898 2725 Crabbiana,
924 2658 1796 2727 Suriana,’aliisque‘Conciliorum

209 2730 541 2784 editionihus
569 2747 582 2781 :
607 2730 755 2783 Actio
780 2731 841 2783 de
870 2731 1071 2784 Damno
1096 2731 1433 2796 Antiocheno,
1456 2747 1569 2798 qui:
1596 2732 1800 2786 inventa

208 2810 288 2853 est
318 2801 375 2855 in
393 2800 574 2873 codice
608 2798 826 2853 Patrum
855 2799 1013 2854 Julia:
1038 2801 1447 2873 membranaceo,
1490 2803 1801 2873 transcripta

207 2886 278 2923 at
302 2872 477 2925 codice
501 2879 693 2941 uetusto
719 2872 1010 2934 chartaceo,
1043 2884 1089 2925 et
1124 2872 1313 2924 dicitur
1340 2873 1453 2940 ipsa
1474 2873 1632 2941 fuisse
1664 2871 1799 2925 Pro-

208 2942 322 2994 culi
358 2950 406 2994 et
431 2940 603 3011 Albini
632 2939 1003 2995 Germanorum
1039 2939 1484 2995 scholasticorum.
1523 2942 1800 3011 Philippus

209 3012 438 3080 quidem
484 3010 731 3067 Labbeus
762 3013 815 3064 in
846 3011 1132 3065 novissima
1162 3010 1523 3066 Conciliorum
1564 3012 1802 3067 editione

208 3081 460 3136 codicem
503 3081 788 3150 quemdam
835 3082 1017 3136 laudat
1056 3092 1295 3135 actorum
1343 3080 1801 3137 Chalcedonensis

208 3151 428 3207 concilii
469 3166 500 3207 a
534 3151 757 3207 Rustico
800 3150 1055 3209 Ecclesiae
1107 3150 1365 3206 Romanae
1408 3151 1637 3207 diacono
1680 3166 1803 3208 cum

209 3220 420 3277 Graecis
442 3221 717 3277 codicibus
743 3223 1085 3287 collatorum,
1103 3230 1503 3288 annotatorum,
1525 3224 1805 3277 distincto-

209 3308 359 3363 rum.
386 3292 445 3347 ln
469 3294 567 3347 hoc
588 3307 718 3347 vero
744 3292 951 3363 codice,
976 3293 1065 3363 qui
1096 3292 1289 3363 dicitur
1309 3308 1429 3348 esse
1468 3294 1531 3347 Ι).
1566 3292 1803 3348 Bohierii

210 3362 576 3428 Divionensis,
608 3363 747 3418 actio
769 3362 837 3419 de
868 3363 1075 3417 Domno
1101 3362 1380 3432 subjicitur
1410 3364 1611 3419 actioni
1635 3372 1802 3419 sextae

210 3447 347 3507 cum
368 3433 473 3489 hoc
511 3433 702 3507 titulo:
726 3431 956 3507 Explicit
986 3449 1042 3488 Vl
1070 3431 1224 3507 actio.
1257 3435 1471 3507 1188
1502 3434 1803 3507 Incipitrvtt

210 3506 278 3558 de
306 3504 510 3576 Qomno
553 3504 870 3576 Antiocheno
909 3505 1168 3576 quondam
1212 3504 1509 3576 pairiarclta
1555 3506 1802 3560 translata

211 3589 280 3629 ex
303 3572 488 3629 Graeco
515 3576 569 3629 in
593 3573 858 3629 Latinum.
892 3572 997 3631 Sed
1030 3572 1238 3631 Rustici
1266 3577 1396 3630 fides
1427 3579 1527 3631 hoc
1553 3577 1607 3631 in
1636 3591 1800 3646 nego-

212 3646 291 3700 tio
318 3654 568 3715 suspecta
596 3657 678 3700 est
706 3663 720 3698 :
747 3661 867 3701 cum
909 3648 1052 3700 enim
1081 3645 1454 3701 schismaticns
1492 3648 1592 3703 iste
1621 3645 1801 3701 diaCoo

211 3730 318 3771 nus
366 3716 633 3787 aVigilio
675 3731 807 3786 papa
867 3716 1196 3771 anathemati
1256 3720 1529 3787 subjectus
1593 3718 1800 3773 videret

211 3786 535 3859 exemplum
568 3786 762 3859 Domni
808 3795 1079 3859 tamquam
1122 3798 1243 3859 post
1286 3798 1511 3843 mortem
1561 3788 1799 3843 damnati

212 3857 430 3927 obtrudi
461 3858 635 3911 solere
664 3857 730 3913 ab
761 3858 1081 3915 adversariis
1118 3857 1277 3913 trium
1314 3860 1665 3927 capitulorum
1704 3859 1801 3913 da-

212 3926 547 3999 mnationem
567 3928 959 3998 expetentibus,
991 3929 1161 3999 potuit
1182 3931 1342 3984 homo
1366 3926 1467 3985 hoc
1488 3945 1665 3986 causa:
1686 3944 1799 3984 suae

214 3998 575 4067 patrocinium
628 4014 695 4053 ex
749 3998 1030 4055 mendacio
1087 4001 1384 4065 asciscere,
1439 4012 1495 4055 ut
1545 4000 1795 4055 fabricata

213 4070 433 4123 actione
463 4069 529 4123 de
559 4070 763 4125 Domno
791 4069 942 4140 quasi
971 4070 1146 4125 adhuc
1176 4070 1493 4137 superstite,
1527 4086 1648 4126 eum
1682 4078 1802 4138 post

214 4150 449 4210 mortem
474 4154 581 4193 non
611 4153 730 4194 esse
766 4140 1073 4195 damnatum
1100 4150 1387 4210 assereret,
1425 4142 1587 4210 idque
1613 4141 1800 4195 saltem

214 4185 1073 4280 δειξίῖἑῆιζῐίῐυζᾜθῖἐιὶἱέιέἱὲὶῗ
1100 4185 1387 4280 “ρἷἷὶιῖιίἧ3
1426 4185 1803 4280 36.333111;

215 4278 425 4351 Rustici
464 4280 569 4335 ﬁde
596 4295 659 4335 ac
688 4278 1029 4348 sinceritate,
1062 4278 1519 4350 certum'appa’ret
1552 4279 1684 4335 mihi
1707 4282 1801 4351 (ε)

214 4349 396 4407 solam
433 4351 699 4408 actionem
741 4353 967 4424 primam
1005 4349 1462 4408 Chalcedonensis
1500 4349 1804 4406 concilii'ab

1880 499 2033 538 suum
2063 482 2286 553 subjecit
2316 483 2371 536 in
2396 482 2535 536 hunc
2560 482 2773 537 modum
2803 501 2818 539 :

2294 594 2377 649 Ex
2411 594 2531 649 cod.
2564 608 2663 648 ms.
2694 593 3033 649 Bohieriano.

1950 707 2179 778 Explicit
2204 708 2371 778 prima
2400 707 2617 778 cognitio
2652 704 3074 778 Chalcedonensis
3108 705 3329 760 concilii.
3358 702 3454 778 i-

1879 776 2094 835 nivimus
2122 776 2445 833 emendantes
2464 776 2513 831 et
2534 777 2847 845 conferentes
2875 779 3214 845 manuscripta
3238 793 3268 828 a
3292 776 3456 844 pridie

1879 861 1995 905 ante
2021 848 2258 932 kalzscu
2272 849 2369 972 ἔξω
2394 856 2467 931 est
2506 846 2818 927 Decembris)
2843 848 2979 929 feria.
3006 862 3079 929 tv,
3109 848 3221 902 ind.
3264 848 3352 911 15,
3387 861 3453 902 xv

1880 920 1986 972 kal.
2016 920 2205 972 Aprilis
2228 934 2247 972 :
2322 927 2512 972 usttcus
2535 933 2623 972 per
2647 927 2863 972 aratsam
2891 916 2980 969 Det
3000 916 3239 971 diaconus
3265 926 3453 972 sancta

1880 920 1986 977 kal.
2016 920 2205 990 Aprilis
2228 934 2247 973 :
2272 916 2512 973 Rusticus
2534 918 2863 990 peragratiam
2891 916 2980 990 Dei
3000 916 3239 990 diaconus
3265 926 3455 990 sancta

1882 986 2130 1045 Ecclesia
2174 990 2421 1045 Romanae
2464 987 2691 1053 contuli,
2737 988 3014 1051 annotavi,
3066 987 3297 1041 distinxi.
3346 986 3452 1041 Deo

1884 1063 2095 1132 gratias.

2152 1150 2233 1206 Es
2256 1150 2491 1207 editione
2519 1148 2663 1205 Petri
2691 1148 2886 1205 Grabbi
2912 1145 3030 1202 ord.
3056 1147 3188 1201 min.

1965 1264 2115 1319 Finis
2159 1266 2337 1334 primm
2394 1262 2709 1334 cognitionis
2736 1259 3166 1334 Chalcedonensis
3227 1260 3463 1334 concilii,

1891 1351 2007 1401 quae
2030 1330 2209 1404 ﬁnita.
2249 1330 2522 1404 emendata
2544 1342 2590 1385 ct
2610 1332 2809 1404 collata
2822 1339 2895 1385 est
2925 1330 3307 1404 annoupommi
3362 1331 3463 1404 4i?

1892 1399 1912 1473 (
1932 1399 2246 1461 emendatur
2281 1406 2333 1459 in
2364 1403 2599 1472 margine
2628 1410 2719 1456 aut
2742 1402 2871 1468 454,
2901 1412 2995 1473 aut
3032 1401 3159 1473 457,
3195 1399 3466 1473 inomni:

1890 1471 1991 1530 bus
2017 1478 2265 1545 pessime,
2302 1471 2813 1545 inquitiLabbeus),
2840 1472 3067 1545 feriaitv,
3097 1471 3373 1545 iudictione
3404 1472 3470 1524 15

1890 1539 2095 1625 kalend.
2116 1545 2311 1625 ἐρξίης
2344 1539 2439 1625 χίι.
2469 1544 2709 1598 Rusticus
2733 1558 2823 1625 per
2850 1539 3197 1625 gratiamDei
3222 1541 3470 1625 diaconus

1890 1624 2079 1738 agnem
2107 1610 2348 1696 Ecclesia
2378 1613 2627 1669 Romanis
2647 1653 2663 1681 ,
2690 1610 2912 1679 edntuli,
2939 1612 3201 1680 annotavi,
3232 1610 3468 1665 distinxi.

1944 1701 2001 1738 eo
2031 1694 2242 1738 arabas.

1944 1701 2001 1756 eo
2030 1685 2242 1756 gratias.

1966 1750 2326 1836 Eademnfere
2358 1756 2409 1811 in
2442 1755 2692 1836 editione
2715 1753 2954 1836 Romana
2978 1752 3194 1836 paucis
3218 1750 3471 1806 varianti-

578 1790 1495 1896 giganta.aajgstizasgpsuis;i.
1529 1830 1559 1869 ε.
1597 1790 1791 1896 magis

1910 1790 2700 1896 υυῖῗὲῗῖιιὶΐιῗοϊέοῗἱῖῥζὶῖἕι
2716 1790 3197 1896 Ἠῖιιΐὶἲέτςῖἒῖἕιὶῖί
3223 1790 3469 1896 MJK.

1900 1895 2204 1965 hnjusmodi
2232 1894 2700 1961 annotationibus,
2739 1910 2857 1964 qua:
2890 1894 2993 1949 sibi
3020 1908 3126 1965 non
3161 1894 3471 1965 _coh:eren_t_,

1898 1960 2209 2035 ac'insuper
2242 1981 2349 2021 non
2386 1968 2540 2021 unius
2577 1960 2777 2020 Rustici
2818 1979 2957 2028 esse,
2999 1964 3093 2035 sed
3121 1960 3468 2035 pluriumhdi-

1899 2031 2286 2104 versorumque
2328 2047 2725 2099 annotatorum,
2759 2034 2900 2089 illam
2932 2031 3235 2104 Bohieriani
3271 2031 3471 2087 codicis

1899 2103 2270 2162 monitionem.
2308 2108 2560 2162 Rusticus
2587 2107 2730 2161 enim
2763 2105 2956 2174 relegit
2979 2103 3470 2159 Chalcedonensem

1898 2176 2163 2249 synodum
2204 2176 2273 2230 ad
2308 2177 2546 2233 codicem
2594 2191 2751 2249 quem
2794 2175 2907 2244 jam
2962 2174 3379 2230 emendaverant
3421 2180 3477 2226 et

1899 2248 2240 2303 contulerant
2285 2249 2591 2314 superiores
2635 2248 2751 2314 ipso
2801 2252 3168 2310 correctores;
3216 2256 3475 2314 suamque

1900 2318 2101 2389 pariter
2138 2312 2535 2389 attestationem
2578 2312 2844 2386 apposuit,
2875 2316 3033 2389 ut__illi
3063 2329 3235 2389 suam.
3278 2312 3384 2389 sed
3416 2313 3471 2366 hi

1901 2384 2139 2444 actiones
2185 2388 2416 2457 reliquas
2464 2384 2878 2451 recensuerunt,
2927 2385 3017 2440 ille
3062 2385 3213 2457 ultra
3250 2384 3474 2451 primam

1900 2472 2215 2529 progressus
2254 2454 2373 2531 esse
2412 2458 2625 2531 1189
2666 2472 2772 2531 non
2813 2457 3049 2531 videtur;
3099 2454 3254 2531 Addo
3310 2460 3479 2508 ann‘os

1901 2526 2039 2599 quos
2083 2529 2360 2585 annotatio
2405 2526 2555 2599 p‘rﬁir
2580 2526 2859 2598 “designat,
2899 2526 2972 2599 ad
3015 2526 3216 2580 Rustici
3264 2532 3477 2599 atatem

1901 2595 2171 2669 pertinere
2194 2614 2298 2653 non
2344 2595 2521 2668 posse,
2552 2608 2607 2653 et
2636 2595 2868 2667 priorem
2898 2597 3045 2652 illam
3082 2595 3478 2650 annOtationem

1900 2668 2201 2739 suspectam
2225 2669 2374 2725 reddi
2401 2685 2468 2724 ex
2496 2669 2597 2723 hac
2626 2683 2755 2725 voce
2784 2668 3171 2735 manuscripta;
3196 2673 3478 2739 antequam

1900 2735 2044 2796 enim
2074 2739 2507 2813 excudendorum
2534 2740 2781 2795 codicum
2826 2746 2998 2792 artem
3030 2736 3333 2791 hominibus
3376 2735 3481 2813 lar-

1900 2814 2040 2879 gitus
2082 2820 2226 2864 esset
2256 2810 2396 2865 Deus
2424 2820 2536 2880 opt.
2577 2824 2745 2880 max.,
2775 2822 3229 2880 supervacaneum
3259 2810 3478 2880 omnino

1902 2874 2018 2935 érat
2059 2874 2519 2952 manuscriptoru'm
2558 2882 2625 2933 ab
2652 2878 2821 2952 editis
2842 2874 3163 2952 discrimen,
3204 2874 3345 2944 quod
3376 2874 3484 2929 illic

1902 2950 2225 3019 suggeritur.
2266 2948 2555 3005 Praeterea
2584 2950 2702 3019 etsi
2752 2950 2942 3019 demus
2998 2948 3236 3001 actiones
3296 2957 3483 3019 omnes

1903 3012 2368 3075 Ch'a'leedonenses
2391 3035 2422 3074 a
2446 3018 2663 3073 Rustico
2683 3031 2804 3072 esse
2834 3016 3059 3071 reiectas
3080 3025 3131 3069 et
3154 3012 3483 3079 emendatas,

1904 3091 2109 3145 clarum
2137 3097 2221 3157 est
2248 3092 2512 3144 actionem
2542 3088 2607 3142 de
2634 3102 2737 3157 qua
2760 3085 3073 3157 disserimus
3109 3085 3380 3157 inventam
3417 3084 3485 3138 ab

1829 3159 1874 3223 C
1907 3174 1975 3216 eo
2014 3175 2120 3215 non
2134 3156 2335 3231 fuisse,
2370 3158 2512 3231 quod
2549 3153 2795 3231 velunus
2832 3155 3001 3231 codex
3034 3153 3486 3231 Robierianuste-

1906 3240 2099 3287 statur.
2134 3226 2265 3282 Nam
2303 3224 2355 3285 in
2381 3224 2446 3286 eo
2475 3229 2659 3285 titulus
2689 3226 2912 3282 actionis
2940 3226 3007 3280 de
3035 3225 3241 3279 Damno
3265 3224 3486 3278 omnino

1906 3298 2202 3370 singularis
2227 3309 2341 3367 est;
2382 3300 2530 3370 nulla
2566 3298 2875 3370 relectionis
2901 3311 2964 3370 ac
3001 3293 3393 3370 emendationis
3424 3294 3485 3348 lit

1906 3366 2110 3427 mentio
2138 3388 2153 3425 :
2183 3366 2383 3425 Latium
2404 3387 2472 3426 ex
2500 3369 2689 3426 Graeco
2716 3367 3077 3423 translationis
3102 3366 3303 3420 mentio
3331 3378 3487 3428 argu-

1905 3452 2089 3498 mento
2107 3440 2313 3498 esthoc
2342 3457 2409 3497 ex
2438 3442 2624 3498 Graeco
2648 3439 2852 3503 codice,
2886 3452 3043 3508 quem
3073 3434 3355 3508 conferens
3380 3433 3487 3490 Ru-

1904 3515 2072 3569 sticus
2110 3513 2165 3569 in
2207 3512 2453 3568 manibus
2503 3510 2759 3573 habebat,
2805 3506 2917 3564 non
2954 3522 3073 3564 esse
3124 3506 3485 3575 desutnptum.

1904 3582 2616 3658 DeniquerPetrusCrabbe,
2659 3580 2982 3658 Laurentius
3015 3577 3226 3658 Surius,
3256 3576 3482 3658 aliique,

1905 3656 1997 3726 qui
2021 3647 2075 3711 in
2096 3655 2305 3713 edendo
2322 3653 2751 3726 Chalcedonensi
2792 3650 3022 3706 concilio
3053 3652 3139 3726 _nsi_
3178 3656 3303 3703 sunt
3342 3647 3491 3726 codi:

1905 3717 2057 3783 cibus
2101 3743 2131 3783 a
2183 3724 2403 3783 Rustico
2445 3722 2729 3780 recensitis
2770 3737 2834 3778 ac
2875 3720 3200 3785 emendatis,
3250 3734 3368 3773 cum
3424 3717 3490 3771 ad

1906 3798 2173 3854 actionem
2222 3796 2571 3852 Domnianam
2620 3794 2864 3859 veniunt,
2909 3793 2977 3848 de
3022 3790 3240 3846 Rustico
3287 3788 3489 3842 nullam

1906 3870 2234 3925 mentionem
2259 3868 2475 3932 habent,
2503 3864 2596 3921 sed
2621 3866 2793 3937 palam
2818 3864 3134 3937 profitentur
3163 3875 3223 3915 se
3252 3860 3487 3937 illain'ex

1907 3940 2066 3993 unico
2097 3940 2284 3994 codice
2322 3928 2477 4007 iuliae
2508 3928 3149 4007 membranaceoernisse
3177 3944 3240 4007 ac
3267 3928 3489 4007 publica:

1907 4008 2011 4063 luci
2050 4009 2281 4064 dedisse.
2331 4006 2484 4062 Unde
2529 4014 2676 4074 patet
2716 4018 2877 4073 quam
2927 4004 3131 4055 incerta
3168 3998 3236 4074 ad
3280 3998 3491 4074 nosvia

1907 4080 2232 4147 pervenerit,
2276 4077 2496 4145 ejusque
2531 4065 2705 4148 'tldem‘
2724 4065 2937 4148 omnem
2980 4083 3142 4148 penes
3187 4068 3324 4148 duos
3353 4065 3490 4119 Ger-

1908 4140 2096 4202 inanos
2126 4140 2475 4203 scholasticos
2506 4144 2727 4199 versari.
2772 4142 2878 4197 Sed
2918 4140 3083 4194 taedet
3109 4152 3195 4192 me
3235 4140 3490 4189 tricarum

1910 4217 2131 4273 istarum
2157 4236 2171 4270 :
2196 4218 2264 4271 ad
2293 4217 2399 4271 alia
2426 4222 2747 4283 argumenta
2771 4208 3155 4283 suppositionis
3185 4218 3489 4275 pergamus.

1986 4286 2076 4343 Vl.
2108 4290 2161 4343 5.
2202 4288 2298 4342 Est
2334 4301 2397 4358 ex
2429 4279 2787 4358 incertasede
2807 4279 3301 4358 ,_’quam__hactenu.s
3340 4284 3495 4358 nacta

1914 4365 2029 4424 est,
2083 4373 2153 4414 ex
2203 4373 2309 4428 quo
2357 4356 2558 4411 inserta
2605 4345 3130 4410 Chalcedohensibus
3174 4345 3494 4404 actionibus.

1292 4484 1854 4544 BALLERINIORUM
1893 4486 2439 4545 ANNOTATIONES.

290 4604 397 4678 (a)
440 4603 731 4678 veritatem
776 4602 1246 4678 sinceritatemque
1278 4600 1445 4678 hujus
1487 4602 1808 4678 actionis__i_n
1836 4608 1888 4668 ι)
1916 4620 2035 4678 mus
2077 4606 2129 4660 in
2158 4604 2426 4678 observat.
2460 4618 2606 4678 num.
2633 4604 2668 4659 5
2707 4612 2760 4658 et
2787 4616 2944 4678 seqq.
2971 4597 3262 4678 _Quesnelli
3309 4598 3498 4655 alluci~

222 4671 694 4735 observationibus
723 4671 1069 4743 subjiciendis
1098 4672 1467 4741 defendemus,
1500 4674 1810 4741 Quesnelli-

223 4764 333 4821 que
362 4747 512 4821 nisus
532 4760 723 4821 omnes
749 4742 945 4821 ibidem
977 4742 1351 4821 retundantur.

295 4819 398 4893 (b)
433 4817 496 4893 id
525 4817 715 4893 falsum
741 4816 1019 4893 evincetur
1045 4814 1242 4870 ibidem
1257 4831 1327 4893 _n.
1355 4813 1411 4868 2.

293 4884 389 4959 (ο)
429 4888 544 4959 Etsi
572 4888 687 4943 haec
722 4887 866 4959 actio
891 4884 1078 4959 Graece
1091 4886 1359 4959 _nuspiam
1386 4887 1654 4959 apparuit,
1692 4902 1811 4943 eam

222 4956 409 5017 tamen
437 4958 678 5014 eGraaco
719 4956 909 5012 Latine
952 4956 1213 5010 redditam
1256 4956 1309 5009 in
1349 4958 1813 5014 observationibus

223 5030 736 5088 demonstrabimus.
776 5027 1086 5085 Graecorum
1126 5036 1304 5081 autem
1334 5027 1580 5085 codicum
1619 5028 1709 5099 qui
1749 5030 1813 5085 ad

225 5119 328 5157 nos
376 5108 737 5170 pervenerunt
780 5099 1045 5153 deiectum
1086 5099 1139 5152 in
1171 5100 1350 5170 causis
1401 5099 1807 5169 particularibns

227 5174 363 5228 nihil
381 5169 621 5241 probare
650 5171 945 5241 patebitcx
983 5176 1094 5223 not.
1128 5169 1191 5224 18
1222 5169 1369 5239 (Col.
1402 5170 1531 5240 257,
1576 5189 1629 5225 n.
1660 5171 1725 5241 b)
1760 5172 1812 5225 in

226 5240 449 5299 dissert.
496 5244 520 5296 1
574 5244 639 5295 ad
680 5256 768 5295 an.
817 5240 978 5313 451,
1012 5240 1130 5313 ubi,
1150 5242 1500 5309 particulares
1548 5240 1813 5313 ejusmodi

226 5317 473 5371 actiones
504 5315 555 5366 in
584 5313 764 5366 multis
792 5311 1067 5367 codicibus
1094 5312 1297 5369 Graecis
1322 5311 1613 5381 generatim
1643 5313 1813 5369 omis-

228 5400 341 5451 sas,
373 5388 423 5439 in
455 5384 573 5438 aliis
593 5393 771 5438 autem
799 5397 905 5437 non
931 5384 1133 5451 paucis,
1156 5384 1244 5453 qui
1274 5385 1621 5451 particulares
1645 5386 1817 5440 actio-

229 5472 329 5511 nes
359 5454 637 5522 exhibent,
670 5455 927 5527 omissam
951 5453 1212 5527 actionem
1239 5453 1307 5510 de
1332 5454 1523 5527 Photio
1551 5456 1677 5527 Tyri
1702 5469 1816 5511 ma-

232 5527 486 5581 nifestum
519 5529 763 5582 fecimus.
794 5526 931 5595 Quid
961 5526 1119 5596 igitur
1147 5526 1341 5579 mirum
1365 5525 1411 5582 si
1439 5526 1553 5581 haec
1583 5525 1721 5582 actio
1750 5527 1817 5583 de

232 5597 447 5653 Damno
475 5599 740 5666 praeterita
771 5598 903 5652 fuit?

306 5668 374 5738 (d
390 5668 409 5739 )
444 5667 619 5723 Alium
645 5668 886 5740 codicem
913 5669 1054 5724 nacti
1083 5684 1291 5737 sumus,
1314 5683 1544 5740 eumque
1566 5672 1817 5727 vetustis—

232 5739 435 5805 simum
463 5754 529 5795 ac
555 5740 780 5796 diversae
806 5739 1058 5813 originis,
1087 5741 1154 5797 de
1185 5742 1335 5811 cujus
1366 5739 1668 5811 praestantia
1692 5758 1815 5812 age-

1915 4677 2063 4731 natio
2091 4678 2231 4732 circa
2266 4677 2437 4745 ipsum
2468 4675 2708 4731 codicem
2736 4672 3018 4745 quem’hic
3054 4673 3294 4745 nominat
3320 4685 3392 4745 ex
3432 4685 3499 4726 eo

1954 4748 2111 4803 endet
2137 4743 2635 4819 quod—epigraphe‘n
2662 4748 2712 4819 in
2731 4743 2969 4819 vulgatis
2991 4743 3114 4819 huic
3132 4743 3331 4819 actioni
3362 4757 3500 4819 pra}-

1954 4762 2111 4803 enaet
2137 4762 2279 4819 quon
2311 4762 2635 4818 epigrapnen
2662 4762 2712 4799 in
2740 4762 2969 4815 vulgatis
2991 4762 3114 4798 nunc
3138 4762 3331 4798 actioni
3362 4762 3500 4811 pra-.-

1915 4762 2075 4893 δίδη]
2123 4818 2538 4893 editornmesse
2565 4816 2871 4893 crediderit,
2906 4829 2968 4870 ac
3006 4816 3051 4893 _si
3091 4813 3146 4867 hi
3176 4817 3227 4867 in
3264 4826 3326 4893 ea
3346 4812 3501 4893 typis

1916 4889 2268 4959 imprimenda
2312 4888 2499 4959 codice
2538 4888 2619 4942 usi
2664 4888 2772 4959 sint
2818 4885 3021 4959 recenti
3047 4885 3397 4959 _transcripto
3433 4898 3500 4937 ex

1917 4953 2022 5015 alio
2051 4961 2275 5015 duorum
2298 4957 2712 5015 Germanorum.
2743 4958 2811 5012 At
2835 4958 2952 5011 haec
2977 4953 3314 5076 epigraphes,
3338 4965 3500 5019 quam

1919 5031 1971 5076 in
2007 5030 2468 5076 observationibus
2505 5030 2569 5076 ad
2613 5044 2741 5076 mss.
2774 5028 3031 5076 librorum
3080 5023 3218 5076 idem
3257 5028 3500 5076 exactam

1919 5031 1972 5086 in
2007 5030 2474 5102 observationibus;
2505 5030 2571 5083 ad
2612 5044 2741 5102 mss.
2773 5028 3031 5083 librorum
3062 5023 3218 5077 fidem
3257 5028 3500 5102 exactam

1918 5100 2273 5173 proferemus.
2326 5099 2602 5173 Rusticum
2651 5099 2808 5154 habet
2854 5105 3234 5173 auctoremoac
3278 5090 3501 5173 proinde

1917 5166 2131 5227 codices
2172 5186 2384 5242 quoque
2428 5170 2481 5225 in
2522 5186 2585 5227 ea
2622 5169 2904 5242 memorati
2949 5166 3309 5234 antiquissimi
3353 5172 3499 5217 sunt.

1924 5242 2052 5299 Vide
2081 5240 2312 5298 observ;
2333 5258 2485 5297 num.
2520 5243 2581 5298 li
2614 5250 2669 5297 et
2695 5240 2782 5295 12.

1989 5312 2083 5386 (ε)
2124 5313 2181 5386 Id
2222 5313 2417 5369 falsum
2459 5313 2805 5386 ostendemus
2843 5309 2896 5361 in
2942 5306 3159 5361 observ.
3201 5302 3266 5358 ad
3312 5309 3428 5386 not:
3466 5301 3504 5356 Ξ

1918 5373 2194 5454 Quesnelli
2226 5387 2280 5440 in
2310 5390 2468 5455 epist.
2514 5384 2640 5455 H5.
2672 5381 3227 5455 Distinctam__eort_tm_
3249 5388 3369 5443 quae
3415 5373 3501 5426 ln-

1918 5444 2165 5513 c'ubravit
2204 5444 2458 5511 Rusticus
2488 5452 2734 5508 notitiam
2777 5446 3094 5523 Quosneilus
3142 5444 3345 5523 habere
3395 5457 3502 5523 non

1958 5532 2114 5600 otuit,
2143 5542 2265 5583 cum
2295 5527 2411 5600 haec
2427 5524 2650 5600 scripsit
2680 5540 2693 5577 :
2724 5514 2992 5600 nondum“
3007 5516 3156 5600 enim
3195 5514 3505 5600 prodierant

1958 5544 2114 5595 οωιι,
2143 5544 2265 5583 cum
2295 5544 2411 5581 nmc
2433 5544 2650 5593 SCI‘IpSll.
2680 5544 2693 5577 :
2724 5544 2960 5576 llUlluutu
3007 5544 3148 5572 cultu
3196 5544 3504 5594 pluuium":

1922 5544 2127 5655 Baluzii
2173 5594 2663 5669 emendationesin
2706 5600 2907 5669 textum
2952 5587 3182 5669 Rustici,
3232 5599 3365 5666 quas
3413 5599 3504 5653 qui

1922 5670 2150 5741 legerit,
2210 5678 2495 5741 sequentes
2553 5665 2698 5721 illius
2756 5660 3253 5719 animadversiones
3316 5660 3505 5717 inanes

1923 5752 2195 5811 agnoscet.
