3994 6310
516 262 626 343 m

518 387 936 468 itantinopalim
964 405 1064 468 pro
1110 390 1406 468 reparanda
1444 387 1707 458 Ephesina
1749 386 2084 468 clade_mlssi
2112 389 2166 449 Α

518 462 942 540 fuerant—Quod
968 462 1027 519 si
1065 462 1189 540 non”
1202 463 1432 526 fecisset,
1468 468 1626 540 atque
1637 462 2081 540 communionem
2099 478 2109 487 ~

518 530 901 594 catholicorum
937 535 1275 590 sacerdotum
1315 547 1419 586 non
1453 530 1855 600 requisivisset,
1898 530 2089 600 merita

519 606 857 678 negligentiae
880 614 1210 675 argueretur.
1241 604 1407 678 Immo
1434 596 1564 656 vero
1588 596 2088 678 ad_Chalcedanen-

517 670 634 733 sent
658 670 919 739 svnodum
945 670 1070 731 sese
1093 674 1424 735 contulisset,
1449 682 1506 725 ut
1533 670 1673 739 apud
1695 683 1901 723 sacram
1927 682 2090 737 syno-

519 748 646 804 dum
676 743 742 802 de
754 746 993 801 Dioscori
1027 744 1276 800 violentia
1290 743 1619 812 perﬁdiaque
1632 750 2086 812 conquereretur;

517 817 661 891 quod
680 817 767 891 alii
796 817 1180 891 iecerunt,_qui
1221 809 1376 891 lange
1406 809 1688 868 deterioris
1717 818 1874 891 erant
1899 809 2090 864 condi-

521 884 703 942 tionis.
734 887 979 941 Adfuisse
1005 886 1217 954 quidem
1247 884 1510 938 Damnum
1546 894 1669 937 tunc
1710 884 1972 951 privatum
2003 894 2090 934 as-

520 959 650 1013 serit
673 958 955 1013 cardinalis
984 955 1384 1030 Baronius,_non
1404 954 1758 1030 ali_a,opinor,
1774 961 2088 1030 argumento

521 1038 719 1091 motus,
750 1042 905 1097 quam
930 1027 1067 1094 quod
1096 1026 1146 1081 id
1171 1040 1235 1080 ex
1262 1027 1361 1079 ista
1379 1024 1590 1097 actione
1612 1036 1803 1097 eruere
1823 1022 2090 1097 sibivisus

521 1108 622 1161 est,
649 1089 734 1151 ubi
755 1089 865 1166 ipse
884 1089 1135 1152 alimenta
1161 1096 1257 1150 sibi
1284 1094 1558 1166 postulans
1579 1089 2090 1166 induciturLVerum

522 1160 621 1241 etsi
634 1160 847 1241 disertis
864 1168 1044 1241 verbis
1059 1160 1299 1241 praesens
1312 1165 1335 1217 l‘
1336 1166 1479 1220 uisse
1494 1172 1824 1241 assereretur
1852 1160 1983 1241 Dom
1992 1174 2091 1214 nus

520 1237 573 1312 in
605 1238 702 1291 hac
722 1240 951 1312 actione,
977 1233 1105 1291 nihil
1132 1234 1438 1312 confectum
1458 1243 1623 1312 esset,
1650 1248 1768 1312 cum
1793 1233 1894 1312 hoc
1918 1233 2090 1312 ipsum

519 1308 573 1362 in
600 1300 1017 1362 controversiam
1050 1314 1387 1369 vertatur,an
1410 1304 1540 1359 lides
1565 1304 1763 1368 scripto
1791 1300 2093 1369 hujusmodi

520 1380 588 1430 sit
619 1378 937 1432 adhibenda.
970 1376 1236 1431 Caeterum
1264 1375 1480 1430 aliunde
1506 1389 1611 1427 non
1646 1383 1771 1441 puto
1801 1371 2094 1425 innotuisse

521 1446 750 1502 Baronio
797 1449 982 1502 Domni
1015 1448 1066 1501 in
1109 1446 1335 1500 concilia
1364 1442 1738 1515 praasentiam,
1759 1458 1879 1515 cum
1902 1441 1969 1495 de
1996 1441 2095 1515 hac

520 1525 628 1592 tam
655 1518 818 1573 altum
842 1518 1036 1592 ubique
1063 1512 1443 1592 silentiumsit,
1477 1522 1538 1592 ut
1558 1513 1657 1567 hoc
1679 1512 1891 1592 silentio
1921 1512 2095 1592 potius

521 1586 719 1642 invicte
749 1584 963 1657 probari
995 1596 1171 1656 putem
1216 1586 1356 1656 apud
1399 1584 1669 1639 hominem
1713 1584 1859 1657 omni
1901 1584 2095 1651 prteju-

521 1658 665 1713 dicio
694 1654 915 1713 vacuum
936 1702 950 1727 ,
985 1654 1083 1713 nec
1121 1654 1439 1727 prses—antem
1468 1669 1567 1709 nec
1597 1654 1938 1722 superstitem
1971 1663 2096 1707 tunc

523 1728 688 1782 fuisse
721 1730 980 1783 Damnum
1011 1727 1341 1797 episcopum.
1443 1796 1453 1806 .
1500 1797 1511 1806 _
1628 1799 1632 1801 Α
1962 1792 1973 1803 .
2123 1762 2173 1823 Β

595 1798 713 1823 νιη
769 1800 831 1823 ιτ
895 1798 1019 1823 l\..:-
1056 1797 1371 1823 ...ι-ηιηηιιυιι
1413 1795 1511 1823 ιηιιι
1546 1795 1805 1823 “tamn-Im
1887 1806 1974 1823 nn-
2019 1800 2092 1823 lno

595 1798 853 1874 XVI._15_.
892 1798 1021 1874 Quis
1045 1792 1374 1867 persuadeat
1407 1795 1842 1874 sibiDamuum,
1887 1792 1980 1874 qui
2019 1800 2095 1874 tot

524 1882 691 1923 annos
723 1864 1109 1923 Antiochenam
1150 1876 1361 1922 rexerat
1404 1866 1730 1929 Ecclesiam,
1767 1879 1831 1919 ac
1869 1864 2092 1932 proinde

525 1948 689 1994 totam
736 1940 968 1994 Orientis
1019 1939 1324 2001 dioecesim,
1361 1938 1454 2007 qui
1492 1936 1712 2007 Joannis
1744 1933 2096 2007 avunculiac

566 2009 934 2064 raedecessoris
960 2010 1043 2063 sui
1072 2010 1273 2064 amicos
1302 2004 1489 2062 omnes
1512 2005 1613 2060 sibi
1638 2004 1913 2059 devinctos
1936 2004 2098 2059 babe-

566 2024 934 2064 τεαθεεεεοιδιε
960 2024 1043 2063 SlII
1072 2024 1273 2064 amicos
1302 2024 1489 2062 omnes
1512 2024 1613 2060 SIDI
1638 2024 1913 2059 αθγιηειοδ
1936 2024 2098 2059 ιιθυθ-

525 2024 640 2145 hat,
666 2080 756 2148 qui
782 2080 1041 2148 plurimas
1066 2082 1180 2149 ipse
1208 2075 1629 2149 consecrationis
1660 2076 1813 2129 titulo
1834 2074 2110 2149 lilios_p_e-f

526 2144 760 2219 perorat,
784 2144 948 2219 'quem
976 2144 1193 2219 insu'per
1215 2159 1271 2204 et
1299 2148 1510 2219 pietatis
1533 2160 1689 2219 amor
1715 2154 1769 2200 et
1796 2146 1943 2199 zelus
1974 2144 2098 2219 ﬁdei

527 2216 1039 2275 commendaverant
1086 2216 1370 2289 plurimum
1402 2237 1415 2272 :
1448 2218 1585 2272 hunc
1611 2258 1626 2283 ,
1670 2216 1891 2289 inquam
1914 2257 1927 2278 ,
1980 2216 2098 2289 quis

529 2289 716 2343 credat
743 2290 813 2344 ita
844 2291 991 2345 omni
1023 2287 1271 2359 prinsidio
1299 2289 1645 2359 destitutum,
1660 2287 1737 2359 ita
1768 2287 2097 2356 contemptui

528 2358 768 2414 habitum
789 2362 855 2415 ab
870 2358 1118 2417 omnibus
1142 2361 1302 2414 luisse
1324 2370 1484 2428 atque
1503 2358 1840 2428 derelictum,
1858 2366 1915 2411 ut
1940 2371 2099 2411 nemo

527 2444 631 2553 pro
655 2432 771 2498 ejus
797 2430 1110 2487 defensione
1136 2431 1189 2485 in
1222 2427 1454 2485 medium
1486 2427 1753 2498 prodiret,
1783 2441 1943 2482 nemo
1989 2428 2098 2482 sol-

554 2501 758 2553 icitaret
801 2503 1063 2553 svnodum
1115 2502 1522 2553 meumenicam.
1569 2513 1727 2553 nemo
1771 2499 2097 2553 Antiochen-

554 2501 758 2572 icitaret
801 2503 1063 2572 synodum
1115 2502 1522 2572 meumenicam,
1568 2513 1727 2572 nemo
1771 2499 2097 2553 Antiochen-

527 2570 666 2625 sium
704 2570 856 2625 suum
896 2572 994 2627 sibi
1034 2574 1342 2641 episcopum
1372 2570 1579 2641 restitui
1620 2570 1905 2632 clamaret,
1941 2582 2099 2625 nemo

530 2650 809 2708 respueret
844 2639 1129 2697 Maximum
1164 2639 1326 2696 veluti
1352 2639 1545 2695 viventi
1568 2640 1819 2709 episcopo
1845 2652 2098 2706 superor-

531 2713 767 2765 dinatum
804 2730 819 2766 :
846 2714 1139 2781 praesertim
1171 2728 1293 2767 cum
1317 2711 1402 2765 hic
1424 2719 1608 2765 contra
1628 2709 1715 2778 jus
1738 2717 1792 2763 et
1815 2718 2099 2764 consuetu-

532 2781 711 2835 dinem
738 2780 1150 2838 ecclesiaStieam
1175 2799 1204 2836 a
1234 2782 1825 2848 Constantinopolitano
1846 2780 2098 2849 episcopo

533 2860 678 2907 esset
698 2863 1061 2920 consecratus,
1100 2854 1190 2909 ille
1211 2861 1393 2908 contra
1418 2851 1496 2905 Ias
1520 2866 1678 2905 omne
1699 2850 1945 2920 abimpio
1968 2849 2097 2906 Dia-

530 2935 686 2976 scoro
722 2931 865 2977 esset
906 2919 1198 2993 depositus.
1234 2924 1394 2979 Certe
1420 2922 1669 2993 immane
1707 2921 1853 2993 illud
1869 2919 2093 2987 facinus,

530 3006 637 3060 quo
664 3007 723 3046 se
750 2994 887 3062 apud
911 2990 1180 3063 Ephesum
1208 2994 1397 3063 polluit
1417 2992 1719 3057 Dioscorus,
1744 2993 1813 3045 ita
1840 2990 2098 3063 horruere

531 3063 816 3119 Orientalis
837 3062 1087 3120 dimCesis
1132 3062 1389 3135 episcopi,
1416 3073 1472 3118 ut
1505 3062 2097 3135 majorisdissensionis

530 3135 874 3206 seminarium
926 3144 981 3190 et
1022 3133 1178 3206 origo
1216 3133 1373 3189 fuerit
1419 3135 1559 3189 inter
1607 3134 1830 3206 partium
1879 3133 2091 3206 illarum
2123 3138 2167 3199 C

531 3202 810 3259 dioeceses.
854 3206 1043 3262 Statim
1074 3202 1214 3260 enim
1245 3207 1606 3274 pastsolutam
1637 3204 1833 3273 Ephesi
1871 3205 2097 3271 pseudo-

531 3276 814 3343 synodum,
837 3278 1173 3344 reversisque
1199 3277 1265 3331 ad
1288 3276 1443 3330 sedes
1463 3289 1587 3328 suas
1607 3274 1894 3344 epise0pis,
1920 3275 2096 3328 scissio

532 3345 752 3413 [actaest
768 3347 1019 3413 intereas,
1047 3343 1217 3417 inquit
1242 3346 1672 3417 Liberatus,cap.
1701 3343 1815 3417 12ζ
1810 3346 1977 3417 qualis
1998 3360 2095 3397 an-

532 3411 612 3486 tea
626 3431 910 3486 numquam
939 3411 1233 3485 contigerat.
1268 3415 1505 3486 lEgyptii
1535 3411 1744 3486 quippe,
1773 3411 2020 3486 Thraces,
2052 3425 2096 3468 et

529 3481 799 3554 Balwstini
828 3488 1048 3554 episcopi
1071 3481 1760 3554 Dioscorun't'sequebarttur;
1787 3482 2095 3551 Orientales,

530 3550 766 3619 Pontici,
796 3564 840 3607 et
857 3550 1045 3608 ’Λείαὴὶ
1081 3564 1271 3609 sancta:
1308 3550 1561 3608 memoria:
1606 3551 1935 3607 Flavianum.
1970 3555 2099 3623 Quis

531 3629 707 3690 putet,
752 3625 835 3678 his
881 3626 1129 3680 omnibus
1170 3624 1539 3687 consideratis,
1575 3626 1843 3679 neminem
1885 3625 2096 3680 illorum

532 3695 883 3765 patrocinium
934 3696 1123 3750 Domni
1162 3696 1329 3751 fuisse
1371 3705 1772 3764 suscepturum,
1812 3696 2098 3765 siquidem

529 3772 802 3830 superstes
849 3764 1071 3832 fuisset,
1112 3781 1232 3821 cum
1274 3777 1489 3836 prapter
1536 3782 1657 3820 eum
1707 3764 1981 3835 probabile
2030 3769 2100 3823 sit

531 3840 701 3913 ortatn
730 3848 848 3890 esse
869 3853 934 3913 ex
967 3846 1115 3905 parte
1150 3846 1350 3913 tantam
1373 3837 1801 3913 dissensionem?
1830 3836 2099 3913 Noverunt

532 3904 782 3979 nimirum
798 3904 1066 3978 antiquam
1083 3911 1356 3979 utriusque
1371 3908 1507 3979 illius
1520 3906 1682 3974 sedis,
1699 3907 2095 3975 Alexandrinas,

528 3972 767 4043 inquam,
807 3986 861 4031 et
896 3972 1286 4050 Antiochense,
1313 3978 1522 4050 1196
1548 3972 1937 4050 mutilationem
1975 3972 2097 4035 Dial

528 4057 738 4119 scarum
766 4048 1026 4119 movisse,
1074 4060 1130 4104 ut
1162 4048 1595 4105 aemulim'suum
1643 4051 1692 4103 vi
1738 4049 2095 4119 opprimeret,

526 4114 734 4196 etiamsi
761 4117 813 4171 iu
843 4114 1239 4196 damnationem
1278 4121 1518 4175 Flaviani
1558 4114 1917 4196 Eutycbisque
1944 4114 2101 4196 restii-

528 4190 785 4241 tutionem
830 4190 999 4260 abripi
1056 4207 1116 4247 se
1164 4193 1434 4247 intentata:
1488 4190 1675 4247 mortis
1716 4201 1860 4248 metu
1904 4192 2099 4248 misere

524 4267 713 4334 passus
760 4272 933 4334 esset;
965 4277 1065 4317 uec
1106 4264 1396 4334 verisimile
1428 4271 1509 4317 est
1556 4278 1649 4317 eos
1680 4264 1824 4316 omni
1866 4277 1925 4317 se
1973 4278 2097 4334 erga

528 4328 880 4403 patriarcham
910 4346 1077 4403 suum,
1097 4333 1272 4387 studia
1304 4344 1429 4387 tunc
1450 4334 1685 4400 exuisse,
1719 4334 1859 4403 quod
1887 4328 2099 4402 sempor

526 4394 1049 4471 vehementissimum
1068 4394 1692 4458 habueruntOrientalesl
1714 4394 1934 4471 Quanta:
1956 4394 2095 4458 enim

980 272 1225 347 PASCII.
1266 269 1649 345 QUESNELLI
1690 268 2272 329 DISSERTATIONES
2312 264 2378 329 IN
2417 270 2476 329 S.
2516 268 2755 329 LEONIS
2791 266 3007 328 MAGNI
3043 267 3289 327 OPERA.

3661 269 3758 330 τη

2190 399 2315 442 cum
2344 385 2684 443 Antiochena
2724 386 2979 455 episcopo
3019 386 3274 455 ponderis
3300 398 3365 440 ac
3388 384 3567 440 meriti
3597 396 3757 446 erant.

2194 456 2251 513 Si
2278 458 2439 526 igitur
2471 467 2595 513 tunc
2622 457 2904 513 incolumis
2927 457 3112 511 luisset
3140 458 3397 524 Domnus,
3421 455 3642 511 dubium
3662 473 3755 515 nou

2190 536 2274 583 est
2292 528 2423 598 quin
2449 528 2565 598 ejus
2601 541 2763 583 causa
2792 527 2857 581 ad
2894 528 3140 583 incudem
3174 536 3421 582 revocata
3448 536 3626 598 esset,
3654 541 3758 585 cum

2193 608 2248 669 et
2276 597 2461 653 earum
2483 597 2751 669 imprimis
2781 598 2951 668 gratia
2974 597 3282 665 haberetur,
3316 598 3405 667 qui
3457 597 3595 665 lapsi
3626 612 3757 653 erant

2190 666 2245 722 in
2288 666 2581 737 Ephesina'
2604 666 2902 735 conventu,
2945 683 3045 723 nec
3085 669 3227 723 aliud
3259 666 3402 723 esset
3438 668 3671 721 tribunal
3704 672 3757 723 ad

2194 738 2337 808 quod
2364 740 2731 795 Antiocheuus
2750 740 3032 809 episcopus
3058 739 3196 793 trahi
3222 747 3420 809 posset.
3456 739 3623 809 Certe
3648 742 3760 793 scri-

2197 807 2344 880 ptum
2395 810 2658 866 habemus
2706 825 2739 865 a
2769 807 2948 866 Leone
2997 809 3155 879 epist.
3192 808 3295 864 H0
3325 808 3485 880 (nunc
3516 807 3677 880 159),
3706 812 3757 864 ad

2196 879 2503 935 Iuvenalem
2552 878 3397 950 Jerosolymorum’episcapum,
3440 878 3594 949 quod
3646 882 3763 932 dete-

2196 952 2436 1021 standum
2475 952 2605 1007 illud
2638 951 2912 1020 Ephesinte
2955 950 3141 1021 synodi
3176 951 3464 1021 judicium,
3496 950 3576 1021 ita
3622 953 3762 1005 sancti

2194 1020 2626 1075 Chalcedonensis
2648 1018 3165 1076 conciliiauctoritate
3185 1018 3477 1090 (Christus)
3499 1020 3757 1087 destruxit,

2193 1099 2250 1163 ut
2265 1106 2477 1163 NULLvu
2490 1162 2493 1163 ν
2505 1093 2899 1163 depravatorum
2923 1090 3195 1163 a‘remedia
3215 1092 3547 1163 carrectionis
3568 1102 3759 1145 arceret.

2197 1160 2255 1215 Si
2274 1162 2369 1231 (ιι)
2392 1160 2594 1215 nullum
2622 1164 2815 1229 arcuit,
2842 1160 3080 1231 profecto
3103 1176 3203 1216 nec
3249 1161 3540 1227 Damnum,
3575 1176 3637 1215 ac
3662 1177 3763 1230 pro-

2194 1230 2320 1286 inde
2344 1229 2587 1285 ﬁetitium
2610 1246 2730 1287 esse
2744 1229 2957 1302 oportet
2976 1232 3234 1295 scriptum
3257 1247 3417 1287 omne
3437 1231 3585 1301 quod
3610 1229 3762 1288 Leone

2198 1302 2601 1372 contradicente
2630 1311 2858 1358 testatur
2887 1302 3287 1372 Autiochenum
3305 1304 3627 1372 episcapum
3650 1319 3675 1355 a
3697 1319 3761 1358 re

2197 1371 2374 1425 media
2404 1373 2762 1427 correctionis
2795 1374 2958 1429 fuisse
2986 1371 3291 1441 depulsum.

2267 1440 2455 1497 XVIII.
2490 1443 2577 1499 15.
2626 1443 2781 1498 Nulla
2832 1446 2967 1500 ratio
3014 1440 3233 1512 apparet
3278 1457 3376 1497 cur
3418 1458 3543 1497 cum
3577 1442 3758 1499 Damno

2201 1512 2386 1568 durius
2406 1520 2580 1568 actum
2605 1512 2765 1569 fuerit
2783 1525 2835 1569 et
2860 1512 3229 1569 inclementius
3243 1528 3401 1583 quam
3423 1529 3551 1569 cum
3579 1518 3759 1570 caeteris

2198 1584 2291 1653 qui
2322 1583 2389 1637 ad
2418 1584 2779 1638 damnandum
2809 1584 3121 1639 Flavianum
3160 1584 3648 1652 subscriptionibus
3670 1587 3758 1639 suis

2198 1654 2370 1709 coacti
2399 1664 2569 1708 erant.
2592 1654 2760 1709 Immo
2791 1653 3013 1710 czeteris
3033 1662 3149 1710 erat
3175 1655 3535 1719 innocentior,
3573 1656 3760 1724 dignus-

2199 1739 2303 1793 que
2321 1725 2422 1796 qui
2455 1739 2564 1792 prae
2581 1725 2828 1780 omnibus
2854 1726 3239 1796 indulgentiam
3252 1727 3526 1794 acciperet
3548 1723 3759 1795 (Facun-

2201 1799 2296 1849 dus
2310 1795 2398 1848 lib.
2414 1810 2507 1861 xu,
2523 1812 2640 1863 cap.
2665 1796 2817 1863 ult.);
2843 1812 2948 1851 non
2974 1795 3148 1851 salum
3161 1796 3303 1850 enim
3320 1798 3529 1865 primus
3546 1798 3757 1851 omnium

2199 1876 2508 1920 nascentem
2537 1866 2845 1937 Eutychetis
2862 1868 3111 1922 haeresim
3134 1866 3260 1921 olim
3288 1865 3627 1933 confuderat,
3654 1867 3758 1922 Fla-

2200 1937 2523 2007 vianumque
2538 1937 2710 2007 ipsum
2728 1937 3304 2006 accenderatexemplo
3317 1950 3417 1991 suo
3432 1937 3503 1991 ad
3520 1953 3751 2007 pugnam;

2200 2006 2295 2061 sed
2322 2016 2375 2061 et
2414 2006 2693 2077 postquam
2729 2009 2957 2064 militum
2984 2008 3451 2063 circumstantium
3481 2006 3618 2063 metu
3643 2024 3750 2062 con-

2199 2090 2388 2131 cussus
2436 2076 2764 2132 damnationi
2808 2078 3046 2133 Flaviani
3093 2077 3507 2148 subscriptionis
3550 2080 3751 2149 propriae

2199 2160 2522 2202 consensum
2546 2149 2721 2214 dedit,
2753 2150 2955 2217 primus
2984 2150 3221 2203 omnium
3245 2148 3558 2218 paenitentia
3575 2148 3742 2203 ductus

2201 2218 2441 2286 resipuit,
2469 2233 2707 2288 quosque
2736 2219 2976 2273 labentes
3004 2230 3219 2274 secutus
3247 2217 3444 2285 luerat,
3474 2217 3647 2273 iisdem
3670 2232 3749 2273 re-

2200 2288 2451 2358 surgeudi
2477 2290 2723 2359 exemplo
2751 2289 2973 2359 praeivit.
3005 2289 3176 2344 Immo
3199 2305 3317 2345 eam
3340 2290 3412 2344 ob
3441 2304 3643 2344 causam
3670 2289 3752 2343 de-

2202 2360 2508 2431 trimentum
2552 2374 2740 2429 passus
2778 2370 2859 2415 est
2900 2360 3173 2431 dignitatis
3207 2375 3354 2425 suae,
3383 2360 3529 2429 quod
3555 2374 3756 2414 consen-

2200 2430 2405 2500 sionem
2434 2438 2694 2485 extortam
2721 2438 2911 2500 sponte
2933 2430 3259 2487 retractavit.
3284 2431 3458 2499 Hujus
3490 2432 3568 2485 rei
3591 2440 3754 2484 testem

2200 2499 2458 2571 habemus
2487 2499 2874 2571 Nicephorum,
2919 2516 3078 2571 quem
3112 2501 3246 2556 hanc
3286 2500 3529 2555 historic
3579 2510 3755 2569 partem

2203 2569 2415 2694 plurimi
2436 2579 2581 2625 certe
2602 2570 2897 2627 faciendam
2928 2569 3135 2643 1197
3157 2573 3226 2626 ab
3246 2572 3369 2626 aliis
3384 2571 3758 2640 antiquioribus

2246 2640 2473 2694 istoricis
2500 2644 2772 2694 accepisse
2805 2658 2898 2694 nar
2928 2654 3008 2694 est
3048 2644 3297 2694 credere.
3326 2643 3413 2694 cui
3446 2642 3647 2694 nullum
3663 2649 3758 2694 erat

2246 2640 2473 2695 istoricis
2500 2644 2772 2711 accepisse
2805 2658 2898 2708 par
2928 2640 3025 2697 Est—
3043 2640 3297 2707 credere,
3326 2643 3413 2697 cui
3446 2642 3647 2696 nullum
3663 2649 3761 2695 erat

2200 2711 2807 2782 illiusteomminiscendi
2839 2727 3017 2782 aperte
3048 2714 3295 2782 pretium.
3342 2712 3436 2769 Sic
3468 2713 3627 2780 igitur
3652 2714 3763 2767 scri-

2201 2780 2278 2854 bit
2307 2779 2460 2854 (Lib.
2478 2798 2568 2854 ιη
2583 2799 2698 2852 cap.
2722 2785 2815 2854 47)
2844 2802 2854 2835 :
2878 2779 3010 2839 Cum
3032 2779 3233 2851 quibus,
3258 2786 3452 2853 inquit,
3473 2779 3525 2837 et
3551 2782 3761 2836 Damnat

2200 2849 2419 2906 Joannis
2448 2853 2501 2907 in
2520 2849 2754 2908 Ecclesia
2774 2849 3087 2907 Antiochena
3115 2849 3373 2909 successor
3392 2895 3408 2919 ,
3454 2855 3763 2907 cunctatione

2201 2938 2295 2975 sua
2316 2939 2379 2995 ea;
2397 2932 2512 2995 tum
2535 2925 2869 2991 confirmavit.
2896 2924 2960 2977 At
2989 2926 3121 2978 idem
3148 2926 3385 2995 potestati
3402 2940 3515 2978 sua:
3538 2924 3762 2988 redditas,

2200 2994 2337 3062 quod
2367 2993 2470 3047 illis
2494 2996 2741 3060 cessisset,
2768 2997 3079 3059 retractavit,
3114 2993 3362 3049 Dioscoro
3405 3006 3453 3047 et
3478 2995 3766 3065 principibus

2201 3079 2264 3117 ea:
2292 3065 2412 3117 aula
2437 3065 2689 3135 imperiali
2728 3067 2850 3120 viris
2888 3069 3144 3131 resistens,
3170 3073 3216 3119 et
3245 3076 3424 3119 contra
3454 3066 3671 3129 decreta,
3693 3072 3765 3116 ut-

2202 3143 2317 3203 pote
2346 3152 2459 3203 qua:
2485 3136 2722 3189 adversus
2745 3136 3110 3190 ecclesiasticas
3130 3138 3419 3189 sanctiones
3442 3137 3584 3206 facta
3602 3144 3769 3199 essent,

2199 3207 2518 3277 vociferans,
2547 3207 2894 3276 synodumque
2932 3208 3140 3277 impiam
3170 3207 3458 3277 appellans,
3493 3216 3542 3261 et
3569 3206 3772 3260 subscri—

2197 3276 2416 3348 ptionem
2443 3277 2659 3345 denique
2679 3294 2827 3331 suam
2850 3278 2993 3331 reddi
3015 3278 3112 3332 sibi
3131 3276 3395 3348 flagitans.
3425 3278 3611 3331 Verum
3630 3293 3775 3346 syno-

2198 3346 2296 3399 dus
2322 3363 2381 3400 ea
2406 3348 2468 3401 de
2490 3362 2644 3401 causa
2661 3349 2776 3401 huic
2796 3365 2994 3418 quoque
3015 3346 3383 3402 sacerdotalem
3397 3350 3587 3403 ademit
3615 3349 3775 3417 digni-

2198 3425 2366 3488 tatem.
2421 3418 2595 3472 Aliam
2647 3418 2993 3488 depositionis
3051 3434 3267 3475 causam
3323 3419 3515 3474 afferre
3572 3418 3777 3488 videtur

2200 3486 2502 3553 Liberatus,
2532 3502 2655 3543 cum
2683 3485 2795 3543 hinc
2825 3490 3030 3551 scribit,
3062 3505 3182 3559 cap.
3224 3490 3289 3543 12
3314 3489 3571 3545 Breviarii
3601 3505 3617 3559 ς
3650 3485 3780 3559 Post

2202 3573 2371 3612 omnes
2401 3569 2571 3613 autem
2612 3570 2658 3613 et
2692 3561 2946 3613 Damnum
2976 3556 3343 3614 Antiochenam
3380 3556 3665 3630 (deposuit
3696 3572 3778 3609 rc-

2200 3639 2485 3702 manentem
2503 3630 2562 3683 ab
2585 3632 2987 3702 orthodoxorum
3018 3628 3485 3702 depositione:quia
3510 3628 3780 3702 particeps

2201 3700 2363 3770 factus
2377 3698 2609 3755 Dioscori
2624 3702 2682 3770 in
2697 3702 3009 3770 depositione
3028 3698 3430 3770 arthodoxorum
3452 3709 3492 3751 et
3518 3698 3786 3769 Eutyche-

2202 3771 2266 3823 tis
2289 3770 2624 3825 absolutione.
2658 3769 2930 3839 Depositus
2956 3780 3125 3827 autem
3159 3781 3233 3826 est
3262 3772 3379 3825 dolo
3407 3769 3649 3824 Dioscuri
3690 3770 3780 3822 sic.

2201 3839 2483 3910 Postquam
2528 3844 2779 3897 consensit
2825 3844 2880 3895 in
2933 3843 3166 3897 omnibus
3209 3842 3488 3907 Dioscoro,
3548 3842 3688 3893 datis
3734 3840 3785 3892 in

2200 3913 2371 3984 medie
2388 3914 2497 3982 cjus
2513 3912 2741 3981 epistolis
2764 3929 2891 3983 quas
2903 3914 2971 3967 ad
2988 3917 3155 3984 ipsum
3182 3913 3483 3967 Dioscorum
3509 3912 3785 3965 Antioche-

2202 3999 2296 4036 nus
2338 3980 2567 4037 Domnus
2606 3980 2785 4037 contra
2825 3980 3097 4038 duodecim
3117 3983 3299 4054 Cyrilli
3324 3985 3559 4048 capitula
3580 3985 3787 4050 scripse-

2201 4063 2312 4120 rat,
2352 4069 2408 4107 eo
2454 4055 2591 4123 quod
2634 4063 2797 4109 essent
2837 4056 3052 4108 obscura
3076 4096 3089 4119 ,
3148 4056 3410 4109 damnavit
3458 4064 3718 4125 wgrotum
3744 4060 3788 4105 et

2200 4125 2458 4179 absentem
2477 4125 2568 4178 illa
2589 4124 2690 4179 dis.
2717 4125 2829 4179 Duo
2851 4125 2940 4180 isti
2960 4134 3206 4181 auctores
3229 4125 3385 4180 facile
3405 4125 3787 4187 conciliantur,

2199 4195 2245 4265 si
2276 4194 2475 4250 dixeris
2503 4198 2732 4265 primum
2784 4212 2963 4251 veram
2998 4196 3255 4251 rationem
3296 4197 3556 4250 attulisse
3597 4210 3693 4249 cur
3727 4194 3787 4247 de

2201 4264 2517 4334 deponendo
2538 4266 2747 4322 Damno
2777 4269 3022 4337 cogitarit
3052 4269 3373 4331 Dioscorus;
3397 4267 3647 4323 alterum
3676 4279 3791 4321 vero

2201 4349 2318 4408 eam
2347 4339 2661 4407 exposuisse
2682 4378 2697 4404 ,
2740 4352 2899 4407 quam
2934 4338 3177 4408 pessima:
3205 4337 3504 4408 proditioni
3533 4338 3792 4393 obtende-

2200 4406 2291 4478 bat
2320 4425 2333 4460 :
2365 4406 2522 4462 nemo
2552 4409 2694 4463 enim
2727 4406 3014 4464 crediderit
3044 4410 3108 4463 ad
3137 4410 3186 4463 id
3207 4406 3668 4478 perpetrandum
3690 4408 3794 4462 relo

525 4466 716 4549 turbat,
749 4479 960 4549 quantae
996 4472 1284 4549 seditiones
1317 4489 1412 4549 pro
1444 4489 1550 4549 una
1591 4466 1845 4529 Dioscoro
1882 4477 2095 4530 homine
2121 4479 2177 4541 Ι)
2200 4477 2323 4549 tidei
2367 4486 2574 4549 motum
2621 4493 2740 4534 esse
2770 4480 3102 4535 Dioscorum.
3135 4466 3509 4549 Usque-adeo
3557 4490 3739 4535 autem
3769 4494 3796 4531 ι

526 4532 795 4615 impio'ae
834 4540 1128 4615 sceleribus
1175 4532 1355 4615 inlanii
1392 4544 1643 4615 excitatae
1677 4553 1801 4598 sunt
1849 4549 2091 4615 sequenti

524 4606 696 4688 anno}
729 4605 877 4688 Dicet
918 4612 1114 4680 quippe
1158 4614 1466 4688 publicenin
1495 4613 1723 4688 concilio
1762 4605 2092 4673 oecunienica

524 4683 761 4753 unanimi
792 4691 1159 4735 sexcentarum
1176 4692 1230 4737 et
1248 4683 1475 4752 amplius
1496 4685 1865 4753 episcoporum
1879 4698 2093 4742 senten-

527 4744 908 4834 tiahdainnatus
937 4744 1563 4834 essetatquedepositus',
1593 4744 1880 4834 vix'tamen
1904 4758 2090 4834 adduci

523 4822 810 4898 potuerunt
838 4820 1183 4898 Alexandrini
1212 4832 1270 4898 ut
1298 4820 1457 4898 alium
1488 4826 1547 4898 in
1570 4825 1684 4894 ejus
1713 4826 1900 4898 locum
1931 4829 2091 4898 elige-

522 4895 663 4951 rent,
678 4892 904 4963 tatxietsi
938 4894 1037 4947 hoc
1058 4894 1215 4948 etiam
1240 4894 1491 4963 juberent
1535 4892 1835 4962 imperiales
1861 4892 2089 4956 sanctio-

519 4957 834 5040 ncetisuper
850 4962 944 5015 hoc
959 4964 1110 5040 enim,
1132 4957 1303 5040 inquit
1317 4967 1597 5040 Liberatus
1612 4957 1766 5038 (Cap.
1795 4969 1905 5040 15),
1926 4974 2087 5026 multa

519 5026 767 5083 dubitatio
795 5034 1033 5110 processit
1054 5076 1080 5110 ,ᾗ
1097 5026 1418 5110 (volentibus;
1438 5026 1686 5092 neminem
1712 5026 1913 5110 penitus
1943 5043 2086 5096 ordi-

519 5113 762 5181 narelune
788 5106 1009 5181 adulteri
1028 5108 1319 5181 viderentur
1336 5149 1350 5174 ,
1381 5106 1627 5163 Diascoro
1661 5106 1847 5181 quippe
1874 5113 2083 5167 vivente.

543 5237 553 5247 .
591 5169 752 5253 XVII:
782 5172 866 5227 14.
900 5175 1144 5253 [νωτίωὲ
1173 5169 1544 5253 episcoporum
1572 5169 1843 5253 causse'ae
1872 5182 2087 5253 deposi-

520 5246 692 5295 tiones
739 5246 790 5296 iu
831 5248 1035 5316 synodo
1075 5246 1496 5305 ChalCedanensi
1524 5246 2085 5309 accuratissime'dis-

518 5323 701 5395 cus-ste
732 5325 854 5368 sunt
878 5356 894 5382 ,
925 5319 1082 5395 etiam
1108 5334 1241 5395 quae
1268 5320 1347 5395 ad
1382 5320 1647 5395 propriam
1691 5323 1881 5393 synodi
1930 5326 2086 5395 hujus

517 5389 794 5465 materiam
815 5401 916 5465 non
939 5389 1252 5465 attinebant,
1279 5389 1439 5465 etiam
1462 5389 1833 5465 episcoporum
1856 5389 2082 5463 quorum

518 5463 690 5506 causa:
714 5461 827 5523 jam
863 5461 916 5510 in
946 5461 1186 5517 conciliis
1217 5461 1720 5518 ventilattelueraut
1743 5504 1757 5531 ,
1810 5461 1910 5520 nec
1943 5469 2082 5534 paris

2198 4547 2499 4618 Nicephoro
2542 4548 2848 4605 Liberatum
2922 4566 3025 4605 non
3079 4547 3366 4605 dissentire
3403 4551 3708 4615 existimo,
3747 4559 3797 4604 ut

2202 4620 2446 4693 eamdem
2472 4620 2552 4693 ab
2593 4629 2818 4693 utroque
2856 4622 3116 4677 rationem
3159 4622 3374 4693 allatam
3417 4636 3560 4678 esse
3602 4631 3799 4693 putem,

2198 4703 2356 4766 quam
2387 4691 2439 4744 in
2471 4691 2717 4766 Liberata
2735 4691 3052 4766 'abseuravit
3081 4692 3380 4766 scribarum
3412 4691 3801 4766 antity'pogra-

2200 4762 2797 4834 phorumoscitantium
2820 4764 3150 4831 allucinatio,
3186 4762 3295 4834 nisi
3316 4778 3403 4834 me
3436 4762 3594 4820 {allii
3616 4762 3791 4834 conje-

2197 4840 2367 4906 ctura.
2399 4832 2550 4906 Illius
2574 4842 2955 4906 certetextus,
2984 4849 3143 4902 quem
3177 4833 3339 4889 modo
3375 4832 3801 4906 descripsimus,

2199 4903 2290 4955 vix
2324 4904 2589 4976 ac_nevix
2620 4904 2835 4973 quidem
2867 4920 3083 4959 sensum
3124 4920 3419 4975 congruum
3458 4903 3659 4976 potest
3699 4907 3805 4963 elli-

2190 4988 2333 5051 c_ere.
2365 4973 2500 5040 Quid
2525 4977 2703 5051 enim
2736 4976 2837 5030 sibi
2876 4977 2987 5030 vult
3028 4975 3169 5046 quod
3220 4973 3529 5051 Dioscorus
3568 4979 3805 5051 deposuit

2195 5042 2456 5098 Damnum
2503 5045 2870 5099 Antiochenam
2905 5042 3242 5101 remanentem
3278 5047 3340 5099 ab
3376 5042 3808 5105 orthodofcartm

2191 5116 2539 5191 depositione,
2584 5118 2705 5191 quia
2749 5118 2999 5191 particeps
3036 5122 3202 5191 factus
3238 5117 3487 5191 Dioscori
3544 5123 3607 5175 in
3651 5122 3807 5191 depo-

2196 5186 2380 5259 sitione
2413 5186 2813 5259 orthodoxorum
2860 5198 2906 5241 et
2944 5186 3198 5259 'Eutychis
3236 5189 3624 5248 absolutione?
3654 5186 3811 5248 Vides

2193 5258 2335 5334 enim
2370 5256 2452 5312 his
2475 5259 2653 5334 verbis
2683 5273 2897 5334 merant
2916 5256 3255 5328 batto’logiam
3288 5259 3538 5334 subesse
3561 5306 3579 5329 ,
3614 5266 3813 5334 vixque

2191 5327 2299 5383 dici
2331 5342 2486 5397 posse
2516 5329 2642 5397 quid
2669 5329 2768 5382 sibi
2800 5328 2956 5394 velit,
2986 5327 3327 5384 remanentem
3366 5330 3434 5383 ab
3476 5327 3812 5389 orthodoio-

2192 5414 2307 5473 rum
2347 5400 2700 5473 depositione;
2752 5415 2847 5473 pro
2901 5400 3094 5469 quibus
3129 5403 3175 5455 si
3219 5401 3333 5473 [nec
3361 5406 3815 5473 lsupposueris:

2192 5468 2445 5539 Deposuit
2504 5468 2769 5523 Damnum
2820 5468 3215 5527 Antiochenam
3261 5471 3321 5524 ab
3363 5468 3817 5532 “amabamus.

1559 5579 2113 5638 BALLERINIORUM
2151 5580 2694 5641 ANNOTATIUNES.

615 5661 666 5743 ρ)
695 5663 879 5743 _Nul_lus
907 5682 968 5724 ex
983 5671 1063 5743 _iis
1086 5670 1175 5743 qui
1195 5675 1424 5729 correcti
1454 5674 1848 5729 restitutionem
1880 5676 2085 5743 petiere

519 5744 556 5793 δ
578 5734 997 5796 Cltaleedaueusi
1020 5734 1262 5810 repulsus
1293 5742 1413 5801 luit.
1447 5746 1681 5803 Domnus
1707 5734 2088 5819 autem'repul-

2194 5692 2285 5732 sus
2316 5676 2423 5732 dici
2454 5678 2657 5749 nequit,
2702 5678 2826 5747 quia
2860 5692 3098 5738 eremum
3127 5694 3448 5739 secessum:
3502 5685 3826 5749 restitutio-

2198 5763 2322 5807 nem
2350 5762 2448 5806 uec
2475 5747 2627 5821 petiit
2648 5762 2749 5807 nec
2770 5750 2958 5823 voluit.
