3994 6310
205 385 308 442 729

743 383 1289 440 BALLERINIORUM
1329 380 1890 441 OBSERVATIONES
1930 384 1996 439 IN
2034 381 2338 441 DISSERT.
2379 382 2448 440 IX
2487 386 2890 456 QUESNELLI.

3333 388 3438 445 750

274 499 525 565 Sequitur
573 498 890 553 breviarium
937 499 1204 552 actionum
1269 499 1438 554 tertia:
1487 507 1540 552 et
1582 506 1769 552 sextae.
1800 499 1846 557 Α
1879 497 1928 552 in
1953 499 2112 566 epist.
2145 500 2265 552 Ηῦ.
2300 499 2456 553 Actio
2483 499 2550 552 de
2574 501 2958 569 compositione
2985 504 3122 557 inter
3152 504 3432 558 Maximum

204 572 341 624 Sunt
370 570 487 623 dua:
515 570 795 638 principum
821 569 1058 624 actiones
1085 569 1315 628 concilii.
1348 585 1413 622 ex
1445 569 1637 638 quibus
1663 583 1766 638 ca:-

204 650 316 695 tcra
339 641 456 694 aliis
486 637 924 694 antecedentibus
951 641 1245 693 actionibus
1272 649 1419 709 gesta
1447 637 1577 692 satis
1608 637 1768 692 intel-

204 713 456 779 liguntur.
491 711 816 765 Breviarium
855 710 1029 764 tertiac
1059 711 1303 772 actionis,
1341 725 1444 779 qua
1480 709 1767 762 Dioscorus

203 785 487 836 damnatus
526 782 644 845 iuit,
698 782 776 834 sic
813 780 1088 834 exorditur
1119 796 1133 835 :
1163 779 1351 848 Incipit
1399 790 1545 832 actus
1583 780 1767 847 synodi

203 853 648 915 Chalcedonensis,
685 867 798 918 quae
833 861 1137 920 congregata
1181 861 1250 904 est
1281 866 1336 904 Ill
1363 852 1478 902 idus
1511 849 1762 903 Octobris.

203 923 559 977 Residentibus
602 922 851 991 episcopis
892 921 1252 992 suprascriptis
1288 922 1499 992 legitur,
1529 930 1657 982 etc.,
1690 920 1765 973 uti

202 994 387 1047 videre
403 1003 484 1047 est
506 1003 635 1046 tom.
660 992 722 1046 IV
747 991 1078 1046 Concil.col.
1102 992 1263 1046 2065.
1286 991 1615 1045 Breviarium
1639 1004 1768 1043 vero

202 1066 427 1117 actionis
456 1072 643 1127 sextae,
689 1079 793 1131 qua
823 1063 1063 1116 definitio
1102 1061 1223 1115 ﬁdei
1265 1062 1407 1116 edita
1448 1071 1552 1122 est,
1583 1059 1767 1131 incipit

202 1149 323 1188 cum
357 1135 456 1188 hoc
489 1133 644 1187 titulo
675 1127 844 1187 :Item
865 1132 1296 1186 Cltalcedoncnses
1325 1142 1500 1184 octavo
1528 1131 1631 1184 kal.
1656 1127 1771 1184 No-

202 1206 416 1258 vembris
458 1215 597 1276 gesta
631 1207 725 1276 hoc
758 1204 1047 1276 continent.
1078 1202 1304 1276 _Ii_esidet
1344 1203 1631 1276 i_rnperator_
1647 1217 1772 1276 fugi

203 1270 477 1346 episcOpis;
493 1283 622 1337 etc.,
647 1275 722 1346 uti
756 1273 970 1346 laudato
1002 1282 1040 1326 t.
1078 1271 1168 1346 l_V,
1194 1272 1297 1346 col.
1347 1271 1493 1346 2066Δ
1523 1280 1578 1326 et
1604 1270 1767 1346 2067ἶ

274 1341 407 1398 Tum
445 1360 566 1414 pag.
602 1345 668 1398 l5
713 1343 926 1396 additur
970 1343 1145 1414 versio
1187 1342 1350 1414 trium
1395 1343 1676 1414 actionum
1703 1341 1770 1394 ad

202 1411 491 1469 Maximum
515 1414 909 1469 Antiochenum
932 1411 1338 1479 pertinentium,
1357 1427 1581 1481 quarum
1600 1411 1770 1478 prima

203 1501 370 1556 agens
396 1487 463 1539 de
507 1484 896 1556 compositione
937 1483 1362 1556 intercurndern
1405 1482 1773 1556 Maximumet

205 1550 515 1610 Iuvenalem
543 1550 1045 1622 Jerosolymitanum
1084 1553 1264 1605 habita
1295 1552 1391 1605 fuit
1431 1568 1500 1606 vn
1529 1551 1633 1606 kal.
1665 1550 1771 1604 No-

206 1627 478 1688 vembris;
520 1626 683 1678 altera
715 1623 894 1677 habita
929 1637 981 1675 vt
1013 1622 1118 1676 kal.
1143 1622 1383 1689 ejusdem
1419 1624 1636 1681 mensis.
1672 1622 1771 1673 Do-

207 1697 322 1749 mni
353 1710 564 1749 causam
595 1695 840 1761 respicit;
872 1695 1021 1747 tertia
1053 1708 1182 1746 vero
1211 1691 1310 1746 etsi
1342 1693 1392 1746 in
1415 1692 1596 1745 codice
1621 1691 1769 1744 nullo

210 1765 574 1820 distinctionis
603 1765 755 1819 titulo
786 1771 1127 1832 prtenoletur,
1161 1761 1372 1815 diversa
1398 1770 1578 1832 tamen
1608 1774 1770 1829 agno-

211 1837 383 1890 scitur
406 1852 474 1890 ex
516 1835 599 1889 die
622 1830 855 1895 diverso,
889 1834 969 1885 dic
997 1834 1154 1900 (forte
1180 1832 1366 1898 pridie)
1397 1830 1503 1884 kal.
1536 1830 1766 1885 Novem-

209 1907 354 1968 bris;
389 1909 603 1974 lizccque
631 1905 695 1957 de
719 1903 968 1974 Juvenali
991 1901 1146 1955 simul
1175 1915 1236 1954 ac
1263 1903 1332 1974 de
1357 1901 1559 1974 Domno
1582 1915 1763 1974 agens,

205 1990 271 2029 ex
306 1977 423 2028 solo
447 1971 546 2028 hoc
567 1974 747 2028 codice
769 1973 1019 2038 suppetit,
1045 1971 1472 2039 sententiamque
1492 1971 1769 2038 Quesnelli

201 2047 376 2098 multo
407 2043 723 2098 luculentius
760 2042 984 2105 refellit;
1031 2057 1133 2110 qua
1176 2042 1243 2094 de
1288 2057 1346 2096 re
1373 2051 1553 2110 postea
1585 2041 1769 2096 dicen.

199 2115 463 2238 gumcrit
493 2113 728 2182 pluribus
758 2122 1036 2182 postquam
1075 2112 1172 2166 bas
1206 2119 1315 2165 tres
1349 2112 1588 2166 actiones
1615 2111 1770 2166 exhi-

239 2198 501 2238 uertmus.

239 2198 501 2239 uertmus.

277 2255 405 2324 l’ag.
431 2257 496 2308 16
517 2255 706 2308 iterum
728 2252 999 2324 profertur
1029 2251 1283 2306 allocutio
1311 2252 1562 2324 hlarciani
1593 2252 1658 2306 atl
1685 2266 1774 2322 sy-

198 2325 405 2380 nodum
442 2325 538 2379 hoc
574 2325 726 2380 titulo
756 2323 930 2378 eidem
961 2325 1273 2391 prtescripto
1298 2339 1311 2375 :
1341 2323 1594 2376 Allocutio
1624 2325 1776 2389 impc-

199 2397 392 2450 raloris
425 2394 697 2449 Marciani.
720 2393 846 2448 Cum
872 2396 925 2448 in
953 2404 1129 2447 sancta
1156 2393 1556 2464 Chalcedonensi
1580 2395 1777 2464 synodo

197 2468 556 2519 convenissent
610 2475 853 2536 prwsertte
894 2465 1122 2537 Augusta
1162 2461 1437 2518 Pulclreria
1479 2461 1631 2518 dixit.
1680 2464 1776 2519 Ubi

198 2539 450 2606 primum,
480 2546 586 2606 etc.

274 2607 410 2675 Pag.
439 2608 501 2676 i7
527 2623 544 2661 :
570 2604 758 2676 Incipit
783 2605 1072 2660 constitutio
1099 2605 1168 2676 qd
1200 2605 1450 2674 synodum
1491 2602 1775 2659 Chalcedo-

199 2674 438 2732 nensent.
458 2674 746 2748 Imperator
759 2677 1075 2730 Marcianus.
1095 2674 1316 2728 Tandem
1330 2676 1626 2748 qliquando,
1643 2687 1773 2744 etc.,

199 2749 278 2802 uti
319 2749 370 2801 in
413 2744 730 2803 collectione
759 2747 1154 2815 Quesnelliana,
1185 2761 1302 2812 cap.
1335 2744 1422 2799 26.

275 2818 484 2888 Eadem
517 2819 707 2888 pagina
735 2836 747 2871 :
779 2818 965 2888 Incipit
995 2816 1098 2870 alia
1119 2818 1410 2888 constitutio
1437 2817 1567 2871 diem
1592 2834 1778 2888 mento-

201 2891 304 2943 riae
340 2886 667 2960 Marcioniin
687 2890 837 2960 (Leg.
866 2886 985 2960 pro)
1012 2886 1205 2960 syuodo
1233 2886 1652 2960 Chalcedonensi.
1674 2886 1776 2940 Int-

201 2970 416 3030 perator
443 2957 738 3013 Marcianus
768 2957 1024 3028 Augustus
1044 2957 1300 3030 Palladio
1332 2959 1784 3030 prwfectoprwto-

201 3027 298 3084 rii.
350 3030 699 3084 Venerabilem
742 3027 1006 3084 cath’olicte
1047 3027 1447 3081 orthodoxorum
1477 3029 1618 3094 fidei,
1651 3038 1780 3092 etc.,

201 3117 337 3172 qua:
463 3102 763 3171 supradicta
806 3099 1080 3168 Quesnelli
1128 3098 1448 3153 collectione
1495 3098 1781 3165 recitatur,

202 3189 334 3226 can.
441 3211 457 3226 .

202 3189 334 3242 cap.
366 3176 457 3227 27.

1801 1869 1845 1929 Β

283 3237 418 3312 Pag.
454 3244 538 3307 18,
569 3243 792 3313 epistola
823 3241 1018 3297 Leonis
1059 3253 1210 3310 papae
1247 3239 1312 3313 ad
1350 3237 1594 3313 eamdem
1622 3253 1784 3310 syno-
1810 3242 1857 3307 C

207 3308 518 3382 duquure
541 3308 803 3367 in'nostra
832 3308 1071 3382 editione
1089 3319 1171 3364 est
1200 3309 1356 3382 epist.
1389 3308 1508 3364 1M.

285 3379 432 3508 LPag;
449 3383 696 3510 ti9é7alia
733 3383 972 3454 ejusdem
1005 3381 1069 3436 ad
1100 3381 1426 3446 Anatolium,
1478 3395 1594 3450 qua:
1636 3379 1790 3435 nobis

329 3469 446 3510 eois
475 3493 489 3507 .
593 3494 607 3508 .

207 3463 299 3509 est
329 3455 489 3523 epist.
520 3456 607 3510 87.

288 3521 686 3650 Ptlk:?0§931ia
728 3523 794 3578 ad
820 3524 1197 3593 imperatorem
1244 3523 1588 3578 Marcianum.
1627 3521 1790 3578 Nobis

331 3610 445 3650 eois
475 3635 488 3648 .
589 3638 601 3649 .
1008 3622 1016 3629 -

208 3605 301 3652 εει
331 3604 488 3652 CDlSl.
514 3604 601 3650 89.
1008 3622 1016 3629 ·

514 3613 734 3736 1[digium
766 3666 867 3720 alta
897 3665 961 3720 ad
984 3663 1243 3736 synodum
1273 3662 1783 3732 Chalcedonensem,

208 3751 339 3806 qua:
365 3747 449 3792 est
476 3737 632 3806 epist.
660 3738 746 3793 93.

291 3809 424 3876 Pag.
449 3803 538 3872 2i,
569 3809 672 3862 alia
700 3808 765 3862 ad
809 3807 1156 3873 Marcianum,
1188 3820 1306 3875 quin
1336 3807 1393 3863 in
1432 3807 1530 3860 hac
1557 3803 1790 3860 editione

209 3889 302 3934 est
324 3881 486 3948 epist.
529 3877 614 3932 94.

289 3945 534 4003 Tandem
567 3963 686 4017 pag.
717 3947 786 4000 22
815 3965 826 4000 :
861 3946 1152 4016 Imperator
1200 3946 1497 4002 Marcianus
1535 3945 1790 4016 Augustus

210 4019 470 4074 Palladio
512 4020 750 4089 praefecto
786 4020 1033 4090 praetorii.
1074 4018 1211 4090 Licet
1247 4019 1399 4090 etiam
1443 4017 1790 4090 sacratissima

210 4086 629 4215 constggtione,‘
659 4098 765 4147 etc.
787 4086 808 4156 ⁷,
870 4091 946 4144 uti
999 4091 1053 4144 in
1108 4089 1381 4155 Quesnelli
1428 4086 1786 4152 collectione,

210 4175 339 4215 can.
445 4202 457 4214 .

207 4175 339 4216 C30.
366 4175 457 4215 ιδ.

282 4176 464 4287 ἓ..
513 4229 874 4301 ρτπεῑθιιιίίιῐη
924 4229 1085 4298 hujus
1129 4227 1415 4301 rarissima:
1460 4224 1792 4301 collectionis

206 4303 452 4371 quisque
477 4295 788 4370 perspiciat,
823 4295 1354 4371 animadvertendum
1391 4307 1472 4352 est
1509 4295 1565 4371 in
1585 4295 1788 4371 iudiea-

209 4365 286 4426 tis
321 4365 658 4426 documentis
695 4385 757 4425 ea
777 4365 851 4424 ex
879 4369 1406 4424 Chalcedonensibus
1434 4367 1600 4436 gestis
1626 4365 1792 4436 colle-

204 4452 301 4496 cta
335 4442 526 4506 fuisse,
565 4457 680 4511 qua:
715 4441 961 4509 primitus
989 4441 1200 4494 vivente
1227 4439 1405 4493 Leone
1441 4435 1632 4511 Latine
1669 4435 1790 4511 red-

203 4513 328 4568 dita
357 4506 597 4576 fuerunt;
623 4506 922 4580 cujusmodi
945 4521 1026 4565 est
1046 4511 1222 4580 versio
1243 4511 1459 4578 integrae
1485 4509 1595 4580 iere
1623 4506 1789 4560 actio-

208 4584 305 4638 nis
338 4599 412 4646 vt,
445 4592 498 4637 et
526 4583 627 4636 alia
665 4579 839 4636 v’ersio
869 4579 1196 4636 deﬁnitionis
1233 4580 1357 4634 tidei
1386 4596 1398 4632 :
1430 4579 1571 4634 unde
1600 4585 1789 4630 auctor

203 4652 556 4709 collectionis
585 4652 1000 4719 Quesnelliame,
1031 4666 1150 4721 quae
1175 4653 1411 4706 anterior
1435 4649 1677 4705 versione
1703 4647 1786 4721 in:

201 4733 364 4794 tegra
415 4717 652 4778 omnium
684 4733 923 4794 actorum
965 4717 1513 4794 Chalcedonensium,
1551 4734 1653 4794 non
1684 4717 1786 4772 nisi

203 4790 424 4864 primas
473 4793 1225 4864 interpretationesrecepit,
1256 4801 1418 4863 caput
1467 4790 1782 4864 vigesimum

198 4860 462 4933 quintum
509 4878 574 4918 ex
619 4860 704 4918 his
743 4863 1078 4919 versionibus
1117 4860 1396 4933 derivavit,
1446 4873 1505 4916 ut
1542 4860 1787 4933 superius

201 4931 704 5004 nionuimus.vlpsa
734 4949 946 5004 quoque
976 4932 1364 4988 inconcinnitas
1391 4943 1444 4987 et
1472 4932 1675 5004 ruditas
1706 4931 1786 4983 in-

196 5006 545 5075 terpretandi
577 5003 804 5073 primum
844 5004 1006 5059 fetum
1049 5005 1355 5075 interpretis
1381 5019 1472 5075 seu
1519 5003 1784 5075 interpre-

197 5072 324 5130 tum
357 5076 560 5131 Graeca:
581 5072 781 5144 linguzc
811 5076 983 5129 minus
1029 5074 1323 5143 peritorum
1356 5073 1486 5128 satis
1523 5072 1780 5126 declarat.

192 5146 544 5202 Breviariutn
582 5145 806 5200 duarum
850 5146 1112 5198 actionum
1160 5144 1328 5199 tertia:
1356 5155 1409 5199 et
1444 5151 1616 5198 sextze
1657 5156 1778 5198 esse

192 5217 342 5272 illud
374 5216 696 5271 breviarium
727 5216 866 5285 quod
897 5215 1138 5270 Julianus
1179 5215 1399 5270 Coensis
1429 5215 1494 5268 ad
1541 5213 1776 5285 Leonem

192 5289 378 5355 misit,
403 5290 532 5342 satis
559 5283 908 5355 probabiliter
937 5287 1278 5341 ostendemus
1309 5286 1360 5340 in
1392 5283 1781 5355 observationi:

193 5360 314 5414 bus
332 5353 399 5413 ad
423 5353 584 5413 not.2
601 5357 770 5429 (Tom.
796 5357 1151 5427 praeced.,col.
1183 5357 1410 5424 “55m.
1435 5355 1481 5425 Ι³)
1505 5353 1780 5422 Quesnelli

277 5499 361 5569 (a)
391 5499 533 5568 Lege
569 5497 675 5553 VC.
703 5497 944 5566 magistro
986 5495 1205 5569 militum
1243 5503 1316 5569 et”
1344 5495 1617 5569 eagconsttle
1647 5493 1786 5569 ordi-

189 5563 385 5636 nario,
408 5563 540 5634 etc.,
573 5570 648 5622 uti
679 5563 842 5636 liquet
868 5583 932 5622 ex
958 5566 1111 5636 actJ
1145 5572 1202 5619 et
1231 5564 1448 5636 aliis,_in
1478 5565 1670 5632 quibus
1699 5563 1785 5618 hic

190 5633 665 5696 idem'AnatOIius
689 5633 1008 5691 nominatur.
1041 5635 1152 5689 lloc
1173 5644 1349 5688 autem
1377 5633 1495 5687 loco
1525 5643 1782 5700 praaterea

187 5712 506 5767 notandum
545 5719 649 5774 est,
682 5708 795 5762 bmc
823 5717 878 5761 et
905 5706 1180 5774 sequentia
1213 5704 1567 5774 veritatisque
1595 5702 1783 5774 adre-

186 5781 576 5836 vercntissimis
621 5772 866 5847 episc0pis
909 5772 1094 5830 deesse
1132 5776 1182 5828 in
1221 5773 1494 5847 codicibus
1538 5772 1774 5847 Rustici;

186 5851 356 5911 unde
385 5853 466 5909 vel
495 5853 548 5905 in
579 5843 676 5904 hoc
705 5843 939 5904 exactior
963 5855 1045 5902 est
1071 5855 1249 5902 nostra
1280 5843 1665 5916 interpretatio.

1874 579 1927 623 et
1949 569 2261 623 Iuvenalem
2285 571 2588 624 versionem
2618 571 2832 624 exhibet
2852 573 3114 628 diversam
3136 590 3242 627 non
3261 575 3434 628 solum

1869 640 1935 693 ab
1961 640 2399 705 interpretatione
2417 640 2644 710 Rustici,
2665 657 2779 704 qua:
2804 641 2990 710 legitur
3010 653 3133 697 tom.
3155 645 3217 698 IV
3244 645 3432 710 Conc.,

1867 711 1970 784 col.
2010 710 2171 784 1515,
2199 726 2381 784 verum
2404 710 2562 764 etiam
2590 709 2657 762 ab
2677 709 2909 784 antiqua,
2939 729 3056 782 quze
3082 714 3277 769 ibidem
3310 709 3436 784 pro?-

1869 779 2040 835 fertur
2081 782 2185 835 col.
2221 781 2384 844 2035,
2428 795 2601 849 eaque
2630 781 2889 835 vetustior
2920 779 3241 850 agnoscitur.
3273 779 3347 848 ei,
3380 796 3437 839 ut

1869 853 2028 920 paulo
2051 861 2169 918 post
2195 851 2558 923 probabimus,
2597 866 2663 904 ex
2693 850 3032 920 originalibus
3066 856 3230 922 gestis
3261 855 3436 923 profe-

1870 933 1976 987 cta,
2005 937 2067 974 ac
2095 937 2226 977 sane
2254 922 2567 976 melioribus
2607 935 2762 990 quam
2806 937 2922 988 qua:
2955 923 3167 978 Rustico
3201 922 3272 978 ac
3301 926 3436 979 anti—

1869 1007 1974 1059 quo
1995 994 2230 1047 omnium
2251 1002 2488 1046 actorum
2516 993 2792 1060 interpreti
2816 992 2933 1044 usui
2957 990 3122 1046 fuere.
3149 994 3228 1048 Ab
3249 995 3434 1050 eodem

1870 1077 2000 1117 vero
2027 1062 2186 1131 hujus
2207 1064 2469 1117 versionis
2499 1070 2716 1116 auctore
2745 1078 2808 1116 ex
2843 1061 3027 1115 iisdem
3059 1063 3436 1120 sincerioribus

1871 1132 2073 1188 Graecis
2102 1135 2264 1202 gestis
2295 1132 2480 1186 Latine
2518 1131 2740 1186 reddita:
2778 1132 2925 1202 [uere
2964 1131 3082 1202 duae
3111 1133 3229 1186 alia:
3272 1136 3437 1189 actio-

1873 1218 1989 1266 nes,
2018 1204 2081 1254 de
2110 1201 2300 1269 quibus
2339 1202 2532 1257 redibit
2558 1217 2754 1256 sermo.
2784 1201 2958 1272 Ipsum
2989 1201 3233 1272 Latinum
3274 1205 3434 1272 origi-

1874 1273 1996 1327 nale
2028 1274 2232 1344 1223
2259 1273 2536 1344 exemplar
2559 1271 2894 1344 allocutionis
2925 1271 3175 1344 Marciani
3210 1271 3437 1340 impera-

1873 1342 2184 1411 toris,T|u’oTt
2197 1342 2258 1397 in
2282 1345 2378 1398 hac
2395 1343 2640 1397 versione
2664 1343 2945 1405 insertum,
2965 1342 3186 1410 antiquo
3202 1344 3438 1398 omnium

1873 1423 2112 1468 actorum
2145 1415 2442 1481 interpreti,
2471 1421 2524 1467 et
2563 1413 2765 1466 auctori
2797 1412 2956 1467 etiam
2987 1413 3296 1467 vetustioris
3326 1426 3442 1466 ver-

1873 1483 2038 1537 sionis
2067 1484 2116 1536 in
2147 1483 2422 1551 llispanica
2459 1492 2512 1538 et
2541 1482 2830 1536 lsidoriana
2854 1481 3264 1537 collectionibus
3296 1498 3443 1536 rece-

1826 1611 1836 1617 _
1872 1563 1979 1622 pta:
2015 1553 2179 1606 defuit
2206 1554 2284 1622 (1ιὶ
2329 1555 2470 1608 enim
2509 1567 2626 1607 eam
2677 1567 2740 1606 ex
2778 1551 2966 1607 Grrcco
3009 1552 3233 1608 reddere
3268 1553 3439 1607 coacti

1872 1623 2104 1691 fuerunt)
2134 1633 2249 1676 acta
2284 1623 2498 1677 concilii
2528 1623 2840 1692 primigenia
2873 1632 2924 1676 et
2950 1622 3229 1692 originalia
3260 1633 3443 1677 nostro

1871 1693 2149 1762 interpreti
2178 1705 2372 1760 prmsto
2395 1694 2557 1748 fuisse
2584 1693 2935 1760 demonstrat,
2969 1695 3018 1746 in
3049 1694 3240 1762 quibus
3263 1709 3325 1747 ea
3359 1694 3438 1748 al-

1871 1763 2067 1817 locutio
2110 1762 2296 1818 Latiue
2344 1775 2395 1818 et
2435 1763 2620 1819 Graece
2661 1765 3023 1832 pronuntiata,
3064 1773 3289 1833 utroque
3323 1778 3413 1818 ser

1873 1849 2032 1887 mone
2062 1833 2326 1904 descripta
2356 1835 2550 1897 fuerat,
2584 1844 2635 1888 ut
2663 1850 2727 1888 ex
2756 1834 2972 1888 Rustico
2998 1833 3298 1888 didicimus.
3330 1833 3435 1887 Le-

1873 1918 1964 1972 ges
1988 1905 2200 1958 tandem
2223 1921 2339 1968 sex.
2371 1913 2426 1959 et
2450 1919 2636 1958 omnes
2663 1905 2946 1972 originales
2973 1905 3191 1968 Latinze,
3221 1919 3282 1958 ac
3305 1904 3437 1958 Leo—

1876 1976 1959 2028 nis
1986 1975 2222 2044 epistolze
2254 1976 2361 2028 fere
2404 1974 2714 2036 rarissimae,
2761 1989 3051 2042 omnesque
3078 1977 3300 2029 sincera:
3326 1975 3440 2028 col-

1876 2045 2128 2099 lectorem
2168 2060 2233 2099 ex
2262 2047 2463 2114 optimo
2492 2045 2637 2099 fonte
2674 2046 2905 2100 ebibisse
2942 2047 3278 2099 conﬁrmant.
3318 2044 3443 2099 llmc

1875 2131 2003 2170 vero
2030 2116 2228 2182 omnia,
2261 2118 2304 2170 si
2336 2125 2522 2170 exacte
2547 2115 2964 2185 perpend'antur,
2997 2123 3246 2182 quantam
3275 2114 3434 2170 [idem

1875 2187 2164 2240 concilient
2205 2187 2323 2239 huic
2351 2187 2650 2241 collectioni
2679 2195 2732 2240 et
2756 2187 2951 2240 actioni
2983 2185 3081 2256 ipsi
3105 2185 3170 2239 de
3211 2185 3438 2250 Domno,

1877 2257 2398 2380 quantfuesnellus
2427 2271 2734 2327 expungere
2785 2257 2995 2322 nititur,
3035 2271 3192 2310 nemo
3235 2265 3317 2311 est
3351 2258 3443 2326 qui

1879 2344 1983 2380 non
2016 2344 2061 2380 \‘I
2105 2343 2162 2380 ea
2195 2367 2208 2380 .

1879 2344 1983 2380 non
2016 2338 2208 2382 videat.

1951 2399 2002 2451 7.
2030 2397 2180 2452 Nunc
2229 2399 2467 2454 actiones
2507 2407 2616 2453 tres
2645 2399 2708 2453 ad
2739 2397 3022 2454 Maximum
3053 2397 3440 2452 Antiochenam

1879 2469 2225 2536 pertinentes,
2270 2485 2493 2538 quarttm
2531 2471 2650 2524 duze
2680 2471 2938 2524 Domuum
2983 2469 3293 2536 respiciunt,
3328 2484 3444 2537 pro-

1879 2539 2131 2666 feremus,
2166 2550 2222 2595 ut
2263 2541 2562 2598 inlaudato
2606 2541 2789 2597 codice
2823 2541 3142 2598 exhibentur
3183 2555 3303 2596 cum
3349 2539 3448 2598 inoo

1903 2628 1914 2664 l
1945 2627 1974 2665 u
2003 2627 2054 2665 ο.

1903 2627 2054 2665 ιῑυιο.

1967 2747 2244 2814 Exemplar
2280 2756 2532 2816 gestorum
2567 2748 2631 2801 dc
2671 2745 2850 2802 Cra-co
2887 2747 2941 2800 in
2979 2745 3162 2802 Latino
3203 2742 3359 2816 (sic)

2505 2819 2827 2872 translatum.

1954 2949 2246 3005 Consulatu
2285 2949 2466 3004 domni
2509 2949 2678 3004 nostri
2717 2947 2958 3020 perpetui
2994 2947 3214 3018 Augusti
3240 2959 3312 2998 vn
3344 2943 3428 2997 kal

1885 3043 2018 3098 Nov.
2059 3043 2394 3098 Chalcedone
2441 3041 2733 3140 secundum
2775 3035 3452 3140 prceceptum-‘divinissiml,

1888 3141 2291 3197 clementissimi
2336 3141 2536 3195 domini
2565 3138 2814 3194 Marciani
2846 3113 3456 3208 perpetui-,rc'onveniem

1892 3235 2032 3290 tibus
2082 3234 2135 3288 in
2181 3241 2366 3288 sancta
2401 3231 2626 3287 ecclesia
2667 3242 2867 3285 sancta“:
2915 3229 3168 3301 martyris
3208 3227 3460 3283 Euientia.

1896 3325 1974 3397 (α)
2022 3340 2152 3381 vvcc
2196 3333 2250 3380 et
2290 3323 2526 3394 magistri
2568 3322 2797 3377 militum
2831 3320 3050 3376 consule
3098 3317 3374 3374 ordinario
3405 3326 3460 3375 e‘.

1891 3419 2112 3490 patricio
2142 3417 2428 3472 Anatholio
2457 3427 2510 3472 et
2545 3419 2660 3472 viro
2686 3415 2984 3471 clarissimo
3020 3423 3071 3469 et
3100 3413 3290 3468 illustri
3324 3426 3448 3482 pra:-

1893 3512 2031 3566 iccto
2054 3510 2312 3578 Palladio,
2333 3517 2386 3565 et
2414 3525 2464 3564 v.
2496 3524 2546 3564 c.
2576 3518 2629 3564 et
2660 3508 2852 3563 illustri
2880 3507 3134 3577 magistro
3161 3503 3458 3560 ol’llciorum

1891 3602 2223 3668 Vincomalo,
2254 3600 2694 3657 convenientibus
2715 3601 2873 3656 etiam
2903 3599 2978 3670 (b)
3007 3608 3062 3655 ct
3092 3595 3377 3653 Pascliasio
3405 3604 3460 3653 et

1891 3695 2230 3752 Lucullensio
2269 3695 2719 3751 reverentissimis
2771 3694 3058 3764 episcopis,
3095 3701 3146 3746 et
3189 3690 3456 3746 Bonifacic

1891 3788 2004 3842 viro
2027 3787 2276 3856 religioso
2305 3787 2617 3858 presbytero
2641 3786 2842 3841 vicario
2870 3783 3258 3853 archiepiscopi
3284 3781 3447 3837 senio

1892 3881 1966 3936 ris
2001 3881 2185 3935 Romae
2212 3879 2431 3946 Leonis,
2463 3889 2517 3934 et
2549 3878 2838 3934 Anatholio
2877 3875 3169 3932 venerabili
3195 3873 3461 3943 arcltiepiu

1891 3986 2056 4042 scopo
2109 3971 2377 4042 splendidi
2434 3971 2667 4026 nominis
2722 3965 3363 4036 Constantinopolitanae,
3409 3971 3462 4023 ei

1893 4064 2119 4120 Maximo
2147 4063 2443 4118 venerabili
2472 4064 2726 4130 episcopo
2749 4060 3046 4115 Antiochia:
3070 4058 3258 4127 Syriae,
3291 4065 3347 4111 et
3367 4057 3432 4110 Ju
3455 4085 3462 4099 -

1894 4155 2079 4208 venale
2118 4153 2412 4208 venerabili
2444 4155 2694 4220 cpisc0po
2735 4147 3242 4217 llierosolymitano,
3281 4153 3335 4200 et
3359 4158 3463 4198 ea»

1894 4255 2005 4302 tera
2030 4253 2214 4300 sancta
2243 4252 2295 4298 et
2327 4240 2653 4297 tecumenica
2697 4238 2903 4307 synodo
2931 4235 3091 4290 hodie
3120 4249 3238 4302 quae
3267 4245 3433 4286 secun
3451 4259 3464 4272 ι

1895 4339 2019 4394 dum
2062 4343 2247 4390 sancta
2273 4333 2464 4387 divalia
2501 4327 2818 4384 divinissimi
2847 4335 2902 4381 et
2926 4322 3328 4380 clementissimi
3357 4321 3454 4376 Do-

1894 4429 2024 4485 mini
2054 4429 2104 4483 in
2129 4424 2563 4481 Cbalcedonense
2584 4420 2798 4476 civitate
2827 4424 3145 4489 congregata
3171 4423 3275 4480 est,
3295 4413 3465 4469 omni~

1895 4523 1994 4580 bus
2060 4519 2418 4576 residentibus
2486 4524 2611 4572 ante
2677 4512 2945 4568 cancellos
3003 4509 3172 4564 sancti
3239 4507 3460 4574 altaris,

1813 4623 1866 4684 Ι)
1894 4610 2406 4688 magniﬁcentissimi
2454 4617 2508 4664 et
2546 4607 2800 4663 inlustres
2827 4603 3037 4676 iudices
3066 4601 3333 4656 dixerunt.
3379 4598 3466 4653 Di.

1889 4722 1989 4762 vus
2035 4713 2087 4761 et
2141 4698 2592 4759 clementissimus
2650 4705 2833 4752 noster
2876 4694 3127 4750 dominus
3180 4691 3384 4763 rogitus
3429 4704 3460 4744 a

1893 4797 2124 4854 Maximo
2150 4803 2204 4850 et
2233 4790 2487 4847 Iuvenale
2528 4788 2726 4844 sanctis
2755 4787 3041 4858 episcopis,
3082 4783 3338 4855 praecepit
3369 4795 3462 4836 nos

1892 4893 2030 4946 inter
2054 4903 2146 4944 eos
2168 4886 2353 4942 audire
2377 4885 2444 4939 de
2472 4883 2554 4937 his
2582 4881 2775 4951 quibus
2808 4889 3089 4935 vertuntur
3121 4876 3387 4947 capitulis,
3409 4884 3464 4930 et

1892 4983 2275 5041 convenientes
2297 4976 2574 5034 memorati
2596 4975 2926 5031 venerabiles
2946 4974 3042 5027 viri
3067 4980 3211 5025 certa
3247 4968 3312 5022 ad
3335 4967 3464 5023 invi«

1893 5091 2032 5141 cem,
2073 5073 2212 5129 nulla
2261 5069 2652 5126 interveniente
2692 5066 2974 5135 scriptura,
3016 5067 3314 5117 statuerunt
3347 5072 3466 5126 qua:

1890 5166 2046 5222 nobis
2089 5164 2371 5220 manifesta
2416 5160 2488 5233 (c)
2531 5158 2924 5214 constituerunt
2961 5152 3036 5223 [et
3087 5149 3338 5205 videntur
3374 5146 3466 5218 ex]

1888 5273 2152 5317 consensu
2191 5257 2336 5326 juste
2369 5269 2489 5309 esse
2522 5259 2741 5307 statuta.
2767 5249 2891 5304 Haec
2933 5246 3112 5314 itaque
3156 5241 3468 5298 necessario

1898 5351 2143 5407 arbitrati
2170 5361 2354 5402 sumus
2385 5346 2514 5402 etin
2554 5347 2844 5411 conspectu
2881 5346 3082 5393 sancta:
3119 5333 3323 5408 synodo
3351 5333 3465 5388 sin-

1969 5490 2042 5562 (b)
2067 5489 2221 5558 Leg.,
2270 5497 2318 5541 et
2350 5481 2687 5562 Paschasino,
2727 5485 2774 5558 et
2804 5473 3041 5562 Lucensi,
3085 5471 3166 5526 vel
3202 5467 3467 5523 Lucentio.

1897 5545 2065 5617 Paullo
2099 5545 2220 5628 pdsi
2247 5572 2345 5628 pro
2373 5554 2558 5628 υξεαΐίο
2593 5551 2692 5617 ιεες-
2727 5545 2949 5628 vicarii?
3056 5612 3068 5628 .
3143 5627 3169 5628 η
3288 5609 3397 5628 --.ρ

1966 5609 2059 5703 (ὃ
2080 5609 2590 5703 Ιίρνέίητεὸὶιξιίῳινηε
2608 5637 2625 5684 ;
2644 5609 2772 5703 post
2794 5613 2933 5696 quod
2963 5612 3178 5703 vlcr-‘buut
3201 5610 3259 5703 in

1899 5680 2667 5769 suiit’si—g'ntia'brevisjacunaal
2694 5680 2857 5769 chis
2898 5685 3097 5769 iuclusa
3128 5680 3367 5749 suppleta
3397 5696 3461 5769 ex

1900 5752 2391 5828 aliis—t'ﬁer’sionibus.
2418 5763 2543 5818 Post
2570 5771 2729 5830 pauca
2751 5755 3025 5826 legendum
3051 5763 3236 5806 sancite
3256 5752 3462 5823 synodi.
