3994 6310
517 264 614 320 ’151

982 264 1223 324 PASCH.
1262 264 1649 335 QUESNELLI
1692 266 2278 327 DlSSERTATlONES
2320 268 2381 323 IN
2423 267 2479 323 S.
2518 268 2761 327 LEONIS
2801 269 3014 325 MAGNI
3052 269 3305 326 OPERA.

3687 272 3776 329 732

507 380 630 450 gula
664 374 953 447 instruere,
998 391 1055 436 ut
1087 392 1139 437 et
1178 380 1245 438 de
1285 391 1463 438 veStro
1490 384 1709 440 decreto
1736 388 1787 442 et
1819 399 1886 440 ex
1916 388 2101 438 nostra
2128 381 2175 443 Α
2208 378 2411 437 venalis
2450 381 2618 437 sancti
2662 378 2897 451 episcopi
2938 378 3408 453 llierosolymitani
3459 381 3632 438 iactus
3662 398 3777 438 con-

510 474 779 528 sententia
811 484 931 542 quae
952 476 1250 543 placuerint
1286 477 1630 534 roborentur.

582 564 845 620 Maximus
872 568 1339 623 reverentissimus
1359 568 1645 640 oplscopus
1675 568 1972 625 Antiochiae
1995 569 2097 642 Sy-

508 656 602 710 riae
638 654 809 711 dixit:
837 650 1044 712 Placuit
1083 659 1213 714 mihi
1258 667 1315 716 et
1354 662 1794 718 reverentissimo
1843 665 2096 733 episcopo

506 748 775 817 Juvenali,
802 764 941 822 quos
964 762 1089 823 post
1110 754 1329 810 multam
1355 756 1759 813 altercationem
1784 758 1850 812 ad
1872 771 2099 813 concor-

507 852 651 908 diam
692 860 747 909 et
786 852 967 911 sedem
996 836 1294 913 Antiochiae
1319 860 1486 926 urbis,
1515 862 1634 931 qum
1673 864 1756 916 est
1792 861 1960 916 sancti
1996 856 2098 916 Pe-

508 946 612 1012 tri;
642 945 841 1002 habere
871 946 1002 1004 duas
1025 944 1312 1007 thuices
1353 958 1409 1008 et
1447 953 1723 1018 Arabiam,
1755 953 1937 1009 sedem
1970 968 2097 1009 vero

508 1037 1054 1110 liierosolymitanam
1085 1041 1283 1099 habere
1312 1052 1425 1100 tres
1458 1044 1801 1111 Palaestinas;
1840 1046 1885 1101 si
1917 1056 2098 1101 tamen

508 1130 561 1185 id
588 1131 882 1187 venerabili
903 1134 1038 1203 patri
1064 1134 1249 1191 nostro
1271 1134 1677 1209 archiepiscopo
1717 1134 1904 1193 Romm
1930 1136 2097 1209 majo-

505 1221 582 1277 ris
616 1222 781 1279 Leoni
809 1224 1088 1294 placuerit,
1125 1226 1214 1299 qui
1255 1224 1507 1303 cupit‘(a)
1548 1231 1635 1287 ubi
1665 1244 1979 1288 sanctorum
2005 1228 2100 1289 Pa-

508 1323 645 1370 trum
673 1331 908 1374 canones
932 1320 1286 1391 infringihiles
1308 1337 1656 1393 pewnmere;
1680 1335 1734 1380 et
1756 1340 2006 1395 rogamus
2024 1341 2097 1381 ex

506 1410 774 1464 sententia
824 1418 1019 1467 vestra:
1062 1414 1476 1484 magniﬁcentia:
1522 1422 1575 1473 et
1624 1428 1823 1473 sancta:
1860 1414 2098 1490 (synodi)

506 1514 602 1571 per
626 1502 944 1572 scripturam
978 1503 1092 1561 haec
1128 1504 1391 1563 roborari.

577 1592 862 1650 Iuvenalis
896 1599 1221 1653 venerabilis
1251 1600 1536 1672 episcopus
1574 1601 2097 1675 Hierosolymitanus
2182 1591 2191 1598 ’

508 1684 650 1740 dixit
674 1703 689 1743 :
715 1686 916 1743 Eadem
942 1690 1072 1745 mihi
1104 1691 1308 1760 placuit
1334 1700 1390 1747 ut
1419 1700 1661 1750 sanctam
1691 1695 1908 1766 quidem
1941 1693 2097 1750 Chri-

2205 490 2421 540 sensus,
2455 476 2611 531 sicuti
2641 476 2972 546 singulorum
3018 478 3281 547 crpositio
3315 477 3465 530 ilrma
3496 492 3561 531 ex
3600 488 3768 531 nostra

2199 569 2465 623 sententia
2504 578 2628 634 stat,
2676 570 2895 623 decreto
2934 579 3130 625 sanctae
3173 566 3365 641 synodi
3413 569 3464 623 in
3516 578 3767 639 perpetuo

2202 669 2443 730 tempore
2495 662 2860 732 permanebit;
2905 661 2957 717 id
3008 672 3112 727 est,
3159 670 3216 716 ut
3262 660 3527 717 Maximus
3569 664 3771 732 quidem

2202 762 2417 809 sanctus
2454 757 2738 825 cpiscopus
2774 758 2889 811 site
2919 768 3103 810 uincta
3134 756 3583 812 Antiochensium
3608 759 3778 815 civitas

2202 846 2334 901 duas
2364 844 2647 904 Pht‘cnices
2665 848 2983 905 etArablam
3009 850 3109 904 sub
3133 852 3399 919 potestate
3412 860 3507 903 sua
3528 848 3775 917 habeant;

2202 938 2477 995 Iuvenalis
2526 957 2652 998 vero
2693 952 2912 997 sanctus
2939 944 3224 1012 epis-cuptts
3274 939 3776 1014 llicrosolytnitatnts

2202 1034 2325 1089 sive
2351 1045 2532 1090 sancta
2564 1035 2811 1091 Ecclesia
2836 1052 2957 1106 quae
2981 1037 3084 1091 s‘nb
3116 1038 3235 1106 ipso
3279 1048 3382 1101 cst,
3412 1048 3524 1093 tres
3558 1041 3777 1095 Palaesti-

2204 1138 2301 1181 nas
2352 1126 2454 1181 sub
2502 1131 2771 1196 potestate
2816 1136 2911 1184 sua
2968 1128 3228 1195 habebit;
3272 1129 3461 1196 acpltis
3497 1133 3775 1186 secundum

2208 1227 2536 1290 praeceptum
2567 1208 2673 1275 divi
2697 1231 2751 1275 et
2775 1219 3185 1277 clementissimi
3233 1224 3405 1278 nostri
3441 1216 3646 1278 Domini
3682 1226 3773 1279 nui-

2204 1312 2373 1366 versis
2425 1314 2785 1381 pragmaticis,
2832 1314 3022 1370 aliisve
3071 1317 3381 1384 promeritis
3429 1318 3510 1385 ((1)
3555 1317 3772 1386 partibus

2204 1403 2395 1459 litteris
2421 1404 2645 1470 divinis,
2676 1412 2728 1461 ct
2759 1408 2943 1462 multae
2978 1406 3029 1460 in
3070 1411 3148 1462 cis
3189 1408 3458 1478 ascriptus,
3498 1409 3610 1462 ha-c
3650 1412 3773 1463 scili-

2205 1508 2381 1553 cet....
2410 1514 2572 1553 causa
2599 1498 2899 1557 smeularia.
2932 1496 3001 1553 Et
3032 1498 3137 1554 alia
3167 1517 3339 1557 manu.
3393 1499 3644 1555 Edantur.

2539 1591 2845 1664 Exemplum
2876 1606 2938 1649 ex
2962 1592 3144 1648 Grch
3173 1596 3226 1648 in
3259 1594 3469 1649 Latino.

2278 1682 2573 1738 Consulatu
2610 1685 2811 1739 domini
2866 1686 3120 1740 Marciani
3171 1687 3415 1757 perpetui
3463 1688 3682 1757 Augusti
3729 1700 3768 1743 et

506 1779 575 1832 sti
628 1781 917 1836 anastasim
964 1788 1074 1838 “es
1118 1781 1432 1842 Palmum;
1480 1785 1705 1853 habere,
1756 1786 1939 1845 sedem
1973 1804 2099 1844 vero
2130 1774 2180 1841 B
2206 1778 2296 1848 qui
2320 1778 2595 1833 nuntiatus
2626 1778 2781 1834 fuerit
2813 1794 2864 1834 Vi
2897 1779 3003 1834 kal.
3037 1774 3380 1847 Novembris,
3409 1778 3760 1850 Chalcedome,

508 1868 806 1926 Antiochiae
839 1871 971 1927 duas
1004 1874 1288 1931 thnices
1322 1885 1376 1931 et
1418 1877 1693 1934 Arabiam.
1735 1874 1885 1949 Rogo
1912 1889 1967 1933 ct
1998 1893 2100 1949 ego

508 1976 572 2017 ex
597 1965 862 2021 sententia
903 1977 1100 2023 vestra:
1134 1969 1546 2041 mguiticentiac
1586 1980 1639 2027 et
1673 1979 1873 2029 sancta:
1907 1974 2100 2046 synodi

509 2055 627 2112 haec
656 2056 919 2113 roborari.
1870 2116 1873 2119 ,

581 2146 943 2208 Paschasinus
968 2161 1024 2209 et
1054 2146 1392 2212 Lucullensis
1419 2159 1757 2216 venerabiles
1786 2162 2024 2234 episcopi
2047 2171 2104 2219 et

509 2240 812 2298 Bonifacius
864 2245 1145 2319 presbyter
1204 2250 1394 2307 vicarii
1445 2254 1588 2310 sedis
1643 2256 1951 2324 apostolica:
2006 2268 2103 2328 per

510 2332 899 2391 Paschasinum
943 2340 1307 2397 venerabilem
1356 2344 1670 2416 episcopum
1702 2348 1952 2404 dixerunt
1986 2346 2102 2405 :Ea

509 2442 629 2498 quae
656 2429 1109 2503 concordantibus
1143 2432 1397 2492 fratribus
1433 2440 1633 2495 nostris
1664 2441 1895 2496 Maximo
1936 2442 2000 2497 V.
2031 2442 2099 2497 Β.

510 2518 863 2575 Antiochense
908 2521 1169 2579 Ecclesiae
1207 2525 1460 2597 episcopo
1488 2537 1542 2583 et
1578 2540 1766 2585 sancto
1795 2539 1849 2586 et
1878 2543 2104 2587 venera-

510 2609 602 2667 bili
645 2612 886 2673 Juvenali
934 2616 1419 2689 llierosolymitano
1464 2621 1607 2677 bono
1649 2625 1794 2693 pacis
1836 2626 2103 2694 placuisse

517 2709 727 2780 1225
758 2720 1074 2779 noscuntur,
1128 2713 1177 2767 id
1226 2723 1330 2778 est.
1384 2723 1441 2770 trt
1487 2716 1824 2774 Antiochena
1865 2719 2102 2776 Ecclesia

512 2798 644 2853 duas
676 2799 958 2858 Phoenices
984 2814 1037 2859 et
1070 2804 1321 2860 Arabiam
1354 2806 1570 2877 habeat,
1615 2810 2102 2883 ilierosolymitana

511 2904 642 2945 vero
675 2902 783 2948 tres
811 2893 1126 2950 Palaestinas
1157 2896 1371 2964 habeat,
1404 2899 1565 2955 etiam
1604 2911 1803 2957 nostra:
1834 2902 2106 2959 humilita-

512 2984 579 3040 tis
619 2984 1035 3045 interlocutione
1078 2988 1384 3058 ﬁrmentur,
1416 3002 1476 3047 ut
1530 2993 1670 3047 nulla
1726 2993 1779 3048 in
1828 3003 2103 3064 posterum

512 3094 673 3150 super
703 3080 803 3136 hoc
845 3082 1060 3153 negotio
1091 3083 1415 3156 supradictis
1441 3084 1705 3142 Ecclesiis
1732 3087 2103 3144 controversia

512 3173 867 3245 relinquatur.

580 3267 694 3335 Qua
724 3262 1135 3326 interlocutione
1162 3269 1349 3327 Graece
1371 3271 1723 3343 interpretata
1752 3286 1846 3342 per
1871 3268 2103 3329 νει·οηί-

510 3361 724 3415 ciauum
758 3361 928 3416 virum
960 3360 1212 3418 devotum
1240 3373 1487 3434 agentem
1515 3364 1567 3419 in
1590 3366 1754 3421 rebus
1782 3374 1836 3420 et
1861 3373 2099 3420 secreta-

511 3453 649 3507 rium
679 3453 818 3508 sacri
844 3456 1173 3522 consistorii,
1215 3445 1536 3511 Anatholius
1560 3458 1888 3516 venerabilis
1923 3459 2101 3514 archi-

511 3543 797 3614 epismpus
831 3546 1235 3614 gloriosissima:
1281 3547 1889 3619 Constantinopolitanae
1931 3551 2096 3606 dixit:

510 3634 642 3701 Quae
673 3637 996 3703 complacita
1044 3646 1170 3693 sunt
1207 3640 1346 3695 inter
1372 3640 1740 3696 beatissimqu
1788 3644 2099 3714 episcopum

510 3726 807 3783 Maximum
830 3728 1135 3785 Antiochia:
1158 3734 1213 3785 et
1237 3731 1600 3787 venerabilem
1630 3733 1938 3803 episcopum
1969 3735 2099 3792 Hie-

2204 1872 2501 1926 secundum
2561 1884 2886 1942 prmeeptum
2946 1874 3055 1929 divi
3108 1875 3523 1931 clementissimi
3587 1877 3763 1931 domini

2207 1965 2375 2018 nostri
2407 1964 2662 2019 Marciani
2696 1966 2939 2035 perpetui
2968 1968 3216 2038 Augusti,
3268 1969 3696 2024 convenientibus
3720 1970 3762 2024 in

2203 2065 2384 2111 sancta
2409 2054 2639 2111 ecclesia
2674 2062 2877 2112 sanctae
2920 2057 3173 2128 martyris
3202 2056 3518 2130 Ettpltcmim
3546 2058 3756 2131 magnifi-

2204 2151 2517 2206 centissimo
2548 2161 2601 2205 ct
2630 2151 3023 2221 gloriosissimo
3047 2154 3305 2221 magistro
3333 2154 3549 2207 militum
3576 2169 3745 2208 excon-

2207 2246 2325 2299 sule
2346 2252 2402 2300 et
2435 2245 2661 2314 patricio
2691 2244 3001 2314 Anatholio,
3032 2254 3089 2299 et
3118 2248 3637 2316 magniﬁcentissimo
3660 2244 3755 2315 glo-

2206 2336 2506 2393 riosissimo
2536 2338 2785 2407 praeteCto
2814 2341 2953 2395 sacri
2977 2340 3285 2396 consistorii
3316 2339 3595 2414 [praetorii]
3621 2339 3762 2394 Palla-

2206 2432 2317 2498 dio,
2345 2442 2397 2486 et
2426 2432 2963 2502 magniﬁcentissimo
3002 2443 3060 2489 et
3106 2422 3510 2505 gloriosissimo
3549 2436 3763 2505 magistro

2208 2539 2487 2580 sacrorum
2552 2526 2857 2582 officiorum
2928 2528 3287 2595 Vincomalo,
3355 2528 3765 2585 convenientibus

2209 2616 2373 2672 etiam
2407 2627 2461 2673 et
2504 2616 2835 2673 Paschasino
2865 2624 2918 2673 et
2954 2615 3215 2674 Lucontio
3259 2618 3393 2675 viris
3435 2619 3764 2677 reverentissi.

2209 2709 2311 2764 mis
2340 2709 2626 2781 episcopis,
2655 2720 2708 2765 et
2736 2711 3013 2768 Bonifacio
3037 2713 3151 2767 viro
3180 2714 3622 2768 reverentissimo
3649 2726 3765 2783 pres-

2208 2803 2400 2873 bytero
2431 2804 2504 2877 (ε)
2531 2805 2731 2859 vicario
2748 2807 2917 2861 sancti
2938 2805 3328 2876 archiepisconi
3352 2809 3591 2863 senioris
3620 2807 3764 2860 liomal

2208 2895 2422 2962 Leonis,
2466 2903 2519 2951 et
2549 2894 2835 2952 Anatholio
2880 2894 2994 2953 viro
3045 2899 3489 2954 reverentissimo
3540 2895 3765 2966 archiepia

2209 3003 2375 3056 scopo
2406 2986 2481 3059 (ί)
2514 2988 2845 3059 magnissimi
2874 2990 3107 3047 nominis
3129 2988 3766 3063 Constantinopolitani,el

2211 3079 2441 3135 Maximo
2469 3081 2589 3135 viro
2618 3082 3057 3137 reverentissimo
3083 3082 3345 3153 episcopo
3365 3084 3658 3139 Antiochia:
3685 3082 3768 3152 Sy-

2133 3176 2179 3240 C
2211 3172 2325 3239 rite,
2358 3180 2412 3226 et
2433 3170 2677 3227 iuvenali
2708 3172 2823 3227 viro
2847 3173 3287 3229 reverentissimo
3327 3180 3587 3247 episcopo
3614 3173 3767 3239 Hiero-

2212 3262 2553 3334 solymitano,
2591 3271 2645 3319 et
2685 3274 2880 3321 caztcra
2922 3274 3106 3320 sancta
3168 3265 3380 3338 synodo
3410 3276 3529 3336 qua:
3576 3284 3631 3321 ex
3668 3279 3766 3317 san-

2210 3356 2390 3411 ctione
2417 3356 2523 3412 divi
2554 3365 2610 3412 et
2630 3356 3035 3413 clementissimi
3064 3358 3268 3413 domini
3301 3359 3468 3413 nostri
3495 3360 3547 3413 in
3573 3356 3769 3413 Chalce-

2211 3448 2435 3503 donensi
2466 3450 2683 3505 civitate
2708 3461 3047 3521 congregata,
3085 3466 3317 3520 quorum
3365 3452 3571 3505 nomina
3601 3456 3770 3517 supra-

2211 3540 2432 3610 scripta,
2460 3541 2819 3598 residentibus
2856 3543 3125 3599 universis
3172 3552 3301 3599 ante
3322 3541 3579 3598 cancellos
3606 3539 3765 3593 sancti

2209 3633 2414 3700 altaris,
2449 3635 2710 3692 Maximus
2735 3637 2813 3691 vir
2853 3636 3325 3693 reverentissitnus
3356 3635 3622 3706 episcopus
3664 3630 3766 3684 An-

2210 3727 2422 3784 tiochiae
2449 3730 2583 3785 dixit
2616 3748 2628 3783 :
2679 3730 2952 3801 Deprecor
2998 3728 3553 3801 magniﬁcentissimos
3578 3734 3629 3780 ct
3658 3724 3770 3795 glo-

395 5656 403 5665 -
488 5636 760 5713 propositi,
784 5650 875 5690 seu
908 5638 1269 5713 propositionis
1298 5655 1394 5709 pro
1422 5643 1817 5713 pra'posilt'onis.

2207 3821 2535 3878 riosissimos
2586 3823 2794 3893 judices
2848 3828 2904 3879 et
2948 3832 3193 3878 sanctam
3252 3824 3392 3877 hanc
3437 3817 3771 3877 unitcﬁalcm

2206 3920 2469 3991 synodum
2519 3919 2905 3974 humanitatem
2934 3933 3196 3974 exercere
3234 3918 3287 3972 in
3315 3917 3599 3972 Dominum
3638 3912 3771 3985 chg.

2209 4011 2519 4085 Domuum],
2548 4014 2636 4083 qui
2672 4012 2773 4067 fuit
2795 4008 3097 4068 Antiochiae
3127 4012 3439 4083 episcopus,
3479 4022 3534 4066 et
3560 4017 3770 4065 statuere

2205 4106 2253 4162 ei
2279 4114 2457 4162 certos
2483 4114 2727 4176 sumptus
2756 4102 2823 4161 de
2849 4105 3088 4161 Ecclesia
3119 4118 3238 4177 qua:
3270 4105 3370 4160 sub
3403 4116 3490 4159 me
3520 4106 3620 4158 est.

2274 4201 2638 4257 Paschasinus
2665 4210 2719 4255 et
2748 4200 3045 4257 Lucensius
3074 4200 3178 4255 viri
3220 4197 3642 4255 reverentissimi
3678 4194 3774 4263 epi-

2201 4294 2350 4365 sc0pi
2379 4300 2432 4350 et
2463 4294 2770 4349 Bonifacius
2796 4294 3080 4364 presbyter
3100 4292 3288 4347 vicarii
3307 4292 3456 4347 sedis
3484 4288 3776 4361 apostolica

509 3820 956 3891 rosolymitanum
984 3822 1324 3890 Iuvenalem,
1355 3831 1409 3879 et
1444 3840 1509 3879 ex
1540 3840 1657 3881 mea
1689 3823 2100 3884 interlocutione

507 3908 662 3965 ﬁrma
694 3912 1009 3970 manebunt.
1046 3914 1112 3969 Et
1152 3925 1335 3970 sancta
1378 3916 1595 3986 quidem
1636 3916 1876 3974 Ecclesia
1912 3919 2099 3977 Antio-

504 4002 692 4061 chentc
721 4008 874 4062 urbis
904 4002 1038 4063 duas
1066 4007 1354 4067 Pbaznices
1384 4019 1438 4067 et
1460 4011 1714 4069 Arabiam
1740 4014 1953 4080 habeat,
1984 4031 2103 4072 san-

501 4106 586 4154 cta
607 4114 736 4156 vero
762 4101 997 4159 Ecclesia
1024 4102 1637 4177 Hierosolymitanorum
1658 4116 1764 4164 tres
1787 4106 2101 4167 Palazstinas

501 4189 721 4262 habeat,
746 4203 806 4250 ut
850 4195 1109 4269 deinceps
1165 4212 1502 4272 unaquaeque
1556 4200 1795 4258 Ecclesia
1837 4202 2099 4260 adversus

501 4284 725 4341 alteram
750 4298 968 4359 propter
993 4289 1133 4347 hanc
1162 4307 1278 4350 rem
1314 4292 1515 4351 nullam
1551 4293 1750 4351 habeat
1777 4295 2095 4352 altercatio-

499 4375 584 4430 ηῖε
604 4378 899 4446 querela!"-
2200 4404 2298 4458 per
2326 4380 2717 4442 Paschasinum
2750 4385 2923 4442 virum
2952 4382 3451 4440 reverentissimum
3486 4383 3774 4453 episeopmn

566 4465 768 4523 Omnes
783 4470 1020 4528 universi
1038 4474 1371 4532 venerabiles
1388 4477 1632 4548 episcopi
1650 4478 2090 4548 vociferatisunt,
2203 4481 2481 4537 dixerunt:
2517 4481 2747 4537 Sanctus
2787 4495 2849 4535 ac
2878 4480 3219 4536 beatissimus
3252 4493 3411 4548 papa,
3443 4475 3533 4549 qui
3584 4477 3776 4545 episco-

495 4571 727 4627 quorutn
762 4564 979 4619 nomina
1011 4566 1148 4621 intra
1172 4569 1375 4640 scripta
1413 4579 1556 4625 sunt.
1589 4571 1656 4627 Et
1694 4587 1795 4628 nos
1819 4573 1936 4628 haec
1976 4574 2092 4645 ipsa
2114 4553 2173 4614 Ῑ)
2202 4581 2383 4645 patum
2416 4574 2588 4628 sancti
2618 4586 2683 4628 ac
2703 4570 3029 4627 venerabilis
3062 4570 3270 4642 1227
3308 4569 3528 4625 Maximi
3556 4564 3777 4637 episcopi

495 4647 745 4719 dicimus,
759 4657 1128 4715 consentimus
1146 4661 1227 4717 eis
1248 4677 1368 4731 qua:
1396 4677 1427 4718 a
1457 4663 1708 4721 Patribus
1734 4665 1875 4722 dicta
1901 4678 2046 4723 sunt.
2200 4663 2553 4722 Antiochense
2584 4664 2842 4721 Ecclesiae
2869 4663 3230 4728 confirmavit,
3258 4660 3411 4731 justo
3441 4661 3577 4716 satis
3594 4657 3781 4729 judicio

564 4740 1078 4813 Magniﬁcentiss‘imi
1100 4762 1155 4807 et
1176 4752 1552 4823 gloriosissimi
1567 4757 1779 4826 judice:
1800 4759 2081 4818 dixerunt:
2197 4760 2315 4830 ejus
2345 4762 2595 4817 meritum
2619 4760 2951 4831 approbasse
3001 4758 3241 4814 videtur:
3273 4753 3545 4827 siquidem
3594 4763 3781 4809 memo-

492 4832 736 4906 υρυεαι)
764 4847 820 4892 et
850 4837 935 4894 hic
965 4840 1160 4897 factum
1188 4854 1243 4900 et
1271 4856 1476 4905 sancta:
1506 4848 1788 4907 Trinitatis
1830 4861 1889 4909 et
1915 4853 2085 4912 divini
2201 4864 2351 4909 ratus
2391 4855 2472 4908 vir
2520 4854 2989 4909 reverentissimus
3036 4852 3320 4921 episcopus
3376 4848 3649 4904 Maximus
3697 4856 3784 4897 suo

492 4924 901 4986 clementissimi
953 4937 1126 4991 nostri
1177 4938 1523 5010 imperatoris
1554 4946 1976 5014 prazpositionis,
2025 4960 2084 5007 ut
2194 4946 2418 5002 arbitrio
2451 4946 2660 5001 Domno
2691 4945 2858 5000 voluit
2880 4958 3001 5001 esse
3031 4944 3354 5008 consultum,
3388 4950 3446 4996 ut
3474 4947 3721 5010 sumptus
3742 4933 3783 4986 ci

492 5035 553 5077 ea
581 5038 699 5093 quae
718 5025 1005 5099 jurgantur
1033 5030 1101 5086 ab
1130 5032 1211 5089 eis
1248 5034 1324 5104 (ο)
1367 5050 1486 5106 quae
1530 5038 1782 5095 altercari
1833 5049 2083 5111 poterant
2197 5041 2268 5098 de
2297 5057 2391 5098 sua
2426 5042 2664 5098 Ecclesia
2712 5039 3075 5098 miserationis
3120 5038 3316 5094 intuitu
3352 5045 3515 5107 prout
3559 5034 3785 5090 mstima-

491 5113 582 5169 uni
600 5119 827 5175 consilio
844 5120 1163 5180 deciderent
1192 5127 1454 5184 voluntati
1475 5146 1597 5201 qua:
1623 5132 1689 5187 ad
1708 5135 2076 5191 concordiam.
2195 5137 2339 5193 verit
2390 5137 2663 5208 largiatur,
2722 5143 2784 5192 ut
2816 5144 3102 5192 contentus
3149 5133 3422 5188 alimoniis
3454 5130 3703 5203 quiescat
3738 5127 3783 5178 in

490 5205 657 5278 Igitur
687 5211 906 5270 Maximi
937 5219 1109 5273 sancti
1129 5221 1373 5291 episcopi
1403 5221 1852 5283 Antiochensium
1886 5237 1941 5286 et
1965 5229 2066 5287 Ju-
2189 5205 2489 5300 pesterum‘.

560 5420 635 5493 (a)
668 5422 756 5478 Sic
777 5420 1176 5498 codex._Yulg.,
1202 5424 1278 5479 uti
1296 5442 1315 5491 ;
1344 5424 1439 5481 sed
1468 5427 1862 5485 emendandum
1892 5429 2080 5498 ubique

486 5491 771 5549 contextus
800 5491 1055 5547 ostendit.

562 5564 636 5635 (ὸ)
670 5565 823 5633 ch.,
854 5574 901 5618 et
943 5563 1039 5617 hoc
1084 5566 1277 5635 factum
1327 5566 1397 5622 est
1438 5580 1648 5636 sanciat,
1693 5579 1829 5636 ctc.;
1858 5586 1920 5628 ac
1949 5572 2075 5630 dein

2190 5431 2357 5504 (isque
2377 5430 2679 5504 _concordia,
2712 5429 2797 5504 vel
2825 5429 2951 5504 quid
2982 5428 3208 5504 similc.‘
3253 5500 3267 5504 _
3524 5498 3537 5504 _
3648 5499 3659 5504 _
3754 5495 3765 5504 ι

2262 5498 2344 5571 ((Ι)
2376 5501 2527 5570 Leg.,
2558 5518 2589 5554 a
2627 5498 2861 5570 partibus
2892 5498 3077 5554 litteris
3105 5500 3292 5553 divinis
3330 5509 3377 5552 rt
3425 5498 3596 5550 multa
3640 5499 3695 5551 in
3722 5498 3789 5549 eis

2187 5574 2434 5642 ascripta,
2466 5571 2565 5625 huc
2590 5574 2782 5626 scilicet
2812 5572 2872 5626 de
2904 5588 3074 5626 causa.
3112 5572 3172 5624 Et
3197 5572 3301 5623 alia
3327 5584 3505 5638 nmmr,
3544 5577 3666 5626 etc.

2287 5644 2333 5711 ε)
2360 5642 2485 5715 Leg.
2514 5644 2736 5708 sicariis,
2764 5658 2825 5697 ex
2862 5643 3082 5697 Rustico
3100 5652 3161 5715 Act
3182 5651 3457 5715 contextu.

562 5705 842 5787 (ciLocus-i
889 5705 1046 5762 valde
1088 5705 1752 5787 corrupt-nsa'Lchcndum
1807 5716 2069 5783 fortassis,
2369 5705 2462 5773 Sic
2490 5715 2648 5772 etiam
2671 5705 2882 5772 codices
2910 5712 3113 5773 Rustici
3140 5728 3237 5769 oro
3262 5713 3492 5767 math'.

490 5776 577 5842 qui
599 5776 835 5833 altercari
853 5788 1112 5846 poterant,
1142 5776 1484 5840 uno'rousih'o
1520 5776 1810 5842 deciderent
1837 5776 2074 5844 uolunta;
