  <div class='ocr_page' id='page_1' title='image "/cluster/home/n/w/nwhite01/storage/ocr_20150623/55/hvd.32044015471592/373.png"; bbox 0 0 3994 6310; ppageno 0'>
   <div class='ocr_carea' id='block_1_1' title="bbox 460 317 562 379">
    <p class='ocr_par' dir='ltr' id='par_1_1' title="bbox 460 317 562 379">
     <span class='ocr_line' id='line_1_1' title="bbox 460 317 562 379; baseline 0.02 -2"><span class='ocrx_word' id='word_1_1' title='bbox 460 317 562 379; x_wconf 76' lang='grc'><strong>755</strong></span> 
     </span>
    </p>
   </div>
   <div class='ocr_carea' id='block_1_2' title="bbox 937 308 3248 392">
    <p class='ocr_par' dir='ltr' id='par_1_2' title="bbox 937 308 3248 392">
     <span class='ocr_line' id='line_1_2' title="bbox 937 308 3248 392; baseline -0.005 -13"><span class='ocrx_word' id='word_1_2' title='bbox 937 323 1179 381; x_wconf 82' lang='lat' dir='ltr'><strong>PASCII.</strong></span> <span class='ocrx_word' id='word_1_3' title='bbox 1219 314 1604 392; x_wconf 84' lang='lat' dir='ltr'><strong>QUESNELLI</strong></span> <span class='ocrx_word' id='word_1_4' title='bbox 1644 315 2227 377; x_wconf 77' lang='lat' dir='ltr'><strong>DISSERTATIONES</strong></span> <span class='ocrx_word' id='word_1_5' title='bbox 2267 314 2333 372; x_wconf 83' lang='lat' dir='ltr'><strong>IN</strong></span> <span class='ocrx_word' id='word_1_6' title='bbox 2374 312 2431 372; x_wconf 87' lang='lat' dir='ltr'><strong>S.</strong></span> <span class='ocrx_word' id='word_1_7' title='bbox 2476 313 2713 373; x_wconf 79' lang='lat' dir='ltr'><strong>LEONIS</strong></span> <span class='ocrx_word' id='word_1_8' title='bbox 2751 315 2964 373; x_wconf 81' lang='lat' dir='ltr'><strong>MAGNI</strong></span> <span class='ocrx_word' id='word_1_9' title='bbox 3000 308 3248 371; x_wconf 80' lang='lat' dir='ltr'><strong>OPERA.</strong></span> 
     </span>
    </p>
   </div>
   <div class='ocr_carea' id='block_1_3' title="bbox 3635 309 3735 369">
    <p class='ocr_par' dir='ltr' id='par_1_3' title="bbox 3635 309 3735 369">
     <span class='ocr_line' id='line_1_3' title="bbox 3635 309 3735 369; baseline 0.02 -2"><span class='ocrx_word' id='word_1_10' title='bbox 3635 309 3735 369; x_wconf 81' lang='lat'><strong>756</strong></span> 
     </span>
    </p>
   </div>
   <div class='ocr_carea' id='block_1_4' title="bbox 460 430 3733 507">
    <p class='ocr_par' dir='ltr' id='par_1_4' title="bbox 460 430 3733 507">
     <span class='ocr_line' id='line_1_4' title="bbox 460 430 3733 507; baseline -0.001 -20"><span class='ocrx_word' id='word_1_11' title='bbox 460 435 784 507; x_wconf 86' lang='lat' dir='ltr'><strong>elaboratam</strong></span> <span class='ocrx_word' id='word_1_12' title='bbox 809 434 941 507; x_wconf 75' lang='lat' dir='ltr'><strong>nihil</strong></span> <span class='ocrx_word' id='word_1_13' title='bbox 968 436 1308 506; x_wconf 90' lang='lat' dir='ltr'><strong>ambigimus.</strong></span> <span class='ocrx_word' id='word_1_14' title='bbox 1333 439 1633 507; x_wconf 80' lang='lat' dir='ltr'><strong>Antequam</strong></span> <span class='ocrx_word' id='word_1_15' title='bbox 1656 436 1799 491; x_wconf 90' lang='lat' dir='ltr'><strong>enim</strong></span> <span class='ocrx_word' id='word_1_16' title='bbox 1832 435 2036 505; x_wconf 88' lang='lat' dir='ltr'><strong>integra</strong></span> <span class='ocrx_word' id='word_1_17' title='bbox 2066 438 2114 495; x_wconf 81' lang='grc' dir='ltr'><strong>Α</strong></span> <span class='ocrx_word' id='word_1_18' title='bbox 2146 448 2265 507; x_wconf 74' lang='lat' dir='ltr'><strong>rum</strong></span> <span class='ocrx_word' id='word_1_19' title='bbox 2298 449 2446 507; x_wconf 83' lang='lat' dir='ltr'><strong>vero,</strong></span> <span class='ocrx_word' id='word_1_20' title='bbox 2492 450 2612 490; x_wconf 90' lang='lat' dir='ltr'><strong>cum</strong></span> <span class='ocrx_word' id='word_1_21' title='bbox 2645 434 3008 507; x_wconf 82' lang='lat' dir='ltr'><strong>pronuntiavit</strong></span> <span class='ocrx_word' id='word_1_22' title='bbox 3044 433 3217 502; x_wconf 90' lang='lat' dir='ltr'><strong>capite</strong></span> <span class='ocrx_word' id='word_1_23' title='bbox 3261 431 3293 485; x_wconf 85' lang='lat'><strong>5</strong></span> <span class='ocrx_word' id='word_1_24' title='bbox 3324 443 3476 507; x_wconf 65' lang='lat' dir='ltr'><strong>aeque</strong></span> <span class='ocrx_word' id='word_1_25' title='bbox 3519 430 3733 507; x_wconf 79' lang='lat' dir='ltr'><strong>irritum</strong></span> 
     </span>
    </p>
   </div>
   <div class='ocr_carea' id='block_1_5' title="bbox 459 505 2041 576">
    <p class='ocr_par' dir='ltr' id='par_1_5' title="bbox 459 505 2041 576">
     <span class='ocr_line' id='line_1_5' title="bbox 459 505 2041 576; baseline 0.001 -16"><span class='ocrx_word' id='word_1_26' title='bbox 459 506 545 560; x_wconf 89' lang='lat' dir='ltr'><strong>illa</strong></span> <span class='ocrx_word' id='word_1_27' title='bbox 599 514 871 576; x_wconf 88' lang='lat' dir='ltr'><strong>gestorum</strong></span> <span class='ocrx_word' id='word_1_28' title='bbox 912 505 1428 563; x_wconf 88' lang='lat' dir='ltr'><strong>Cbalcedonensium</strong></span> <span class='ocrx_word' id='word_1_29' title='bbox 1474 505 1656 563; x_wconf 82' lang='lat' dir='ltr'><strong>versio</strong></span> <span class='ocrx_word' id='word_1_30' title='bbox 1698 507 1875 573; x_wconf 83' lang='lat' dir='ltr'><strong>lleret,</strong></span> <span class='ocrx_word' id='word_1_31' title='bbox 1917 520 2041 576; x_wconf 74' lang='lat' dir='ltr'><strong>quae</strong></span> 
     </span>
    </p>
   </div>
   <div class='ocr_carea' id='block_1_6' title="bbox 457 576 2041 648">
    <p class='ocr_par' dir='ltr' id='par_1_6' title="bbox 457 576 2041 648">
     <span class='ocr_line' id='line_1_6' title="bbox 457 576 2041 648; baseline 0.001 -18"><span class='ocrx_word' id='word_1_32' title='bbox 457 576 669 647; x_wconf 82' lang='lat' dir='ltr'><strong>antiqua</strong></span> <span class='ocrx_word' id='word_1_33' title='bbox 691 576 924 648; x_wconf 83' lang='lat' dir='ltr'><strong>dicitur;</strong></span> <span class='ocrx_word' id='word_1_34' title='bbox 962 579 1204 648; x_wconf 60' lang='lat' dir='ltr'><strong>quaedam</strong></span> <span class='ocrx_word' id='word_1_35' title='bbox 1232 580 1500 648; x_wconf 71' lang='lat' dir='ltr'><strong>praecipua</strong></span> <span class='ocrx_word' id='word_1_36' title='bbox 1532 577 1851 634; x_wconf 91' lang='lat' dir='ltr'><strong>documenta</strong></span> <span class='ocrx_word' id='word_1_37' title='bbox 1880 577 2041 632; x_wconf 82' lang='lat' dir='ltr'><strong>Chal-</strong></span> 
     </span>
    </p>
   </div>
   <div class='ocr_carea' id='block_1_7' title="bbox 459 647 2040 720">
    <p class='ocr_par' dir='ltr' id='par_1_7' title="bbox 459 647 2040 720">
     <span class='ocr_line' id='line_1_7' title="bbox 459 647 2040 720; baseline -0.001 -17"><span class='ocrx_word' id='word_1_38' title='bbox 459 648 777 720; x_wconf 77' lang='lat' dir='ltr'><strong>cedonensia</strong></span> <span class='ocrx_word' id='word_1_39' title='bbox 801 647 988 703; x_wconf 93' lang='lat' dir='ltr'><strong>Latine</strong></span> <span class='ocrx_word' id='word_1_40' title='bbox 1009 650 1189 703; x_wconf 91' lang='lat' dir='ltr'><strong>statim</strong></span> <span class='ocrx_word' id='word_1_41' title='bbox 1208 647 1413 705; x_wconf 86' lang='lat' dir='ltr'><strong>reddita</strong></span> <span class='ocrx_word' id='word_1_42' title='bbox 1441 650 1674 711; x_wconf 86' lang='lat' dir='ltr'><strong>luerunt,</strong></span> <span class='ocrx_word' id='word_1_43' title='bbox 1696 665 1816 720; x_wconf 74' lang='lat' dir='ltr'><strong>qua:</strong></span> <span class='ocrx_word' id='word_1_44' title='bbox 1838 648 2040 704; x_wconf 90' lang='lat' dir='ltr'><strong>idcirco</strong></span> 
     </span>
    </p>
   </div>
   <div class='ocr_carea' id='block_1_8' title="bbox 458 719 2041 777">
    <p class='ocr_par' dir='ltr' id='par_1_8' title="bbox 458 719 2041 777">
     <span class='ocr_line' id='line_1_8' title="bbox 458 719 2041 777; baseline 0.003 -5"><span class='ocrx_word' id='word_1_45' title='bbox 458 719 508 773; x_wconf 88' lang='lat' dir='ltr'><strong>in</strong></span> <span class='ocrx_word' id='word_1_46' title='bbox 532 719 855 774; x_wconf 90' lang='lat' dir='ltr'><strong>vetustiores</strong></span> <span class='ocrx_word' id='word_1_47' title='bbox 883 720 1229 777; x_wconf 90' lang='lat' dir='ltr'><strong>collectiones</strong></span> <span class='ocrx_word' id='word_1_48' title='bbox 1249 720 1467 776; x_wconf 89' lang='lat' dir='ltr'><strong>Latinas</strong></span> <span class='ocrx_word' id='word_1_49' title='bbox 1489 719 1731 777; x_wconf 88' lang='lat' dir='ltr'><strong>traducta</strong></span> <span class='ocrx_word' id='word_1_50' title='bbox 1759 720 2041 776; x_wconf 87' lang='lat' dir='ltr'><strong>inveniun-</strong></span> 
     </span>
    </p>
   </div>
   <div class='ocr_carea' id='block_1_9' title="bbox 459 790 2037 861">
    <p class='ocr_par' dir='ltr' id='par_1_9' title="bbox 459 790 2037 861">
     <span class='ocr_line' id='line_1_9' title="bbox 459 790 2037 861; baseline 0.002 -17"><span class='ocrx_word' id='word_1_51' title='bbox 459 798 565 861; x_wconf 84' lang='lat' dir='ltr'><strong>tur.</strong></span> <span class='ocrx_word' id='word_1_52' title='bbox 601 790 735 845; x_wconf 82' lang='lat' dir='ltr'><strong>Vide</strong></span> <span class='ocrx_word' id='word_1_53' title='bbox 762 805 884 861; x_wconf 79' lang='lat' dir='ltr'><strong>quae</strong></span> <span class='ocrx_word' id='word_1_54' title='bbox 915 792 965 845; x_wconf 91' lang='lat' dir='ltr'><strong>in</strong></span> <span class='ocrx_word' id='word_1_55' title='bbox 997 791 1134 847; x_wconf 85' lang='lat' dir='ltr'><strong>hanc</strong></span> <span class='ocrx_word' id='word_1_56' title='bbox 1162 808 1274 847; x_wconf 88' lang='lat' dir='ltr'><strong>rem</strong></span> <span class='ocrx_word' id='word_1_57' title='bbox 1301 793 1544 848; x_wconf 87' lang='lat' dir='ltr'><strong>dicemus</strong></span> <span class='ocrx_word' id='word_1_58' title='bbox 1568 793 1621 846; x_wconf 90' lang='lat' dir='ltr'><strong>in</strong></span> <span class='ocrx_word' id='word_1_59' title='bbox 1646 792 2037 847; x_wconf 85' lang='lat' dir='ltr'><strong>observationi-</strong></span> 
     </span>
    </p>
   </div>
   <div class='ocr_carea' id='block_1_10' title="bbox 458 860 2039 933">
    <p class='ocr_par' dir='ltr' id='par_1_10' title="bbox 458 860 2039 933">
     <span class='ocr_line' id='line_1_10' title="bbox 458 860 2039 933; baseline 0.003 -19"><span class='ocrx_word' id='word_1_60' title='bbox 458 860 556 916; x_wconf 89' lang='lat' dir='ltr'><strong>bus</strong></span> <span class='ocrx_word' id='word_1_61' title='bbox 579 861 643 915; x_wconf 88' lang='lat' dir='ltr'><strong>ad</strong></span> <span class='ocrx_word' id='word_1_62' title='bbox 664 860 829 917; x_wconf 84' lang='lat' dir='ltr'><strong>not.&#39;5</strong></span> <span class='ocrx_word' id='word_1_63' title='bbox 851 862 1019 933; x_wconf 89' lang='lat' dir='ltr'><strong>(Tom.</strong></span> <span class='ocrx_word' id='word_1_64' title='bbox 1042 864 1284 928; x_wconf 65' lang='lat' dir='ltr'><strong>praeced.,</strong></span> <span class='ocrx_word' id='word_1_65' title='bbox 1301 863 1405 919; x_wconf 90' lang='lat' dir='ltr'><strong>col.</strong></span> <span class='ocrx_word' id='word_1_66' title='bbox 1428 862 1589 929; x_wconf 77' lang='lat' dir='ltr'><strong>M55,</strong></span> <span class='ocrx_word' id='word_1_67' title='bbox 1608 881 1662 917; x_wconf 86' lang='grc' dir='ltr'>η.</span> <span class='ocrx_word' id='word_1_68' title='bbox 1680 862 1736 933; x_wconf 89' lang='lat' dir='ltr'><strong>a)</strong></span> <span class='ocrx_word' id='word_1_69' title='bbox 1762 862 2039 929; x_wconf 85' lang='lat' dir='ltr'><strong>Quesnelll</strong></span> 
     </span>
    </p>
   </div>
   <div class='ocr_carea' id='block_1_11' title="bbox 463 934 2037 1005">
    <p class='ocr_par' dir='ltr' id='par_1_11' title="bbox 463 934 2037 1005">
     <span class='ocr_line' id='line_1_11' title="bbox 463 934 2037 1005; baseline 0.002 -20"><span class='ocrx_word' id='word_1_70' title='bbox 463 934 516 987; x_wconf 92' lang='lat' dir='ltr'><strong>in</strong></span> <span class='ocrx_word' id='word_1_71' title='bbox 542 934 699 1002; x_wconf 82' lang='lat' dir='ltr'><strong>epist.</strong></span> <span class='ocrx_word' id='word_1_72' title='bbox 737 934 858 989; x_wconf 82' lang='grc'><strong>115.</strong></span> <span class='ocrx_word' id='word_1_73' title='bbox 895 934 1147 1002; x_wconf 84' lang='lat' dir='ltr'><strong>Ejusdem</strong></span> <span class='ocrx_word' id='word_1_74' title='bbox 1172 935 1355 1005; x_wconf 82' lang='lat' dir='ltr'><strong>itaque</strong></span> <span class='ocrx_word' id='word_1_75' title='bbox 1380 935 1643 1005; x_wconf 18' lang='lat' dir='ltr'><strong>temporis,</strong></span> <span class='ocrx_word' id='word_1_76' title='bbox 1663 936 1849 990; x_wconf 90' lang='lat' dir='ltr'><strong>barum</strong></span> <span class='ocrx_word' id='word_1_77' title='bbox 1876 935 2037 991; x_wconf 90' lang='lat' dir='ltr'><strong>etiam</strong></span> 
     </span>
    </p>
   </div>
   <div class='ocr_carea' id='block_1_12' title="bbox 459 1004 2041 1072">
    <p class='ocr_par' dir='ltr' id='par_1_12' title="bbox 459 1004 2041 1072">
     <span class='ocr_line' id='line_1_12' title="bbox 459 1004 2041 1072; baseline 0.003 -16"><span class='ocrx_word' id='word_1_78' title='bbox 459 1005 616 1058; x_wconf 92' lang='lat' dir='ltr'><strong>trium</strong></span> <span class='ocrx_word' id='word_1_79' title='bbox 647 1006 911 1059; x_wconf 88' lang='lat' dir='ltr'><strong>actionum</strong></span> <span class='ocrx_word' id='word_1_80' title='bbox 936 1006 1110 1060; x_wconf 80' lang='lat' dir='ltr'><strong>versio</strong></span> <span class='ocrx_word' id='word_1_81' title='bbox 1130 1020 1252 1062; x_wconf 86' lang='lat' dir='ltr'><strong>esse</strong></span> <span class='ocrx_word' id='word_1_82' title='bbox 1272 1004 1514 1072; x_wconf 86' lang='lat' dir='ltr'><strong>videtur;</strong></span> <span class='ocrx_word' id='word_1_83' title='bbox 1538 1004 1681 1060; x_wconf 92' lang='lat' dir='ltr'><strong>unde</strong></span> <span class='ocrx_word' id='word_1_84' title='bbox 1704 1006 1891 1061; x_wconf 87' lang='lat' dir='ltr'><strong>barum</strong></span> <span class='ocrx_word' id='word_1_85' title='bbox 1921 1022 2041 1061; x_wconf 91' lang='lat' dir='ltr'><strong>ver-</strong></span> 
     </span>
    </p>
   </div>
   <div class='ocr_carea' id='block_1_13' title="bbox 458 1075 2041 1147">
    <p class='ocr_par' dir='ltr' id='par_1_13' title="bbox 458 1075 2041 1147">
     <span class='ocr_line' id='line_1_13' title="bbox 458 1075 2041 1147; baseline 0.004 -20"><span class='ocrx_word' id='word_1_86' title='bbox 458 1075 662 1129; x_wconf 84' lang='lat' dir='ltr'><strong>sionem</strong></span> <span class='ocrx_word' id='word_1_87' title='bbox 695 1076 864 1131; x_wconf 90' lang='lat' dir='ltr'><strong>multo</strong></span> <span class='ocrx_word' id='word_1_88' title='bbox 900 1078 1225 1131; x_wconf 86' lang='lat' dir='ltr'><strong>anteriorem</strong></span> <span class='ocrx_word' id='word_1_89' title='bbox 1258 1076 1478 1133; x_wconf 82' lang='lat' dir='ltr'><strong>Rustico</strong></span> <span class='ocrx_word' id='word_1_90' title='bbox 1516 1085 1571 1133; x_wconf 94' lang='lat' dir='ltr'><strong>et</strong></span> <span class='ocrx_word' id='word_1_91' title='bbox 1609 1077 1829 1147; x_wconf 91' lang='lat' dir='ltr'><strong>antiquo</strong></span> <span class='ocrx_word' id='word_1_92' title='bbox 1871 1076 2041 1135; x_wconf 86' lang='lat' dir='ltr'><strong>inter-</strong></span> 
     </span>
    </p>
   </div>
   <div class='ocr_carea' id='block_1_14' title="bbox 458 1147 1291 1215">
    <p class='ocr_par' dir='ltr' id='par_1_14' title="bbox 458 1147 1291 1215">
     <span class='ocr_line' id='line_1_14' title="bbox 458 1147 1291 1215; baseline 0.004 -17"><span class='ocrx_word' id='word_1_93' title='bbox 458 1154 609 1215; x_wconf 91' lang='lat' dir='ltr'><strong>prete</strong></span> <span class='ocrx_word' id='word_1_94' title='bbox 638 1147 795 1214; x_wconf 91' lang='lat' dir='ltr'><strong>paulo</strong></span> <span class='ocrx_word' id='word_1_95' title='bbox 828 1158 947 1215; x_wconf 88' lang='lat' dir='ltr'><strong>post</strong></span> <span class='ocrx_word' id='word_1_96' title='bbox 972 1148 1291 1204; x_wconf 86' lang='lat' dir='ltr'><strong>videbimus.</strong></span> 
     </span>
    </p>
   </div>
   <div class='ocr_carea' id='block_1_15' title="bbox 528 1217 2042 1290">
    <p class='ocr_par' dir='ltr' id='par_1_15' title="bbox 528 1217 2042 1290">
     <span class='ocr_line' id='line_1_15' title="bbox 528 1217 2042 1290; baseline 0.003 -19"><span class='ocrx_word' id='word_1_97' title='bbox 528 1217 577 1271; x_wconf 92' lang='lat'><strong>9.</strong></span> <span class='ocrx_word' id='word_1_98' title='bbox 620 1217 752 1290; x_wconf 78' lang='lat' dir='ltr'><strong>Cum</strong></span> <span class='ocrx_word' id='word_1_99' title='bbox 775 1232 905 1273; x_wconf 91' lang='lat' dir='ltr'><strong>vero</strong></span> <span class='ocrx_word' id='word_1_100' title='bbox 927 1219 1195 1287; x_wconf 71' lang='lat' dir='ltr'><strong>praecipua</strong></span> <span class='ocrx_word' id='word_1_101' title='bbox 1224 1219 1312 1275; x_wconf 90' lang='lat' dir='ltr'><strong>illa</strong></span> <span class='ocrx_word' id='word_1_102' title='bbox 1332 1219 1847 1275; x_wconf 87' lang='lat' dir='ltr'><strong>Chalcedonensium</strong></span> <span class='ocrx_word' id='word_1_103' title='bbox 1863 1228 2042 1290; x_wconf 85' lang='lat' dir='ltr'><strong>gesto-</strong></span> 
     </span>
    </p>
   </div>
   <div class='ocr_carea' id='block_1_16' title="bbox 458 1286 2040 1360">
    <p class='ocr_par' dir='ltr' id='par_1_16' title="bbox 458 1286 2040 1360">
     <span class='ocr_line' id='line_1_16' title="bbox 458 1286 2040 1360; baseline 0.004 -21"><span class='ocrx_word' id='word_1_104' title='bbox 458 1302 573 1360; x_wconf 86' lang='lat' dir='ltr'><strong>rum</strong></span> <span class='ocrx_word' id='word_1_105' title='bbox 604 1286 775 1360; x_wconf 86' lang='lat' dir='ltr'><strong>capita</strong></span> <span class='ocrx_word' id='word_1_106' title='bbox 806 1298 861 1343; x_wconf 92' lang='lat' dir='ltr'><strong>et</strong></span> <span class='ocrx_word' id='word_1_107' title='bbox 889 1291 1231 1354; x_wconf 85' lang='lat' dir='ltr'><strong>documenta,</strong></span> <span class='ocrx_word' id='word_1_108' title='bbox 1263 1306 1383 1360; x_wconf 76' lang='lat' dir='ltr'><strong>qua:</strong></span> <span class='ocrx_word' id='word_1_109' title='bbox 1408 1290 1588 1345; x_wconf 88' lang='lat' dir='ltr'><strong>statim</strong></span> <span class='ocrx_word' id='word_1_110' title='bbox 1615 1292 1681 1346; x_wconf 90' lang='lat' dir='ltr'><strong>ah</strong></span> <span class='ocrx_word' id='word_1_111' title='bbox 1711 1286 2040 1346; x_wconf 47' lang='lat' dir='ltr'><strong>initio&#39;Lati-</strong></span> 
     </span>
    </p>
   </div>
   <div class='ocr_carea' id='block_1_17' title="bbox 459 1359 2037 1431">
    <p class='ocr_par' dir='ltr' id='par_1_17' title="bbox 459 1359 2037 1431">
     <span class='ocr_line' id='line_1_17' title="bbox 459 1359 2037 1431; baseline 0.004 -21"><span class='ocrx_word' id='word_1_112' title='bbox 459 1359 622 1431; x_wconf 81' lang='lat' dir='ltr'><strong>nitate</strong></span> <span class='ocrx_word' id='word_1_113' title='bbox 661 1359 854 1413; x_wconf 89' lang='lat' dir='ltr'><strong>donata</strong></span> <span class='ocrx_word' id='word_1_114' title='bbox 883 1360 1118 1426; x_wconf 88' lang='lat' dir='ltr'><strong>fuerunt,</strong></span> <span class='ocrx_word' id='word_1_115' title='bbox 1147 1359 1417 1431; x_wconf 78' lang='lat' dir='ltr'><strong>generalia</strong></span> <span class='ocrx_word' id='word_1_116' title='bbox 1440 1371 1493 1417; x_wconf 91' lang='lat' dir='ltr'><strong>et</strong></span> <span class='ocrx_word' id='word_1_117' title='bbox 1515 1362 1733 1416; x_wconf 82' lang='lat' dir='ltr'><strong>maximi</strong></span> <span class='ocrx_word' id='word_1_118' title='bbox 1775 1363 2037 1418; x_wconf 87' lang='lat' dir='ltr'><strong>momenti</strong></span> 
     </span>
    </p>
   </div>
   <div class='ocr_carea' id='block_1_18' title="bbox 457 1428 2041 1502">
    <p class='ocr_par' dir='ltr' id='par_1_18' title="bbox 457 1428 2041 1502">
     <span class='ocr_line' id='line_1_18' title="bbox 457 1428 2041 1502; baseline 0.006 -22"><span class='ocrx_word' id='word_1_119' title='bbox 457 1428 679 1502; x_wconf 79' lang='lat' dir='ltr'><strong>fuerint,</strong></span> <span class='ocrx_word' id='word_1_120' title='bbox 705 1441 762 1485; x_wconf 89' lang='lat' dir='ltr'><strong>ut</strong></span> <span class='ocrx_word' id='word_1_121' title='bbox 791 1446 857 1485; x_wconf 86' lang='lat' dir='ltr'><strong>ex</strong></span> <span class='ocrx_word' id='word_1_122' title='bbox 896 1432 1106 1487; x_wconf 86' lang='lat' dir='ltr'><strong>laudata</strong></span> <span class='ocrx_word' id='word_1_123' title='bbox 1129 1428 1505 1488; x_wconf 77' lang='lat' dir='ltr'><strong>observatione</strong></span> <span class='ocrx_word' id='word_1_124' title='bbox 1534 1432 1753 1502; x_wconf 82' lang='lat' dir='ltr'><strong>patebit,</strong></span> <span class='ocrx_word' id='word_1_125' title='bbox 1778 1447 1875 1489; x_wconf 88' lang='lat' dir='ltr'><strong>cur</strong></span> <span class='ocrx_word' id='word_1_126' title='bbox 1899 1437 2041 1489; x_wconf 86' lang='lat' dir='ltr'><strong>inter</strong></span> 
     </span>
    </p>
   </div>
   <div class='ocr_carea' id='block_1_19' title="bbox 457 1501 2038 1573">
    <p class='ocr_par' dir='ltr' id='par_1_19' title="bbox 457 1501 2038 1573">
     <span class='ocr_line' id='line_1_19' title="bbox 457 1501 2038 1573; baseline 0.008 -24"><span class='ocrx_word' id='word_1_127' title='bbox 457 1501 811 1573; x_wconf 88' lang='lat' dir='ltr'><strong>particulares</strong></span> <span class='ocrx_word' id='word_1_128' title='bbox 837 1517 1047 1573; x_wconf 87' lang='lat' dir='ltr'><strong>causas,</strong></span> <span class='ocrx_word' id='word_1_129' title='bbox 1077 1502 1194 1558; x_wconf 89' lang='lat' dir='ltr'><strong>aliis</strong></span> <span class='ocrx_word' id='word_1_130' title='bbox 1218 1504 1470 1559; x_wconf 91' lang='lat' dir='ltr'><strong>omnibus</strong></span> <span class='ocrx_word' id='word_1_131' title='bbox 1497 1501 1735 1570; x_wconf 90' lang='lat' dir='ltr'><strong>omissis,</strong></span> <span class='ocrx_word' id='word_1_132' title='bbox 1764 1505 1895 1559; x_wconf 81' lang='lat' dir='ltr'><strong>solae</strong></span> <span class='ocrx_word' id='word_1_133' title='bbox 1926 1511 2038 1562; x_wconf 90' lang='lat' dir='ltr'><strong>tres</strong></span> 
     </span>
    </p>
   </div>
   <div class='ocr_carea' id='block_1_20' title="bbox 457 1571 2039 1645">
    <p class='ocr_par' dir='ltr' id='par_1_20' title="bbox 457 1571 2039 1645">
     <span class='ocr_line' id='line_1_20' title="bbox 457 1571 2039 1645; baseline 0.004 -21"><span class='ocrx_word' id='word_1_134' title='bbox 457 1571 692 1645; x_wconf 77' lang='lat' dir='ltr'><strong>actiones</strong></span> <span class='ocrx_word' id='word_1_135' title='bbox 708 1573 775 1645; x_wconf 84' lang='lat' dir='ltr'><strong>ad</strong></span> <span class='ocrx_word' id='word_1_136' title='bbox 796 1571 1087 1628; x_wconf 84' lang='lat' dir='ltr'><strong>Maximum</strong></span> <span class='ocrx_word' id='word_1_137' title='bbox 1103 1573 1494 1630; x_wconf 81' lang='lat' dir='ltr'><strong>Antiochenum</strong></span> <span class='ocrx_word' id='word_1_138' title='bbox 1514 1576 1847 1645; x_wconf 87' lang='lat' dir='ltr'><strong>pertinentes</strong></span> <span class='ocrx_word' id='word_1_139' title='bbox 1858 1575 2039 1632; x_wconf 91' lang='lat' dir='ltr'><strong>Leone</strong></span> 
     </span>
    </p>
   </div>
   <div class='ocr_carea' id='block_1_21' title="bbox 453 1641 2039 1717">
    <p class='ocr_par' dir='ltr' id='par_1_21' title="bbox 453 1641 2039 1717">
     <span class='ocr_line' id='line_1_21' title="bbox 453 1641 2039 1717; baseline 0.007 -26"><span class='ocrx_word' id='word_1_140' title='bbox 453 1641 576 1695; x_wconf 90' lang='lat' dir='ltr'><strong>vivo</strong></span> <span class='ocrx_word' id='word_1_141' title='bbox 605 1642 892 1717; x_wconf 82' lang='lat' dir='ltr'><strong>Latinitate</strong></span> <span class='ocrx_word' id='word_1_142' title='bbox 922 1645 1131 1717; x_wconf 64' lang='lat' dir='ltr'><strong>donata!</strong></span> <span class='ocrx_word' id='word_1_143' title='bbox 1155 1645 1373 1711; x_wconf 77' lang='lat' dir='ltr'><strong>fuerint,</strong></span> <span class='ocrx_word' id='word_1_144' title='bbox 1398 1646 1442 1700; x_wconf 90' lang='lat' dir='ltr'><strong>si</strong></span> <span class='ocrx_word' id='word_1_145' title='bbox 1471 1641 1591 1717; x_wconf 81' lang='lat' dir='ltr'><strong>quis</strong></span> <span class='ocrx_word' id='word_1_146' title='bbox 1613 1646 1867 1717; x_wconf 89' lang='lat' dir='ltr'><strong>inquirat,</strong></span> <span class='ocrx_word' id='word_1_147' title='bbox 1895 1646 2039 1702; x_wconf 83' lang='lat' dir='ltr'><strong>dice-</strong></span> 
     </span>
    </p>
   </div>
   <div class='ocr_carea' id='block_1_22' title="bbox 458 1714 2037 1786">
    <p class='ocr_par' dir='ltr' id='par_1_22' title="bbox 458 1714 2037 1786">
     <span class='ocr_line' id='line_1_22' title="bbox 458 1714 2037 1786; baseline 0.006 -24"><span class='ocrx_word' id='word_1_148' title='bbox 458 1726 576 1786; x_wconf 78' lang='lat' dir='ltr'><strong>mus</strong></span> <span class='ocrx_word' id='word_1_149' title='bbox 602 1714 861 1783; x_wconf 84' lang='lat' dir='ltr'><strong>suspicari</strong></span> <span class='ocrx_word' id='word_1_150' title='bbox 894 1730 993 1771; x_wconf 88' lang='lat' dir='ltr'><strong>nos</strong></span> <span class='ocrx_word' id='word_1_151' title='bbox 1023 1715 1267 1771; x_wconf 62' lang='lat' dir='ltr'><strong>Graecum</strong></span> <span class='ocrx_word' id='word_1_152' title='bbox 1299 1714 1609 1772; x_wconf 86' lang='lat' dir='ltr'><strong>earumdem</strong></span> <span class='ocrx_word' id='word_1_153' title='bbox 1636 1714 1940 1786; x_wconf 68' lang='lat' dir='ltr'><strong>eiemplum</strong></span> <span class='ocrx_word' id='word_1_154' title='bbox 1969 1718 2037 1772; x_wconf 92' lang='lat' dir='ltr'><strong>ad</strong></span> 
     </span>
    </p>
   </div>
   <div class='ocr_carea' id='block_1_23' title="bbox 456 1780 2116 1877">
    <p class='ocr_par' dir='ltr' id='par_1_23' title="bbox 456 1780 2116 1877">
     <span class='ocr_line' id='line_1_23' title="bbox 456 1780 2116 1877; baseline 0.005 -40"><span class='ocrx_word' id='word_1_155' title='bbox 456 1780 745 1877; x_wconf 56' lang='lat' dir='ltr'><strong>Leonem&#39;a</strong></span> <span class='ocrx_word' id='word_1_156' title='bbox 769 1786 999 1877; x_wconf 40' lang='lat' dir='ltr'><strong>Malx&#39;imo</strong></span> <span class='ocrx_word' id='word_1_157' title='bbox 1022 1788 1185 1842; x_wconf 80' lang='lat' dir='ltr'><strong>fuisse</strong></span> <span class='ocrx_word' id='word_1_158' title='bbox 1208 1787 1604 1877; x_wconf 76' lang='lat' dir='ltr'><strong>transmissum,</strong></span> <span class='ocrx_word' id='word_1_159' title='bbox 1635 1803 1756 1844; x_wconf 90' lang='lat' dir='ltr'><strong>cum</strong></span> <span class='ocrx_word' id='word_1_160' title='bbox 1772 1780 1839 1877; x_wconf 76' lang='lat' dir='ltr'><strong>ad</strong></span> <span class='ocrx_word' id='word_1_161' title='bbox 1863 1788 2035 1857; x_wconf 92' lang='lat' dir='ltr'><strong>ipsum</strong></span> <span class='ocrx_word' id='word_1_162' title='bbox 2068 1816 2116 1877; x_wconf 78' lang='grc' dir='ltr'>Β</span> 
     </span>
    </p>
   </div>
   <div class='ocr_carea' id='block_1_24' title="bbox 456 1853 2039 1929">
    <p class='ocr_par' dir='ltr' id='par_1_24' title="bbox 456 1853 2039 1929">
     <span class='ocr_line' id='line_1_24' title="bbox 456 1853 2039 1929; baseline 0.006 -23"><span class='ocrx_word' id='word_1_163' title='bbox 456 1853 505 1906; x_wconf 88' lang='lat' dir='ltr'><strong>in</strong></span> <span class='ocrx_word' id='word_1_164' title='bbox 538 1870 651 1929; x_wconf 84' lang='lat' dir='ltr'><strong>rem</strong></span> <span class='ocrx_word' id='word_1_165' title='bbox 682 1870 832 1929; x_wconf 86' lang='lat' dir='ltr'><strong>suam</strong></span> <span class='ocrx_word' id='word_1_166' title='bbox 858 1859 1060 1929; x_wconf 82' lang='lat' dir='ltr'><strong>litteras</strong></span> <span class='ocrx_word' id='word_1_167' title='bbox 1087 1862 1382 1929; x_wconf 18' lang='lat' dir='ltr'><strong>etinuntios</strong></span> <span class='ocrx_word' id='word_1_168' title='bbox 1409 1858 1574 1922; x_wconf 90' lang='lat' dir='ltr'><strong>misit,</strong></span> <span class='ocrx_word' id='word_1_169' title='bbox 1592 1853 1796 1929; x_wconf 83' lang='lat' dir='ltr'><strong>easque</strong></span> <span class='ocrx_word' id='word_1_170' title='bbox 1827 1853 1924 1913; x_wconf 76' lang='lat' dir='ltr'><strong>hac</strong></span> <span class='ocrx_word' id='word_1_171' title='bbox 1947 1874 2039 1915; x_wconf 89' lang='lat' dir='ltr'><strong>oc-</strong></span> 
     </span>
    </p>
   </div>
   <div class='ocr_carea' id='block_1_25' title="bbox 456 1926 2039 1998">
    <p class='ocr_par' dir='ltr' id='par_1_25' title="bbox 456 1926 2039 1998">
     <span class='ocr_line' id='line_1_25' title="bbox 456 1926 2039 1998; baseline 0.006 -22"><span class='ocrx_word' id='word_1_172' title='bbox 456 1926 671 1998; x_wconf 83' lang='lat' dir='ltr'><strong>casione</strong></span> <span class='ocrx_word' id='word_1_173' title='bbox 700 1928 939 1982; x_wconf 88' lang='lat' dir='ltr'><strong>redditas</strong></span> <span class='ocrx_word' id='word_1_174' title='bbox 966 1928 1127 1982; x_wconf 86' lang='lat' dir='ltr'><strong>fuisse</strong></span> <span class='ocrx_word' id='word_1_175' title='bbox 1146 1928 1354 1984; x_wconf 90' lang='lat' dir='ltr'><strong>Latine.</strong></span> <span class='ocrx_word' id='word_1_176' title='bbox 1381 1929 1459 1984; x_wconf 86' lang='lat' dir='ltr'><strong>Ex</strong></span> <span class='ocrx_word' id='word_1_177' title='bbox 1474 1926 1870 1998; x_wconf 43' lang='lat' dir='ltr'><strong>epistola—cnim</strong></span> <span class='ocrx_word' id='word_1_178' title='bbox 1900 1931 2039 1987; x_wconf 89' lang='lat' dir='ltr'><strong>Leo-</strong></span> 
     </span>
    </p>
   </div>
   <div class='ocr_carea' id='block_1_26' title="bbox 457 1994 2039 2070">
    <p class='ocr_par' dir='ltr' id='par_1_26' title="bbox 457 1994 2039 2070">
     <span class='ocr_line' id='line_1_26' title="bbox 457 1994 2039 2070; baseline 0.008 -24"><span class='ocrx_word' id='word_1_179' title='bbox 457 1994 539 2070; x_wconf 80' lang='lat' dir='ltr'><strong>nis</strong></span> <span class='ocrx_word' id='word_1_180' title='bbox 556 1996 671 2070; x_wconf 82' lang='lat' dir='ltr'><strong>_H9</strong></span> <span class='ocrx_word' id='word_1_181' title='bbox 688 1998 756 2070; x_wconf 85' lang='lat' dir='ltr'><strong>ad</strong></span> <span class='ocrx_word' id='word_1_182' title='bbox 775 2000 1024 2055; x_wconf 92' lang='lat' dir='ltr'><strong>eumdem</strong></span> <span class='ocrx_word' id='word_1_183' title='bbox 1053 2001 1340 2055; x_wconf 85' lang='lat' dir='ltr'><strong>Maximum</strong></span> <span class='ocrx_word' id='word_1_184' title='bbox 1362 2000 1496 2055; x_wconf 88' lang='lat' dir='ltr'><strong>satis</strong></span> <span class='ocrx_word' id='word_1_185' title='bbox 1512 1994 1787 2070; x_wconf 78' lang='lat' dir='ltr'><strong>colligitur</strong></span> <span class='ocrx_word' id='word_1_186' title='bbox 1817 2002 2039 2059; x_wconf 87' lang='lat' dir='ltr'><strong>buncde</strong></span> 
     </span>
    </p>
   </div>
   <div class='ocr_carea' id='block_1_27' title="bbox 454 2064 2037 2141">
    <p class='ocr_par' dir='ltr' id='par_1_27' title="bbox 454 2064 2037 2141">
     <span class='ocr_line' id='line_1_27' title="bbox 454 2064 2037 2141; baseline 0.007 -23"><span class='ocrx_word' id='word_1_187' title='bbox 454 2064 599 2141; x_wconf 67' lang='lat' dir='ltr'><strong>la:_sis</strong></span> <span class='ocrx_word' id='word_1_188' title='bbox 638 2069 988 2126; x_wconf 74' lang='lat' dir='ltr'><strong>Antiochense</strong></span> <span class='ocrx_word' id='word_1_189' title='bbox 1026 2072 1171 2127; x_wconf 90' lang='lat' dir='ltr'><strong>sedis</strong></span> <span class='ocrx_word' id='word_1_190' title='bbox 1218 2071 1507 2141; x_wconf 75' lang='lat' dir='ltr'><strong>privilegiis</strong></span> <span class='ocrx_word' id='word_1_191' title='bbox 1549 2064 1690 2140; x_wconf 69' lang='lat' dir='ltr'><strong>apud</strong></span> <span class='ocrx_word' id='word_1_192' title='bbox 1730 2073 2037 2141; x_wconf 87' lang='lat' dir='ltr'><strong>pontificem</strong></span> 
     </span>
    </p>
   </div>
   <div class='ocr_carea' id='block_1_28' title="bbox 458 2135 2038 2214">
    <p class='ocr_par' dir='ltr' id='par_1_28' title="bbox 458 2135 2038 2214">
     <span class='ocr_line' id='line_1_28' title="bbox 458 2135 2038 2214; baseline 0.007 -25"><span class='ocrx_word' id='word_1_193' title='bbox 458 2135 622 2214; x_wconf 67' lang='lat' dir='ltr'><strong>fuisse</strong></span> <span class='ocrx_word' id='word_1_194' title='bbox 663 2151 1046 2214; x_wconf 83' lang='lat' dir='ltr'><strong>conquestum;</strong></span> <span class='ocrx_word' id='word_1_195' title='bbox 1079 2142 1183 2198; x_wconf 88' lang='lat' dir='ltr'><strong>huc</strong></span> <span class='ocrx_word' id='word_1_196' title='bbox 1213 2135 1601 2214; x_wconf 51' lang='lat' dir='ltr'><strong>enimprocul&#39;</strong></span> <span class='ocrx_word' id='word_1_197' title='bbox 1623 2135 1785 2198; x_wconf 83' lang='lat' dir='ltr'><strong>dubio</strong></span> <span class='ocrx_word' id='word_1_198' title='bbox 1818 2145 2038 2214; x_wconf 87' lang='lat' dir='ltr'><strong>respicit</strong></span> 
     </span>
    </p>
   </div>
   <div class='ocr_carea' id='block_1_29' title="bbox 452 2206 2038 2281">
    <p class='ocr_par' dir='ltr' id='par_1_29' title="bbox 452 2206 2038 2281">
     <span class='ocr_line' id='line_1_29' title="bbox 452 2206 2038 2281; baseline 0.006 -21"><span class='ocrx_word' id='word_1_199' title='bbox 452 2206 509 2281; x_wconf 76' lang='grc'><strong>8.</strong></span> <span class='ocrx_word' id='word_1_200' title='bbox 544 2208 673 2281; x_wconf 70' lang='lat' dir='ltr'><strong>Leo,</strong></span> <span class='ocrx_word' id='word_1_201' title='bbox 721 2206 842 2266; x_wconf 78' lang='lat' dir='ltr'><strong>cum</strong></span> <span class='ocrx_word' id='word_1_202' title='bbox 875 2206 1075 2268; x_wconf 81' lang='lat' dir='ltr'><strong>ibidem</strong></span> <span class='ocrx_word' id='word_1_203' title='bbox 1106 2213 1329 2268; x_wconf 89' lang='lat' dir='ltr'><strong>scribit:</strong></span> <span class='ocrx_word' id='word_1_204' title='bbox 1368 2206 1514 2268; x_wconf 83' lang='lat' dir='ltr'><strong>Unde</strong></span> <span class='ocrx_word' id='word_1_205' title='bbox 1540 2230 1653 2268; x_wconf 88' lang='lat' dir='ltr'><strong>cum</strong></span> <span class='ocrx_word' id='word_1_206' title='bbox 1698 2206 1921 2281; x_wconf 53' lang='lat' dir='ltr'><strong>aliquid&#39;</strong></span> <span class='ocrx_word' id='word_1_207' title='bbox 1943 2232 2038 2281; x_wconf 91' lang='lat' dir='ltr'><strong>pro</strong></span> 
     </span>
    </p>
   </div>
   <div class='ocr_carea' id='block_1_30' title="bbox 459 2279 2039 2357">
    <p class='ocr_par' dir='ltr' id='par_1_30' title="bbox 459 2279 2039 2357">
     <span class='ocr_line' id='line_1_30' title="bbox 459 2279 2039 2357; baseline 0.006 -27"><span class='ocrx_word' id='word_1_208' title='bbox 459 2279 783 2357; x_wconf 59' lang='lat' dir='ltr'><strong>Antiochense</strong></span> <span class='ocrx_word' id='word_1_209' title='bbox 821 2282 1065 2357; x_wconf 72' lang='lat' dir='ltr'><strong>Ecclesia:</strong></span> <span class='ocrx_word' id='word_1_210' title='bbox 1088 2284 1364 2357; x_wconf 81' lang='lat' dir='ltr'><strong>privilegiis</strong></span> <span class='ocrx_word' id='word_1_211' title='bbox 1404 2284 1609 2357; x_wconf 73' lang='lat' dir='ltr'><strong>dilectio</strong></span> <span class='ocrx_word' id='word_1_212' title='bbox 1649 2292 1738 2339; x_wconf 88' lang='lat' dir='ltr'><strong>tua</strong></span> <span class='ocrx_word' id='word_1_213' title='bbox 1784 2279 2039 2357; x_wconf 77' lang='lat' dir='ltr'><strong>agendum</strong></span> 
     </span>
    </p>
   </div>
   <div class='ocr_carea' id='block_1_31' title="bbox 457 2353 2037 2428">
    <p class='ocr_par' dir='ltr' id='par_1_31' title="bbox 457 2353 2037 2428">
     <span class='ocr_line' id='line_1_31' title="bbox 457 2353 2037 2428; baseline 0.007 -26"><span class='ocrx_word' id='word_1_214' title='bbox 457 2365 559 2403; x_wconf 82' lang='lat' dir='ltr'><strong>esse</strong></span> <span class='ocrx_word' id='word_1_215' title='bbox 604 2353 891 2428; x_wconf 85' lang='lat' dir='ltr'><strong>crediderit,</strong></span> <span class='ocrx_word' id='word_1_216' title='bbox 945 2357 1167 2426; x_wconf 85' lang='lat' dir='ltr'><strong>prapriis</strong></span> <span class='ocrx_word' id='word_1_217' title='bbox 1204 2353 1391 2428; x_wconf 78' lang='lat' dir='ltr'><strong>litteris</strong></span> <span class='ocrx_word' id='word_1_218' title='bbox 1424 2356 1624 2411; x_wconf 76' lang='lat' dir='ltr'><strong>studeat</strong></span> <span class='ocrx_word' id='word_1_219' title='bbox 1660 2353 1934 2428; x_wconf 74' lang='lat' dir='ltr'><strong>explicare.</strong></span> <span class='ocrx_word' id='word_1_220' title='bbox 1980 2358 2037 2413; x_wconf 89' lang='lat' dir='ltr'><strong>Id</strong></span> 
     </span>
    </p>
   </div>
   <div class='ocr_carea' id='block_1_32' title="bbox 456 2425 2036 2497">
    <p class='ocr_par' dir='ltr' id='par_1_32' title="bbox 456 2425 2036 2497">
     <span class='ocr_line' id='line_1_32' title="bbox 456 2425 2036 2497; baseline 0.006 -23"><span class='ocrx_word' id='word_1_221' title='bbox 456 2426 948 2497; x_wconf 65' lang='lat' dir='ltr'><strong>uutemrespicere</strong></span> <span class='ocrx_word' id='word_1_222' title='bbox 986 2425 1104 2497; x_wconf 83' lang='lat' dir='ltr'><strong>eam</strong></span> <span class='ocrx_word' id='word_1_223' title='bbox 1154 2425 1598 2496; x_wconf 87' lang='lat' dir='ltr'><strong>compositionem</strong></span> <span class='ocrx_word' id='word_1_224' title='bbox 1639 2425 1743 2497; x_wconf 84' lang='lat' dir='ltr'><strong>qua</strong></span> <span class='ocrx_word' id='word_1_225' title='bbox 1788 2428 2036 2484; x_wconf 68' lang='lat' dir='ltr'><strong>iuvenali</strong></span> 
     </span>
    </p>
   </div>
   <div class='ocr_carea' id='block_1_33' title="bbox 456 2490 2038 2563">
    <p class='ocr_par' dir='ltr' id='par_1_33' title="bbox 456 2490 2038 2563">
     <span class='ocr_line' id='line_1_33' title="bbox 456 2490 2038 2563; baseline 0.006 -18"><span class='ocrx_word' id='word_1_226' title='bbox 456 2490 905 2563; x_wconf 40' lang='lat' dir='ltr'><strong>Jcrosolymi’tano</strong></span> <span class='ocrx_word' id='word_1_227' title='bbox 934 2505 1044 2552; x_wconf 91' lang='lat' dir='ltr'><strong>tres</strong></span> <span class='ocrx_word' id='word_1_228' title='bbox 1071 2490 1383 2553; x_wconf 80' lang='lat' dir='ltr'><strong>Palaestinas</strong></span> <span class='ocrx_word' id='word_1_229' title='bbox 1415 2498 1467 2552; x_wconf 94' lang='lat' dir='ltr'><strong>in</strong></span> <span class='ocrx_word' id='word_1_230' title='bbox 1500 2490 1851 2554; x_wconf 68' lang='lat' dir='ltr'><strong>Antiochense</strong></span> <span class='ocrx_word' id='word_1_231' title='bbox 1887 2499 2038 2555; x_wconf 88' lang='lat' dir='ltr'><strong>sedis</strong></span> 
     </span>
    </p>
   </div>
   <div class='ocr_carea' id='block_1_34' title="bbox 455 2563 2040 2643">
    <p class='ocr_par' dir='ltr' id='par_1_34' title="bbox 455 2563 2040 2643">
     <span class='ocr_line' id='line_1_34' title="bbox 455 2563 2040 2643; baseline 0.006 -27"><span class='ocrx_word' id='word_1_232' title='bbox 455 2563 831 2643; x_wconf 70' lang='lat' dir='ltr'><strong>przrjudicium</strong></span> <span class='ocrx_word' id='word_1_233' title='bbox 846 2568 1105 2643; x_wconf 73' lang='lat' dir='ltr'><strong>Maximus</strong></span> <span class='ocrx_word' id='word_1_234' title='bbox 1126 2578 1384 2643; x_wconf 74' lang='lat' dir='ltr'><strong>cesserat,</strong></span> <span class='ocrx_word' id='word_1_235' title='bbox 1408 2569 1538 2643; x_wconf 82' lang='lat' dir='ltr'><strong>satis</strong></span> <span class='ocrx_word' id='word_1_236' title='bbox 1554 2568 2040 2643; x_wconf 87' lang='lat' dir='ltr'><strong>indicantsequen-</strong></span> 
     </span>
    </p>
   </div>
   <div class='ocr_carea' id='block_1_35' title="bbox 457 2637 2038 2710">
    <p class='ocr_par' dir='ltr' id='par_1_35' title="bbox 457 2637 2038 2710">
     <span class='ocr_line' id='line_1_35' title="bbox 457 2637 2038 2710; baseline 0.009 -26"><span class='ocrx_word' id='word_1_237' title='bbox 457 2637 549 2698; x_wconf 91' lang='lat' dir='ltr'><strong>tia,</strong></span> <span class='ocrx_word' id='word_1_238' title='bbox 580 2638 775 2704; x_wconf 87' lang='lat' dir='ltr'><strong>quibus</strong></span> <span class='ocrx_word' id='word_1_239' title='bbox 806 2637 1079 2694; x_wconf 76' lang='lat' dir='ltr'><strong>iuvenalis</strong></span> <span class='ocrx_word' id='word_1_240' title='bbox 1108 2653 1271 2695; x_wconf 89' lang='lat' dir='ltr'><strong>ausus</strong></span> <span class='ocrx_word' id='word_1_241' title='bbox 1299 2638 1357 2695; x_wconf 90' lang='lat' dir='ltr'><strong>S.</strong></span> <span class='ocrx_word' id='word_1_242' title='bbox 1390 2641 1626 2704; x_wconf 82' lang='lat' dir='ltr'><strong>pontifex</strong></span> <span class='ocrx_word' id='word_1_243' title='bbox 1653 2637 1928 2710; x_wconf 89' lang='lat' dir='ltr'><strong>reprobat.</strong></span> <span class='ocrx_word' id='word_1_244' title='bbox 1960 2642 2038 2697; x_wconf 88' lang='lat' dir='ltr'><strong>le-</strong></span> 
     </span>
    </p>
   </div>
   <div class='ocr_carea' id='block_1_36' title="bbox 454 2709 2039 2776">
    <p class='ocr_par' dir='ltr' id='par_1_36' title="bbox 454 2709 2039 2776">
     <span class='ocr_line' id='line_1_36' title="bbox 454 2709 2039 2776; baseline 0.009 -20"><span class='ocrx_word' id='word_1_245' title='bbox 454 2712 813 2776; x_wconf 87' lang='lat' dir='ltr'><strong>gatorumque</strong></span> <span class='ocrx_word' id='word_1_246' title='bbox 839 2725 1118 2765; x_wconf 86' lang='lat' dir='ltr'><strong>assensum</strong></span> <span class='ocrx_word' id='word_1_247' title='bbox 1146 2720 1334 2766; x_wconf 89' lang='lat' dir='ltr'><strong>contra</strong></span> <span class='ocrx_word' id='word_1_248' title='bbox 1364 2709 1611 2766; x_wconf 72' lang='lat' dir='ltr'><strong>Nicaznos</strong></span> <span class='ocrx_word' id='word_1_249' title='bbox 1640 2709 1876 2769; x_wconf 87' lang='lat' dir='ltr'><strong>canones</strong></span> <span class='ocrx_word' id='word_1_250' title='bbox 1913 2712 2039 2769; x_wconf 86' lang='lat' dir='ltr'><strong>irri-</strong></span> 
     </span>
    </p>
   </div>
   <div class='ocr_carea' id='block_1_37' title="bbox 456 2776 2036 2856">
    <p class='ocr_par' dir='ltr' id='par_1_37' title="bbox 456 2776 2036 2856">
     <span class='ocr_line' id='line_1_37' title="bbox 456 2776 2036 2856; baseline 0.008 -29"><span class='ocrx_word' id='word_1_251' title='bbox 456 2782 567 2856; x_wconf 67' lang='lat' dir='ltr'><strong>tum</strong></span> <span class='ocrx_word' id='word_1_252' title='bbox 592 2776 848 2856; x_wconf 69' lang='lat' dir='ltr'><strong>declarat.</strong></span> <span class='ocrx_word' id='word_1_253' title='bbox 877 2781 989 2837; x_wconf 89' lang='lat' dir='ltr'><strong>Soli</strong></span> <span class='ocrx_word' id='word_1_254' title='bbox 1008 2781 1153 2856; x_wconf 83' lang='lat' dir='ltr'><strong>enim</strong></span> <span class='ocrx_word' id='word_1_255' title='bbox 1184 2781 1413 2856; x_wconf 81' lang='lat' dir='ltr'><strong>cessioui</strong></span> <span class='ocrx_word' id='word_1_256' title='bbox 1446 2781 1873 2856; x_wconf 63' lang='lat' dir='ltr'><strong>Palaestinarum,</strong></span> <span class='ocrx_word' id='word_1_257' title='bbox 1916 2800 2036 2855; x_wconf 70' lang='lat' dir='ltr'><strong>qua:</strong></span> 
     </span>
    </p>
   </div>
   <div class='ocr_carea' id='block_1_38' title="bbox 454 2843 2039 2923">
    <p class='ocr_par' dir='ltr' id='par_1_38' title="bbox 454 2843 2039 2923">
     <span class='ocr_line' id='line_1_38' title="bbox 454 2843 2039 2923; baseline 0.009 -25"><span class='ocrx_word' id='word_1_258' title='bbox 454 2843 684 2903; x_wconf 76' lang='lat' dir='ltr'><strong>Nicaznis</strong></span> <span class='ocrx_word' id='word_1_259' title='bbox 704 2851 933 2909; x_wconf 77' lang='lat' dir='ltr'><strong>decretis</strong></span> <span class='ocrx_word' id='word_1_260' title='bbox 956 2852 1362 2917; x_wconf 87' lang='lat' dir='ltr'><strong>adversabatur,</strong></span> <span class='ocrx_word' id='word_1_261' title='bbox 1389 2852 1549 2923; x_wconf 87' lang='lat' dir='ltr'><strong>legati</strong></span> <span class='ocrx_word' id='word_1_262' title='bbox 1570 2854 1837 2923; x_wconf 77' lang='lat' dir='ltr'><strong>pontificis</strong></span> <span class='ocrx_word' id='word_1_263' title='bbox 1854 2843 2039 2912; x_wconf 56' lang='lat' dir='ltr'><strong>ass&#39;en-</strong></span> 
     </span>
    </p>
   </div>
   <div class='ocr_carea' id='block_1_39' title="bbox 452 2924 2034 3043">
    <p class='ocr_par' dir='ltr' id='par_1_39' title="bbox 452 2924 2034 3043">
     <span class='ocr_line' id='line_1_39' title="bbox 452 2924 2034 3043; baseline 0.009 -74"><span class='ocrx_word' id='word_1_264' title='bbox 452 2930 571 2971; x_wconf 91' lang='lat' dir='ltr'><strong>sum</strong></span> <span class='ocrx_word' id='word_1_265' title='bbox 592 2926 989 3043; x_wconf 57' lang='lat' dir='ltr'><strong>(prmstiterant.</strong></span> <span class='ocrx_word' id='word_1_266' title='bbox 1022 2924 1087 2979; x_wconf 90' lang='lat' dir='ltr'><strong>Ei</strong></span> <span class='ocrx_word' id='word_1_267' title='bbox 1112 2939 1241 2979; x_wconf 91' lang='lat' dir='ltr'><strong>vero</strong></span> <span class='ocrx_word' id='word_1_268' title='bbox 1275 2924 1653 2994; x_wconf 88' lang='lat' dir='ltr'><strong>compositioni</strong></span> <span class='ocrx_word' id='word_1_269' title='bbox 1680 2926 1949 2982; x_wconf 81' lang='lat' dir='ltr'><strong>Maximus</strong></span> <span class='ocrx_word' id='word_1_270' title='bbox 1981 2929 2034 2983; x_wconf 90' lang='lat' dir='ltr'><strong>in</strong></span> 
     </span>
     <span class='ocr_line' id='line_1_40' title="bbox 454 2990 2030 3043; baseline 0.003 -4"><span class='ocrx_word' id='word_1_271' title='bbox 454 3002 587 3043; x_wconf 91' lang='lat' dir='ltr'><strong>svno</strong></span> <span class='ocrx_word' id='word_1_272' title='bbox 627 3006 659 3043; x_wconf 92' lang='lat'><strong>0</strong></span> <span class='ocrx_word' id='word_1_273' title='bbox 679 2990 1105 3043; x_wconf 75' lang='lat' dir='ltr'><strong>Clialcednnensi</strong></span> <span class='ocrx_word' id='word_1_274' title='bbox 1143 3009 1398 3043; x_wconf 76' lang='lat' dir='ltr'><strong>assensus</strong></span> <span class='ocrx_word' id='word_1_275' title='bbox 1431 2995 1605 3043; x_wconf 78' lang='lat' dir='ltr'><strong>fuerat</strong></span> <span class='ocrx_word' id='word_1_276' title='bbox 1631 3011 1737 3043; x_wconf 90' lang='lat' dir='ltr'><strong>nnn</strong></span> <span class='ocrx_word' id='word_1_277' title='bbox 1768 2998 2030 3043; x_wconf 69' lang='grc' dir='ltr'><strong>ειιιςιηιιιιρ,</strong></span> 
     </span>
    </p>
   </div>
   <div class='ocr_carea' id='block_1_40' title="bbox 454 2990 2033 3067">
    <p class='ocr_par' dir='ltr' id='par_1_40' title="bbox 454 2990 2033 3067">
     <span class='ocr_line' id='line_1_41' title="bbox 454 2990 2033 3067; baseline 0.01 -28"><span class='ocrx_word' id='word_1_278' title='bbox 454 2990 659 3067; x_wconf 84' lang='lat' dir='ltr'><strong>synodo</strong></span> <span class='ocrx_word' id='word_1_279' title='bbox 679 2990 1106 3067; x_wconf 72' lang='lat' dir='ltr'><strong>Chalcedonensi</strong></span> <span class='ocrx_word' id='word_1_280' title='bbox 1143 2990 1413 3052; x_wconf 78' lang='lat' dir='ltr'><strong>assensus</strong></span> <span class='ocrx_word' id='word_1_281' title='bbox 1429 2995 1605 3051; x_wconf 81' lang='lat' dir='ltr'><strong>fuerat</strong></span> <span class='ocrx_word' id='word_1_282' title='bbox 1631 3011 1737 3051; x_wconf 90' lang='lat' dir='ltr'><strong>non</strong></span> <span class='ocrx_word' id='word_1_283' title='bbox 1768 2998 2033 3067; x_wconf 88' lang='lat' dir='ltr'><strong>absolute,</strong></span> 
     </span>
    </p>
   </div>
   <div class='ocr_carea' id='block_1_41' title="bbox 453 3060 2032 3135">
    <p class='ocr_par' dir='ltr' id='par_1_41' title="bbox 453 3060 2032 3135">
     <span class='ocr_line' id='line_1_42' title="bbox 453 3060 2032 3135; baseline 0.008 -24"><span class='ocrx_word' id='word_1_284' title='bbox 453 3060 565 3135; x_wconf 73' lang='lat' dir='ltr'><strong>sed,</strong></span> <span class='ocrx_word' id='word_1_285' title='bbox 600 3072 656 3117; x_wconf 93' lang='lat' dir='ltr'><strong>ut</strong></span> <span class='ocrx_word' id='word_1_286' title='bbox 687 3064 738 3119; x_wconf 91' lang='lat' dir='ltr'><strong>in</strong></span> <span class='ocrx_word' id='word_1_287' title='bbox 761 3077 949 3122; x_wconf 90' lang='lat' dir='ltr'><strong>nostro</strong></span> <span class='ocrx_word' id='word_1_288' title='bbox 975 3067 1161 3121; x_wconf 87' lang='lat' dir='ltr'><strong>codice</strong></span> <span class='ocrx_word' id='word_1_289' title='bbox 1192 3067 1404 3135; x_wconf 89' lang='lat' dir='ltr'><strong>legitur,</strong></span> <span class='ocrx_word' id='word_1_290' title='bbox 1432 3067 1534 3121; x_wconf 91' lang='lat' dir='ltr'><strong>sub</strong></span> <span class='ocrx_word' id='word_1_291' title='bbox 1558 3067 1657 3123; x_wconf 86' lang='lat' dir='ltr'><strong>hac</strong></span> <span class='ocrx_word' id='word_1_292' title='bbox 1683 3069 1994 3126; x_wconf 91' lang='lat' dir='ltr'><strong>conditione</strong></span> <span class='ocrx_word' id='word_1_293' title='bbox 2016 3060 2032 3124; x_wconf 81' lang='grc' dir='ltr'>Ξ</span> 
     </span>
    </p>
   </div>
   <div class='ocr_carea' id='block_1_42' title="bbox 454 3129 2093 3211">
    <p class='ocr_par' dir='ltr' id='par_1_42' title="bbox 454 3129 2093 3211">
     <span class='ocr_line' id='line_1_43' title="bbox 454 3129 2093 3211; baseline 0.009 -29"><span class='ocrx_word' id='word_1_294' title='bbox 454 3129 514 3183; x_wconf 88' lang='lat' dir='ltr'><strong>Si</strong></span> <span class='ocrx_word' id='word_1_295' title='bbox 536 3143 713 3211; x_wconf 68' lang='lat' dir='ltr'><strong>tamen</strong></span> <span class='ocrx_word' id='word_1_296' title='bbox 727 3136 783 3189; x_wconf 86' lang='lat' dir='ltr'><strong>id</strong></span> <span class='ocrx_word' id='word_1_297' title='bbox 810 3138 1079 3211; x_wconf 78' lang='lat' dir='ltr'><strong>venerabili</strong></span> <span class='ocrx_word' id='word_1_298' title='bbox 1102 3129 1429 3211; x_wconf 54' lang='lat' dir='ltr'><strong>patri-nostro</strong></span> <span class='ocrx_word' id='word_1_299' title='bbox 1449 3139 1834 3211; x_wconf 75' lang='lat' dir='ltr'><strong>archiepiscopo</strong></span> <span class='ocrx_word' id='word_1_300' title='bbox 1858 3140 2036 3196; x_wconf 67' lang='lat' dir='ltr'><strong>Roma</strong></span> <span class='ocrx_word' id='word_1_301' title='bbox 2060 3153 2093 3211; x_wconf 52' lang='grc' dir='ltr'><strong><em>Α</em></strong></span> 
     </span>
    </p>
   </div>
   <div class='ocr_carea' id='block_1_43' title="bbox 452 3189 2106 3283">
    <p class='ocr_par' dir='ltr' id='par_1_43' title="bbox 452 3189 2106 3283">
     <span class='ocr_line' id='line_1_44' title="bbox 452 3189 2106 3283; baseline 0.003 -24"><span class='ocrx_word' id='word_1_302' title='bbox 452 3205 665 3283; x_wconf 64' lang='lat' dir='ltr'><strong>majoris</strong></span> <span class='ocrx_word' id='word_1_303' title='bbox 689 3189 858 3264; x_wconf 78' lang='lat' dir='ltr'><strong>Leoni</strong></span> <span class='ocrx_word' id='word_1_304' title='bbox 869 3189 1421 3283; x_wconf 35' lang='lat' dir='ltr'><strong>antistitibus;</strong></span> <span class='ocrx_word' id='word_1_305' title='bbox 1439 3189 1796 3268; x_wconf 44' lang='lat' dir='ltr'><strong>satiaris;</strong></span> <span class='ocrx_word' id='word_1_306' title='bbox 1808 3189 2033 3283; x_wconf 49' lang='lat' dir='ltr'><strong>tatist;</strong></span> <span class='ocrx_word' id='word_1_307' title='bbox 2058 3189 2106 3253; x_wconf 84' lang='lat' dir='ltr'>C</span> 
     </span>
    </p>
   </div>
   <div class='ocr_carea' id='block_1_44' title="bbox 451 3277 2034 3353">
    <p class='ocr_par' dir='ltr' id='par_1_44' title="bbox 451 3277 2034 3353">
     <span class='ocr_line' id='line_1_45' title="bbox 451 3277 2034 3353; baseline 0.009 -29"><span class='ocrx_word' id='word_1_308' title='bbox 451 3277 697 3353; x_wconf 77' lang='lat' dir='ltr'><strong>sitionem</strong></span> <span class='ocrx_word' id='word_1_309' title='bbox 729 3277 1065 3353; x_wconf 86' lang='lat' dir='ltr'><strong>persuaserat</strong></span> <span class='ocrx_word' id='word_1_310' title='bbox 1097 3281 1393 3353; x_wconf 84' lang='lat' dir='ltr'><strong>legatorum</strong></span> <span class='ocrx_word' id='word_1_311' title='bbox 1432 3295 1688 3337; x_wconf 88' lang='lat' dir='ltr'><strong>assensus</strong></span> <span class='ocrx_word' id='word_1_312' title='bbox 1717 3291 1880 3353; x_wconf 91' lang='lat' dir='ltr'><strong>atque</strong></span> <span class='ocrx_word' id='word_1_313' title='bbox 1908 3277 2034 3339; x_wconf 81' lang='lat' dir='ltr'><strong>sen-</strong></span> 
     </span>
    </p>
   </div>
   <div class='ocr_carea' id='block_1_45' title="bbox 453 3345 2035 3424">
    <p class='ocr_par' dir='ltr' id='par_1_45' title="bbox 453 3345 2035 3424">
     <span class='ocr_line' id='line_1_46' title="bbox 453 3345 2035 3424; baseline 0.007 -25"><span class='ocrx_word' id='word_1_314' title='bbox 453 3345 618 3424; x_wconf 74' lang='lat' dir='ltr'><strong>tentia</strong></span> <span class='ocrx_word' id='word_1_315' title='bbox 648 3345 985 3424; x_wconf 75' lang='lat' dir='ltr'><strong>premulgata</strong></span> <span class='ocrx_word' id='word_1_316' title='bbox 1014 3345 1228 3424; x_wconf 85' lang='lat' dir='ltr'><strong>actione</strong></span> <span class='ocrx_word' id='word_1_317' title='bbox 1249 3351 1466 3424; x_wconf 86' lang='lat' dir='ltr'><strong>ultima:</strong></span> <span class='ocrx_word' id='word_1_318' title='bbox 1498 3353 1640 3409; x_wconf 88' lang='lat' dir='ltr'><strong>unde</strong></span> <span class='ocrx_word' id='word_1_319' title='bbox 1666 3345 2035 3424; x_wconf 66' lang='lat' dir='ltr'><strong>tunc&#39;acquie-</strong></span> 
     </span>
    </p>
   </div>
   <div class='ocr_carea' id='block_1_46' title="bbox 452 3415 2034 3496">
    <p class='ocr_par' dir='ltr' id='par_1_46' title="bbox 452 3415 2034 3496">
     <span class='ocr_line' id='line_1_47' title="bbox 452 3415 2034 3496; baseline 0.01 -31"><span class='ocrx_word' id='word_1_320' title='bbox 452 3415 530 3496; x_wconf 80' lang='lat' dir='ltr'><strong>vit</strong></span> <span class='ocrx_word' id='word_1_321' title='bbox 554 3415 836 3496; x_wconf 66' lang='lat' dir='ltr'><strong>Maximus,</strong></span> <span class='ocrx_word' id='word_1_322' title='bbox 865 3415 923 3477; x_wconf 66' lang='lat' dir='ltr'><strong>Et</strong></span> <span class='ocrx_word' id='word_1_323' title='bbox 948 3422 1264 3496; x_wconf 80' lang='lat' dir='ltr'><strong>compositio</strong></span> <span class='ocrx_word' id='word_1_324' title='bbox 1286 3422 1504 3496; x_wconf 84' lang='lat' dir='ltr'><strong>probata</strong></span> <span class='ocrx_word' id='word_1_325' title='bbox 1543 3424 1658 3496; x_wconf 68' lang='lat' dir='ltr'><strong>fuit.</strong></span> <span class='ocrx_word' id='word_1_326' title='bbox 1697 3423 1767 3480; x_wconf 84' lang='lat' dir='ltr'><strong>At</strong></span> <span class='ocrx_word' id='word_1_327' title='bbox 1793 3415 1914 3479; x_wconf 80' lang='lat' dir='ltr'><strong>cum</strong></span> <span class='ocrx_word' id='word_1_328' title='bbox 1944 3426 2034 3481; x_wconf 88' lang='lat' dir='ltr'><strong>ille</strong></span> 
     </span>
    </p>
   </div>
   <div class='ocr_carea' id='block_1_47' title="bbox 450 3486 2034 3565">
    <p class='ocr_par' dir='ltr' id='par_1_47' title="bbox 450 3486 2034 3565">
     <span class='ocr_line' id='line_1_48' title="bbox 450 3486 2034 3565; baseline 0.008 -26"><span class='ocrx_word' id='word_1_329' title='bbox 450 3486 679 3565; x_wconf 75' lang='lat' dir='ltr'><strong>subinde</strong></span> <span class='ocrx_word' id='word_1_330' title='bbox 711 3490 763 3543; x_wconf 92' lang='lat' dir='ltr'><strong>in</strong></span> <span class='ocrx_word' id='word_1_331' title='bbox 791 3506 947 3565; x_wconf 87' lang='lat' dir='ltr'><strong>causa</strong></span> <span class='ocrx_word' id='word_1_332' title='bbox 976 3486 1579 3565; x_wconf 11' lang='lat' dir='ltr'><strong>Anatoliiucognovisset</strong></span> <span class='ocrx_word' id='word_1_333' title='bbox 1608 3494 1842 3550; x_wconf 88' lang='lat' dir='ltr'><strong>Leonem</strong></span> <span class='ocrx_word' id='word_1_334' title='bbox 1888 3495 2034 3552; x_wconf 83' lang='lat' dir='ltr'><strong>nolle</strong></span> 
     </span>
    </p>
   </div>
   <div class='ocr_carea' id='block_1_48' title="bbox 455 3555 2035 3635">
    <p class='ocr_par' dir='ltr' id='par_1_48' title="bbox 455 3555 2035 3635">
     <span class='ocr_line' id='line_1_49' title="bbox 455 3555 2035 3635; baseline 0.009 -28"><span class='ocrx_word' id='word_1_335' title='bbox 455 3555 740 3635; x_wconf 82' lang='lat' dir='ltr'><strong>quidquam</strong></span> <span class='ocrx_word' id='word_1_336' title='bbox 766 3561 967 3628; x_wconf 87' lang='lat' dir='ltr'><strong>valere,</strong></span> <span class='ocrx_word' id='word_1_337' title='bbox 1000 3562 1141 3633; x_wconf 90' lang='lat' dir='ltr'><strong>quod</strong></span> <span class='ocrx_word' id='word_1_338' title='bbox 1167 3555 1398 3619; x_wconf 66' lang='lat' dir='ltr'><strong>Nicmnte</strong></span> <span class='ocrx_word' id='word_1_339' title='bbox 1414 3564 1603 3634; x_wconf 88' lang='lat' dir='ltr'><strong>synodi</strong></span> <span class='ocrx_word' id='word_1_340' title='bbox 1634 3566 1851 3621; x_wconf 89' lang='lat' dir='ltr'><strong>statutis</strong></span> <span class='ocrx_word' id='word_1_341' title='bbox 1865 3580 2035 3635; x_wconf 81' lang='lat' dir='ltr'><strong>oppo-</strong></span> 
     </span>
    </p>
   </div>
   <div class='ocr_carea' id='block_1_49' title="bbox 454 3631 2035 3706">
    <p class='ocr_par' dir='ltr' id='par_1_49' title="bbox 454 3631 2035 3706">
     <span class='ocr_line' id='line_1_50' title="bbox 454 3631 2035 3706; baseline 0.011 -29"><span class='ocrx_word' id='word_1_342' title='bbox 454 3637 693 3706; x_wconf 85' lang='lat' dir='ltr'><strong>ne_r_etur,</strong></span> <span class='ocrx_word' id='word_1_343' title='bbox 722 3631 775 3684; x_wconf 89' lang='lat' dir='ltr'><strong>in</strong></span> <span class='ocrx_word' id='word_1_344' title='bbox 806 3647 957 3706; x_wconf 88' lang='lat' dir='ltr'><strong>spem</strong></span> <span class='ocrx_word' id='word_1_345' title='bbox 998 3631 1232 3701; x_wconf 84' lang='lat' dir='ltr'><strong>erectus,</strong></span> <span class='ocrx_word' id='word_1_346' title='bbox 1262 3650 1329 3689; x_wconf 91' lang='lat' dir='ltr'><strong>ne</strong></span> <span class='ocrx_word' id='word_1_347' title='bbox 1359 3631 1500 3706; x_wconf 80' lang='lat' dir='ltr'><strong>idem</strong></span> <span class='ocrx_word' id='word_1_348' title='bbox 1535 3634 1775 3702; x_wconf 82' lang='lat' dir='ltr'><strong>pontifex</strong></span> <span class='ocrx_word' id='word_1_349' title='bbox 1806 3631 2035 3706; x_wconf 81' lang='lat' dir='ltr'><strong>probare</strong></span> 
     </span>
    </p>
   </div>
   <div class='ocr_carea' id='block_1_50' title="bbox 454 3696 2033 3780">
    <p class='ocr_par' dir='ltr' id='par_1_50' title="bbox 454 3696 2033 3780">
     <span class='ocr_line' id='line_1_51' title="bbox 454 3696 2033 3780; baseline 0.01 -31"><span class='ocrx_word' id='word_1_350' title='bbox 454 3696 1088 3780; x_wconf 40' lang='lat' dir='ltr'><strong>vellet&#39;composuionem</strong></span> <span class='ocrx_word' id='word_1_351' title='bbox 1111 3696 1233 3759; x_wconf 84' lang='lat' dir='ltr'><strong>cum</strong></span> <span class='ocrx_word' id='word_1_352' title='bbox 1269 3705 1475 3780; x_wconf 77' lang='lat'><strong>1231</strong></span> <span class='ocrx_word' id='word_1_353' title='bbox 1498 3696 1767 3780; x_wconf 81' lang='lat' dir='ltr'><strong>Juvenali,</strong></span> <span class='ocrx_word' id='word_1_354' title='bbox 1796 3696 1916 3777; x_wconf 76' lang='lat' dir='ltr'><strong>qua:</strong></span> <span class='ocrx_word' id='word_1_355' title='bbox 1944 3723 2033 3764; x_wconf 83' lang='lat' dir='ltr'><strong>ca-</strong></span> 
     </span>
    </p>
   </div>
   <div class='ocr_carea' id='block_1_51' title="bbox 454 3767 2031 3848">
    <p class='ocr_par' dir='ltr' id='par_1_51' title="bbox 454 3767 2031 3848">
     <span class='ocr_line' id='line_1_52' title="bbox 454 3767 2031 3848; baseline 0.01 -29"><span class='ocrx_word' id='word_1_356' title='bbox 454 3768 576 3848; x_wconf 85' lang='lat' dir='ltr'><strong>non_i</strong></span> <span class='ocrx_word' id='word_1_357' title='bbox 599 3767 1181 3848; x_wconf 68' lang='lat' dir='ltr'><strong>Nictcnoapertissime</strong></span> <span class='ocrx_word' id='word_1_358' title='bbox 1210 3767 1556 3848; x_wconf 51' lang='lat' dir='ltr'><strong>reptngnabat,</strong></span> <span class='ocrx_word' id='word_1_359' title='bbox 1587 3767 1764 3846; x_wconf 79' lang='lat' dir='ltr'><strong>ipsius</strong></span> <span class='ocrx_word' id='word_1_360' title='bbox 1796 3767 2031 3835; x_wconf 81' lang='lat' dir='ltr'><strong>mentem</strong></span> 
     </span>
    </p>
   </div>
   <div class='ocr_carea' id='block_1_52' title="bbox 453 3838 2031 3919">
    <p class='ocr_par' dir='ltr' id='par_1_52' title="bbox 453 3838 2031 3919">
     <span class='ocr_line' id='line_1_53' title="bbox 453 3838 2031 3919; baseline 0.01 -29"><span class='ocrx_word' id='word_1_361' title='bbox 453 3838 735 3919; x_wconf 63' lang='lat' dir='ltr'><strong>expluuare</strong></span> <span class='ocrx_word' id='word_1_362' title='bbox 760 3838 928 3900; x_wconf 79' lang='lat' dir='ltr'><strong>voluit</strong></span> <span class='ocrx_word' id='word_1_363' title='bbox 956 3862 1057 3919; x_wconf 83' lang='lat' dir='ltr'><strong>per</strong></span> <span class='ocrx_word' id='word_1_364' title='bbox 1084 3838 1310 3912; x_wconf 79' lang='lat' dir='ltr'><strong>litteras,</strong></span> <span class='ocrx_word' id='word_1_365' title='bbox 1342 3838 1401 3903; x_wconf 65' lang='lat' dir='ltr'><strong>Et</strong></span> <span class='ocrx_word' id='word_1_366' title='bbox 1429 3850 1481 3901; x_wconf 90' lang='lat' dir='ltr'><strong>in</strong></span> <span class='ocrx_word' id='word_1_367' title='bbox 1516 3838 1653 3903; x_wconf 77' lang='lat' dir='ltr'><strong>hanc</strong></span> <span class='ocrx_word' id='word_1_368' title='bbox 1693 3850 2031 3919; x_wconf 88' lang='lat' dir='ltr'><strong>potissimum</strong></span> 
     </span>
    </p>
   </div>
   <div class='ocr_carea' id='block_1_53' title="bbox 453 3912 2033 3993">
    <p class='ocr_par' dir='ltr' id='par_1_53' title="bbox 453 3912 2033 3993">
     <span class='ocr_line' id='line_1_54' title="bbox 453 3912 2033 3993; baseline 0.011 -31"><span class='ocrx_word' id='word_1_369' title='bbox 453 3923 569 3993; x_wconf 79' lang='lat' dir='ltr'><strong>rem</strong></span> <span class='ocrx_word' id='word_1_370' title='bbox 596 3912 892 3993; x_wconf 77' lang='lat' dir='ltr'><strong>Marianum</strong></span> <span class='ocrx_word' id='word_1_371' title='bbox 920 3912 1290 3993; x_wconf 71' lang='lat' dir='ltr'><strong>presbyterum</strong></span> <span class='ocrx_word' id='word_1_372' title='bbox 1322 3912 1716 3993; x_wconf 25' lang='lat' dir='ltr'><strong>etﬂOlympiuu-I</strong></span> <span class='ocrx_word' id='word_1_373' title='bbox 1748 3921 2033 3978; x_wconf 84' lang='lat' dir='ltr'><strong>diaconum</strong></span> 
     </span>
    </p>
   </div>
   <div class='ocr_carea' id='block_1_54' title="bbox 452 3985 2033 4065">
    <p class='ocr_par' dir='ltr' id='par_1_54' title="bbox 452 3985 2033 4065">
     <span class='ocr_line' id='line_1_55' title="bbox 452 3985 2033 4065; baseline 0.01 -32"><span class='ocrx_word' id='word_1_374' title='bbox 452 3985 667 4065; x_wconf 73' lang='lat' dir='ltr'><strong>misisse</strong></span> <span class='ocrx_word' id='word_1_375' title='bbox 690 3985 904 4043; x_wconf 90' lang='lat' dir='ltr'><strong>videtur</strong></span> <span class='ocrx_word' id='word_1_376' title='bbox 922 3985 1051 4065; x_wconf 76' lang='lat' dir='ltr'><strong>cum</strong></span> <span class='ocrx_word' id='word_1_377' title='bbox 1083 3985 1314 4065; x_wconf 79' lang='lat' dir='ltr'><strong>laudatis</strong></span> <span class='ocrx_word' id='word_1_378' title='bbox 1356 3985 1814 4065; x_wconf 73' lang='lat' dir='ltr'><strong>Chalcedonensis</strong></span> <span class='ocrx_word' id='word_1_379' title='bbox 1839 3994 2033 4063; x_wconf 89' lang='lat' dir='ltr'><strong>synodi</strong></span> 
     </span>
    </p>
   </div>
   <div class='ocr_carea' id='block_1_55' title="bbox 450 4055 2033 4133">
    <p class='ocr_par' dir='ltr' id='par_1_55' title="bbox 450 4055 2033 4133">
     <span class='ocr_line' id='line_1_56' title="bbox 450 4055 2033 4133; baseline 0.01 -29"><span class='ocrx_word' id='word_1_380' title='bbox 450 4055 753 4133; x_wconf 79' lang='lat' dir='ltr'><strong>actionibus</strong></span> <span class='ocrx_word' id='word_1_381' title='bbox 781 4074 902 4133; x_wconf 68' lang='lat' dir='ltr'><strong>qua:</strong></span> <span class='ocrx_word' id='word_1_382' title='bbox 943 4060 1047 4133; x_wconf 89' lang='lat' dir='ltr'><strong>huc</strong></span> <span class='ocrx_word' id='word_1_383' title='bbox 1081 4060 1441 4133; x_wconf 85' lang='lat' dir='ltr'><strong>pertinebant,</strong></span> <span class='ocrx_word' id='word_1_384' title='bbox 1473 4062 1773 4133; x_wconf 90' lang='lat' dir='ltr'><strong>quibusque</strong></span> <span class='ocrx_word' id='word_1_385' title='bbox 1802 4055 2033 4121; x_wconf 77' lang='lat' dir='ltr'><strong>conseri-</strong></span> 
     </span>
    </p>
   </div>
   <div class='ocr_carea' id='block_1_56' title="bbox 450 4124 2034 4210">
    <p class='ocr_par' dir='ltr' id='par_1_56' title="bbox 450 4124 2034 4210">
     <span class='ocr_line' id='line_1_57' title="bbox 450 4124 2034 4210; baseline 0.01 -33"><span class='ocrx_word' id='word_1_386' title='bbox 450 4138 543 4210; x_wconf 79' lang='lat' dir='ltr'><strong>sus</strong></span> <span class='ocrx_word' id='word_1_387' title='bbox 564 4124 897 4210; x_wconf 47' lang='lat' dir='ltr'><strong>abs.§ese_&#39;ita</strong></span> <span class='ocrx_word' id='word_1_388' title='bbox 940 4131 1039 4188; x_wconf 89' lang='lat' dir='ltr'><strong>sub</strong></span> <span class='ocrx_word' id='word_1_389' title='bbox 1077 4124 1390 4210; x_wconf 75' lang='lat' dir='ltr'><strong>conditione</strong></span> <span class='ocrx_word' id='word_1_390' title='bbox 1419 4124 1577 4210; x_wconf 75' lang='lat' dir='ltr'><strong>daius</strong></span> <span class='ocrx_word' id='word_1_391' title='bbox 1595 4124 1944 4210; x_wconf 82' lang='lat' dir='ltr'><strong>exprimitur,</strong></span> <span class='ocrx_word' id='word_1_392' title='bbox 1977 4145 2034 4193; x_wconf 90' lang='lat' dir='ltr'><strong>ut</strong></span> 
     </span>
    </p>
   </div>
   <div class='ocr_carea' id='block_1_57' title="bbox 450 4198 2030 4277">
    <p class='ocr_par' dir='ltr' id='par_1_57' title="bbox 450 4198 2030 4277">
     <span class='ocr_line' id='line_1_58' title="bbox 450 4198 2030 4277; baseline 0.016 -31"><span class='ocrx_word' id='word_1_393' title='bbox 450 4198 496 4247; x_wconf 92' lang='lat' dir='ltr'><strong>si</strong></span> <span class='ocrx_word' id='word_1_394' title='bbox 525 4198 761 4277; x_wconf 69' lang='lat' dir='ltr'><strong>pontifex</strong></span> <span class='ocrx_word' id='word_1_395' title='bbox 795 4202 1093 4277; x_wconf 72' lang='lat' dir='ltr'><strong>legatorum</strong></span> <span class='ocrx_word' id='word_1_396' title='bbox 1139 4205 1463 4277; x_wconf 86' lang='lat' dir='ltr'><strong>sententiam</strong></span> <span class='ocrx_word' id='word_1_397' title='bbox 1514 4198 1720 4277; x_wconf 76' lang='lat' dir='ltr'><strong>irritant</strong></span> <span class='ocrx_word' id='word_1_398' title='bbox 1760 4198 2030 4276; x_wconf 72' lang='lat' dir='ltr'><strong>crederet,</strong></span> 
     </span>
    </p>
   </div>
   <div class='ocr_carea' id='block_1_58' title="bbox 452 4265 2028 4351">
    <p class='ocr_par' dir='ltr' id='par_1_58' title="bbox 452 4265 2028 4351">
     <span class='ocr_line' id='line_1_59' title="bbox 452 4265 2028 4351; baseline 0.008 -31"><span class='ocrx_word' id='word_1_399' title='bbox 452 4265 880 4351; x_wconf 63' lang='lat' dir='ltr'><strong>redintegrandi&#39;s</strong></span> <span class='ocrx_word' id='word_1_400' title='bbox 905 4276 1289 4351; x_wconf 67' lang='lat' dir='ltr'><strong>suazEcelesim</strong></span> <span class='ocrx_word' id='word_1_401' title='bbox 1315 4276 1608 4351; x_wconf 84' lang='lat' dir='ltr'><strong>privilegiis</strong></span> <span class='ocrx_word' id='word_1_402' title='bbox 1632 4277 1780 4331; x_wconf 91' lang='lat' dir='ltr'><strong>locus</strong></span> <span class='ocrx_word' id='word_1_403' title='bbox 1802 4265 2028 4347; x_wconf 59' lang='lat' dir='ltr'><strong>pateret:</strong></span> 
     </span>
    </p>
   </div>
   <div class='ocr_carea' id='block_1_59' title="bbox 451 4334 2033 4418">
    <p class='ocr_par' dir='ltr' id='par_1_59' title="bbox 451 4334 2033 4418">
     <span class='ocr_line' id='line_1_60' title="bbox 451 4334 2033 4418; baseline 0.009 -28"><span class='ocrx_word' id='word_1_404' title='bbox 451 4334 587 4392; x_wconf 86' lang='lat' dir='ltr'><strong>Hinc</strong></span> <span class='ocrx_word' id='word_1_405' title='bbox 612 4334 928 4418; x_wconf 60' lang='lat' dir='ltr'><strong>in&#39;allegata</strong></span> <span class='ocrx_word' id='word_1_406' title='bbox 955 4346 1183 4418; x_wconf 88' lang='lat' dir='ltr'><strong>epistola</strong></span> <span class='ocrx_word' id='word_1_407' title='bbox 1224 4347 1281 4404; x_wconf 92' lang='lat' dir='ltr'><strong>S.</strong></span> <span class='ocrx_word' id='word_1_408' title='bbox 1314 4334 1423 4404; x_wconf 84' lang='lat' dir='ltr'><strong>Leo</strong></span> <span class='ocrx_word' id='word_1_409' title='bbox 1452 4334 1563 4403; x_wconf 68' lang='lat' dir='ltr'><strong>tun]</strong></span> <span class='ocrx_word' id='word_1_410' title='bbox 1599 4357 1725 4402; x_wconf 89' lang='lat' dir='ltr'><strong>ante</strong></span> <span class='ocrx_word' id='word_1_411' title='bbox 1758 4334 1869 4403; x_wconf 72' lang='lat' dir='ltr'><strong>tum</strong></span> <span class='ocrx_word' id='word_1_412' title='bbox 1912 4359 2033 4418; x_wconf 91' lang='lat' dir='ltr'><strong>post</strong></span> 
     </span>
    </p>
   </div>
   <div class='ocr_carea' id='block_1_60' title="bbox 448 4409 2028 4494">
    <p class='ocr_par' dir='ltr' id='par_1_60' title="bbox 448 4409 2028 4494">
     <span class='ocr_line' id='line_1_61' title="bbox 448 4409 2028 4494; baseline 0.008 -31"><span class='ocrx_word' id='word_1_413' title='bbox 448 4409 793 4494; x_wconf 66' lang='lat' dir='ltr'><strong>reprobatum</strong></span> <span class='ocrx_word' id='word_1_414' title='bbox 815 4409 1466 4494; x_wconf 51' lang='lat' dir='ltr'><strong>iuvenalisprincipatum</strong></span> <span class='ocrx_word' id='word_1_415' title='bbox 1484 4420 1535 4494; x_wconf 89' lang='lat' dir='ltr'><strong>i_n</strong></span> <span class='ocrx_word' id='word_1_416' title='bbox 1560 4430 1667 4474; x_wconf 88' lang='lat' dir='ltr'><strong>tres</strong></span> <span class='ocrx_word' id='word_1_417' title='bbox 1694 4409 2028 4494; x_wconf 48' lang='lat' dir='ltr'><strong>Palaestinas,</strong></span> 
     </span>
    </p>
   </div>
   <div class='ocr_carea' id='block_1_61' title="bbox 451 4485 2032 4559">
    <p class='ocr_par' dir='ltr' id='par_1_61' title="bbox 451 4485 2032 4559">
     <span class='ocr_line' id='line_1_62' title="bbox 451 4485 2032 4559; baseline 0.011 -30"><span class='ocrx_word' id='word_1_418' title='bbox 451 4485 610 4534; x_wconf 83' lang='lat' dir='ltr'><strong>inane</strong></span> <span class='ocrx_word' id='word_1_419' title='bbox 653 4490 707 4536; x_wconf 92' lang='lat' dir='ltr'><strong>et</strong></span> <span class='ocrx_word' id='word_1_420' title='bbox 739 4485 947 4539; x_wconf 91' lang='lat' dir='ltr'><strong>irritum</strong></span> <span class='ocrx_word' id='word_1_421' title='bbox 988 4485 1226 4559; x_wconf 77' lang='lat' dir='ltr'><strong>declarat</strong></span> <span class='ocrx_word' id='word_1_422' title='bbox 1252 4485 1508 4559; x_wconf 80' lang='lat' dir='ltr'><strong>quidquid</strong></span> <span class='ocrx_word' id='word_1_423' title='bbox 1557 4497 1745 4545; x_wconf 90' lang='lat' dir='ltr'><strong>contra</strong></span> <span class='ocrx_word' id='word_1_424' title='bbox 1784 4485 2032 4547; x_wconf 68' lang='lat' dir='ltr'><strong>Nicaanos</strong></span> 
     </span>
    </p>
   </div>
   <div class='ocr_carea' id='block_1_62' title="bbox 2142 501 3734 575">
    <p class='ocr_par' dir='ltr' id='par_1_62' title="bbox 2142 501 3734 575">
     <span class='ocr_line' id='line_1_63' title="bbox 2142 501 3734 575; baseline 0.001 -19"><span class='ocrx_word' id='word_1_425' title='bbox 2142 503 2258 560; x_wconf 86' lang='lat' dir='ltr'><strong>fore</strong></span> <span class='ocrx_word' id='word_1_426' title='bbox 2284 506 2326 558; x_wconf 90' lang='lat' dir='ltr'><strong>si</strong></span> <span class='ocrx_word' id='word_1_427' title='bbox 2357 506 2483 575; x_wconf 90' lang='lat' dir='ltr'><strong>quid</strong></span> <span class='ocrx_word' id='word_1_428' title='bbox 2519 501 2703 561; x_wconf 80' lang='lat' dir='ltr'><strong>contra</strong></span> <span class='ocrx_word' id='word_1_429' title='bbox 2744 504 2965 561; x_wconf 88' lang='lat' dir='ltr'><strong>eosdem</strong></span> <span class='ocrx_word' id='word_1_430' title='bbox 3009 517 3243 559; x_wconf 89' lang='lat' dir='ltr'><strong>canones</strong></span> <span class='ocrx_word' id='word_1_431' title='bbox 3289 516 3325 575; x_wconf 63' lang='grc' dir='ltr'>ς.</span> <span class='ocrx_word' id='word_1_432' title='bbox 3373 501 3734 575; x_wconf 41' lang='lat' dir='ltr'><strong>suisulcgalis</strong></span> 
     </span>
    </p>
   </div>
   <div class='ocr_carea' id='block_1_63' title="bbox 2144 572 3731 647">
    <p class='ocr_par' dir='ltr' id='par_1_63' title="bbox 2144 572 3731 647">
     <span class='ocr_line' id='line_1_64' title="bbox 2144 572 3731 647; baseline -0.001 -17"><span class='ocrx_word' id='word_1_433' title='bbox 2144 572 2422 644; x_wconf 87' lang='lat' dir='ltr'><strong>probatum</strong></span> <span class='ocrx_word' id='word_1_434' title='bbox 2453 576 2633 633; x_wconf 90' lang='lat' dir='ltr'><strong>fuerit.</strong></span> <span class='ocrx_word' id='word_1_435' title='bbox 2658 576 2794 645; x_wconf 87' lang='lat' dir='ltr'><strong>Quid</strong></span> <span class='ocrx_word' id='word_1_436' title='bbox 2823 591 2971 647; x_wconf 91' lang='lat' dir='ltr'><strong>ergo,</strong></span> <span class='ocrx_word' id='word_1_437' title='bbox 3009 574 3240 646; x_wconf 89' lang='lat' dir='ltr'><strong>inquies,</strong></span> <span class='ocrx_word' id='word_1_438' title='bbox 3285 572 3395 630; x_wconf 91' lang='lat' dir='ltr'><strong>Leo</strong></span> <span class='ocrx_word' id='word_1_439' title='bbox 3418 588 3449 627; x_wconf 90' lang='lat' dir='ltr'><strong>a</strong></span> <span class='ocrx_word' id='word_1_440' title='bbox 3496 572 3731 647; x_wconf 79' lang='lat' dir='ltr'><strong>Maximo</strong></span> 
     </span>
    </p>
   </div>
   <div class='ocr_carea' id='block_1_64' title="bbox 2143 644 3733 717">
    <p class='ocr_par' dir='ltr' id='par_1_64' title="bbox 2143 644 3733 717">
     <span class='ocr_line' id='line_1_65' title="bbox 2143 644 3733 717; baseline 0 -15"><span class='ocrx_word' id='word_1_441' title='bbox 2143 647 2329 714; x_wconf 82' lang='lat' dir='ltr'><strong>petiit?</strong></span> <span class='ocrx_word' id='word_1_442' title='bbox 2356 648 2491 704; x_wconf 90' lang='lat' dir='ltr'><strong>Cum</strong></span> <span class='ocrx_word' id='word_1_443' title='bbox 2532 650 2576 703; x_wconf 90' lang='lat' dir='ltr'><strong>is</strong></span> <span class='ocrx_word' id='word_1_444' title='bbox 2614 644 2913 717; x_wconf 78' lang='lat' dir='ltr'><strong>exploravit</strong></span> <span class='ocrx_word' id='word_1_445' title='bbox 2960 644 3227 717; x_wconf 82' lang='lat' dir='ltr'><strong>pontificis</strong></span> <span class='ocrx_word' id='word_1_446' title='bbox 3268 655 3530 717; x_wconf 85' lang='lat' dir='ltr'><strong>mentem,</strong></span> <span class='ocrx_word' id='word_1_447' title='bbox 3576 644 3733 702; x_wconf 88' lang='lat' dir='ltr'><strong>simul</strong></span> 
     </span>
    </p>
   </div>
   <div class='ocr_carea' id='block_1_65' title="bbox 2144 715 3732 789">
    <p class='ocr_par' dir='ltr' id='par_1_65' title="bbox 2144 715 3732 789">
     <span class='ocr_line' id='line_1_66' title="bbox 2144 715 3732 789; baseline 0.001 -18"><span class='ocrx_word' id='word_1_448' title='bbox 2144 719 2409 775; x_wconf 90' lang='lat' dir='ltr'><strong>indicasse</strong></span> <span class='ocrx_word' id='word_1_449' title='bbox 2440 720 2657 776; x_wconf 87' lang='lat' dir='ltr'><strong>videtur</strong></span> <span class='ocrx_word' id='word_1_450' title='bbox 2683 715 2891 789; x_wconf 83' lang='lat' dir='ltr'><strong>tempus</strong></span> <span class='ocrx_word' id='word_1_451' title='bbox 2917 715 3107 789; x_wconf 80' lang='lat' dir='ltr'><strong>agendi</strong></span> <span class='ocrx_word' id='word_1_452' title='bbox 3130 716 3330 788; x_wconf 90' lang='lat' dir='ltr'><strong>aliquid</strong></span> <span class='ocrx_word' id='word_1_453' title='bbox 3364 717 3418 789; x_wconf 88' lang='lat' dir='ltr'><strong>in</strong></span> <span class='ocrx_word' id='word_1_454' title='bbox 3442 715 3549 789; x_wconf 73' lang='lat' dir='ltr'><strong>hac</strong></span> <span class='ocrx_word' id='word_1_455' title='bbox 3574 730 3732 774; x_wconf 83' lang='lat' dir='ltr'><strong>causa</strong></span> 
     </span>
    </p>
   </div>
   <div class='ocr_carea' id='block_1_66' title="bbox 2141 784 3730 861">
    <p class='ocr_par' dir='ltr' id='par_1_66' title="bbox 2141 784 3730 861">
     <span class='ocr_line' id='line_1_67' title="bbox 2141 784 3730 861; baseline 0.001 -18"><span class='ocrx_word' id='word_1_456' title='bbox 2141 796 2268 861; x_wconf 80' lang='lat' dir='ltr'><strong>tunc</strong></span> <span class='ocrx_word' id='word_1_457' title='bbox 2290 806 2396 845; x_wconf 84' lang='lat' dir='ltr'><strong>non</strong></span> <span class='ocrx_word' id='word_1_458' title='bbox 2424 791 2593 847; x_wconf 91' lang='lat' dir='ltr'><strong>fuisse</strong></span> <span class='ocrx_word' id='word_1_459' title='bbox 2617 784 3002 861; x_wconf 77' lang='lat' dir='ltr'><strong>opportunum,</strong></span> <span class='ocrx_word' id='word_1_460' title='bbox 3025 804 3147 845; x_wconf 92' lang='lat' dir='ltr'><strong>cum</strong></span> <span class='ocrx_word' id='word_1_461' title='bbox 3169 784 3349 861; x_wconf 84' lang='lat' dir='ltr'><strong>omnia</strong></span> <span class='ocrx_word' id='word_1_462' title='bbox 3366 788 3420 842; x_wconf 92' lang='lat' dir='ltr'><strong>in</strong></span> <span class='ocrx_word' id='word_1_463' title='bbox 3443 784 3730 861; x_wconf 71' lang='lat' dir='ltr'><strong>Palaestina</strong></span> 
     </span>
    </p>
   </div>
   <div class='ocr_carea' id='block_1_67' title="bbox 2142 859 3733 940">
    <p class='ocr_par' dir='ltr' id='par_1_67' title="bbox 2142 859 3733 940">
     <span class='ocr_line' id='line_1_68' title="bbox 2142 859 3733 940; baseline 0 -24"><span class='ocrx_word' id='word_1_464' title='bbox 2142 859 2873 940; x_wconf 61' lang='lat' dir='ltr'><strong>hmretieorumtumultibus</strong></span> <span class='ocrx_word' id='word_1_465' title='bbox 2914 870 3096 940; x_wconf 77' lang='lat' dir='ltr'><strong>essent</strong></span> <span class='ocrx_word' id='word_1_466' title='bbox 3136 860 3464 940; x_wconf 70' lang='lat' dir='ltr'><strong>perturbata,</strong></span> <span class='ocrx_word' id='word_1_467' title='bbox 3510 859 3733 940; x_wconf 77' lang='lat' dir='ltr'><strong>ipseque</strong></span> 
     </span>
    </p>
   </div>
   <div class='ocr_carea' id='block_1_68' title="bbox 2139 929 3730 1004">
    <p class='ocr_par' dir='ltr' id='par_1_68' title="bbox 2139 929 3730 1004">
     <span class='ocr_line' id='line_1_69' title="bbox 2139 929 3730 1004; baseline 0 -17"><span class='ocrx_word' id='word_1_468' title='bbox 2139 930 2434 999; x_wconf 68' lang='lat' dir='ltr'><strong>Iuvenalis,</strong></span> <span class='ocrx_word' id='word_1_469' title='bbox 2464 935 2552 1004; x_wconf 91' lang='lat' dir='ltr'><strong>qui</strong></span> <span class='ocrx_word' id='word_1_470' title='bbox 2584 934 2933 990; x_wconf 64' lang='lat' dir='ltr'><strong>Antiochense</strong></span> <span class='ocrx_word' id='word_1_471' title='bbox 2972 932 3087 988; x_wconf 89' lang='lat' dir='ltr'><strong>sedi</strong></span> <span class='ocrx_word' id='word_1_472' title='bbox 3117 929 3488 1004; x_wconf 68' lang='lat' dir='ltr'><strong>praeiudicium</strong></span> <span class='ocrx_word' id='word_1_473' title='bbox 3534 929 3730 1004; x_wconf 75' lang='lat' dir='ltr'><strong>intule-</strong></span> 
     </span>
    </p>
   </div>
   <div class='ocr_carea' id='block_1_69' title="bbox 2144 1001 3733 1075">
    <p class='ocr_par' dir='ltr' id='par_1_69' title="bbox 2144 1001 3733 1075">
     <span class='ocr_line' id='line_1_70' title="bbox 2144 1001 3733 1075; baseline 0.001 -19"><span class='ocrx_word' id='word_1_474' title='bbox 2144 1012 2249 1070; x_wconf 89' lang='lat' dir='ltr'><strong>rat,</strong></span> <span class='ocrx_word' id='word_1_475' title='bbox 2275 1019 2305 1058; x_wconf 90' lang='lat' dir='ltr'><strong>e</strong></span> <span class='ocrx_word' id='word_1_476' title='bbox 2331 1019 2426 1059; x_wconf 91' lang='lat' dir='ltr'><strong>sua</strong></span> <span class='ocrx_word' id='word_1_477' title='bbox 2458 1001 2588 1061; x_wconf 78' lang='lat' dir='ltr'><strong>sede</strong></span> <span class='ocrx_word' id='word_1_478' title='bbox 2615 1006 2824 1075; x_wconf 89' lang='lat' dir='ltr'><strong>pulsus,</strong></span> <span class='ocrx_word' id='word_1_479' title='bbox 2858 1004 3076 1059; x_wconf 90' lang='lat' dir='ltr'><strong>decreto</strong></span> <span class='ocrx_word' id='word_1_480' title='bbox 3104 1002 3207 1058; x_wconf 89' lang='lat' dir='ltr'><strong>sibi</strong></span> <span class='ocrx_word' id='word_1_481' title='bbox 3233 1004 3355 1075; x_wconf 88' lang='lat' dir='ltr'><strong>jure</strong></span> <span class='ocrx_word' id='word_1_482' title='bbox 3392 1016 3504 1057; x_wconf 88' lang='lat' dir='ltr'><strong>non</strong></span> <span class='ocrx_word' id='word_1_483' title='bbox 3538 1001 3733 1069; x_wconf 89' lang='lat' dir='ltr'><strong>potire-</strong></span> 
     </span>
    </p>
   </div>
   <div class='ocr_carea' id='block_1_70' title="bbox 2141 1074 3727 1144">
    <p class='ocr_par' dir='ltr' id='par_1_70' title="bbox 2141 1074 3727 1144">
     <span class='ocr_line' id='line_1_71' title="bbox 2141 1074 3727 1144; baseline 0 -16"><span class='ocrx_word' id='word_1_484' title='bbox 2141 1082 2248 1129; x_wconf 92' lang='lat' dir='ltr'><strong>tur.</strong></span> <span class='ocrx_word' id='word_1_485' title='bbox 2273 1075 2409 1131; x_wconf 83' lang='lat' dir='ltr'><strong>Hinc</strong></span> <span class='ocrx_word' id='word_1_486' title='bbox 2435 1075 2493 1132; x_wconf 98' lang='grc'><strong>8.</strong></span> <span class='ocrx_word' id='word_1_487' title='bbox 2522 1076 2633 1131; x_wconf 91' lang='lat' dir='ltr'><strong>Leo</strong></span> <span class='ocrx_word' id='word_1_488' title='bbox 2663 1078 2809 1132; x_wconf 88' lang='lat' dir='ltr'><strong>hisce</strong></span> <span class='ocrx_word' id='word_1_489' title='bbox 2837 1076 2890 1131; x_wconf 91' lang='lat' dir='ltr'><strong>in</strong></span> <span class='ocrx_word' id='word_1_490' title='bbox 2914 1074 3329 1130; x_wconf 88' lang='lat' dir='ltr'><strong>circumstantiis</strong></span> <span class='ocrx_word' id='word_1_491' title='bbox 3369 1083 3561 1144; x_wconf 90' lang='lat' dir='ltr'><strong>aptum</strong></span> <span class='ocrx_word' id='word_1_492' title='bbox 3601 1082 3727 1128; x_wconf 85' lang='lat' dir='ltr'><strong>tem-</strong></span> 
     </span>
    </p>
   </div>
   <div class='ocr_carea' id='block_1_71' title="bbox 2141 1144 3729 1217">
    <p class='ocr_par' dir='ltr' id='par_1_71' title="bbox 2141 1144 3729 1217">
     <span class='ocr_line' id='line_1_72' title="bbox 2141 1144 3729 1217; baseline 0.003 -19"><span class='ocrx_word' id='word_1_493' title='bbox 2141 1159 2240 1217; x_wconf 89' lang='lat' dir='ltr'><strong>pus</strong></span> <span class='ocrx_word' id='word_1_494' title='bbox 2266 1146 2366 1201; x_wconf 91' lang='lat' dir='ltr'><strong>sibi</strong></span> <span class='ocrx_word' id='word_1_495' title='bbox 2391 1162 2418 1200; x_wconf 91' lang='lat' dir='ltr'><strong>a</strong></span> <span class='ocrx_word' id='word_1_496' title='bbox 2451 1147 2683 1202; x_wconf 88' lang='lat' dir='ltr'><strong>Maxitno</strong></span> <span class='ocrx_word' id='word_1_497' title='bbox 2707 1146 3113 1217; x_wconf 80' lang='lat' dir='ltr'><strong>significandum</strong></span> <span class='ocrx_word' id='word_1_498' title='bbox 3140 1152 3482 1217; x_wconf 86' lang='lat' dir='ltr'><strong>exspectans.</strong></span> <span class='ocrx_word' id='word_1_499' title='bbox 3515 1144 3729 1217; x_wconf 77' lang='lat' dir='ltr'><strong>scripsit</strong></span> 
     </span>
    </p>
   </div>
   <div class='ocr_carea' id='block_1_72' title="bbox 2140 1214 3726 1288">
    <p class='ocr_par' dir='ltr' id='par_1_72' title="bbox 2140 1214 3726 1288">
     <span class='ocr_line' id='line_1_73' title="bbox 2140 1214 3726 1288; baseline -0.001 -17"><span class='ocrx_word' id='word_1_500' title='bbox 2140 1214 2241 1271; x_wconf 70' lang='lat' dir='ltr'><strong>Sub</strong></span> <span class='ocrx_word' id='word_1_501' title='bbox 2262 1218 2421 1272; x_wconf 92' lang='lat' dir='ltr'><strong>finem</strong></span> <span class='ocrx_word' id='word_1_502' title='bbox 2444 1217 2633 1288; x_wconf 88' lang='lat' dir='ltr'><strong>capitis</strong></span> <span class='ocrx_word' id='word_1_503' title='bbox 2667 1214 2803 1275; x_wconf 80' lang='lat' dir='ltr'><strong>tertii</strong></span> <span class='ocrx_word' id='word_1_504' title='bbox 2828 1236 2839 1269; x_wconf 90' lang='lat'><strong>:</strong></span> <span class='ocrx_word' id='word_1_505' title='bbox 2873 1217 3020 1273; x_wconf 86' lang='lat' dir='ltr'><strong>Unde</strong></span> <span class='ocrx_word' id='word_1_506' title='bbox 3050 1232 3165 1271; x_wconf 89' lang='lat' dir='ltr'><strong>cum</strong></span> <span class='ocrx_word' id='word_1_507' title='bbox 3191 1214 3391 1287; x_wconf 86' lang='lat' dir='ltr'><strong>aliquid</strong></span> <span class='ocrx_word' id='word_1_508' title='bbox 3418 1230 3517 1286; x_wconf 87' lang='lat' dir='ltr'><strong>pro</strong></span> <span class='ocrx_word' id='word_1_509' title='bbox 3551 1214 3726 1270; x_wconf 79' lang='lat' dir='ltr'><strong>Antio-</strong></span> 
     </span>
    </p>
   </div>
   <div class='ocr_carea' id='block_1_73' title="bbox 2140 1287 3728 1359">
    <p class='ocr_par' dir='ltr' id='par_1_73' title="bbox 2140 1287 3728 1359">
     <span class='ocr_line' id='line_1_74' title="bbox 2140 1287 3728 1359; baseline 0.001 -19"><span class='ocrx_word' id='word_1_510' title='bbox 2140 1287 2313 1343; x_wconf 76' lang='lat' dir='ltr'><strong>chena:</strong></span> <span class='ocrx_word' id='word_1_511' title='bbox 2361 1287 2602 1344; x_wconf 75' lang='lat' dir='ltr'><strong>Ecclesia:</strong></span> <span class='ocrx_word' id='word_1_512' title='bbox 2637 1290 2917 1359; x_wconf 82' lang='lat' dir='ltr'><strong>privilegiis</strong></span> <span class='ocrx_word' id='word_1_513' title='bbox 2956 1288 3157 1342; x_wconf 84' lang='lat' dir='ltr'><strong>dilectio</strong></span> <span class='ocrx_word' id='word_1_514' title='bbox 3193 1296 3282 1341; x_wconf 88' lang='lat' dir='ltr'><strong>tua</strong></span> <span class='ocrx_word' id='word_1_515' title='bbox 3318 1289 3585 1358; x_wconf 88' lang='lat' dir='ltr'><strong>agendum</strong></span> <span class='ocrx_word' id='word_1_516' title='bbox 3630 1303 3728 1342; x_wconf 86' lang='lat' dir='ltr'><strong>csse</strong></span> 
     </span>
    </p>
   </div>
   <div class='ocr_carea' id='block_1_74' title="bbox 2140 1359 3723 1431">
    <p class='ocr_par' dir='ltr' id='par_1_74' title="bbox 2140 1359 3723 1431">
     <span class='ocr_line' id='line_1_75' title="bbox 2140 1359 3723 1431; baseline 0.001 -20"><span class='ocrx_word' id='word_1_517' title='bbox 2140 1361 2433 1422; x_wconf 77' lang='lat' dir='ltr'><strong>crediderit,</strong></span> <span class='ocrx_word' id='word_1_518' title='bbox 2470 1359 2692 1431; x_wconf 81' lang='lat' dir='ltr'><strong>propriis</strong></span> <span class='ocrx_word' id='word_1_519' title='bbox 2743 1361 2925 1415; x_wconf 79' lang='lat' dir='ltr'><strong>litteris</strong></span> <span class='ocrx_word' id='word_1_520' title='bbox 2962 1359 3166 1414; x_wconf 78' lang='lat' dir='ltr'><strong>studeat</strong></span> <span class='ocrx_word' id='word_1_521' title='bbox 3207 1359 3488 1425; x_wconf 72' lang='lat' dir='ltr'><strong>explicare,</strong></span> <span class='ocrx_word' id='word_1_522' title='bbox 3540 1365 3599 1411; x_wconf 84' lang='lat' dir='ltr'><strong>ut</strong></span> <span class='ocrx_word' id='word_1_523' title='bbox 3639 1374 3723 1431; x_wconf 75' lang='lat' dir='ltr'><strong>nes</strong></span> 
     </span>
    </p>
   </div>
   <div class='ocr_carea' id='block_1_75' title="bbox 2141 1430 3725 1502">
    <p class='ocr_par' dir='ltr' id='par_1_75' title="bbox 2141 1430 3725 1502">
     <span class='ocr_line' id='line_1_76' title="bbox 2141 1430 3725 1502; baseline -0.003 -18"><span class='ocrx_word' id='word_1_524' title='bbox 2141 1430 2501 1486; x_wconf 75' lang='lat' dir='ltr'><strong>consultationi</strong></span> <span class='ocrx_word' id='word_1_525' title='bbox 2521 1443 2622 1486; x_wconf 67' lang='lat' dir='ltr'><strong>tum</strong></span> <span class='ocrx_word' id='word_1_526' title='bbox 2651 1432 2883 1487; x_wconf 84' lang='lat' dir='ltr'><strong>absolute</strong></span> <span class='ocrx_word' id='word_1_527' title='bbox 2910 1439 2959 1485; x_wconf 86' lang='lat' dir='ltr'><strong>et</strong></span> <span class='ocrx_word' id='word_1_528' title='bbox 2982 1446 3206 1502; x_wconf 82' lang='lat' dir='ltr'><strong>congrue</strong></span> <span class='ocrx_word' id='word_1_529' title='bbox 3234 1432 3550 1502; x_wconf 64' lang='lat' dir='ltr'><strong>respondere</strong></span> <span class='ocrx_word' id='word_1_530' title='bbox 3575 1430 3725 1502; x_wconf 78' lang='lat' dir='ltr'><strong>possi-</strong></span> 
     </span>
    </p>
   </div>
   <div class='ocr_carea' id='block_1_76' title="bbox 2140 1499 3787 1573">
    <p class='ocr_par' dir='ltr' id='par_1_76' title="bbox 2140 1499 3787 1573">
     <span class='ocr_line' id='line_1_77' title="bbox 2140 1499 3787 1573; baseline 0.004 -19"><span class='ocrx_word' id='word_1_531' title='bbox 2140 1517 2274 1556; x_wconf 85' lang='lat' dir='ltr'><strong>mus.</strong></span> <span class='ocrx_word' id='word_1_532' title='bbox 2308 1502 2549 1558; x_wconf 85' lang='lat' dir='ltr'><strong>Notanda</strong></span> <span class='ocrx_word' id='word_1_533' title='bbox 2580 1503 2831 1560; x_wconf 84' lang='lat' dir='ltr'><strong>adverbia</strong></span> <span class='ocrx_word' id='word_1_534' title='bbox 2858 1499 3097 1557; x_wconf 77' lang='lat' dir='ltr'><strong>absolute</strong></span> <span class='ocrx_word' id='word_1_535' title='bbox 3114 1513 3181 1573; x_wconf 90' lang='lat' dir='ltr'><strong>et</strong></span> <span class='ocrx_word' id='word_1_536' title='bbox 3213 1499 3458 1572; x_wconf 78' lang='lat' dir='ltr'><strong>congrue.</strong></span> <span class='ocrx_word' id='word_1_537' title='bbox 3509 1499 3723 1573; x_wconf 69' lang='lat' dir='ltr'><strong>[nterim</strong></span> <span class='ocrx_word' id='word_1_538' title='bbox 3776 1534 3787 1573; x_wconf 77' lang='lat'><strong>;_</strong></span> 
     </span>
    </p>
   </div>
   <div class='ocr_carea' id='block_1_77' title="bbox 2142 1570 3719 1643">
    <p class='ocr_par' dir='ltr' id='par_1_77' title="bbox 2142 1570 3719 1643">
     <span class='ocr_line' id='line_1_78' title="bbox 2142 1570 3719 1643; baseline 0.001 -18"><span class='ocrx_word' id='word_1_539' title='bbox 2142 1586 2274 1627; x_wconf 86' lang='lat' dir='ltr'><strong>vero</strong></span> <span class='ocrx_word' id='word_1_540' title='bbox 2302 1576 2584 1642; x_wconf 80' lang='lat' dir='ltr'><strong>generalem</strong></span> <span class='ocrx_word' id='word_1_541' title='bbox 2638 1590 2750 1630; x_wconf 86' lang='lat' dir='ltr'><strong>suae</strong></span> <span class='ocrx_word' id='word_1_542' title='bbox 2791 1574 2987 1628; x_wconf 92' lang='lat' dir='ltr'><strong>mentis</strong></span> <span class='ocrx_word' id='word_1_543' title='bbox 3035 1570 3719 1643; x_wconf 31' lang='lat' dir='ltr'><strong>regulam,‘qu:eMaxinti</strong></span> 
     </span>
    </p>
   </div>
   <div class='ocr_carea' id='block_1_78' title="bbox 2142 1642 3721 1716">
    <p class='ocr_par' dir='ltr' id='par_1_78' title="bbox 2142 1642 3721 1716">
     <span class='ocr_line' id='line_1_79' title="bbox 2142 1642 3721 1716; baseline 0.001 -20"><span class='ocrx_word' id='word_1_544' title='bbox 2142 1643 2561 1716; x_wconf 86' lang='lat' dir='ltr'><strong>circumstantiis</strong></span> <span class='ocrx_word' id='word_1_545' title='bbox 2590 1654 2927 1716; x_wconf 88' lang='lat' dir='ltr'><strong>congrueret,</strong></span> <span class='ocrx_word' id='word_1_546' title='bbox 2960 1659 3078 1716; x_wconf 88' lang='lat' dir='ltr'><strong>non</strong></span> <span class='ocrx_word' id='word_1_547' title='bbox 3101 1642 3360 1716; x_wconf 72' lang='lat' dir='ltr'><strong>abspluta,</strong></span> <span class='ocrx_word' id='word_1_548' title='bbox 3398 1642 3494 1697; x_wconf 89' lang='lat' dir='ltr'><strong>sed</strong></span> <span class='ocrx_word' id='word_1_549' title='bbox 3541 1642 3721 1716; x_wconf 86' lang='lat' dir='ltr'><strong>condi-</strong></span> 
     </span>
    </p>
   </div>
   <div class='ocr_carea' id='block_1_79' title="bbox 2142 1713 3721 1784">
    <p class='ocr_par' dir='ltr' id='par_1_79' title="bbox 2142 1713 3721 1784">
     <span class='ocr_line' id='line_1_80' title="bbox 2142 1713 3721 1784; baseline 0 -17"><span class='ocrx_word' id='word_1_550' title='bbox 2142 1714 2341 1769; x_wconf 82' lang='lat' dir='ltr'><strong>tionata</strong></span> <span class='ocrx_word' id='word_1_551' title='bbox 2370 1716 2641 1773; x_wconf 92' lang='lat' dir='ltr'><strong>locutione</strong></span> <span class='ocrx_word' id='word_1_552' title='bbox 2670 1713 2848 1772; x_wconf 76' lang='lat' dir='ltr'><strong>statim</strong></span> <span class='ocrx_word' id='word_1_553' title='bbox 2880 1715 3127 1784; x_wconf 85' lang='lat' dir='ltr'><strong>subjecit.</strong></span> <span class='ocrx_word' id='word_1_554' title='bbox 3153 1713 3310 1768; x_wconf 87' lang='lat' dir='ltr'><strong>Nunc</strong></span> <span class='ocrx_word' id='word_1_555' title='bbox 3336 1724 3509 1769; x_wconf 86' lang='lat' dir='ltr'><strong>autem</strong></span> <span class='ocrx_word' id='word_1_556' title='bbox 3532 1715 3603 1767; x_wconf 89' lang='lat' dir='ltr'><strong>ad</strong></span> <span class='ocrx_word' id='word_1_557' title='bbox 3621 1730 3721 1767; x_wconf 79' lang='lat' dir='ltr'><strong>om-</strong></span> 
     </span>
    </p>
   </div>
   <div class='ocr_carea' id='block_1_80' title="bbox 2142 1784 3720 1857">
    <p class='ocr_par' dir='ltr' id='par_1_80' title="bbox 2142 1784 3720 1857">
     <span class='ocr_line' id='line_1_81' title="bbox 2142 1784 3720 1857; baseline 0.001 -20"><span class='ocrx_word' id='word_1_558' title='bbox 2142 1784 2230 1838; x_wconf 85' lang='lat' dir='ltr'><strong>nia</strong></span> <span class='ocrx_word' id='word_1_559' title='bbox 2259 1802 2631 1843; x_wconf 65' lang='lat' dir='ltr'><strong>cauensursn</strong></span> <span class='ocrx_word' id='word_1_560' title='bbox 2653 1802 3022 1843; x_wconf 71' lang='lat' dir='ltr'><strong>rnonuuruns</strong></span> <span class='ocrx_word' id='word_1_561' title='bbox 3054 1787 3289 1857; x_wconf 74' lang='lat' dir='ltr'><strong>sufﬁciat,</strong></span> <span class='ocrx_word' id='word_1_562' title='bbox 3314 1788 3452 1857; x_wconf 86' lang='lat' dir='ltr'><strong>quod</strong></span> <span class='ocrx_word' id='word_1_563' title='bbox 3480 1786 3527 1839; x_wconf 86' lang='lat' dir='ltr'><strong>si</strong></span> <span class='ocrx_word' id='word_1_564' title='bbox 3551 1786 3669 1855; x_wconf 77' lang='lat' dir='ltr'><strong>quid</strong></span> <span class='ocrx_word' id='word_1_565' title='bbox 3690 1802 3720 1839; x_wconf 73' lang='grc' dir='ltr'><em>α</em></span> 
     </span>
    </p>
   </div>
   <div class='ocr_carea' id='block_1_81' title="bbox 2141 1857 3718 1927">
    <p class='ocr_par' dir='ltr' id='par_1_81' title="bbox 2141 1857 3718 1927">
     <span class='ocr_line' id='line_1_82' title="bbox 2141 1857 3718 1927; baseline 0.001 -19"><span class='ocrx_word' id='word_1_566' title='bbox 2141 1871 2396 1927; x_wconf 87' lang='lat' dir='ltr'><strong>quoquam</strong></span> <span class='ocrx_word' id='word_1_567' title='bbox 2420 1869 2599 1913; x_wconf 86' lang='lat' dir='ltr'><strong>contra</strong></span> <span class='ocrx_word' id='word_1_568' title='bbox 2640 1859 2972 1913; x_wconf 79' lang='lat' dir='ltr'><strong>Niccenorum</strong></span> <span class='ocrx_word' id='word_1_569' title='bbox 3001 1874 3256 1912; x_wconf 84' lang='lat' dir='ltr'><strong>canonum</strong></span> <span class='ocrx_word' id='word_1_570' title='bbox 3290 1866 3483 1911; x_wconf 87' lang='lat' dir='ltr'><strong>statuta</strong></span> <span class='ocrx_word' id='word_1_571' title='bbox 3527 1857 3582 1909; x_wconf 88' lang='lat' dir='ltr'><strong>in</strong></span> <span class='ocrx_word' id='word_1_572' title='bbox 3604 1872 3718 1924; x_wconf 81' lang='lat' dir='ltr'><strong>qna-</strong></span> 
     </span>
    </p>
   </div>
   <div class='ocr_carea' id='block_1_82' title="bbox 2140 1927 3716 2000">
    <p class='ocr_par' dir='ltr' id='par_1_82' title="bbox 2140 1927 3716 2000">
     <span class='ocr_line' id='line_1_83' title="bbox 2140 1927 3716 2000; baseline 0.001 -21"><span class='ocrx_word' id='word_1_573' title='bbox 2140 1942 2353 1995; x_wconf 85' lang='lat' dir='ltr'><strong>cumque</strong></span> <span class='ocrx_word' id='word_1_574' title='bbox 2380 1932 2576 2000; x_wconf 81' lang='lat' dir='ltr'><strong>synodo</strong></span> <span class='ocrx_word' id='word_1_575' title='bbox 2599 1931 2678 1985; x_wconf 86' lang='lat' dir='ltr'><strong>vel</strong></span> <span class='ocrx_word' id='word_1_576' title='bbox 2698 1939 2945 1984; x_wconf 86' lang='lat' dir='ltr'><strong>tentatum</strong></span> <span class='ocrx_word' id='word_1_577' title='bbox 2978 1939 3072 1993; x_wconf 84' lang='lat' dir='ltr'><strong>est,</strong></span> <span class='ocrx_word' id='word_1_578' title='bbox 3097 1928 3173 1982; x_wconf 81' lang='lat' dir='ltr'><strong>vel</strong></span> <span class='ocrx_word' id='word_1_579' title='bbox 3201 1927 3271 1981; x_wconf 86' lang='lat' dir='ltr'><strong>ad</strong></span> <span class='ocrx_word' id='word_1_580' title='bbox 3300 1938 3500 2000; x_wconf 82' lang='lat' dir='ltr'><strong>tempus</strong></span> <span class='ocrx_word' id='word_1_581' title='bbox 3527 1927 3716 2000; x_wconf 70' lang='lat' dir='ltr'><strong>uidetur</strong></span> 
     </span>
    </p>
   </div>
   <div class='ocr_carea' id='block_1_83' title="bbox 2139 1999 3712 2070">
    <p class='ocr_par' dir='ltr' id='par_1_83' title="bbox 2139 1999 3712 2070">
     <span class='ocr_line' id='line_1_84' title="bbox 2139 1999 3712 2070; baseline 0.001 -19"><span class='ocrx_word' id='word_1_582' title='bbox 2139 1999 2420 2070; x_wconf 62' lang='lat' dir='ltr'><strong>extortum,</strong></span> <span class='ocrx_word' id='word_1_583' title='bbox 2444 2001 2575 2055; x_wconf 82' lang='lat' dir='ltr'><strong>nihil</strong></span> <span class='ocrx_word' id='word_1_584' title='bbox 2603 2000 2895 2070; x_wconf 75' lang='lat' dir='ltr'><strong>prwjudicii</strong></span> <span class='ocrx_word' id='word_1_585' title='bbox 2923 2009 3085 2069; x_wconf 86' lang='lat' dir='ltr'><strong>potest</strong></span> <span class='ocrx_word' id='word_1_586' title='bbox 3120 2000 3495 2055; x_wconf 82' lang='lat' dir='ltr'><strong>inviolabilibus</strong></span> <span class='ocrx_word' id='word_1_587' title='bbox 3536 1999 3712 2069; x_wconf 78' lang='lat' dir='ltr'><strong>inferre</strong></span> 
     </span>
    </p>
   </div>
   <div class='ocr_carea' id='block_1_84' title="bbox 2140 2068 3703 2143">
    <p class='ocr_par' dir='ltr' id='par_1_84' title="bbox 2140 2068 3703 2143">
     <span class='ocr_line' id='line_1_85' title="bbox 2140 2068 3703 2143; baseline -0.001 -20"><span class='ocrx_word' id='word_1_588' title='bbox 2140 2068 2373 2143; x_wconf 71' lang='lat' dir='ltr'><strong>decretis,</strong></span> <span class='ocrx_word' id='word_1_589' title='bbox 2395 2081 2441 2126; x_wconf 89' lang='lat' dir='ltr'><strong>et</strong></span> <span class='ocrx_word' id='word_1_590' title='bbox 2470 2068 2672 2143; x_wconf 81' lang='lat' dir='ltr'><strong>facilius</strong></span> <span class='ocrx_word' id='word_1_591' title='bbox 2696 2068 2795 2126; x_wconf 79' lang='lat' dir='ltr'><strong>erit</strong></span> <span class='ocrx_word' id='word_1_592' title='bbox 2814 2068 3154 2141; x_wconf 80' lang='lat' dir='ltr'><strong>quarumlibet</strong></span> <span class='ocrx_word' id='word_1_593' title='bbox 3170 2072 3550 2125; x_wconf 84' lang='lat' dir='ltr'><strong>consensionum</strong></span> <span class='ocrx_word' id='word_1_594' title='bbox 3566 2068 3703 2143; x_wconf 75' lang='lat' dir='ltr'><strong>pacta</strong></span> 
     </span>
    </p>
   </div>
   <div class='ocr_carea' id='block_1_85' title="bbox 2141 2140 3698 2213">
    <p class='ocr_par' dir='ltr' id='par_1_85' title="bbox 2141 2140 3698 2213">
     <span class='ocr_line' id='line_1_86' title="bbox 2141 2140 3698 2213; baseline 0 -21"><span class='ocrx_word' id='word_1_595' title='bbox 2141 2140 2369 2207; x_wconf 87' lang='lat' dir='ltr'><strong>dissolvi,</strong></span> <span class='ocrx_word' id='word_1_596' title='bbox 2399 2140 2555 2213; x_wconf 78' lang='lat' dir='ltr'><strong>quam</strong></span> <span class='ocrx_word' id='word_1_597' title='bbox 2585 2140 2947 2213; x_wconf 71' lang='lat' dir='ltr'><strong>pra&#39;dictorum</strong></span> <span class='ocrx_word' id='word_1_598' title='bbox 2989 2158 3243 2213; x_wconf 81' lang='lat' dir='ltr'><strong>canonum</strong></span> <span class='ocrx_word' id='word_1_599' title='bbox 3276 2142 3559 2213; x_wconf 56' lang='lat' dir='ltr'><strong>regulas.”</strong></span> <span class='ocrx_word' id='word_1_600' title='bbox 3597 2141 3698 2213; x_wconf 77' lang='lat' dir='ltr'><strong>ulla</strong></span> 
     </span>
    </p>
   </div>
   <div class='ocr_carea' id='block_1_86' title="bbox 2142 2211 3701 2284">
    <p class='ocr_par' dir='ltr' id='par_1_86' title="bbox 2142 2211 3701 2284">
     <span class='ocr_line' id='line_1_87' title="bbox 2142 2211 3701 2284; baseline 0.003 -20"><span class='ocrx_word' id='word_1_601' title='bbox 2142 2220 2287 2284; x_wconf 83' lang='lat' dir='ltr'><strong>parte</strong></span> <span class='ocrx_word' id='word_1_602' title='bbox 2316 2211 2593 2284; x_wconf 66' lang='lat' dir='ltr'><strong>corrumpi.</strong></span> <span class='ocrx_word' id='word_1_603' title='bbox 2641 2215 2707 2269; x_wconf 89' lang='lat' dir='ltr'><strong>Et</strong></span> <span class='ocrx_word' id='word_1_604' title='bbox 2726 2214 2975 2269; x_wconf 89' lang='lat' dir='ltr'><strong>similiter</strong></span> <span class='ocrx_word' id='word_1_605' title='bbox 2994 2227 3111 2282; x_wconf 89' lang='lat' dir='ltr'><strong>cap.</strong></span> <span class='ocrx_word' id='word_1_606' title='bbox 3143 2211 3215 2268; x_wconf 84' lang='lat'><strong>5:</strong></span> <span class='ocrx_word' id='word_1_607' title='bbox 3254 2213 3317 2269; x_wconf 89' lang='lat' dir='ltr'><strong>Si</strong></span> <span class='ocrx_word' id='word_1_608' title='bbox 3339 2211 3465 2282; x_wconf 75' lang='lat' dir='ltr'><strong>guid</strong></span> <span class='ocrx_word' id='word_1_609' title='bbox 3504 2227 3618 2266; x_wconf 85' lang='lat' dir='ltr'><strong>sane</strong></span> <span class='ocrx_word' id='word_1_610' title='bbox 3635 2212 3701 2284; x_wconf 68' lang='lat' dir='ltr'><strong>ab</strong></span> 
     </span>
    </p>
   </div>
   <div class='ocr_carea' id='block_1_87' title="bbox 2139 2279 3709 2355">
    <p class='ocr_par' dir='ltr' id='par_1_87' title="bbox 2139 2279 3709 2355">
     <span class='ocr_line' id='line_1_88' title="bbox 2139 2279 3709 2355; baseline 0.003 -22"><span class='ocrx_word' id='word_1_611' title='bbox 2139 2279 2218 2335; x_wconf 79' lang='lat' dir='ltr'><strong>bis</strong></span> <span class='ocrx_word' id='word_1_612' title='bbox 2266 2279 2659 2354; x_wconf 53' lang='lat' dir='ltr'><strong>fratribns&#39;quos</strong></span> <span class='ocrx_word' id='word_1_613' title='bbox 2688 2286 2758 2339; x_wconf 88' lang='lat' dir='ltr'><strong>ad</strong></span> <span class='ocrx_word' id='word_1_614' title='bbox 2782 2292 3014 2339; x_wconf 87' lang='lat' dir='ltr'><strong>sanctam</strong></span> <span class='ocrx_word' id='word_1_615' title='bbox 3036 2279 3285 2355; x_wconf 62' lang='lat' dir='ltr'><strong>synodum</strong></span> <span class='ocrx_word' id='word_1_616' title='bbox 3310 2279 3418 2339; x_wconf 82' lang='lat' dir='ltr'><strong>vice</strong></span> <span class='ocrx_word' id='word_1_617' title='bbox 3446 2298 3557 2336; x_wconf 70' lang='lat' dir='ltr'><strong>mea</strong></span> <span class='ocrx_word' id='word_1_618' title='bbox 3581 2283 3709 2349; x_wconf 78' lang='lat' dir='ltr'><strong>misi,</strong></span> 
     </span>
    </p>
   </div>
   <div class='ocr_carea' id='block_1_88' title="bbox 2140 2355 3712 2427">
    <p class='ocr_par' dir='ltr' id='par_1_88' title="bbox 2140 2355 3712 2427">
     <span class='ocr_line' id='line_1_89' title="bbox 2140 2355 3712 2427; baseline 0.001 -22"><span class='ocrx_word' id='word_1_619' title='bbox 2140 2363 2325 2427; x_wconf 62' lang='lat' dir='ltr'><strong>praeter</strong></span> <span class='ocrx_word' id='word_1_620' title='bbox 2352 2356 2404 2408; x_wconf 88' lang='lat' dir='ltr'><strong>id</strong></span> <span class='ocrx_word' id='word_1_621' title='bbox 2428 2356 2565 2426; x_wconf 88' lang='lat' dir='ltr'><strong>quod</strong></span> <span class='ocrx_word' id='word_1_622' title='bbox 2590 2358 2658 2411; x_wconf 88' lang='lat' dir='ltr'><strong>ad</strong></span> <span class='ocrx_word' id='word_1_623' title='bbox 2681 2372 2889 2411; x_wconf 86' lang='lat' dir='ltr'><strong>causam</strong></span> <span class='ocrx_word' id='word_1_624' title='bbox 2912 2355 3036 2425; x_wconf 78' lang='lat' dir='ltr'><strong>ﬁdei</strong></span> <span class='ocrx_word' id='word_1_625' title='bbox 3074 2355 3379 2427; x_wconf 85' lang='lat' dir='ltr'><strong>pertinebat,</strong></span> <span class='ocrx_word' id='word_1_626' title='bbox 3400 2363 3712 2427; x_wconf 67' lang='lat' dir='ltr'><strong>gestantem</strong></span> 
     </span>
    </p>
   </div>
   <div class='ocr_carea' id='block_1_89' title="bbox 2140 2423 3713 2496">
    <p class='ocr_par' dir='ltr' id='par_1_89' title="bbox 2140 2423 3713 2496">
     <span class='ocr_line' id='line_1_90' title="bbox 2140 2423 3713 2496; baseline -0.001 -18"><span class='ocrx_word' id='word_1_627' title='bbox 2140 2423 2451 2496; x_wconf 78' lang='lat' dir='ltr'><strong>perhibetur,</strong></span> <span class='ocrx_word' id='word_1_628' title='bbox 2501 2427 2693 2481; x_wconf 87' lang='lat' dir='ltr'><strong>nullius</strong></span> <span class='ocrx_word' id='word_1_629' title='bbox 2737 2430 2831 2482; x_wconf 88' lang='lat' dir='ltr'><strong>erit</strong></span> <span class='ocrx_word' id='word_1_630' title='bbox 2874 2423 3084 2496; x_wconf 79' lang='lat' dir='ltr'><strong>penitus</strong></span> <span class='ocrx_word' id='word_1_631' title='bbox 3115 2423 3542 2494; x_wconf 59' lang='lat' dir='ltr'><strong>ﬁrmitatis,&#39;etc.</strong></span> <span class='ocrx_word' id='word_1_632' title='bbox 3586 2423 3713 2477; x_wconf 88' lang='lat' dir='ltr'><strong>Nam</strong></span> 
     </span>
    </p>
   </div>
   <div class='ocr_carea' id='block_1_90' title="bbox 2139 2495 3716 2570">
    <p class='ocr_par' dir='ltr' id='par_1_90' title="bbox 2139 2495 3716 2570">
     <span class='ocr_line' id='line_1_91' title="bbox 2139 2495 3716 2570; baseline 0.001 -23"><span class='ocrx_word' id='word_1_633' title='bbox 2139 2495 2276 2570; x_wconf 74' lang='lat' dir='ltr'><strong>quod</strong></span> <span class='ocrx_word' id='word_1_634' title='bbox 2298 2497 2363 2551; x_wconf 86' lang='lat' dir='ltr'><strong>ab</strong></span> <span class='ocrx_word' id='word_1_635' title='bbox 2396 2496 2609 2552; x_wconf 88' lang='lat' dir='ltr'><strong>illorum</strong></span> <span class='ocrx_word' id='word_1_636' title='bbox 2640 2498 2999 2570; x_wconf 68' lang='lat' dir='ltr'><strong>(Nicaanorum</strong></span> <span class='ocrx_word' id='word_1_637' title='bbox 3040 2496 3282 2570; x_wconf 86' lang='lat' dir='ltr'><strong>Patrum)</strong></span> <span class='ocrx_word' id='word_1_638' title='bbox 3310 2496 3508 2570; x_wconf 84' lang='lat' dir='ltr'><strong>regulis</strong></span> <span class='ocrx_word' id='word_1_639' title='bbox 3538 2496 3716 2549; x_wconf 86' lang='lat' dir='ltr'><strong>discor-</strong></span> 
     </span>
    </p>
   </div>
   <div class='ocr_carea' id='block_1_91' title="bbox 2140 2566 3717 2639">
    <p class='ocr_par' dir='ltr' id='par_1_91' title="bbox 2140 2566 3717 2639">
     <span class='ocr_line' id='line_1_92' title="bbox 2140 2566 3717 2639; baseline 0.003 -22"><span class='ocrx_word' id='word_1_640' title='bbox 2140 2566 2251 2631; x_wconf 90' lang='lat' dir='ltr'><strong>dat,</strong></span> <span class='ocrx_word' id='word_1_641' title='bbox 2282 2570 2577 2639; x_wconf 80' lang='lat' dir='ltr'><strong>apostolica:</strong></span> <span class='ocrx_word' id='word_1_642' title='bbox 2593 2566 2729 2624; x_wconf 83' lang='lat' dir='ltr'><strong>sedis</strong></span> <span class='ocrx_word' id='word_1_643' title='bbox 2754 2586 3034 2639; x_wconf 88' lang='lat' dir='ltr'><strong>numquam</strong></span> <span class='ocrx_word' id='word_1_644' title='bbox 3061 2568 3247 2638; x_wconf 85' lang='lat' dir='ltr'><strong>poterit</strong></span> <span class='ocrx_word' id='word_1_645' title='bbox 3262 2566 3499 2623; x_wconf 81' lang='lat' dir='ltr'><strong>obtinere</strong></span> <span class='ocrx_word' id='word_1_646' title='bbox 3524 2583 3717 2621; x_wconf 75' lang='lat' dir='ltr'><strong>consen-</strong></span> 
     </span>
    </p>
   </div>
   <div class='ocr_carea' id='block_1_92' title="bbox 2138 2639 3716 2710">
    <p class='ocr_par' dir='ltr' id='par_1_92' title="bbox 2138 2639 3716 2710">
     <span class='ocr_line' id='line_1_93' title="bbox 2138 2639 3716 2710; baseline 0.003 -20"><span class='ocrx_word' id='word_1_647' title='bbox 2138 2651 2272 2710; x_wconf 79' lang='lat' dir='ltr'><strong>sum.</strong></span> <span class='ocrx_word' id='word_1_648' title='bbox 2301 2641 2432 2693; x_wconf 76' lang='lat' dir='ltr'><strong>Cum</strong></span> <span class='ocrx_word' id='word_1_649' title='bbox 2464 2639 2567 2696; x_wconf 90' lang='lat' dir='ltr'><strong>hoc</strong></span> <span class='ocrx_word' id='word_1_650' title='bbox 2596 2651 2925 2710; x_wconf 89' lang='lat' dir='ltr'><strong>postremum</strong></span> <span class='ocrx_word' id='word_1_651' title='bbox 2955 2641 3023 2696; x_wconf 90' lang='lat' dir='ltr'><strong>de</strong></span> <span class='ocrx_word' id='word_1_652' title='bbox 3049 2641 3343 2710; x_wconf 89' lang='lat' dir='ltr'><strong>legatorum</strong></span> <span class='ocrx_word' id='word_1_653' title='bbox 3369 2654 3612 2710; x_wconf 85' lang='lat' dir='ltr'><strong>assensu</strong></span> <span class='ocrx_word' id='word_1_654' title='bbox 3638 2652 3716 2710; x_wconf 87' lang='lat' dir='ltr'><strong>so-</strong></span> 
     </span>
    </p>
   </div>
   <div class='ocr_carea' id='block_1_93' title="bbox 2141 2706 3716 2782">
    <p class='ocr_par' dir='ltr' id='par_1_93' title="bbox 2141 2706 3716 2782">
     <span class='ocr_line' id='line_1_94' title="bbox 2141 2706 3716 2782; baseline 0.006 -23"><span class='ocrx_word' id='word_1_655' title='bbox 2141 2706 2245 2782; x_wconf 82' lang='lat' dir='ltr'><strong>lam</strong></span> <span class='ocrx_word' id='word_1_656' title='bbox 2271 2710 2485 2765; x_wconf 82' lang='lat' dir='ltr'><strong>Maximi</strong></span> <span class='ocrx_word' id='word_1_657' title='bbox 2524 2706 2742 2767; x_wconf 84' lang='lat' dir='ltr'><strong>causam</strong></span> <span class='ocrx_word' id='word_1_658' title='bbox 2777 2710 3048 2782; x_wconf 88' lang='lat' dir='ltr'><strong>respiciat,</strong></span> <span class='ocrx_word' id='word_1_659' title='bbox 3082 2706 3319 2782; x_wconf 79' lang='lat' dir='ltr'><strong>Leonem</strong></span> <span class='ocrx_word' id='word_1_660' title='bbox 3349 2709 3436 2782; x_wconf 17' lang='lat' dir='ltr'><strong>de,</strong></span> <span class='ocrx_word' id='word_1_661' title='bbox 3461 2725 3527 2766; x_wconf 84' lang='lat' dir='ltr'><strong>ea</strong></span> <span class='ocrx_word' id='word_1_662' title='bbox 3564 2709 3716 2782; x_wconf 74' lang='lat' dir='ltr'><strong>probe</strong></span> 
     </span>
    </p>
   </div>
   <div class='ocr_carea' id='block_1_94' title="bbox 2139 2777 3716 2851">
    <p class='ocr_par' dir='ltr' id='par_1_94' title="bbox 2139 2777 3716 2851">
     <span class='ocr_line' id='line_1_95' title="bbox 2139 2777 3716 2851; baseline 0.002 -20"><span class='ocrx_word' id='word_1_663' title='bbox 2139 2777 2483 2836; x_wconf 87' lang='lat' dir='ltr'><strong>informatum</strong></span> <span class='ocrx_word' id='word_1_664' title='bbox 2514 2777 2885 2851; x_wconf 57' lang='lat' dir='ltr'><strong>agnoscimus:</strong></span> <span class='ocrx_word' id='word_1_665' title='bbox 2913 2782 3055 2837; x_wconf 87' lang='lat' dir='ltr'><strong>Nihil</strong></span> <span class='ocrx_word' id='word_1_666' title='bbox 3082 2796 3209 2851; x_wconf 88' lang='lat' dir='ltr'><strong>ergo</strong></span> <span class='ocrx_word' id='word_1_667' title='bbox 3255 2781 3488 2850; x_wconf 92' lang='lat' dir='ltr'><strong>impedit</strong></span> <span class='ocrx_word' id='word_1_668' title='bbox 3516 2781 3716 2850; x_wconf 88' lang='lat' dir='ltr'><strong>quomi-</strong></span> 
     </span>
    </p>
   </div>
   <div class='ocr_carea' id='block_1_95' title="bbox 2139 2851 3714 2924">
    <p class='ocr_par' dir='ltr' id='par_1_95' title="bbox 2139 2851 3714 2924">
     <span class='ocr_line' id='line_1_96' title="bbox 2139 2851 3714 2924; baseline 0.003 -22"><span class='ocrx_word' id='word_1_669' title='bbox 2139 2863 2241 2903; x_wconf 90' lang='lat' dir='ltr'><strong>nus</strong></span> <span class='ocrx_word' id='word_1_670' title='bbox 2266 2854 2548 2909; x_wconf 89' lang='lat' dir='ltr'><strong>credamus</strong></span> <span class='ocrx_word' id='word_1_671' title='bbox 2570 2855 2856 2909; x_wconf 84' lang='lat' dir='ltr'><strong>Maximum</strong></span> <span class='ocrx_word' id='word_1_672' title='bbox 2884 2868 2980 2924; x_wconf 92' lang='lat' dir='ltr'><strong>per</strong></span> <span class='ocrx_word' id='word_1_673' title='bbox 3008 2868 3135 2909; x_wconf 89' lang='lat' dir='ltr'><strong>suos</strong></span> <span class='ocrx_word' id='word_1_674' title='bbox 3149 2851 3362 2923; x_wconf 83' lang='lat' dir='ltr'><strong>legatos</strong></span> <span class='ocrx_word' id='word_1_675' title='bbox 3384 2851 3457 2924; x_wconf 87' lang='lat' dir='ltr'><strong>ad</strong></span> <span class='ocrx_word' id='word_1_676' title='bbox 3489 2867 3609 2907; x_wconf 90' lang='lat' dir='ltr'><strong>eum</strong></span> <span class='ocrx_word' id='word_1_677' title='bbox 3640 2852 3714 2924; x_wconf 86' lang='lat' dir='ltr'><strong>i_n_-</strong></span> 
     </span>
    </p>
   </div>
   <div class='ocr_carea' id='block_1_96' title="bbox 2140 2921 3718 3003">
    <p class='ocr_par' dir='ltr' id='par_1_96' title="bbox 2140 2921 3718 3003">
     <span class='ocr_line' id='line_1_97' title="bbox 2140 2921 3718 3003; baseline 0.017 -30"><span class='ocrx_word' id='word_1_678' title='bbox 2140 2924 2454 3003; x_wconf 75' lang='lat' dir='ltr'><strong>struendum</strong></span> <span class='ocrx_word' id='word_1_679' title='bbox 2486 2924 2696 3003; x_wconf 78' lang='lat' dir='ltr'><strong>misisse</strong></span> <span class='ocrx_word' id='word_1_680' title='bbox 2729 2921 2971 3003; x_wconf 76' lang='lat' dir='ltr'><strong>actiones</strong></span> <span class='ocrx_word' id='word_1_681' title='bbox 2996 2925 3145 3003; x_wconf 76' lang='lat' dir='ltr'><strong>ipsas</strong></span> <span class='ocrx_word' id='word_1_682' title='bbox 3186 2921 3425 3003; x_wconf 64' lang='lat' dir='ltr'><strong>concilii.</strong></span> <span class='ocrx_word' id='word_1_683' title='bbox 3474 2938 3606 3003; x_wconf 61' lang='lat' dir='ltr'><strong>qui!“</strong></span> 
     </span>
    </p>
   </div>
   <div class='ocr_carea' id='block_1_97' title="bbox 2139 2990 3713 3067">
    <p class='ocr_par' dir='ltr' id='par_1_97' title="bbox 2139 2990 3713 3067">
     <span class='ocr_line' id='line_1_98' title="bbox 2139 2990 3713 3067; baseline 0.002 -22"><span class='ocrx_word' id='word_1_684' title='bbox 2139 2990 2283 3067; x_wconf 86' lang='lat' dir='ltr'><strong>_c_irc_o</strong></span> <span class='ocrx_word' id='word_1_685' title='bbox 2308 2996 2715 3067; x_wconf 89' lang='lat' dir='ltr'><strong>scparatimjam</strong></span> <span class='ocrx_word' id='word_1_686' title='bbox 2734 2996 2801 3051; x_wconf 90' lang='lat' dir='ltr'><strong>ab</strong></span> <span class='ocrx_word' id='word_1_687' title='bbox 2828 2995 2980 3067; x_wconf 73' lang='lat' dir='ltr'><strong>initio</strong></span> <span class='ocrx_word' id='word_1_688' title='bbox 2994 2990 3186 3067; x_wconf 79' lang='lat' dir='ltr'><strong>Latine</strong></span> <span class='ocrx_word' id='word_1_689' title='bbox 3203 2994 3444 3051; x_wconf 91' lang='lat' dir='ltr'><strong>redditas</strong></span> <span class='ocrx_word' id='word_1_690' title='bbox 3471 2990 3713 3067; x_wconf 73' lang='lat' dir='ltr'><strong>probabi-</strong></span> 
     </span>
    </p>
   </div>
   <div class='ocr_carea' id='block_1_98' title="bbox 2138 3061 3719 3139">
    <p class='ocr_par' dir='ltr' id='par_1_98' title="bbox 2138 3061 3719 3139">
     <span class='ocr_line' id='line_1_99' title="bbox 2138 3061 3719 3139; baseline 0 -22"><span class='ocrx_word' id='word_1_691' title='bbox 2138 3061 2402 3139; x_wconf 28' lang='lat' dir='ltr'><strong>li‘ssimum</strong></span> <span class='ocrx_word' id='word_1_692' title='bbox 2421 3067 2574 3139; x_wconf 87' lang='lat' dir='ltr'><strong>nobis</strong></span> <span class='ocrx_word' id='word_1_693' title='bbox 2585 3061 2886 3139; x_wconf 67' lang='lat' dir='ltr'><strong>videturJn</strong></span> <span class='ocrx_word' id='word_1_694' title='bbox 2904 3066 3040 3139; x_wconf 83' lang='lat' dir='ltr'><strong>hanc</strong></span> <span class='ocrx_word' id='word_1_695' title='bbox 3063 3065 3276 3139; x_wconf 89' lang='lat' dir='ltr'><strong>quidem</strong></span> <span class='ocrx_word' id='word_1_696' title='bbox 3294 3081 3412 3121; x_wconf 92' lang='lat' dir='ltr'><strong>rem</strong></span> <span class='ocrx_word' id='word_1_697' title='bbox 3432 3061 3719 3139; x_wconf 69' lang='lat' dir='ltr'><strong>suileeisset</strong></span> 
     </span>
    </p>
   </div>
   <div class='ocr_carea' id='block_1_99' title="bbox 2138 3134 3718 3221">
    <p class='ocr_par' dir='ltr' id='par_1_99' title="bbox 2138 3134 3718 3221">
     <span class='ocr_line' id='line_1_100' title="bbox 2138 3134 3718 3221; baseline 0.002 -34"><span class='ocrx_word' id='word_1_698' title='bbox 2138 3134 2183 3187; x_wconf 90' lang='lat' dir='ltr'><strong>si</strong></span> <span class='ocrx_word' id='word_1_699' title='bbox 2198 3134 2339 3218; x_wconf 44' lang='lat' dir='ltr'><strong>.duas</strong></span> <span class='ocrx_word' id='word_1_700' title='bbox 2358 3138 2513 3221; x_wconf 73' lang='lat' dir='ltr'><strong>solas</strong></span> <span class='ocrx_word' id='word_1_701' title='bbox 2542 3138 2868 3221; x_wconf 68' lang='lat' dir='ltr'><strong>actionesde</strong></span> <span class='ocrx_word' id='word_1_702' title='bbox 2888 3134 3133 3221; x_wconf 69' lang='lat' dir='ltr'><strong>iuvenali</strong></span> <span class='ocrx_word' id='word_1_703' title='bbox 3159 3137 3445 3221; x_wconf 78' lang='lat' dir='ltr'><strong>loquentes</strong></span> <span class='ocrx_word' id='word_1_704' title='bbox 3467 3137 3718 3221; x_wconf 79' lang='lat' dir='ltr'><strong>Maximus</strong></span> 
     </span>
    </p>
   </div>
   <div class='ocr_carea' id='block_1_100' title="bbox 2140 3205 3718 3266">
    <p class='ocr_par' dir='ltr' id='par_1_100' title="bbox 2140 3205 3718 3266">
     <span class='ocr_line' id='line_1_101' title="bbox 2140 3205 3718 3266; baseline 0.001 -8"><span class='ocrx_word' id='word_1_705' title='bbox 2140 3206 2393 3265; x_wconf 90' lang='lat' dir='ltr'><strong>misisset.</strong></span> <span class='ocrx_word' id='word_1_706' title='bbox 2418 3209 2488 3265; x_wconf 85' lang='lat' dir='ltr'><strong>At</strong></span> <span class='ocrx_word' id='word_1_707' title='bbox 2514 3224 2635 3265; x_wconf 91' lang='lat' dir='ltr'><strong>cum</strong></span> <span class='ocrx_word' id='word_1_708' title='bbox 2665 3210 2717 3265; x_wconf 92' lang='lat' dir='ltr'><strong>in</strong></span> <span class='ocrx_word' id='word_1_709' title='bbox 2749 3209 2934 3266; x_wconf 90' lang='lat' dir='ltr'><strong>ultima</strong></span> <span class='ocrx_word' id='word_1_710' title='bbox 2958 3211 3122 3266; x_wconf 91' lang='lat' dir='ltr'><strong>trium</strong></span> <span class='ocrx_word' id='word_1_711' title='bbox 3146 3205 3421 3264; x_wconf 88' lang='lat' dir='ltr'><strong>actionum</strong></span> <span class='ocrx_word' id='word_1_712' title='bbox 3438 3222 3613 3263; x_wconf 74' lang='lat' dir='ltr'><strong>causa:</strong></span> <span class='ocrx_word' id='word_1_713' title='bbox 3630 3205 3718 3261; x_wconf 79' lang='lat' dir='ltr'><strong>Ju-</strong></span> 
     </span>
    </p>
   </div>
   <div class='ocr_carea' id='block_1_101' title="bbox 2137 3278 3717 3365">
    <p class='ocr_par' dir='ltr' id='par_1_101' title="bbox 2137 3278 3717 3365">
     <span class='ocr_line' id='line_1_102' title="bbox 2137 3278 3717 3365; baseline 0.001 -35"><span class='ocrx_word' id='word_1_714' title='bbox 2137 3278 2345 3365; x_wconf 52' lang='lat' dir='ltr'><strong>venglis</strong></span> <span class='ocrx_word' id='word_1_715' title='bbox 2370 3288 2425 3335; x_wconf 91' lang='lat' dir='ltr'><strong>et</strong></span> <span class='ocrx_word' id='word_1_716' title='bbox 2466 3280 2652 3365; x_wconf 43' lang='lat' dir='ltr'><strong>[‘)_om.ni</strong></span> <span class='ocrx_word' id='word_1_717' title='bbox 2677 3280 2835 3365; x_wconf 87' lang='lat' dir='ltr'><strong>simul</strong></span> <span class='ocrx_word' id='word_1_718' title='bbox 2860 3281 3174 3365; x_wconf 64' lang='lat' dir='ltr'><strong>junguntur,</strong></span> <span class='ocrx_word' id='word_1_719' title='bbox 3212 3282 3483 3365; x_wconf 76' lang='lat' dir='ltr'><strong>actionem</strong></span> <span class='ocrx_word' id='word_1_720' title='bbox 3513 3280 3717 3365; x_wconf 62' lang='lat' dir='ltr'><strong>pariter</strong></span> 
     </span>
    </p>
   </div>
   <div class='ocr_carea' id='block_1_102' title="bbox 2136 3344 3719 3407">
    <p class='ocr_par' dir='ltr' id='par_1_102' title="bbox 2136 3344 3719 3407">
     <span class='ocr_line' id='line_1_103' title="bbox 2136 3344 3719 3407; baseline 0 -7"><span class='ocrx_word' id='word_1_721' title='bbox 2136 3344 2203 3402; x_wconf 92' lang='lat' dir='ltr'><strong>de</strong></span> <span class='ocrx_word' id='word_1_722' title='bbox 2234 3348 2439 3406; x_wconf 92' lang='lat' dir='ltr'><strong>Domno</strong></span> <span class='ocrx_word' id='word_1_723' title='bbox 2472 3350 2730 3407; x_wconf 81' lang='lat' dir='ltr'><strong>Maximus</strong></span> <span class='ocrx_word' id='word_1_724' title='bbox 2762 3344 3225 3407; x_wconf 75' lang='lat' dir='ltr'><strong>transmittendum</strong></span> <span class='ocrx_word' id='word_1_725' title='bbox 3256 3351 3485 3407; x_wconf 85' lang='lat' dir='ltr'><strong>nutavit.</strong></span> <span class='ocrx_word' id='word_1_726' title='bbox 3513 3344 3581 3405; x_wconf 76' lang='lat' dir='ltr'><strong>ita</strong></span> <span class='ocrx_word' id='word_1_727' title='bbox 3605 3363 3719 3401; x_wconf 79' lang='lat' dir='ltr'><strong>om-</strong></span> 
     </span>
    </p>
   </div>
   <div class='ocr_carea' id='block_1_103' title="bbox 2137 3419 3714 3500">
    <p class='ocr_par' dir='ltr' id='par_1_103' title="bbox 2137 3419 3714 3500">
     <span class='ocr_line' id='line_1_104' title="bbox 2137 3419 3714 3500; baseline 0.001 -29"><span class='ocrx_word' id='word_1_728' title='bbox 2137 3432 2233 3473; x_wconf 89' lang='lat' dir='ltr'><strong>nes</strong></span> <span class='ocrx_word' id='word_1_729' title='bbox 2257 3419 2340 3475; x_wconf 80' lang='lat' dir='ltr'><strong>hae</strong></span> <span class='ocrx_word' id='word_1_730' title='bbox 2365 3423 2814 3500; x_wconf 75' lang='lat' dir='ltr'><strong>actiones__Grtcc_e</strong></span> <span class='ocrx_word' id='word_1_731' title='bbox 2834 3423 3082 3500; x_wconf 62' lang='lat' dir='ltr'><strong>scriptas,</strong></span> <span class='ocrx_word' id='word_1_732' title='bbox 3108 3430 3167 3500; x_wconf 85' lang='lat' dir='ltr'><strong>ut</strong></span> <span class='ocrx_word' id='word_1_733' title='bbox 3186 3436 3214 3475; x_wconf 86' lang='lat' dir='ltr'><strong>a</strong></span> <span class='ocrx_word' id='word_1_734' title='bbox 3252 3419 3714 3500; x_wconf 63' lang='lat' dir='ltr'><strong>Leonejntellige-</strong></span> 
     </span>
    </p>
   </div>
   <div class='ocr_carea' id='block_1_104' title="bbox 2138 3491 3708 3561">
    <p class='ocr_par' dir='ltr' id='par_1_104' title="bbox 2138 3491 3708 3561">
     <span class='ocr_line' id='line_1_105' title="bbox 2138 3491 3708 3561; baseline -0.001 -18"><span class='ocrx_word' id='word_1_735' title='bbox 2138 3501 2346 3561; x_wconf 73' lang='lat' dir='ltr'><strong>rentur,</strong></span> <span class='ocrx_word' id='word_1_736' title='bbox 2399 3494 2713 3550; x_wconf 90' lang='lat' dir='ltr'><strong>curantibus</strong></span> <span class='ocrx_word' id='word_1_737' title='bbox 2768 3491 3013 3551; x_wconf 74' lang='lat' dir='ltr'><strong>fortasSis</strong></span> <span class='ocrx_word' id='word_1_738' title='bbox 3060 3491 3200 3561; x_wconf 51' lang='lat' dir='ltr'><strong>&quot;ipsis</strong></span> <span class='ocrx_word' id='word_1_739' title='bbox 3251 3492 3465 3549; x_wconf 82' lang='lat' dir='ltr'><strong>Maximi</strong></span> <span class='ocrx_word' id='word_1_740' title='bbox 3517 3491 3708 3545; x_wconf 80' lang='lat' dir='ltr'><strong>nuntiis</strong></span> 
     </span>
    </p>
   </div>
   <div class='ocr_carea' id='block_1_105' title="bbox 2138 3557 3701 3634">
    <p class='ocr_par' dir='ltr' id='par_1_105' title="bbox 2138 3557 3701 3634">
     <span class='ocr_line' id='line_1_106' title="bbox 2138 3557 3701 3634; baseline -0.002 -18"><span class='ocrx_word' id='word_1_741' title='bbox 2138 3557 2328 3634; x_wconf 65' lang='lat' dir='ltr'><strong>Latine</strong></span> <span class='ocrx_word' id='word_1_742' title='bbox 2354 3564 2577 3619; x_wconf 76' lang='lat' dir='ltr'><strong>reddita:</strong></span> <span class='ocrx_word' id='word_1_743' title='bbox 2612 3565 2846 3633; x_wconf 89' lang='lat' dir='ltr'><strong>fuerunt,</strong></span> <span class='ocrx_word' id='word_1_744' title='bbox 2878 3581 2941 3621; x_wconf 91' lang='lat' dir='ltr'><strong>ac</strong></span> <span class='ocrx_word' id='word_1_745' title='bbox 2969 3557 3252 3634; x_wconf 84' lang='lat' dir='ltr'><strong>propterea</strong></span> <span class='ocrx_word' id='word_1_746' title='bbox 3281 3564 3391 3619; x_wconf 65' lang='lat' dir='ltr'><strong>haec</strong></span> <span class='ocrx_word' id='word_1_747' title='bbox 3435 3562 3604 3617; x_wconf 88' lang='lat' dir='ltr'><strong>versio</strong></span> <span class='ocrx_word' id='word_1_748' title='bbox 3632 3573 3701 3614; x_wconf 84' lang='lat' dir='ltr'><strong>ex</strong></span> 
     </span>
    </p>
   </div>
   <div class='ocr_carea' id='block_1_106' title="bbox 2137 3628 3710 3707">
    <p class='ocr_par' dir='ltr' id='par_1_106' title="bbox 2137 3628 3710 3707">
     <span class='ocr_line' id='line_1_107' title="bbox 2137 3628 3710 3707; baseline -0.003 -18"><span class='ocrx_word' id='word_1_749' title='bbox 2137 3628 2328 3707; x_wconf 63' lang='lat' dir='ltr'><strong>Gruaco</strong></span> <span class='ocrx_word' id='word_1_750' title='bbox 2356 3636 2624 3706; x_wconf 85' lang='lat' dir='ltr'><strong>exemplo,</strong></span> <span class='ocrx_word' id='word_1_751' title='bbox 2660 3636 2803 3707; x_wconf 90' lang='lat' dir='ltr'><strong>quod</strong></span> <span class='ocrx_word' id='word_1_752' title='bbox 2833 3628 2989 3691; x_wconf 79' lang='lat' dir='ltr'><strong>idem</strong></span> <span class='ocrx_word' id='word_1_753' title='bbox 3021 3628 3282 3692; x_wconf 81' lang='lat' dir='ltr'><strong>Maximus</strong></span> <span class='ocrx_word' id='word_1_754' title='bbox 3309 3648 3460 3706; x_wconf 89' lang='lat' dir='ltr'><strong>quam</strong></span> <span class='ocrx_word' id='word_1_755' title='bbox 3489 3644 3710 3707; x_wconf 80' lang='lat' dir='ltr'><strong>accura—</strong></span> 
     </span>
    </p>
   </div>
   <div class='ocr_carea' id='block_1_107' title="bbox 2139 3702 3714 3784">
    <p class='ocr_par' dir='ltr' id='par_1_107' title="bbox 2139 3702 3714 3784">
     <span class='ocr_line' id='line_1_108' title="bbox 2139 3702 3714 3784; baseline 0.004 -31"><span class='ocrx_word' id='word_1_756' title='bbox 2139 3702 2403 3784; x_wconf 31' lang='lat' dir='ltr'><strong>ti‘ssimum</strong></span> <span class='ocrx_word' id='word_1_757' title='bbox 2444 3702 2613 3777; x_wconf 84' lang='lat' dir='ltr'><strong>atque</strong></span> <span class='ocrx_word' id='word_1_758' title='bbox 2649 3702 3014 3784; x_wconf 78' lang='lat' dir='ltr'><strong>authenticum</strong></span> <span class='ocrx_word' id='word_1_759' title='bbox 3055 3706 3274 3775; x_wconf 79' lang='lat' dir='ltr'><strong>direxit,</strong></span> <span class='ocrx_word' id='word_1_760' title='bbox 3318 3702 3475 3772; x_wconf 77' lang='lat' dir='ltr'><strong>facta,</strong></span> <span class='ocrx_word' id='word_1_761' title='bbox 3520 3702 3714 3759; x_wconf 84' lang='lat' dir='ltr'><strong>melior</strong></span> 
     </span>
    </p>
   </div>
   <div class='ocr_carea' id='block_1_108' title="bbox 2137 3778 3125 3849">
    <p class='ocr_par' dir='ltr' id='par_1_108' title="bbox 2137 3778 3125 3849">
     <span class='ocr_line' id='line_1_109' title="bbox 2137 3778 3125 3849; baseline 0.008 -23"><span class='ocrx_word' id='word_1_762' title='bbox 2137 3778 2320 3849; x_wconf 81' lang='lat' dir='ltr'><strong>etiam,</strong></span> <span class='ocrx_word' id='word_1_763' title='bbox 2348 3786 2407 3831; x_wconf 91' lang='lat' dir='ltr'><strong>ut</strong></span> <span class='ocrx_word' id='word_1_764' title='bbox 2438 3792 2559 3849; x_wconf 81' lang='lat' dir='ltr'><strong>mox</strong></span> <span class='ocrx_word' id='word_1_765' title='bbox 2584 3779 2804 3849; x_wconf 87' lang='lat' dir='ltr'><strong>patebit,</strong></span> <span class='ocrx_word' id='word_1_766' title='bbox 2836 3778 3125 3835; x_wconf 89' lang='lat' dir='ltr'><strong>invenitur.</strong></span> 
     </span>
    </p>
   </div>
   <div class='ocr_carea' id='block_1_109' title="bbox 2208 3844 3719 3921">
    <p class='ocr_par' dir='ltr' id='par_1_109' title="bbox 2208 3844 3719 3921">
     <span class='ocr_line' id='line_1_110' title="bbox 2208 3844 3719 3921; baseline 0.001 -21"><span class='ocrx_word' id='word_1_767' title='bbox 2208 3844 2312 3901; x_wconf 56' lang='grc'><strong>10.</strong></span> <span class='ocrx_word' id='word_1_768' title='bbox 2339 3848 2495 3921; x_wconf 81' lang='lat' dir='ltr'><strong>Actio</strong></span> <span class='ocrx_word' id='word_1_769' title='bbox 2524 3844 2599 3905; x_wconf 76' lang='lat' dir='ltr'><strong>de</strong></span> <span class='ocrx_word' id='word_1_770' title='bbox 2620 3844 2887 3916; x_wconf 85' lang='lat' dir='ltr'><strong>Juvenali,</strong></span> <span class='ocrx_word' id='word_1_771' title='bbox 2919 3865 3039 3921; x_wconf 75' lang='lat' dir='ltr'><strong>qua:</strong></span> <span class='ocrx_word' id='word_1_772' title='bbox 3071 3866 3135 3906; x_wconf 76' lang='lat' dir='ltr'><strong>ex</strong></span> <span class='ocrx_word' id='word_1_773' title='bbox 3167 3847 3268 3905; x_wconf 91' lang='lat' dir='ltr'><strong>bac</strong></span> <span class='ocrx_word' id='word_1_774' title='bbox 3294 3846 3548 3921; x_wconf 56' lang='lat' dir='ltr'><strong>vegsione</strong></span> <span class='ocrx_word' id='word_1_775' title='bbox 3566 3860 3627 3902; x_wconf 87' lang='lat' dir='ltr'><strong>ac</strong></span> <span class='ocrx_word' id='word_1_776' title='bbox 3651 3860 3719 3902; x_wconf 88' lang='lat' dir='ltr'><strong>ex</strong></span> 
     </span>
    </p>
   </div>
   <div class='ocr_carea' id='block_1_110' title="bbox 2137 3918 3718 3990">
    <p class='ocr_par' dir='ltr' id='par_1_110' title="bbox 2137 3918 3718 3990">
     <span class='ocr_line' id='line_1_111' title="bbox 2137 3918 3718 3990; baseline -0.001 -16"><span class='ocrx_word' id='word_1_777' title='bbox 2137 3925 2322 3990; x_wconf 69' lang='lat' dir='ltr'><strong>{lustro</strong></span> <span class='ocrx_word' id='word_1_778' title='bbox 2348 3919 2536 3976; x_wconf 90' lang='lat' dir='ltr'><strong>codice</strong></span> <span class='ocrx_word' id='word_1_779' title='bbox 2564 3923 2816 3990; x_wconf 88' lang='lat' dir='ltr'><strong>suppetit,</strong></span> <span class='ocrx_word' id='word_1_780' title='bbox 2855 3918 2979 3976; x_wconf 87' lang='lat' dir='ltr'><strong>cum</strong></span> <span class='ocrx_word' id='word_1_781' title='bbox 3020 3921 3180 3977; x_wconf 90' lang='lat' dir='ltr'><strong>editis</strong></span> <span class='ocrx_word' id='word_1_782' title='bbox 3213 3928 3322 3975; x_wconf 91' lang='lat' dir='ltr'><strong>tum</strong></span> <span class='ocrx_word' id='word_1_783' title='bbox 3361 3918 3566 3990; x_wconf 68' lang='lat' dir='ltr'><strong>Gmcis</strong></span> <span class='ocrx_word' id='word_1_784' title='bbox 3608 3927 3718 3973; x_wconf 90' lang='lat' dir='ltr'><strong>tum</strong></span> 
     </span>
    </p>
   </div>
   <div class='ocr_carea' id='block_1_111' title="bbox 2137 3984 3719 4075">
    <p class='ocr_par' dir='ltr' id='par_1_111' title="bbox 2137 3984 3719 4075">
     <span class='ocr_line' id='line_1_112' title="bbox 2137 3984 3719 4075; baseline 0.001 -34"><span class='ocrx_word' id='word_1_785' title='bbox 2137 3984 2341 4075; x_wconf 63' lang='lat' dir='ltr'><strong>Latinis</strong></span> <span class='ocrx_word' id='word_1_786' title='bbox 2371 3992 2546 4075; x_wconf 77' lang='lat' dir='ltr'><strong>quoad</strong></span> <span class='ocrx_word' id='word_1_787' title='bbox 2578 3984 2929 4075; x_wconf 78' lang='lat' dir='ltr'><strong>substantiam</strong></span> <span class='ocrx_word' id='word_1_788' title='bbox 2970 3992 3131 4075; x_wconf 83' lang='lat' dir='ltr'><strong>plane</strong></span> <span class='ocrx_word' id='word_1_789' title='bbox 3165 3990 3421 4075; x_wconf 58' lang='lat' dir='ltr'><strong>cohaeret.</strong></span> <span class='ocrx_word' id='word_1_790' title='bbox 3456 3989 3719 4075; x_wconf 62' lang='lat' dir='ltr'><strong>Quaedam</strong></span> 
     </span>
    </p>
   </div>
   <div class='ocr_carea' id='block_1_112' title="bbox 2135 4060 3721 4133">
    <p class='ocr_par' dir='ltr' id='par_1_112' title="bbox 2135 4060 3721 4133">
     <span class='ocr_line' id='line_1_113' title="bbox 2135 4060 3721 4133; baseline 0.002 -22"><span class='ocrx_word' id='word_1_791' title='bbox 2135 4072 2264 4133; x_wconf 83' lang='lat' dir='ltr'><strong>vero</strong></span> <span class='ocrx_word' id='word_1_792' title='bbox 2289 4060 2599 4133; x_wconf 84' lang='lat' dir='ltr'><strong>discrimina</strong></span> <span class='ocrx_word' id='word_1_793' title='bbox 2628 4072 2816 4119; x_wconf 90' lang='lat' dir='ltr'><strong>notare</strong></span> <span class='ocrx_word' id='word_1_794' title='bbox 2848 4060 3134 4133; x_wconf 84' lang='lat' dir='ltr'><strong>plurimum</strong></span> <span class='ocrx_word' id='word_1_795' title='bbox 3167 4063 3409 4118; x_wconf 88' lang='lat' dir='ltr'><strong>interest.</strong></span> <span class='ocrx_word' id='word_1_796' title='bbox 3456 4060 3721 4133; x_wconf 77' lang='lat' dir='ltr'><strong>Paragra-</strong></span> 
     </span>
    </p>
   </div>
   <div class='ocr_carea' id='block_1_113' title="bbox 2135 4130 3722 4201">
    <p class='ocr_par' dir='ltr' id='par_1_113' title="bbox 2135 4130 3722 4201">
     <span class='ocr_line' id='line_1_114' title="bbox 2135 4130 3722 4201; baseline 0.001 -17"><span class='ocrx_word' id='word_1_797' title='bbox 2135 4130 2275 4199; x_wconf 87' lang='lat' dir='ltr'><strong>phus</strong></span> <span class='ocrx_word' id='word_1_798' title='bbox 2307 4131 2425 4199; x_wconf 84' lang='lat' dir='ltr'><strong>Qua</strong></span> <span class='ocrx_word' id='word_1_799' title='bbox 2472 4130 2864 4189; x_wconf 78' lang='lat' dir='ltr'><strong>interlocutione</strong></span> <span class='ocrx_word' id='word_1_800' title='bbox 2899 4132 3076 4189; x_wconf 66' lang='lat' dir='ltr'><strong>Greece</strong></span> <span class='ocrx_word' id='word_1_801' title='bbox 3109 4136 3466 4201; x_wconf 87' lang='lat' dir='ltr'><strong>interpretata,</strong></span> <span class='ocrx_word' id='word_1_802' title='bbox 3508 4130 3639 4193; x_wconf 51' lang='lat' dir='ltr'><strong>etcl.</strong></span> <span class='ocrx_word' id='word_1_803' title='bbox 3669 4130 3722 4186; x_wconf 89' lang='lat' dir='ltr'><strong>in</strong></span> 
     </span>
    </p>
   </div>
   <div class='ocr_carea' id='block_1_114' title="bbox 2088 4202 3725 4276">
    <p class='ocr_par' dir='ltr' id='par_1_114' title="bbox 2088 4202 3725 4276">
     <span class='ocr_line' id='line_1_115' title="bbox 2088 4202 3725 4276; baseline 0 -21"><span class='ocrx_word' id='word_1_804' title='bbox 2088 4244 2093 4249; x_wconf 84' lang='lat'><strong>.</strong></span> <span class='ocrx_word' id='word_1_805' title='bbox 2136 4212 2323 4276; x_wconf 83' lang='lat' dir='ltr'><strong>nostro</strong></span> <span class='ocrx_word' id='word_1_806' title='bbox 2354 4203 2540 4276; x_wconf 73' lang='lat' dir='ltr'><strong>codice</strong></span> <span class='ocrx_word' id='word_1_807' title='bbox 2567 4208 2908 4276; x_wconf 89' lang='lat' dir='ltr'><strong>postponitur</strong></span> <span class='ocrx_word' id='word_1_808' title='bbox 2933 4205 3328 4261; x_wconf 89' lang='lat' dir='ltr'><strong>interlocutioni</strong></span> <span class='ocrx_word' id='word_1_809' title='bbox 3370 4204 3581 4276; x_wconf 72' lang='lat' dir='ltr'><strong>Latina:</strong></span> <span class='ocrx_word' id='word_1_810' title='bbox 3622 4202 3725 4276; x_wconf 80' lang='lat' dir='ltr'><strong>Pa-</strong></span> 
     </span>
    </p>
   </div>
   <div class='ocr_carea' id='block_1_115' title="bbox 2135 4271 3724 4347">
    <p class='ocr_par' dir='ltr' id='par_1_115' title="bbox 2135 4271 3724 4347">
     <span class='ocr_line' id='line_1_116' title="bbox 2135 4271 3724 4347; baseline 0.001 -22"><span class='ocrx_word' id='word_1_811' title='bbox 2135 4271 2401 4347; x_wconf 80' lang='lat' dir='ltr'><strong>schasini,</strong></span> <span class='ocrx_word' id='word_1_812' title='bbox 2432 4278 2519 4345; x_wconf 90' lang='lat' dir='ltr'><strong>qui</strong></span> <span class='ocrx_word' id='word_1_813' title='bbox 2546 4271 2668 4331; x_wconf 66' lang='lat' dir='ltr'><strong>c&#39;um</strong></span> <span class='ocrx_word' id='word_1_814' title='bbox 2694 4271 2894 4332; x_wconf 58' lang='lat' dir='ltr'><strong>&#39;Latina</strong></span> <span class='ocrx_word' id='word_1_815' title='bbox 2922 4277 3099 4347; x_wconf 88' lang='lat' dir='ltr'><strong>lingua</strong></span> <span class='ocrx_word' id='word_1_816' title='bbox 3143 4276 3475 4346; x_wconf 87' lang='lat' dir='ltr'><strong>loqueretur,</strong></span> <span class='ocrx_word' id='word_1_817' title='bbox 3504 4274 3623 4344; x_wconf 88' lang='lat' dir='ltr'><strong>ejus</strong></span> <span class='ocrx_word' id='word_1_818' title='bbox 3641 4274 3724 4347; x_wconf 13' lang='lat' dir='ltr'><strong>Ain-</strong></span> 
     </span>
    </p>
   </div>
   <div class='ocr_carea' id='block_1_116' title="bbox 2135 4344 3725 4417">
    <p class='ocr_par' dir='ltr' id='par_1_116' title="bbox 2135 4344 3725 4417">
     <span class='ocr_line' id='line_1_117' title="bbox 2135 4344 3725 4417; baseline 0.002 -21"><span class='ocrx_word' id='word_1_819' title='bbox 2135 4344 2419 4417; x_wconf 81' lang='lat' dir='ltr'><strong>terlocutio</strong></span> <span class='ocrx_word' id='word_1_820' title='bbox 2447 4344 2785 4417; x_wconf 84' lang='lat' dir='ltr'><strong>postmodum</strong></span> <span class='ocrx_word' id='word_1_821' title='bbox 2808 4350 2860 4403; x_wconf 93' lang='lat' dir='ltr'><strong>in</strong></span> <span class='ocrx_word' id='word_1_822' title='bbox 2878 4344 3123 4403; x_wconf 66' lang='lat' dir='ltr'><strong>Graecum</strong></span> <span class='ocrx_word' id='word_1_823' title='bbox 3146 4344 3725 4417; x_wconf 46' lang='lat' dir='ltr'><strong>sermoncm&#39;verteba‘</strong></span> 
     </span>
    </p>
   </div>
   <div class='ocr_carea' id='block_1_117' title="bbox 2136 4415 3727 4483">
    <p class='ocr_par' dir='ltr' id='par_1_117' title="bbox 2136 4415 3727 4483">
     <span class='ocr_line' id='line_1_118' title="bbox 2136 4415 3727 4483; baseline 0.001 -15"><span class='ocrx_word' id='word_1_824' title='bbox 2136 4422 2241 4468; x_wconf 91' lang='lat' dir='ltr'><strong>tur.</strong></span> <span class='ocrx_word' id='word_1_825' title='bbox 2270 4415 2328 4470; x_wconf 78' lang='lat' dir='ltr'><strong>id</strong></span> <span class='ocrx_word' id='word_1_826' title='bbox 2352 4415 2533 4473; x_wconf 85' lang='lat' dir='ltr'><strong>autem</strong></span> <span class='ocrx_word' id='word_1_827' title='bbox 2556 4419 2746 4475; x_wconf 90' lang='lat' dir='ltr'><strong>melius</strong></span> <span class='ocrx_word' id='word_1_828' title='bbox 2774 4420 2827 4475; x_wconf 89' lang='lat' dir='ltr'><strong>in</strong></span> <span class='ocrx_word' id='word_1_829' title='bbox 2859 4426 3043 4474; x_wconf 89' lang='lat' dir='ltr'><strong>nostro</strong></span> <span class='ocrx_word' id='word_1_830' title='bbox 3071 4418 3256 4474; x_wconf 90' lang='lat' dir='ltr'><strong>codice</strong></span> <span class='ocrx_word' id='word_1_831' title='bbox 3283 4432 3446 4483; x_wconf 87' lang='lat' dir='ltr'><strong>quam</strong></span> <span class='ocrx_word' id='word_1_832' title='bbox 3489 4416 3544 4472; x_wconf 92' lang='lat' dir='ltr'><strong>in</strong></span> <span class='ocrx_word' id='word_1_833' title='bbox 3574 4416 3727 4471; x_wconf 68' lang='lat' dir='ltr'><strong>Grae-</strong></span> 
     </span>
    </p>
   </div>
   <div class='ocr_carea' id='block_1_118' title="bbox 2135 4486 3725 4560">
    <p class='ocr_par' dir='ltr' id='par_1_118' title="bbox 2135 4486 3725 4560">
     <span class='ocr_line' id='line_1_119' title="bbox 2135 4486 3725 4560; baseline -0.005 -13"><span class='ocrx_word' id='word_1_834' title='bbox 2135 4489 2460 4560; x_wconf 42' lang='lat'><strong>9021233</strong></span> <span class='ocrx_word' id='word_1_835' title='bbox 2488 4489 2576 4543; x_wconf 92' lang='lat' dir='ltr'><strong>ubi</strong></span> <span class='ocrx_word' id='word_1_836' title='bbox 2610 4504 2890 4560; x_wconf 87' lang='lat' dir='ltr'><strong>perperam</strong></span> <span class='ocrx_word' id='word_1_837' title='bbox 2920 4490 3012 4545; x_wconf 91' lang='lat' dir='ltr'><strong>ille</strong></span> <span class='ocrx_word' id='word_1_838' title='bbox 3048 4488 3443 4560; x_wconf 84' lang='lat' dir='ltr'><strong>paragraphus,</strong></span> <span class='ocrx_word' id='word_1_839' title='bbox 3477 4494 3536 4543; x_wconf 90' lang='lat' dir='ltr'><strong>et</strong></span> <span class='ocrx_word' id='word_1_840' title='bbox 3562 4486 3725 4560; x_wconf 77' lang='lat' dir='ltr'><strong>verba</strong></span> 
     </span>
    </p>
   </div>
   <div class='ocr_carea' id='block_1_119' title="bbox 449 4556 3727 4635">
    <p class='ocr_par' dir='ltr' id='par_1_119' title="bbox 449 4556 3727 4635">
     <span class='ocr_line' id='line_1_120' title="bbox 449 4556 3727 4635; baseline 0.001 -28"><span class='ocrx_word' id='word_1_841' title='bbox 449 4562 686 4635; x_wconf 51' lang='lat' dir='ltr'><strong>pauones</strong></span> <span class='ocrx_word' id='word_1_842' title='bbox 714 4562 1028 4635; x_wconf 87' lang='lat' dir='ltr'><strong>attentatum</strong></span> <span class='ocrx_word' id='word_1_843' title='bbox 1049 4558 1230 4635; x_wconf 68' lang='lat' dir='ltr'><strong>fuerit,</strong></span> <span class='ocrx_word' id='word_1_844' title='bbox 1260 4556 1418 4635; x_wconf 81' lang='lat' dir='ltr'><strong>idque</strong></span> <span class='ocrx_word' id='word_1_845' title='bbox 1440 4561 1650 4635; x_wconf 69' lang='lat' dir='ltr'><strong>etiamsi</strong></span> <span class='ocrx_word' id='word_1_846' title='bbox 1678 4561 1828 4635; x_wconf 74' lang='lat' dir='ltr'><strong>missi</strong></span> <span class='ocrx_word' id='word_1_847' title='bbox 1855 4561 1952 4617; x_wconf 89' lang='lat' dir='ltr'><strong>abs</strong></span> <span class='ocrx_word' id='word_1_848' title='bbox 1970 4578 2032 4619; x_wconf 81' lang='lat' dir='ltr'><strong>se</strong></span> <span class='ocrx_word' id='word_1_849' title='bbox 2056 4574 2111 4635; x_wconf 77' lang='grc' dir='ltr'><strong>ι)</strong></span> <span class='ocrx_word' id='word_1_850' title='bbox 2137 4556 2450 4635; x_wconf 63' lang='lat' dir='ltr'><strong>iudicantia&#39;</strong></span> <span class='ocrx_word' id='word_1_851' title='bbox 2474 4556 2943 4635; x_wconf 79' lang='lat' dir='ltr'><strong>interlocutiouem</strong></span> <span class='ocrx_word' id='word_1_852' title='bbox 2993 4556 3201 4635; x_wconf 60' lang='lat' dir='ltr'><strong>Grzrce&#39;</strong></span> <span class='ocrx_word' id='word_1_853' title='bbox 3242 4556 3510 4635; x_wconf 67' lang='lat' dir='ltr'><strong>redditam</strong></span> <span class='ocrx_word' id='word_1_854' title='bbox 3546 4557 3727 4635; x_wconf 62' lang='lat' dir='ltr'><strong>subji-</strong></span> 
     </span>
    </p>
   </div>
   <div class='ocr_carea' id='block_1_120' title="bbox 450 4617 2030 4702">
    <p class='ocr_par' dir='ltr' id='par_1_120' title="bbox 450 4617 2030 4702">
     <span class='ocr_line' id='line_1_121' title="bbox 450 4617 2030 4702; baseline 0.01 -29"><span class='ocrx_word' id='word_1_855' title='bbox 450 4617 625 4702; x_wconf 38' lang='lat' dir='ltr'><strong>legati.</strong></span> <span class='ocrx_word' id='word_1_856' title='bbox 659 4627 1056 4702; x_wconf 52' lang='lat' dir='ltr'><strong>conseruet-int,</strong></span> <span class='ocrx_word' id='word_1_857' title='bbox 1094 4617 1278 4702; x_wconf 80' lang='lat' dir='ltr'><strong>Neque</strong></span> <span class='ocrx_word' id='word_1_858' title='bbox 1306 4617 1455 4686; x_wconf 79' lang='lat' dir='ltr'><strong>dicas</strong></span> <span class='ocrx_word' id='word_1_859' title='bbox 1480 4630 1538 4686; x_wconf 93' lang='lat' dir='ltr'><strong>S.</strong></span> <span class='ocrx_word' id='word_1_860' title='bbox 1574 4631 1881 4702; x_wconf 85' lang='lat' dir='ltr'><strong>pontificem</strong></span> <span class='ocrx_word' id='word_1_861' title='bbox 1909 4617 2030 4689; x_wconf 83' lang='lat' dir='ltr'><strong>sese</strong></span> 
     </span>
    </p>
   </div>
   <div class='ocr_carea' id='block_1_121' title="bbox 451 4694 2027 4759">
    <p class='ocr_par' dir='ltr' id='par_1_121' title="bbox 451 4694 2027 4759">
     <span class='ocr_line' id='line_1_122' title="bbox 451 4694 2027 4759; baseline 0.011 -17"><span class='ocrx_word' id='word_1_862' title='bbox 451 4694 504 4743; x_wconf 91' lang='lat' dir='ltr'><strong>iu</strong></span> <span class='ocrx_word' id='word_1_863' title='bbox 542 4694 769 4759; x_wconf 90' lang='lat' dir='ltr'><strong>epistola</strong></span> <span class='ocrx_word' id='word_1_864' title='bbox 817 4695 885 4752; x_wconf 93' lang='lat' dir='ltr'><strong>de</strong></span> <span class='ocrx_word' id='word_1_865' title='bbox 924 4697 1136 4753; x_wconf 80' lang='lat' dir='ltr'><strong>Maximi</strong></span> <span class='ocrx_word' id='word_1_866' title='bbox 1166 4694 1324 4755; x_wconf 70' lang='lat' dir='ltr'><strong>causa</strong></span> <span class='ocrx_word' id='word_1_867' title='bbox 1368 4702 1507 4756; x_wconf 89' lang='lat' dir='ltr'><strong>haud</strong></span> <span class='ocrx_word' id='word_1_868' title='bbox 1546 4694 1676 4756; x_wconf 83' lang='lat' dir='ltr'><strong>satis</strong></span> <span class='ocrx_word' id='word_1_869' title='bbox 1706 4702 2027 4758; x_wconf 90' lang='lat' dir='ltr'><strong>instructum</strong></span> 
     </span>
    </p>
   </div>
   <div class='ocr_carea' id='block_1_122' title="bbox 448 4764 2026 4843">
    <p class='ocr_par' dir='ltr' id='par_1_122' title="bbox 448 4764 2026 4843">
     <span class='ocr_line' id='line_1_123' title="bbox 448 4764 2026 4843; baseline 0.011 -30"><span class='ocrx_word' id='word_1_870' title='bbox 448 4764 723 4843; x_wconf 63' lang='lat' dir='ltr'><strong>praeferre,</strong></span> <span class='ocrx_word' id='word_1_871' title='bbox 755 4767 1238 4843; x_wconf 78' lang='lat' dir='ltr'><strong>explicatioresque</strong></span> <span class='ocrx_word' id='word_1_872' title='bbox 1264 4772 1331 4826; x_wconf 93' lang='lat' dir='ltr'><strong>ab</strong></span> <span class='ocrx_word' id='word_1_873' title='bbox 1356 4771 1542 4827; x_wconf 89' lang='lat' dir='ltr'><strong>eodem</strong></span> <span class='ocrx_word' id='word_1_874' title='bbox 1573 4772 1781 4828; x_wconf 90' lang='lat' dir='ltr'><strong>litteras</strong></span> <span class='ocrx_word' id='word_1_875' title='bbox 1810 4780 2026 4843; x_wconf 89' lang='lat' dir='ltr'><strong>petere;</strong></span> 
     </span>
    </p>
   </div>
   <div class='ocr_carea' id='block_1_123' title="bbox 449 4833 2031 4919">
    <p class='ocr_par' dir='ltr' id='par_1_123' title="bbox 449 4833 2031 4919">
     <span class='ocr_line' id='line_1_124' title="bbox 449 4833 2031 4919; baseline 0.009 -33"><span class='ocrx_word' id='word_1_876' title='bbox 449 4833 591 4919; x_wconf 78' lang='lat' dir='ltr'><strong>quod</strong></span> <span class='ocrx_word' id='word_1_877' title='bbox 621 4849 726 4891; x_wconf 93' lang='lat' dir='ltr'><strong>non</strong></span> <span class='ocrx_word' id='word_1_878' title='bbox 744 4833 970 4919; x_wconf 42' lang='lat' dir='ltr'><strong>.videtur</strong></span> <span class='ocrx_word' id='word_1_879' title='bbox 1009 4833 1245 4919; x_wconf 74' lang='lat' dir='ltr'><strong>potuisse</strong></span> <span class='ocrx_word' id='word_1_880' title='bbox 1271 4845 1584 4919; x_wconf 83' lang='lat' dir='ltr'><strong>contingere</strong></span> <span class='ocrx_word' id='word_1_881' title='bbox 1617 4844 1662 4899; x_wconf 91' lang='lat' dir='ltr'><strong>si</strong></span> <span class='ocrx_word' id='word_1_882' title='bbox 1692 4833 1833 4919; x_wconf 79' lang='lat' dir='ltr'><strong>ipsas</strong></span> <span class='ocrx_word' id='word_1_883' title='bbox 1860 4833 2031 4919; x_wconf 54' lang='lat' dir='ltr'><strong>actio;</strong></span> 
     </span>
    </p>
   </div>
   <div class='ocr_carea' id='block_1_124' title="bbox 451 4911 2027 4987">
    <p class='ocr_par' dir='ltr' id='par_1_124' title="bbox 451 4911 2027 4987">
     <span class='ocr_line' id='line_1_125' title="bbox 451 4911 2027 4987; baseline 0.011 -31"><span class='ocrx_word' id='word_1_884' title='bbox 451 4917 551 4987; x_wconf 73' lang='lat' dir='ltr'><strong>nes</strong></span> <span class='ocrx_word' id='word_1_885' title='bbox 576 4911 891 4987; x_wconf 87' lang='lat' dir='ltr'><strong>accepisset.</strong></span> <span class='ocrx_word' id='word_1_886' title='bbox 924 4911 1138 4987; x_wconf 81' lang='lat' dir='ltr'><strong>Etenim</strong></span> <span class='ocrx_word' id='word_1_887' title='bbox 1166 4911 1508 4987; x_wconf 79' lang='lat' dir='ltr'><strong>etiamsinon</strong></span> <span class='ocrx_word' id='word_1_888' title='bbox 1542 4911 1839 4987; x_wconf 87' lang='lat' dir='ltr'><strong>accepisset</strong></span> <span class='ocrx_word' id='word_1_889' title='bbox 1863 4915 2027 4974; x_wconf 84' lang='lat' dir='ltr'><strong>hasce</strong></span> 
     </span>
    </p>
   </div>
   <div class='ocr_carea' id='block_1_125' title="bbox 446 4983 2025 5053">
    <p class='ocr_par' dir='ltr' id='par_1_125' title="bbox 446 4983 2025 5053">
     <span class='ocr_line' id='line_1_126' title="bbox 446 4983 2025 5053; baseline 0.011 -26"><span class='ocrx_word' id='word_1_890' title='bbox 446 4983 707 5053; x_wconf 77' lang='lat' dir='ltr'><strong>actiones,</strong></span> <span class='ocrx_word' id='word_1_891' title='bbox 745 4983 875 5037; x_wconf 87' lang='lat' dir='ltr'><strong>satis</strong></span> <span class='ocrx_word' id='word_1_892' title='bbox 921 4983 1097 5053; x_wconf 90' lang='lat' dir='ltr'><strong>quoad</strong></span> <span class='ocrx_word' id='word_1_893' title='bbox 1140 4999 1355 5041; x_wconf 90' lang='lat' dir='ltr'><strong>causam</strong></span> <span class='ocrx_word' id='word_1_894' title='bbox 1398 4983 1743 5042; x_wconf 88' lang='lat' dir='ltr'><strong>instruendus</strong></span> <span class='ocrx_word' id='word_1_895' title='bbox 1789 4986 1960 5043; x_wconf 90' lang='lat' dir='ltr'><strong>fuerat</strong></span> <span class='ocrx_word' id='word_1_896' title='bbox 1992 5004 2025 5044; x_wconf 89' lang='lat' dir='ltr'><strong>a</strong></span> 
     </span>
    </p>
   </div>
   <div class='ocr_carea' id='block_1_126' title="bbox 445 5044 2024 5130">
    <p class='ocr_par' dir='ltr' id='par_1_126' title="bbox 445 5044 2024 5130">
     <span class='ocr_line' id='line_1_127' title="bbox 445 5044 2024 5130; baseline 0.01 -30"><span class='ocrx_word' id='word_1_897' title='bbox 445 5044 655 5130; x_wconf 56' lang='lat' dir='ltr'><strong>duobus</strong></span> <span class='ocrx_word' id='word_1_898' title='bbox 684 5044 871 5130; x_wconf 78' lang='lat' dir='ltr'><strong>legatis</strong></span> <span class='ocrx_word' id='word_1_899' title='bbox 910 5044 1153 5121; x_wconf 84' lang='lat' dir='ltr'><strong>Maximi,</strong></span> <span class='ocrx_word' id='word_1_900' title='bbox 1198 5065 1256 5130; x_wconf 90' lang='lat' dir='ltr'><strong>ut</strong></span> <span class='ocrx_word' id='word_1_901' title='bbox 1300 5072 1367 5113; x_wconf 91' lang='lat' dir='ltr'><strong>ne</strong></span> <span class='ocrx_word' id='word_1_902' title='bbox 1409 5058 1463 5112; x_wconf 92' lang='lat' dir='ltr'><strong>in</strong></span> <span class='ocrx_word' id='word_1_903' title='bbox 1504 5058 1643 5114; x_wconf 89' lang='lat' dir='ltr'><strong>hanc</strong></span> <span class='ocrx_word' id='word_1_904' title='bbox 1667 5072 1782 5130; x_wconf 88' lang='lat' dir='ltr'><strong>rem</strong></span> <span class='ocrx_word' id='word_1_905' title='bbox 1814 5074 1965 5115; x_wconf 65' lang='lat' dir='ltr'><strong>novae</strong></span> <span class='ocrx_word' id='word_1_906' title='bbox 1994 5075 2024 5116; x_wconf 89' lang='lat' dir='ltr'><strong>a</strong></span> 
     </span>
    </p>
   </div>
   <div class='ocr_carea' id='block_1_127' title="bbox 445 5114 2026 5197">
    <p class='ocr_par' dir='ltr' id='par_1_127' title="bbox 445 5114 2026 5197">
     <span class='ocr_line' id='line_1_128' title="bbox 445 5114 2026 5197; baseline 0.012 -29"><span class='ocrx_word' id='word_1_907' title='bbox 445 5114 683 5197; x_wconf 78' lang='lat' dir='ltr'><strong>Maximo</strong></span> <span class='ocrx_word' id='word_1_908' title='bbox 718 5114 910 5197; x_wconf 68' lang='lat' dir='ltr'><strong>littera:</strong></span> <span class='ocrx_word' id='word_1_909' title='bbox 936 5114 1309 5196; x_wconf 68' lang='lat' dir='ltr'><strong>exspectandae</strong></span> <span class='ocrx_word' id='word_1_910' title='bbox 1335 5140 1536 5185; x_wconf 87' lang='lat' dir='ltr'><strong>essent.</strong></span> <span class='ocrx_word' id='word_1_911' title='bbox 1583 5129 1714 5185; x_wconf 88' lang='lat' dir='ltr'><strong>Dein</strong></span> <span class='ocrx_word' id='word_1_912' title='bbox 1749 5114 1871 5185; x_wconf 89' lang='lat' dir='ltr'><strong>cum</strong></span> <span class='ocrx_word' id='word_1_913' title='bbox 1916 5114 2026 5187; x_wconf 87' lang='lat' dir='ltr'><strong>duo</strong></span> 
     </span>
    </p>
   </div>
   <div class='ocr_carea' id='block_1_128' title="bbox 446 5196 2020 5279">
    <p class='ocr_par' dir='ltr' id='par_1_128' title="bbox 446 5196 2020 5279">
     <span class='ocr_line' id='line_1_129' title="bbox 446 5196 2020 5279; baseline 0.008 -33"><span class='ocrx_word' id='word_1_914' title='bbox 446 5196 503 5279; x_wconf 58' lang='lat' dir='ltr'><strong>tu</strong></span> <span class='ocrx_word' id='word_1_915' title='bbox 532 5205 799 5279; x_wconf 62' lang='lat' dir='ltr'><strong>eaeausa</strong></span> <span class='ocrx_word' id='word_1_916' title='bbox 845 5196 1197 5279; x_wconf 62' lang='lat' dir='ltr'><strong>Antiochense</strong></span> <span class='ocrx_word' id='word_1_917' title='bbox 1231 5200 1359 5279; x_wconf 86' lang='lat' dir='ltr'><strong>_sedi</strong></span> <span class='ocrx_word' id='word_1_918' title='bbox 1410 5201 1728 5279; x_wconf 67' lang='lat' dir='ltr'><strong>praejudicio</strong></span> <span class='ocrx_word' id='word_1_919' title='bbox 1772 5201 2020 5279; x_wconf 86' lang='lat' dir='ltr'><strong>fuissent,</strong></span> 
     </span>
    </p>
   </div>
   <div class='ocr_carea' id='block_1_129' title="bbox 447 5258 2024 5345">
    <p class='ocr_par' dir='ltr' id='par_1_129' title="bbox 447 5258 2024 5345">
     <span class='ocr_line' id='line_1_130' title="bbox 447 5258 2024 5345; baseline 0.01 -30"><span class='ocrx_word' id='word_1_920' title='bbox 532 5263 672 5345; x_wconf 78' lang='lat' dir='ltr'><strong>quod</strong></span> <span class='ocrx_word' id='word_1_921' title='bbox 713 5269 1183 5345; x_wconf 73' lang='lat' dir='ltr'><strong>cpmpositiocum</strong></span> <span class='ocrx_word' id='word_1_922' title='bbox 1223 5258 1493 5345; x_wconf 67' lang='lat' dir='ltr'><strong>Juvenali,</strong></span> <span class='ocrx_word' id='word_1_923' title='bbox 1523 5258 1861 5345; x_wconf 69' lang='lat' dir='ltr'><strong>assentiente</strong></span> <span class='ocrx_word' id='word_1_924' title='bbox 1907 5258 2024 5344; x_wconf 79' lang='lat' dir='ltr'><strong>ipso</strong></span> 
     </span>
    </p>
   </div>
   <div class='ocr_carea' id='block_1_130' title="bbox 444 5330 2027 5419">
    <p class='ocr_par' dir='ltr' id='par_1_130' title="bbox 444 5330 2027 5419">
     <span class='ocr_line' id='line_1_131' title="bbox 444 5330 2027 5419; baseline 0.008 -32"><span class='ocrx_word' id='word_1_925' title='bbox 444 5330 704 5419; x_wconf 69' lang='lat' dir='ltr'><strong>Maximo,</strong></span> <span class='ocrx_word' id='word_1_926' title='bbox 734 5330 873 5393; x_wconf 74' lang='lat' dir='ltr'><strong>facta</strong></span> <span class='ocrx_word' id='word_1_927' title='bbox 902 5340 1079 5419; x_wconf 62' lang='lat' dir='ltr'><strong>fuitin</strong></span> <span class='ocrx_word' id='word_1_928' title='bbox 1110 5343 1339 5412; x_wconf 85' lang='lat' dir='ltr'><strong>synodo,</strong></span> <span class='ocrx_word' id='word_1_929' title='bbox 1373 5343 1444 5419; x_wconf 75' lang='lat'><strong>2&#39;_</strong></span> <span class='ocrx_word' id='word_1_930' title='bbox 1461 5330 1603 5414; x_wconf 82' lang='lat' dir='ltr'><strong>quod</strong></span> <span class='ocrx_word' id='word_1_931' title='bbox 1652 5344 1775 5419; x_wconf 86' lang='lat' dir='ltr'><strong>huic</strong></span> <span class='ocrx_word' id='word_1_932' title='bbox 1804 5330 2027 5415; x_wconf 77' lang='lat' dir='ltr'><strong>compo-</strong></span> 
     </span>
    </p>
   </div>
   <div class='ocr_carea' id='block_1_131' title="bbox 442 5411 2024 5477">
    <p class='ocr_par' dir='ltr' id='par_1_131' title="bbox 442 5411 2024 5477">
     <span class='ocr_line' id='line_1_132' title="bbox 442 5411 2024 5477; baseline 0.009 -20"><span class='ocrx_word' id='word_1_933' title='bbox 442 5411 622 5477; x_wconf 76' lang='lat' dir='ltr'><strong>sitioni</strong></span> <span class='ocrx_word' id='word_1_934' title='bbox 643 5413 988 5477; x_wconf 91' lang='lat' dir='ltr'><strong>quantumvis</strong></span> <span class='ocrx_word' id='word_1_935' title='bbox 1012 5411 1225 5468; x_wconf 65' lang='lat' dir='ltr'><strong>Nicaino</strong></span> <span class='ocrx_word' id='word_1_936' title='bbox 1253 5416 1446 5470; x_wconf 91' lang='lat' dir='ltr'><strong>canoni</strong></span> <span class='ocrx_word' id='word_1_937' title='bbox 1479 5411 1769 5471; x_wconf 71' lang='lat' dir='ltr'><strong>contraria:</strong></span> <span class='ocrx_word' id='word_1_938' title='bbox 1798 5430 1905 5471; x_wconf 89' lang='lat' dir='ltr'><strong>non</strong></span> <span class='ocrx_word' id='word_1_939' title='bbox 1931 5411 2024 5471; x_wconf 79' lang='lat' dir='ltr'><strong>so-</strong></span> 
     </span>
    </p>
   </div>
   <div class='ocr_carea' id='block_1_132' title="bbox 444 5472 2025 5557">
    <p class='ocr_par' dir='ltr' id='par_1_132' title="bbox 444 5472 2025 5557">
     <span class='ocr_line' id='line_1_133' title="bbox 444 5472 2025 5557; baseline 0.009 -30"><span class='ocrx_word' id='word_1_940' title='bbox 444 5472 553 5530; x_wconf 93' lang='lat' dir='ltr'><strong>lum</strong></span> <span class='ocrx_word' id='word_1_941' title='bbox 576 5472 682 5534; x_wconf 86' lang='lat' dir='ltr'><strong>non</strong></span> <span class='ocrx_word' id='word_1_942' title='bbox 704 5482 1142 5557; x_wconf 71' lang='lat' dir='ltr'><strong>contradixerunt</strong></span> <span class='ocrx_word' id='word_1_943' title='bbox 1166 5485 1359 5541; x_wconf 91' lang='lat' dir='ltr'><strong>Leonis</strong></span> <span class='ocrx_word' id='word_1_944' title='bbox 1382 5487 1561 5557; x_wconf 78' lang='lat' dir='ltr'><strong>legati,</strong></span> <span class='ocrx_word' id='word_1_945' title='bbox 1586 5488 1661 5541; x_wconf 93' lang='lat' dir='ltr'><strong>uti</strong></span> <span class='ocrx_word' id='word_1_946' title='bbox 1683 5486 2025 5542; x_wconf 87' lang='lat' dir='ltr'><strong>contradixe-</strong></span> 
     </span>
    </p>
   </div>
   <div class='ocr_carea' id='block_1_133' title="bbox 443 5553 2023 5627">
    <p class='ocr_par' dir='ltr' id='par_1_133' title="bbox 443 5553 2023 5627">
     <span class='ocr_line' id='line_1_134' title="bbox 443 5553 2023 5627; baseline 0.008 -27"><span class='ocrx_word' id='word_1_947' title='bbox 443 5557 566 5627; x_wconf 75' lang='lat' dir='ltr'><strong>rant</strong></span> <span class='ocrx_word' id='word_1_948' title='bbox 590 5554 781 5607; x_wconf 90' lang='lat' dir='ltr'><strong>canoni</strong></span> <span class='ocrx_word' id='word_1_949' title='bbox 811 5568 908 5622; x_wconf 92' lang='lat' dir='ltr'><strong>pro</strong></span> <span class='ocrx_word' id='word_1_950' title='bbox 935 5553 1520 5626; x_wconf 75' lang='lat' dir='ltr'><strong>Constantinopolitana</strong></span> <span class='ocrx_word' id='word_1_951' title='bbox 1550 5557 1681 5613; x_wconf 91' lang='lat' dir='ltr'><strong>sede</strong></span> <span class='ocrx_word' id='word_1_952' title='bbox 1721 5557 1891 5622; x_wconf 91' lang='lat' dir='ltr'><strong>edito,</strong></span> <span class='ocrx_word' id='word_1_953' title='bbox 1926 5558 2023 5613; x_wconf 89' lang='lat' dir='ltr'><strong>sed</strong></span> 
     </span>
    </p>
   </div>
   <div class='ocr_carea' id='block_1_134' title="bbox 446 5627 2023 5698">
    <p class='ocr_par' dir='ltr' id='par_1_134' title="bbox 446 5627 2023 5698">
     <span class='ocr_line' id='line_1_135' title="bbox 446 5627 2023 5698; baseline 0.008 -25"><span class='ocrx_word' id='word_1_954' title='bbox 446 5632 614 5698; x_wconf 78' lang='lat' dir='ltr'><strong>Ipsam</strong></span> <span class='ocrx_word' id='word_1_955' title='bbox 640 5637 852 5694; x_wconf 89' lang='lat' dir='ltr'><strong>quoque</strong></span> <span class='ocrx_word' id='word_1_956' title='bbox 874 5627 1258 5696; x_wconf 88' lang='lat' dir='ltr'><strong>approbarunt,</strong></span> <span class='ocrx_word' id='word_1_957' title='bbox 1292 5628 1350 5684; x_wconf 91' lang='grc'><strong>8.</strong></span> <span class='ocrx_word' id='word_1_958' title='bbox 1382 5627 1620 5698; x_wconf 83' lang='lat' dir='ltr'><strong>pontifex</strong></span> <span class='ocrx_word' id='word_1_959' title='bbox 1650 5638 1935 5698; x_wconf 89' lang='lat' dir='ltr'><strong>utrumque</strong></span> <span class='ocrx_word' id='word_1_960' title='bbox 1961 5643 2023 5685; x_wconf 89' lang='lat' dir='ltr'><strong>se</strong></span> 
     </span>
    </p>
   </div>
   <div class='ocr_carea' id='block_1_135' title="bbox 447 5692 2021 5772">
    <p class='ocr_par' dir='ltr' id='par_1_135' title="bbox 447 5692 2021 5772">
     <span class='ocr_line' id='line_1_136' title="bbox 447 5692 2021 5772; baseline 0.006 -27"><span class='ocrx_word' id='word_1_961' title='bbox 447 5692 1149 5772; x_wconf 31' lang='lat' dir='ltr'><strong>probecogn‘ovisse&#39;palam</strong></span> <span class='ocrx_word' id='word_1_962' title='bbox 1186 5692 1330 5772; x_wconf 88' lang='lat' dir='ltr'><strong>facit.</strong></span> <span class='ocrx_word' id='word_1_963' title='bbox 1367 5692 1610 5772; x_wconf 77' lang='lat' dir='ltr'><strong>Primum</strong></span> <span class='ocrx_word' id='word_1_964' title='bbox 1636 5692 1872 5770; x_wconf 63' lang='lat' dir='ltr'><strong>quidem,</strong></span> <span class='ocrx_word' id='word_1_965' title='bbox 1899 5713 2021 5772; x_wconf 87' lang='lat' dir='ltr'><strong>eum</strong></span> 
     </span>
    </p>
   </div>
   <div class='ocr_carea' id='block_1_136' title="bbox 446 5763 2025 5843">
    <p class='ocr_par' dir='ltr' id='par_1_136' title="bbox 446 5763 2025 5843">
     <span class='ocr_line' id='line_1_137' title="bbox 446 5763 2025 5843; baseline 0.008 -31"><span class='ocrx_word' id='word_1_966' title='bbox 446 5763 659 5831; x_wconf 85' lang='lat' dir='ltr'><strong>scripsit</strong></span> <span class='ocrx_word' id='word_1_967' title='bbox 687 5780 806 5837; x_wconf 90' lang='lat' dir='ltr'><strong>cap.</strong></span> <span class='ocrx_word' id='word_1_968' title='bbox 839 5768 874 5821; x_wconf 79' lang='grc'><strong>4</strong></span> <span class='ocrx_word' id='word_1_969' title='bbox 905 5763 1061 5843; x_wconf 66' lang='lat' dir='ltr'><strong>facile</strong></span> <span class='ocrx_word' id='word_1_970' title='bbox 1096 5771 1318 5843; x_wconf 88' lang='lat' dir='ltr'><strong>dissolvi</strong></span> <span class='ocrx_word' id='word_1_971' title='bbox 1356 5763 1701 5843; x_wconf 82' lang='lat' dir='ltr'><strong>quarumlibet</strong></span> <span class='ocrx_word' id='word_1_972' title='bbox 1731 5770 2025 5843; x_wconf 81' lang='lat' dir='ltr'><strong>consensio-</strong></span> 
     </span>
    </p>
   </div>
   <div class='ocr_carea' id='block_1_137' title="bbox 447 5839 2023 5913">
    <p class='ocr_par' dir='ltr' id='par_1_137' title="bbox 447 5839 2023 5913">
     <span class='ocr_line' id='line_1_138' title="bbox 447 5839 2023 5913; baseline 0.008 -26"><span class='ocrx_word' id='word_1_973' title='bbox 447 5846 572 5892; x_wconf 79' lang='lat' dir='ltr'><strong>num</strong></span> <span class='ocrx_word' id='word_1_974' title='bbox 603 5845 771 5907; x_wconf 87' lang='lat' dir='ltr'><strong>pacta,</strong></span> <span class='ocrx_word' id='word_1_975' title='bbox 794 5853 915 5909; x_wconf 83' lang='lat' dir='ltr'><strong>quae</strong></span> <span class='ocrx_word' id='word_1_976' title='bbox 935 5839 1161 5898; x_wconf 61' lang='lat' dir='ltr'><strong>Nicanis</strong></span> <span class='ocrx_word' id='word_1_977' title='bbox 1187 5839 1479 5901; x_wconf 83' lang='lat' dir='ltr'><strong>canonibus</strong></span> <span class='ocrx_word' id='word_1_978' title='bbox 1500 5842 1860 5913; x_wconf 81' lang='lat' dir='ltr'><strong>contrairent;</strong></span> <span class='ocrx_word' id='word_1_979' title='bbox 1889 5841 2023 5911; x_wconf 79' lang='lat' dir='ltr'><strong>alte-</strong></span> 
     </span>
    </p>
   </div>
   <div class='ocr_carea' id='block_1_138' title="bbox 1290 5983 1399 5993">
    <p class='ocr_par' dir='ltr' id='par_1_138' title="bbox 1290 5983 1399 5993">
     <span class='ocr_line' id='line_1_139' title="bbox 1290 5983 1399 5993; baseline 0.009 -2"><span class='ocrx_word' id='word_1_980' title='bbox 1290 5983 1399 5993; x_wconf 43' lang='grc' dir='ltr'><strong>βας..</strong></span> 
     </span>
    </p>
   </div>
   <div class='ocr_carea' id='block_1_139' title="bbox 2133 4628 3729 4699">
    <p class='ocr_par' dir='ltr' id='par_1_139' title="bbox 2133 4628 3729 4699">
     <span class='ocr_line' id='line_1_140' title="bbox 2133 4628 3729 4699; baseline 0 -16"><span class='ocrx_word' id='word_1_981' title='bbox 2133 4628 2347 4684; x_wconf 89' lang='lat' dir='ltr'><strong>ciuntur</strong></span> <span class='ocrx_word' id='word_1_982' title='bbox 2387 4630 2782 4687; x_wconf 87' lang='lat' dir='ltr'><strong>interlocutioni</strong></span> <span class='ocrx_word' id='word_1_983' title='bbox 2824 4632 3137 4698; x_wconf 85' lang='lat' dir='ltr'><strong>Juvenalis,</strong></span> <span class='ocrx_word' id='word_1_984' title='bbox 3181 4631 3270 4699; x_wconf 93' lang='lat' dir='ltr'><strong>qui</strong></span> <span class='ocrx_word' id='word_1_985' title='bbox 3313 4630 3503 4686; x_wconf 73' lang='lat' dir='ltr'><strong>Gmca</strong></span> <span class='ocrx_word' id='word_1_986' title='bbox 3546 4629 3729 4699; x_wconf 83' lang='lat' dir='ltr'><strong>lingua</strong></span> 
     </span>
    </p>
   </div>
   <div class='ocr_carea' id='block_1_140' title="bbox 2135 4700 3727 4772">
    <p class='ocr_par' dir='ltr' id='par_1_140' title="bbox 2135 4700 3727 4772">
     <span class='ocr_line' id='line_1_141' title="bbox 2135 4700 3727 4772; baseline 0 -19"><span class='ocrx_word' id='word_1_987' title='bbox 2135 4714 2263 4755; x_wconf 88' lang='lat' dir='ltr'><strong>usus</strong></span> <span class='ocrx_word' id='word_1_988' title='bbox 2285 4701 2732 4772; x_wconf 89' lang='lat' dir='ltr'><strong>interpretatione</strong></span> <span class='ocrx_word' id='word_1_989' title='bbox 2760 4704 2947 4760; x_wconf 59' lang='lat' dir='ltr'><strong>Graeca</strong></span> <span class='ocrx_word' id='word_1_990' title='bbox 2983 4718 3090 4758; x_wconf 92' lang='lat' dir='ltr'><strong>non</strong></span> <span class='ocrx_word' id='word_1_991' title='bbox 3128 4700 3417 4772; x_wconf 88' lang='lat' dir='ltr'><strong>indigebat.</strong></span> <span class='ocrx_word' id='word_1_992' title='bbox 3471 4700 3528 4756; x_wconf 91' lang='lat' dir='ltr'><strong>Id</strong></span> <span class='ocrx_word' id='word_1_993' title='bbox 3564 4702 3727 4755; x_wconf 86' lang='lat' dir='ltr'><strong>etiam</strong></span> 
     </span>
    </p>
   </div>
   <div class='ocr_carea' id='block_1_141' title="bbox 2132 4772 3728 4845">
    <p class='ocr_par' dir='ltr' id='par_1_141' title="bbox 2132 4772 3728 4845">
     <span class='ocr_line' id='line_1_142' title="bbox 2132 4772 3728 4845; baseline -0.001 -19"><span class='ocrx_word' id='word_1_994' title='bbox 2132 4772 2322 4827; x_wconf 89' lang='lat' dir='ltr'><strong>melius</strong></span> <span class='ocrx_word' id='word_1_995' title='bbox 2368 4788 2527 4845; x_wconf 86' lang='lat' dir='ltr'><strong>quam</strong></span> <span class='ocrx_word' id='word_1_996' title='bbox 2575 4775 2629 4829; x_wconf 91' lang='lat' dir='ltr'><strong>in</strong></span> <span class='ocrx_word' id='word_1_997' title='bbox 2667 4776 2882 4845; x_wconf 90' lang='lat' dir='ltr'><strong>antiqua</strong></span> <span class='ocrx_word' id='word_1_998' title='bbox 2912 4775 3163 4845; x_wconf 86' lang='lat' dir='ltr'><strong>versione</strong></span> <span class='ocrx_word' id='word_1_999' title='bbox 3209 4772 3393 4845; x_wconf 81' lang='lat' dir='ltr'><strong>Latina</strong></span> <span class='ocrx_word' id='word_1_1000' title='bbox 3416 4814 3432 4837; x_wconf 96' lang='lat'><strong>,</strong></span> <span class='ocrx_word' id='word_1_1001' title='bbox 3462 4772 3555 4827; x_wconf 91' lang='lat' dir='ltr'><strong>ubi</strong></span> <span class='ocrx_word' id='word_1_1002' title='bbox 3585 4772 3728 4845; x_wconf 84' lang='lat' dir='ltr'><strong>idem</strong></span> 
     </span>
    </p>
   </div>
   <div class='ocr_carea' id='block_1_142' title="bbox 2134 4843 3731 4917">
    <p class='ocr_par' dir='ltr' id='par_1_142' title="bbox 2134 4843 3731 4917">
     <span class='ocr_line' id='line_1_143' title="bbox 2134 4843 3731 4917; baseline -0.001 -21"><span class='ocrx_word' id='word_1_1003' title='bbox 2134 4844 2496 4917; x_wconf 85' lang='lat' dir='ltr'><strong>paragrapbus</strong></span> <span class='ocrx_word' id='word_1_1004' title='bbox 2538 4859 2642 4901; x_wconf 92' lang='lat' dir='ltr'><strong>non</strong></span> <span class='ocrx_word' id='word_1_1005' title='bbox 2672 4843 2844 4901; x_wconf 86' lang='lat' dir='ltr'><strong>solum</strong></span> <span class='ocrx_word' id='word_1_1006' title='bbox 2885 4854 3008 4917; x_wconf 90' lang='lat' dir='ltr'><strong>post</strong></span> <span class='ocrx_word' id='word_1_1007' title='bbox 3035 4844 3306 4917; x_wconf 69' lang='lat' dir='ltr'><strong>iuvenalis</strong></span> <span class='ocrx_word' id='word_1_1008' title='bbox 3351 4843 3731 4917; x_wconf 77' lang='lat' dir='ltr'><strong>interlocutio-</strong></span> 
     </span>
    </p>
   </div>
   <div class='ocr_carea' id='block_1_143' title="bbox 2130 4914 3732 4984">
    <p class='ocr_par' dir='ltr' id='par_1_143' title="bbox 2130 4914 3732 4984">
     <span class='ocr_line' id='line_1_144' title="bbox 2130 4914 3732 4984; baseline -0.001 -16"><span class='ocrx_word' id='word_1_1009' title='bbox 2130 4928 2253 4970; x_wconf 90' lang='lat' dir='ltr'><strong>nem</strong></span> <span class='ocrx_word' id='word_1_1010' title='bbox 2272 4914 2531 4984; x_wconf 82' lang='lat' dir='ltr'><strong>ponitur,</strong></span> <span class='ocrx_word' id='word_1_1011' title='bbox 2573 4932 2755 4973; x_wconf 89' lang='lat' dir='ltr'><strong>verum</strong></span> <span class='ocrx_word' id='word_1_1012' title='bbox 2795 4914 2957 4973; x_wconf 81' lang='lat' dir='ltr'><strong>etiam</strong></span> <span class='ocrx_word' id='word_1_1013' title='bbox 2988 4916 3105 4973; x_wconf 71' lang='lat' dir='ltr'><strong>haec</strong></span> <span class='ocrx_word' id='word_1_1014' title='bbox 3149 4916 3490 4970; x_wconf 89' lang='lat' dir='ltr'><strong>interlocutio</strong></span> <span class='ocrx_word' id='word_1_1015' title='bbox 3538 4914 3732 4968; x_wconf 78' lang='lat' dir='ltr'><strong>Latine</strong></span> 
     </span>
    </p>
   </div>
   <div class='ocr_carea' id='block_1_144' title="bbox 2128 4985 3732 5057">
    <p class='ocr_par' dir='ltr' id='par_1_144' title="bbox 2128 4985 3732 5057">
     <span class='ocr_line' id='line_1_145' title="bbox 2128 4985 3732 5057; baseline 0 -18"><span class='ocrx_word' id='word_1_1016' title='bbox 2128 4986 2459 5057; x_wconf 85' lang='lat' dir='ltr'><strong>interpretata</strong></span> <span class='ocrx_word' id='word_1_1017' title='bbox 2499 4988 2715 5053; x_wconf 90' lang='lat' dir='ltr'><strong>dicitur,</strong></span> <span class='ocrx_word' id='word_1_1018' title='bbox 2748 5003 2811 5044; x_wconf 92' lang='lat' dir='ltr'><strong>ac</strong></span> <span class='ocrx_word' id='word_1_1019' title='bbox 2839 4989 2885 5043; x_wconf 87' lang='lat' dir='ltr'><strong>si</strong></span> <span class='ocrx_word' id='word_1_1020' title='bbox 2926 4988 3126 5044; x_wconf 64' lang='lat' dir='ltr'><strong>Graacze</strong></span> <span class='ocrx_word' id='word_1_1021' title='bbox 3155 4986 3468 5043; x_wconf 63' lang='lat' dir='ltr'><strong>Graecorum</strong></span> <span class='ocrx_word' id='word_1_1022' title='bbox 3500 4985 3732 5057; x_wconf 77' lang='lat' dir='ltr'><strong>interlo-</strong></span> 
     </span>
    </p>
   </div>
   <div class='ocr_carea' id='block_1_145' title="bbox 2130 5055 3731 5130">
    <p class='ocr_par' dir='ltr' id='par_1_145' title="bbox 2130 5055 3731 5130">
     <span class='ocr_line' id='line_1_146' title="bbox 2130 5055 3731 5130; baseline -0.001 -19"><span class='ocrx_word' id='word_1_1023' title='bbox 2130 5055 2376 5113; x_wconf 71' lang='lat' dir='ltr'><strong>cutibnes</strong></span> <span class='ocrx_word' id='word_1_1024' title='bbox 2396 5060 2449 5114; x_wconf 93' lang='lat' dir='ltr'><strong>in</strong></span> <span class='ocrx_word' id='word_1_1025' title='bbox 2478 5058 2665 5115; x_wconf 66' lang='lat' dir='ltr'><strong>Graeca</strong></span> <span class='ocrx_word' id='word_1_1026' title='bbox 2685 5058 2891 5130; x_wconf 83' lang='lat' dir='ltr'><strong>synodo</strong></span> <span class='ocrx_word' id='word_1_1027' title='bbox 2920 5058 3108 5115; x_wconf 88' lang='lat' dir='ltr'><strong>Latine</strong></span> <span class='ocrx_word' id='word_1_1028' title='bbox 3132 5057 3513 5130; x_wconf 75' lang='lat' dir='ltr'><strong>redderentur.</strong></span> <span class='ocrx_word' id='word_1_1029' title='bbox 3545 5055 3731 5130; x_wconf 80' lang='lat' dir='ltr'><strong>Rusti-</strong></span> 
     </span>
    </p>
   </div>
   <div class='ocr_carea' id='block_1_146' title="bbox 2131 5128 3731 5200">
    <p class='ocr_par' dir='ltr' id='par_1_146' title="bbox 2131 5128 3731 5200">
     <span class='ocr_line' id='line_1_147' title="bbox 2131 5128 3731 5200; baseline 0 -17"><span class='ocrx_word' id='word_1_1030' title='bbox 2131 5144 2226 5185; x_wconf 90' lang='lat' dir='ltr'><strong>cus</strong></span> <span class='ocrx_word' id='word_1_1031' title='bbox 2254 5130 2305 5184; x_wconf 93' lang='lat' dir='ltr'><strong>in</strong></span> <span class='ocrx_word' id='word_1_1032' title='bbox 2336 5130 2582 5185; x_wconf 90' lang='lat' dir='ltr'><strong>versione</strong></span> <span class='ocrx_word' id='word_1_1033' title='bbox 2610 5128 2769 5200; x_wconf 80' lang='lat' dir='ltr'><strong>hujus</strong></span> <span class='ocrx_word' id='word_1_1034' title='bbox 2814 5131 3041 5185; x_wconf 88' lang='lat' dir='ltr'><strong>actionis</strong></span> <span class='ocrx_word' id='word_1_1035' title='bbox 3080 5138 3301 5185; x_wconf 89' lang='lat' dir='ltr'><strong>notante</strong></span> <span class='ocrx_word' id='word_1_1036' title='bbox 3331 5128 3555 5200; x_wconf 79' lang='lat' dir='ltr'><strong>Baltizio</strong></span> <span class='ocrx_word' id='word_1_1037' title='bbox 3583 5128 3731 5183; x_wconf 90' lang='lat' dir='ltr'><strong>hunc</strong></span> 
     </span>
    </p>
   </div>
   <div class='ocr_carea' id='block_1_147' title="bbox 2130 5199 3731 5272">
    <p class='ocr_par' dir='ltr' id='par_1_147' title="bbox 2130 5199 3731 5272">
     <span class='ocr_line' id='line_1_148' title="bbox 2130 5199 3731 5272; baseline 0.001 -19"><span class='ocrx_word' id='word_1_1038' title='bbox 2130 5202 2521 5271; x_wconf 86' lang='lat' dir='ltr'><strong>paragraphum</strong></span> <span class='ocrx_word' id='word_1_1039' title='bbox 2552 5199 2753 5271; x_wconf 88' lang='lat' dir='ltr'><strong>omisit,</strong></span> <span class='ocrx_word' id='word_1_1040' title='bbox 2784 5201 2901 5257; x_wconf 87' lang='lat' dir='ltr'><strong>sive</strong></span> <span class='ocrx_word' id='word_1_1041' title='bbox 2923 5200 3063 5272; x_wconf 92' lang='lat' dir='ltr'><strong>quod</strong></span> <span class='ocrx_word' id='word_1_1042' title='bbox 3092 5200 3307 5257; x_wconf 85' lang='lat' dir='ltr'><strong>deesset</strong></span> <span class='ocrx_word' id='word_1_1043' title='bbox 3336 5200 3388 5272; x_wconf 90' lang='lat' dir='ltr'><strong>in</strong></span> <span class='ocrx_word' id='word_1_1044' title='bbox 3411 5199 3609 5255; x_wconf 63' lang='lat' dir='ltr'><strong>Graeco</strong></span> <span class='ocrx_word' id='word_1_1045' title='bbox 3630 5213 3731 5255; x_wconf 80' lang='lat' dir='ltr'><strong>co-</strong></span> 
     </span>
    </p>
   </div>
   <div class='ocr_carea' id='block_1_148' title="bbox 2126 5271 3731 5343">
    <p class='ocr_par' dir='ltr' id='par_1_148' title="bbox 2126 5271 3731 5343">
     <span class='ocr_line' id='line_1_149' title="bbox 2126 5271 3731 5343; baseline -0.001 -17"><span class='ocrx_word' id='word_1_1046' title='bbox 2126 5272 2247 5328; x_wconf 91' lang='lat' dir='ltr'><strong>dice</strong></span> <span class='ocrx_word' id='word_1_1047' title='bbox 2300 5288 2365 5330; x_wconf 88' lang='lat' dir='ltr'><strong>ex</strong></span> <span class='ocrx_word' id='word_1_1048' title='bbox 2407 5287 2516 5343; x_wconf 89' lang='lat' dir='ltr'><strong>quo</strong></span> <span class='ocrx_word' id='word_1_1049' title='bbox 2554 5272 2696 5327; x_wconf 89' lang='lat' dir='ltr'><strong>illam</strong></span> <span class='ocrx_word' id='word_1_1050' title='bbox 2749 5271 3015 5339; x_wconf 90' lang='lat' dir='ltr'><strong>reddidit,</strong></span> <span class='ocrx_word' id='word_1_1051' title='bbox 3063 5274 3176 5328; x_wconf 88' lang='lat' dir='ltr'><strong>sive</strong></span> <span class='ocrx_word' id='word_1_1052' title='bbox 3218 5271 3363 5343; x_wconf 90' lang='lat' dir='ltr'><strong>quod</strong></span> <span class='ocrx_word' id='word_1_1053' title='bbox 3398 5286 3523 5343; x_wconf 84' lang='lat' dir='ltr'><strong>eam</strong></span> <span class='ocrx_word' id='word_1_1054' title='bbox 3569 5280 3731 5326; x_wconf 78' lang='lat' dir='ltr'><strong>extra</strong></span> 
     </span>
    </p>
   </div>
   <div class='ocr_carea' id='block_1_149' title="bbox 2129 5341 3731 5415">
    <p class='ocr_par' dir='ltr' id='par_1_149' title="bbox 2129 5341 3731 5415">
     <span class='ocr_line' id='line_1_150' title="bbox 2129 5341 3731 5415; baseline 0 -18"><span class='ocrx_word' id='word_1_1055' title='bbox 2129 5344 2302 5415; x_wconf 90' lang='lat' dir='ltr'><strong>locum</strong></span> <span class='ocrx_word' id='word_1_1056' title='bbox 2331 5341 2560 5413; x_wconf 85' lang='lat' dir='ltr'><strong>positam</strong></span> <span class='ocrx_word' id='word_1_1057' title='bbox 2588 5385 2604 5411; x_wconf 95' lang='lat'><strong>,</strong></span> <span class='ocrx_word' id='word_1_1058' title='bbox 2634 5343 2799 5399; x_wconf 94' lang='lat' dir='ltr'><strong>veluti</strong></span> <span class='ocrx_word' id='word_1_1059' title='bbox 2840 5353 3145 5415; x_wconf 87' lang='lat' dir='ltr'><strong>corruptam</strong></span> <span class='ocrx_word' id='word_1_1060' title='bbox 3184 5341 3250 5400; x_wconf 78' lang='lat' dir='ltr'><strong>et</strong></span> <span class='ocrx_word' id='word_1_1061' title='bbox 3281 5341 3539 5415; x_wconf 15' lang='lat' dir='ltr'><strong>spuriamr</strong></span> <span class='ocrx_word' id='word_1_1062' title='bbox 3558 5356 3731 5415; x_wconf 85' lang='lat' dir='ltr'><strong>repn-</strong></span> 
     </span>
    </p>
   </div>
   <div class='ocr_carea' id='block_1_150' title="bbox 2126 5413 3728 5485">
    <p class='ocr_par' dir='ltr' id='par_1_150' title="bbox 2126 5413 3728 5485">
     <span class='ocr_line' id='line_1_151' title="bbox 2126 5413 3728 5485; baseline 0 -17"><span class='ocrx_word' id='word_1_1063' title='bbox 2126 5414 2311 5469; x_wconf 89' lang='lat' dir='ltr'><strong>diavit.</strong></span> <span class='ocrx_word' id='word_1_1064' title='bbox 2343 5416 2536 5471; x_wconf 84' lang='lat' dir='ltr'><strong>Noster</strong></span> <span class='ocrx_word' id='word_1_1065' title='bbox 2559 5415 2736 5485; x_wconf 88' lang='lat' dir='ltr'><strong>itaque</strong></span> <span class='ocrx_word' id='word_1_1066' title='bbox 2757 5414 2925 5471; x_wconf 82' lang='lat' dir='ltr'><strong>codex</strong></span> <span class='ocrx_word' id='word_1_1067' title='bbox 2947 5413 3016 5471; x_wconf 83' lang='lat' dir='ltr'><strong>et</strong></span> <span class='ocrx_word' id='word_1_1068' title='bbox 3030 5422 3209 5470; x_wconf 89' lang='lat' dir='ltr'><strong>nostra</strong></span> <span class='ocrx_word' id='word_1_1069' title='bbox 3233 5413 3416 5485; x_wconf 77' lang='lat' dir='ltr'><strong>versio</strong></span> <span class='ocrx_word' id='word_1_1070' title='bbox 3438 5414 3728 5469; x_wconf 85' lang='lat' dir='ltr'><strong>meliorem</strong></span> 
     </span>
    </p>
   </div>
   <div class='ocr_carea' id='block_1_151' title="bbox 2126 5483 3730 5555">
    <p class='ocr_par' dir='ltr' id='par_1_151' title="bbox 2126 5483 3730 5555">
     <span class='ocr_line' id='line_1_152' title="bbox 2126 5483 3730 5555; baseline -0.001 -16"><span class='ocrx_word' id='word_1_1071' title='bbox 2126 5486 2386 5555; x_wconf 87' lang='lat' dir='ltr'><strong>originem</strong></span> <span class='ocrx_word' id='word_1_1072' title='bbox 2412 5483 2724 5555; x_wconf 65' lang='lat' dir='ltr'><strong>praeferunt.</strong></span> <span class='ocrx_word' id='word_1_1073' title='bbox 2756 5486 3154 5542; x_wconf 85' lang='lat' dir='ltr'><strong>Accuratiorem</strong></span> <span class='ocrx_word' id='word_1_1074' title='bbox 3176 5483 3336 5541; x_wconf 87' lang='lat' dir='ltr'><strong>etiam</strong></span> <span class='ocrx_word' id='word_1_1075' title='bbox 3366 5484 3573 5540; x_wconf 84' lang='lat' dir='ltr'><strong>fontem</strong></span> <span class='ocrx_word' id='word_1_1076' title='bbox 3594 5498 3730 5539; x_wconf 84' lang='lat' dir='ltr'><strong>con-</strong></span> 
     </span>
    </p>
   </div>
   <div class='ocr_carea' id='block_1_152' title="bbox 2128 5556 3730 5627">
    <p class='ocr_par' dir='ltr' id='par_1_152' title="bbox 2128 5556 3730 5627">
     <span class='ocr_line' id='line_1_153' title="bbox 2128 5556 3730 5627; baseline -0.001 -16"><span class='ocrx_word' id='word_1_1077' title='bbox 2128 5556 2346 5612; x_wconf 86' lang='lat' dir='ltr'><strong>ﬁrmant</strong></span> <span class='ocrx_word' id='word_1_1078' title='bbox 2385 5558 2473 5613; x_wconf 90' lang='lat' dir='ltr'><strong>illa</strong></span> <span class='ocrx_word' id='word_1_1079' title='bbox 2506 5560 2558 5612; x_wconf 90' lang='lat' dir='ltr'><strong>in</strong></span> <span class='ocrx_word' id='word_1_1080' title='bbox 2590 5559 2696 5613; x_wconf 81' lang='lat' dir='ltr'><strong>line</strong></span> <span class='ocrx_word' id='word_1_1081' title='bbox 2740 5558 2983 5627; x_wconf 90' lang='lat' dir='ltr'><strong>ejusdem</strong></span> <span class='ocrx_word' id='word_1_1082' title='bbox 3020 5556 3245 5612; x_wconf 88' lang='lat' dir='ltr'><strong>actionis</strong></span> <span class='ocrx_word' id='word_1_1083' title='bbox 3276 5574 3288 5609; x_wconf 91' lang='lat'>:</span> <span class='ocrx_word' id='word_1_1084' title='bbox 3318 5564 3367 5610; x_wconf 90' lang='lat' dir='ltr'><strong>et</strong></span> <span class='ocrx_word' id='word_1_1085' title='bbox 3396 5556 3508 5610; x_wconf 88' lang='lat' dir='ltr'><strong>alia</strong></span> <span class='ocrx_word' id='word_1_1086' title='bbox 3534 5571 3730 5622; x_wconf 69' lang='lat' dir='ltr'><strong>manu,</strong></span> 
     </span>
    </p>
   </div>
   <div class='ocr_carea' id='block_1_153' title="bbox 2128 5627 3726 5699">
    <p class='ocr_par' dir='ltr' id='par_1_153' title="bbox 2128 5627 3726 5699">
     <span class='ocr_line' id='line_1_154' title="bbox 2128 5627 3726 5699; baseline 0 -18"><span class='ocrx_word' id='word_1_1087' title='bbox 2128 5629 2406 5696; x_wconf 78' lang='lat' dir='ltr'><strong>Eduntur;</strong></span> <span class='ocrx_word' id='word_1_1088' title='bbox 2434 5644 2555 5699; x_wconf 80' lang='lat' dir='ltr'><strong>qua:</strong></span> <span class='ocrx_word' id='word_1_1089' title='bbox 2584 5630 2634 5684; x_wconf 94' lang='lat' dir='ltr'><strong>in</strong></span> <span class='ocrx_word' id='word_1_1090' title='bbox 2660 5637 2847 5685; x_wconf 90' lang='lat' dir='ltr'><strong>nostro</strong></span> <span class='ocrx_word' id='word_1_1091' title='bbox 2875 5628 3059 5684; x_wconf 91' lang='lat' dir='ltr'><strong>codice</strong></span> <span class='ocrx_word' id='word_1_1092' title='bbox 3083 5636 3139 5684; x_wconf 91' lang='lat' dir='ltr'><strong>et</strong></span> <span class='ocrx_word' id='word_1_1093' title='bbox 3162 5628 3415 5699; x_wconf 83' lang='lat' dir='ltr'><strong>versione</strong></span> <span class='ocrx_word' id='word_1_1094' title='bbox 3444 5627 3726 5699; x_wconf 79' lang='lat' dir='ltr'><strong>leguntur,</strong></span> 
     </span>
    </p>
   </div>
   <div class='ocr_carea' id='block_1_154' title="bbox 2126 5698 3731 5770">
    <p class='ocr_par' dir='ltr' id='par_1_154' title="bbox 2126 5698 3731 5770">
     <span class='ocr_line' id='line_1_155' title="bbox 2126 5698 3731 5770; baseline -0.002 -16"><span class='ocrx_word' id='word_1_1095' title='bbox 2126 5698 2183 5754; x_wconf 93' lang='lat' dir='ltr'><strong>in</strong></span> <span class='ocrx_word' id='word_1_1096' title='bbox 2210 5700 2400 5756; x_wconf 71' lang='lat' dir='ltr'><strong>Graeco</strong></span> <span class='ocrx_word' id='word_1_1097' title='bbox 2428 5698 2608 5756; x_wconf 89' lang='lat' dir='ltr'><strong>autem</strong></span> <span class='ocrx_word' id='word_1_1098' title='bbox 2638 5710 2783 5755; x_wconf 87' lang='lat' dir='ltr'><strong>textu</strong></span> <span class='ocrx_word' id='word_1_1099' title='bbox 2820 5699 3063 5770; x_wconf 89' lang='lat' dir='ltr'><strong>vulgato,</strong></span> <span class='ocrx_word' id='word_1_1100' title='bbox 3092 5708 3147 5756; x_wconf 91' lang='lat' dir='ltr'><strong>et</strong></span> <span class='ocrx_word' id='word_1_1101' title='bbox 3174 5699 3228 5754; x_wconf 91' lang='lat' dir='ltr'><strong>in</strong></span> <span class='ocrx_word' id='word_1_1102' title='bbox 3250 5699 3367 5754; x_wconf 87' lang='lat' dir='ltr'><strong>aliis</strong></span> <span class='ocrx_word' id='word_1_1103' title='bbox 3392 5698 3607 5770; x_wconf 78' lang='lat' dir='ltr'><strong>Latinis</strong></span> <span class='ocrx_word' id='word_1_1104' title='bbox 3621 5712 3731 5770; x_wconf 76' lang='lat' dir='ltr'><strong>an-</strong></span> 
     </span>
    </p>
   </div>
   <div class='ocr_carea' id='block_1_155' title="bbox 2126 5769 3730 5841">
    <p class='ocr_par' dir='ltr' id='par_1_155' title="bbox 2126 5769 3730 5841">
     <span class='ocr_line' id='line_1_156' title="bbox 2126 5769 3730 5841; baseline -0.001 -16"><span class='ocrx_word' id='word_1_1105' title='bbox 2126 5770 2271 5841; x_wconf 92' lang='lat' dir='ltr'><strong>tiqua</strong></span> <span class='ocrx_word' id='word_1_1106' title='bbox 2294 5782 2348 5825; x_wconf 87' lang='lat' dir='ltr'><strong>et</strong></span> <span class='ocrx_word' id='word_1_1107' title='bbox 2376 5770 2581 5827; x_wconf 81' lang='lat' dir='ltr'><strong>Rustici</strong></span> <span class='ocrx_word' id='word_1_1108' title='bbox 2603 5769 2937 5841; x_wconf 86' lang='lat' dir='ltr'><strong>versionibus</strong></span> <span class='ocrx_word' id='word_1_1109' title='bbox 2961 5769 3364 5834; x_wconf 88' lang='lat' dir='ltr'><strong>desiderantur;</strong></span> <span class='ocrx_word' id='word_1_1110' title='bbox 3395 5778 3451 5824; x_wconf 91' lang='lat' dir='ltr'><strong>at</strong></span> <span class='ocrx_word' id='word_1_1111' title='bbox 3468 5769 3730 5825; x_wconf 82' lang='lat' dir='ltr'><strong>similiter</strong></span> 
     </span>
    </p>
   </div>
   <div class='ocr_carea' id='block_1_156' title="bbox 2127 5840 3726 5915">
    <p class='ocr_par' dir='ltr' id='par_1_156' title="bbox 2127 5840 3726 5915">
     <span class='ocr_line' id='line_1_157' title="bbox 2127 5840 3726 5915; baseline 0.001 -17"><span class='ocrx_word' id='word_1_1112' title='bbox 2127 5840 2372 5914; x_wconf 79' lang='lat' dir='ltr'><strong>apposita</strong></span> <span class='ocrx_word' id='word_1_1113' title='bbox 2422 5841 2642 5901; x_wconf 87' lang='lat' dir='ltr'><strong>fuerunt</strong></span> <span class='ocrx_word' id='word_1_1114' title='bbox 2687 5842 2744 5897; x_wconf 90' lang='lat' dir='ltr'><strong>in</strong></span> <span class='ocrx_word' id='word_1_1115' title='bbox 2772 5840 2878 5899; x_wconf 82' lang='lat' dir='ltr'><strong>line</strong></span> <span class='ocrx_word' id='word_1_1116' title='bbox 2919 5842 3147 5900; x_wconf 85' lang='lat' dir='ltr'><strong>actionis</strong></span> <span class='ocrx_word' id='word_1_1117' title='bbox 3174 5842 3244 5902; x_wconf 83' lang='lat' dir='ltr'><strong>de</strong></span> <span class='ocrx_word' id='word_1_1118' title='bbox 3272 5840 3486 5900; x_wconf 86' lang='lat' dir='ltr'><strong>Domno</strong></span> <span class='ocrx_word' id='word_1_1119' title='bbox 3508 5884 3527 5915; x_wconf 89' lang='lat'><strong>,</strong></span> <span class='ocrx_word' id='word_1_1120' title='bbox 3554 5853 3726 5914; x_wconf 70' lang='lat' dir='ltr'><strong>quam</strong></span> 
     </span>
    </p>
   </div>
  </div>
