3994 6310
305 306 406 364 757

853 303 1409 364 BALLERINIORUM
1448 297 2013 363 OBSERVATIONES
2050 297 2117 356 IN
2158 296 2463 356 DISSERT.
2504 299 2575 355 IX
2612 296 3017 370 QUESNELLI.

3451 302 3553 360 758

283 426 436 483 etiam
462 424 709 481 Rusticus
730 421 915 480 edidit.
946 422 1009 478 lli
1035 424 1140 479 duo
1165 423 1409 479 melioris
1432 431 1487 477 et
1510 420 1861 494 accuratioris
1888 424 1941 483 Α
2039 418 2128 474 12.
2174 418 2230 475 Si
2261 432 2421 494 porro
2440 418 2595 494 Julia:
2620 420 2860 494 patricia:
2880 423 3051 479 codex
3079 423 3299 481 Grzccus
3342 422 3548 494 fuisset,

283 498 502 565 originis
528 496 897 559 characteres,
929 493 1019 565 qui
1046 495 1099 550 in
1130 504 1317 551 nostro
1344 495 1531 550 codice
1559 493 1863 563 deprehen-

283 564 478 625 duntur
502 613 516 636 ,
551 568 707 623 fidem
736 564 1024 621 conciliare
1062 566 1261 621 debent
1305 566 1354 621 ei
1394 564 1689 620 conditioni
1713 604 1728 629 ,
1758 576 1860 636 qua

283 634 538 696 Maximus
566 646 681 694 tres
709 636 1019 693 Palzcstinas
1045 636 1289 693 .luvenali
1321 639 1505 703 cessit,
1533 637 1578 691 si
1607 647 1773 690 tamen
1807 634 1861 687 id

281 709 550 767 venerabili
588 710 723 780 patri
771 717 944 762 nostro
984 708 1364 780 archiepiswpo
1409 707 1597 780 ARoma:
1648 707 1862 778 majoris

281 781 437 837 Leoni
466 778 746 851 placuerit,
770 780 857 850 qui
886 779 1025 851 cupit
1066 778 1371 851 sanctorum,
1399 778 1619 851 Patrum
1645 793 1862 832 canones

280 849 613 924 infringibiles
634 849 943 921 permanere.
969 850 1219 906 Formula
1247 850 1464 976 qliltidem
1494 849 1671 904 Romae
1700 852 1864 922 majo-

280 926 345 976 ris
380 939 410 976 e
444 925 634 976 Grmco
666 921 814 976 fonte
844 921 1221 976 proficiscitur.
1318 922 1434 976 uius
1459 930 1636 975 autem
1680 920 1863 975 condi-

279 920 345 978 ινὶέ
380 939 410 979 e
436 920 640 979 'Graaco
666 921 814 978 fonte
844 921 1221 988 proficiscitur.
1268 920 1434 991 Hujus
1459 930 1636 991 autem
1680 920 1863 975 condi-

282 994 440 1050 tionis
465 995 727 1051 rationem
758 992 1005 1049 dedimus
1031 993 1193 1062 paulo
1214 990 1359 1047 ante.
1388 990 1582 1062 Qumsi
1605 1007 1710 1046 non
1735 992 1863 1061 legi-

278 1074 359 1121 tur
400 1081 501 1123 nec
546 1068 599 1121 in
643 1065 789 1121 edito
834 1061 1193 1121 Graeco'textu
1218 1103 1235 1131 ,
1277 1078 1379 1119 nec
1414 1064 1465 1117 in
1507 1061 1716 1116 duabus
1746 1062 1865 1117 aliis

275 1135 477 1195 Latinis
506 1137 849 1192 versionibus
869 1176 885 1199 ,
922 1135 1050 1191 dum
1086 1136 1274 1203 Optimi
1310 1134 1512 1189 codicis
1540 1142 1596 1187 et
1628 1132 1864 1189 melioris

276 1208 498 1278 originis
526 1217 839 1279 argumenta
868 1205 1316 1279 habemus,hnihil
1341 1204 1536 1261 exinde
1562 1205 1865 1279 movebitur

276 1274 514 1350 quisquis
543 1274 969 1350 consideret‘alia
1004 1277 1071 1332 ab
1110 1277 1230 1332 aliis
1268 1278 1387 1331 sive
1403 1274 1638 1350 _notariis
1668 1277 1720 1330 in
1748 1276 1862 1345 ipsa

277 1347 502 1421 synodo,
533 1349 646 1404 sive
670 1347 1502 1421 posterioribusamanuensibus
1532 1347 1695 1421 fuisse
1722 1362 1863 1421 prm-

203 1473 217 1485 ,
278 1418 524 1477 termissa
550 1435 653 1474 non
683 1420 856 1476 solum
884 1420 935 1474 in
966 1418 1173 1474 Latinis
1196 1419 1547 1482 versionibus,
1576 1420 1671 1473 sed
1701 1418 1860 1473 etiam

278 1492 332 1547 in
363 1492 610 1561 originali
656 1491 865 1547 Graeco.
916 1489 1136 1561 Graecus
1167 1498 1342 1545 textus
1371 1500 1426 1545 et
1453 1488 1655 1561 Rustici
1687 1489 1862 1544 versio

279 1561 333 1619 in
365 1559 471 1617 hac
490 1564 608 1632 ipsa
656 1562 869 1617 actione
893 1560 962 1617 de
999 1559 1244 1616 Juvenali
1291 1559 1861 1632 omittuntpluraepi-

279 1630 566 1703 scoporum
595 1633 809 1703 nomina
835 1671 852 1698 ,
892 1633 1286 1703 quamleguntur
1315 1640 1514 1703 tantum
1556 1630 1608 1684 in
1640 1631 1857 1703 antiqua

280 1699 550 1759 versione.
598 1703 735 1759 Num
765 1699 961 1758 idcirco
997 1701 1065 1757 de
1095 1699 1438 1772 repudiandis
1462 1699 1728 1769 ejusmodi
1759 1717 1857 1755 no-

281 1775 517 1831 minibus
545 1774 805 1845 quispiam
844 1772 1135 1842 cogitavit?
1176 1772 1596 1845 Paragrapltum
1622 1772 1739 1837 Qua
1773 1772 1855 1826 in-

279 1842 609 1900 terlocutione
629 1844 802 1899 Greece
829 1846 1157 1900 interpretata
1183 1857 1214 1896 a
1245 1842 1465 1898 Rustico
1490 1843 1750 1897 omissum
1772 1845 1857 1898 vi-

275 1916 471 1971 dimus.
496 1917 609 1971 Alia
632 1914 824 1971 similia
847 1914 899 1968 in
919 1913 1040 1967 aliis
1064 1913 1401 1967 versionibus
1425 1914 1855 1972 animadvertere

272 1983 457 2052 licuit,
497 2001 616 2056 quae
648 1985 735 2056 hic
763 1998 1047 2040 recensere
1069 1998 1181 2056 non
1212 1992 1383 2038 vacat.
1413 1983 1614 2039 Notarii
1643 1986 1695 2039 in
1725 2001 1855 2041 con-

270 2056 411 2112 ciliis
437 2054 614 2127 plures
641 2054 813 2122 fuere,
844 2063 900 2111 et
926 2054 1171 2127 quaedam
1197 2071 1226 2109 a
1252 2056 1525 2110 nonnullis
1554 2059 1856 2113 accuratius

269 2125 450 2199 scribi
472 2138 760 2199 potuerunt
803 2142 922 2197 qua:
972 2125 1041 2181 ab
1063 2125 1181 2182 aliis
1208 2128 1621 2197 negligercntur.
1671 2127 1858 2185 Poste-

268 2198 445 2254 riores
476 2198 695 2269 quoque
734 2211 1089 2269 amanuenses
1133 2201 1379 2269 quzcdam
1424 2208 1712 2267 potuerunt
1744 2200 1857 2257 sive

269 2268 623 2340 negligenter
668 2270 782 2325 sive
832 2268 1089 2340 studiose
1145 2268 1443 2339 prseterire.
1496 2269 1859 2340 Quapropter

267 2338 803 2422 ejusmodi__de_l'ectus
830 2338 887 2394 in
908 2339 1112 2422 aliquot
1135 2338 1222 2395 vel
1253 2338 1710 2422 paucioribusvei
1733 2338 1858 2422 plu-

267 2412 420 2469 ribus
446 2412 725 2467 codicibus
751 2420 1067 2482 argumento
1100 2426 1223 2467 esse
1247 2420 1535 2481 nequeunt,
1560 2421 1617 2467 ut
1645 2412 1853 2468 addita-

267 2485 467 2538 mentis
511 2483 820 2551 interpolati
877 2482 1222 2537 traducantur
1267 2482 1344 2537 illi
1388 2482 1600 2539 codices
1638 2486 1856 2552 optimis

267 2552 412 2609 notis
439 2554 700 2619 distincti,
722 2553 848 2609 dum
871 2553 1116 2625 quaedam
1146 2555 1199 2609 in
1218 2552 1346 2625 aliis,
1370 2568 1499 2608 mss.
1523 2556 1856 2625 prmiermis-

266 2639 351 2696 s_a,
382 2636 434 2681 at
461 2628 590 2680 satis
619 2640 854 2696 congrua
880 2624 1156 2681 exhibent.
1199 2624 1434 2696 Quodsi
1464 2624 1580 2680 haec
1609 2626 1788 2681 versio
1822 2642 1855 2683 a

268 2694 459 2753 Graeco
490 2694 765 2768 exemplo,
803 2696 945 2767 quod
974 2696 1236 2768 Maximus
1266 2695 1334 2750 ad
1349 2695 1597 2768 Leonem
1627 2696 1851 2768 miserit,

266 2769 532 2839 originem
559 2767 726 2839 ducit,
749 2766 1012 2824 notarium
1046 2766 1286 2839 ejusdem
1314 2767 1529 2839 Maximi
1552 2767 1605 2821 in
1635 2767 1739 2823 hoc
1763 2766 1855 2824 ca-

266 2837 379 2909 pile
412 2838 733 2909 excipiendo
772 2848 827 2896 et
862 2838 1218 2894 describenda
1260 2838 1648 2893 accuratiorem
1687 2839 1856 2897 fuisse

266 2908 403 2964 nihil
424 2919 509 2967 est
535 2909 903 2965 dubitandum.
950 2909 1151 2963 Desunt
1181 2925 1211 2963 e
1239 2918 1426 2963 contra
1460 2911 1515 2963 in
1548 2918 1733 2963 nostro
1757 2925 1855 2965 co-

264 2980 390 3037 dice
420 2990 543 3038 octo
577 2980 1039 3045 interlocutiones,
1070 2994 1190 3049 qutc
1230 2988 1350 3047 post
1388 2978 1855 3036 iuterlocutionem

264 3054 504 3109 Anatolii
534 3053 587 3107 in
624 3052 813 3109 Graaco
845 3060 900 3107 et
932 3050 985 3105 in
1025 3050 1147 3105 aliis
1181 3049 1388 3105 Latinis
1418 3051 1755 3105 versionibus
1780 3052 1857 3106 le-

264 3135 481 3194 guntur.
528 3125 619 3179 lla:
647 3134 826 3180 autem
856 3122 930 3176 uti
962 3136 1069 3177 non
1107 3120 1427 3177 necessarias
1468 3121 1644 3194 omitti
1670 3130 1859 3191 potue-

1882 1810 1932 1872 B

1966 499 2022 547 et
2061 505 2125 544 ex
2165 504 2232 545 eo
2270 491 2416 566 _lta_nc
2455 492 2995 566 actionemliusticus
3030 495 3217 551 Latina
3248 498 3424 566 lingua
3454 491 3550 552 do;

1966 570 2171 639 nasset,
2210 560 2286 615 uti
2322 560 2567 639 Graecum
2602 562 2698 639 fuit
2734 563 2863 639 illud
2887 568 3179 637 exemplar,
3214 584 3277 623 ex
3306 560 3411 639 q'no
3443 580 3551 626 tres

1964 633 2248 704 descripta:
2278 634 2519 704 actiones
2541 632 2799 689 traducta:
2824 632 3058 704 fuerunt,
3078 632 3183 695 non
3210 632 3383 696 solum
3413 642 3548 698 duos

1963 703 2223 783 Latinos,_
2248 703 2342 759 sed
2371 703 2505 758 duos
2528 703 2689 783 etiam
2721 704 2936 783 Graecos
2956 703 3181 765 diversae
3207 714 3427 783 originis
3457 729 3548 767 co-

1964 775 2117 831 dices
2140 774 2461 830 haberemus
2482 776 2572 843 qui
2597 774 2735 830 hanc
2760 778 3021 833 actionem
3044 774 3327 845 genuinam
3352 786 3549 840 confir-

1965 856 2196 901 marent.
2221 846 2327 902 Sed
2352 862 2473 900 cum
2494 847 2674 901 versio
2696 844 2853 917 hujus
2873 844 3097 907 actionis
3116 867 3145 905 a
3169 853 3387 911 Rustico
3408 856 3547 911 edita

1964 917 2169 997 similis
2184 918 2427 997 videatur
2465 916 2892 997 interpretationi
2930 926 3351 997 nostrl_codicis,
3388 943 3547 997 quam

1965 988 2394 1069 antiquissimam
2435 988 2701 1069 vidimus,
2741 989 2875 1069 nihil
2909 988 3548 1069 estambigendum'quin

1965 1059 2425 1134 exemplardulize
2456 1061 2715 1134 patiiciae,
2748 1070 2802 1116 et
2833 1060 3040 1134 Proculi
3069 1059 3227 1134 atque
3257 1059 3549 1125 Albini'cu-

1966 1129 2068 1185 dex
2092 1130 2266 1203 Latini
2291 1130 2521 1203 fuerint.
2542 1130 2794 1187 Rusticus
2814 1132 3030 1203 quidem
3066 1129 3171 1188 non
3206 1147 3311 1191 tam
3334 1140 3550 1196 Graecos

1966 1215 2127 1275 quam
2151 1201 2370 1275 Latinos
2394 1201 2620 1275 codices
2647 1216 2708 1275 se
2740 1201 3050 1259 adhibuisse
3091 1205 3291 1275 aliquot
3324 1208 3377 1263 in
3420 1212 3551 1267 locis

1966 1272 2189 1349 indicat.
2215 1273 2363 1329 lianc
2389 1272 2550 1349 igitur
2571 1274 2837 1329 actionem
2856 1288 2967 1349 non
3003 1272 3234 1332 rediddit
3255 1294 3319 1334 ex
3338 1281 3546 1349 Graeco,

1965 1352 2027 1397 ut
2050 1342 2306 1399 hactenus
2333 1343 2593 1415 creditum
2618 1355 2698 1399 est
2722 1386 2737 1412 ,
2772 1346 2865 1400 sed
2898 1360 2966 1401 ex
2992 1349 3281 1415 antiquiori
3304 1342 3550 1409 versione

1966 1416 2324 1485 transcripsit.
2374 1414 2509 1469 Hinc
2546 1415 2760 1471 codices
2798 1416 2953 1472 Julice
2980 1459 2994 1483 ,
3038 1414 3248 1476 PrOculi
3290 1431 3341 1477 et
3372 1424 3547 1480 Albini

1961 1484 2101 1565 hanc
2123 1486 2289 1565 nostri
2312 1486 2515 1565 codicis
2532 1485 3026 1565 interpretationem
3048 1492 3415 1554 continebant.
3431 1512 3549 1565 quas

1960 1556 2047 1610 vel
2090 1571 2169 1629 ex
2198 1556 2685 1629 hoc_vetustissima
2716 1561 3045 1629 agnoscitur,
3068 1571 3124 1617 et
3152 1579 3216 1619 ex
3250 1579 3316 1619 eo
3360 1556 3549 1621 Graeco

1960 1627 2255 1700 exemplari
2292 1627 2546 1693 deducta,
2576 1629 2719 1700 quod
2754 1627 2858 1686 nisi
2882 1630 3139 1689 Maximus
3175 1636 3227 1690 in
3258 1650 3369 1691 rem
3400 1652 3550 1694 suam

1958 1697 2027 1751 ad
2057 1699 2113 1753 S.
2139 1699 2372 1755 Leonem
2405 1697 2812 1769 transmisisset,
2854 1702 2954 1758 hac
2992 1703 3206 1762 actione
3243 1706 3311 1761 de
3341 1707 3551 1765 Domno

1960 1782 2292 1846 careremus.
2320 1771 2684 1846 _Causa‘enim
2705 1772 2921 1846 _Domni,
2946 1775 3000 1830 in
3034 1791 3135 1846 qua
3170 1778 3238 1833 de
3264 1781 3547 1837 statuenda

1962 1842 2443 1914 pensioneagitur,
2468 1842 2604 1897 adeo
2632 1844 2822 1914 exigua
2844 1844 2957 1899 visa
2980 1842 3083 1914 est,
3109 1857 3166 1902 ut
3191 1849 3361 1905 Graeci
3397 1861 3547 1905 acto-

1960 1926 2080 1990 rum
2114 1912 2627 1990 Chalcedonensium
2665 1912 2987 1972 collectores
3026 1912 3267 1976 eamdem
3296 1922 3545 1990 neglexe—

1960 1982 2113 2057 rint,
2139 1993 2199 2037 ut
2227 1984 2327 2038 alia
2360 1985 2486 2040 item
2515 1986 2785 2050 omisere;
2837 2002 2901 2042 ac
2941 1998 3217 2057 propterea
3247 1982 3434 2047 Latina
3459 2009 3545 2049 eo-

1961 2054 2205 2109 rumdem
2233 2065 2475 2111 actorum
2503 2057 2680 2112 versio
2707 2071 2825 2111 eam
2856 2054 3121 2115 actionem
3159 2077 3263 2117 non
3312 2064 3547 2121 exhibet.

1961 2124 2097 2199 llinc
2125 2125 2256 2195 ipsis
2280 2127 2441 2199 etiam
2463 2127 2665 2183 Graecis
2685 2130 3036 2197 scriptoribus
3050 2130 3379 2199 Justiniano,
3408 2136 3549 2190 Eva-

1960 2198 2096 2285 ξῐίφ
2114 2207 2334 2285 εφη,ξέ
2358 2198 2775 2285 “utemini.”
2799 2199 3223 2285 Ultimum
3256 2198 3384 2285 fuit:
3413 2223 3549 2285 τιμο·

1961 2281 2080 2323 rum
2111 2267 2379 2324 silentium
2416 2271 2546 2325 nihil
2578 2270 2721 2325 aliud
2762 2272 2947 2336 probat
2984 2267 3091 2329 nisi
3118 2274 3217 2331 hos
3243 2267 3550 2336 adhibuisse

1959 2339 2109 2419 solos
2153 2341 2367 2396 codices
2409 2354 2663 2419 actorum
2679 2342 3219 2419 Chalcedonensium,
3260 2348 3311 2403 in
3357 2349 3549 2419 quibus

1960 2410 2351 2492 desideratur;_
2378 2428 2479 2492 nec
2508 2414 2759 2492 incidisse
2778 2415 2841 2492 _i_n
2871 2415 3036 2492 ullum
3062 2410 3339 2492 exemplar
3365 2410 3549 2478 nostro

1957 2483 2158 2563 simile,
2188 2484 2484 2563 aut__simile
2505 2485 2677 2541 codici
2707 2484 2880 2553 Julize,
2910 2488 2993 2563 vel
3024 2483 3282 2563 Albinii'et
3311 2491 3547 2563 Proculi,

1958 2566 2026 2608 ex
2041 2554 2244 2630 quibus
2268 2554 2532 2630 Rusticus
2564 2566 2620 2612 et
2647 2571 2754 2630 nos
2772 2558 3017 2613 eamdem
3045 2562 3370 2630 accepimus.

2033 2624 2119 2679 15.
2162 2627 2704 2716 Αεξξρῃςωμνθτομάθ
2736 2629 2942 2683 Domno
2973 2624 3339 2716 muitoj'nagis
3376 2634 3549 2691 since-

1957 2697 2379 2771 ram‘constituit
2407 2699 2508 2753 alia
2538 2700 2679 2754 actio
2706 2744 2720 2767 ,
2765 2716 2885 2771 qua:
2915 2715 2982 2756 ex
3013 2701 3131 2756 solo
3160 2697 3415 2759 Vaticano
3446 2722 3547 2763 ms.

1958 2766 2175 2840 prodiit.
2206 2767 2528 2824 Pensionem
2562 2772 2706 2824 enim
2734 2766 2892 2840 quam
2916 2775 3151 2828 anterior
3172 2774 3311 2828 actio
3340 2778 3549 2831 Maximi

1958 2836 2187 2909 arbitrio
2216 2840 2531 2907 permiserat
2561 2882 2575 2906 ,
2619 2855 2687 2895 ne
2729 2836 2854 2909 quid
2894 2841 3147 2909 deinceps
3173 2847 3549 2905 controversiae

1957 2907 2257 2988 incideret,
2304 2912 2605 2988 postulante
2635 2907 2894 2988 fortassis_
2918 2912 3034 2980 ipso
3079 2907 3347 2988 Maximo,
3396 2916 3549 2988 legati

1960 2977 2157 3055 Leonis
2183 2977 2451 3055 taxat-unt.
2507 2982 2629 3035 Dies
2654 3021 2668 3043 ,
2710 2977 2988 3055 exordium
3032 2977 3550 3055 et_subscriptiovnes

1963 3048 2271 3105 distinctam
2295 3053 2559 3106 actionem
2582 3052 2893 3107 ostendunt.
2917 3052 3026 3108 Nec
3049 3053 3240 3109 mirum
3267 3048 3552 3117 sit'novam

1962 3122 2231 3193 actionem
2280 3121 2773 3177 Chalcedonensem
2821 3124 3035 3193 prodire
3077 3127 3362 3182 :actiones
3412 3129 3553 3186 enim

265 3190 397 3251 runt
418 3196 537 3251 sive
558 3194 625 3249 ab
645 3195 866 3264 antiquo
890 3194 1205 3265 interprete,
1229 3193 1349 3265 sive
1372 3194 1548 3261 potius
1568 3193 1636 3247 ab
1656 3190 1861 3248 exscri-
1884 3200 1930 3264 ο
1961 3190 2031 3246 de
2062 3193 2475 3265 particularibus
2502 3195 2668 3265 gestis
2696 3193 2763 3247 ab
2792 3190 2911 3248 aliis
2940 3195 3150 3249 omissa:
3172 3241 3185 3262 ,
3216 3197 3283 3251 ab
3311 3199 3431 3252 aliis
3460 3200 3553 3255 de-

265 3278 425 3335 ptore
445 3274 500 3322 et
521 3263 872 3336 compilatore
914 3264 1070 3334 hujus
1104 3263 1459 3331 collectionis,
1485 3279 1645 3335 quem
1676 3265 1857 3323 brevi-

263 3338 365 3392 tati
392 3338 727 3394 consuluisse
752 3336 1005 3392 vidimus.
1630 3350 1641 3357 '

342 3409 430 3464 tl.
472 3410 627 3465 Actio
646 3407 715 3463 de
737 3408 947 3463 Domno
971 3421 1104 3480 cum,
1115 3421 1177 3462 ea
1202 3421 1421 3480 prorsus
1441 3407 1679 3480 concinit
1696 3423 1856 3480 quam

264 3481 523 3537 Rusticus
551 3495 580 3535 e
610 3496 712 3534 ms.
733 3480 982 3548 exemplo
1002 3476 1157 3533 Julia:
1177 3476 1416 3548 patricia:
1449 3479 1634 3534 edidit.
1669 3476 1858 3536 Solum

265 3554 323 3609 in
349 3550 534 3607 nostro
554 3550 746 3607 codice
766 3565 928 3605 verus
948 3548 1082 3605 ordo
1115 3549 1561 3619 deprehenditur,
1583 3566 1706 3606 cum
1742 3552 1858 3607 haec

262 3624 410 3680 actio
440 3622 699 3677 subdatur
730 3621 924 3676 actioni
960 3620 1028 3676 de
1051 3620 1293 3676 Juvenali
1323 3621 1498 3691 pridie
1532 3622 1760 3689 habitas,
1802 3624 1855 3678 in

262 3710 371 3751 ms.
396 3704 577 3749 autem
599 3692 755 3748 iuliae
776 3691 1010 3763 patricia:
1039 3708 1318 3763 perperam
1343 3702 1767 3763 praeponeretur,
1802 3705 1860 3749 ut

264 3781 331 3822 ex
369 3766 647 3821 notatione
679 3763 881 3817 Rustici
918 3762 1241 3819 didicimus..
1273 3762 1591 3830 Quesnellus
1630 3780 1781 3820 num.
1824 3766 1858 3821 5

264 3836 392 3892 huic
418 3836 622 3891 Rustici
646 3836 817 3891 codici
847 3832 1005 3888 fidem
1029 3834 1385 3902 detracturus,
1410 3838 1646 3903 unicum,
1672 3851 1858 3891 recen-

263 3917 374 3963 tem
406 3917 462 3963 et
503 3906 701 3961 infima:
734 3906 857 3960 fidei
886 3904 1051 3961 fuisse
1078 3914 1134 3977 et
1166 3921 1195 3960 a
1227 3906 1435 3963 duobus
1466 3909 1663 3977 ignotis
1701 3908 1859 3963 scho-

262 3978 469 4034 laribus
489 3978 771 4049 Germanis
792 3985 1068 4049 acceptum
1094 3976 1308 4049 ingerit.
1342 3979 1476 4032 Mala
1494 3976 1677 4049 autem
1703 3978 1859 4047 hujus

264 4050 468 4106 codicis
497 4048 787 4120 epigrapbe
816 4048 907 4104 ille
932 4062 1061 4103 usus
1085 4048 1169 4103 est
1194 4065 1209 4102 :
1240 4064 1398 4118 quam
1430 4048 1857 4104 emendatiorem

262 4136 330 4177 ex
357 4120 565 4176 Rustici
592 4135 723 4175 mss.
752 4120 830 4174 sic
855 4120 1100 4174 Baluzius
1118 4121 1373 4188 protulit:
1396 4120 1542 4173 Actio
1571 4120 1633 4173 de
1656 4120 1860 4172 Damno

262 4192 604 4258 Antiocheno,
628 4207 781 4261 quam
800 4190 968 4245 inveni
988 4192 1042 4261 in
1064 4190 1235 4243 codice
1254 4200 1387 4257 patr.
1416 4189 1490 4261 (id
1507 4199 1589 4245 est
1608 4190 1859 4260 patriciw,

262 4208 604 4258 Anuocneno,
662 4208 781 4245 uam
800 4208 968 4245 ument
988 4208 1042 4243 in
1064 4208 1235 4243 coatce
1254 4208 1387 4257 patr.
1416 4208 1490 4261 υα
1507 4208 1589 4245 ess
1608 4208 1859 4260 ραιηστω,

261 4278 374 4320 non
407 4208 658 4334 Patrum?
679 4260 838 4334 Julia:
871 4260 1243 4334 membranatio
1290 4277 1417 4334 novo
1449 4262 1810 4334 transcriptum
1832 4276 1863 4334 _e_

261 4337 446 4389 codice
468 4330 663 4389 vetusto
693 4332 965 4400 chartatio,
996 4347 1142 4401 quem
1168 4331 1297 4387 dixit
1328 4333 1443 4402 ipsa
1466 4331 1623 4399 fuisse
1646 4330 1862 4386 Proculi

193 4436 198 4438 -
262 4417 310 4461 et
338 4406 515 4460 Albini
547 4403 915 4459 Germanorum
953 4403 1403 4468 scholasticorum,
1443 4402 1496 4457 id
1528 4412 1613 4458 est
1638 4404 1860 4458 fratrum

263 4476 685 4534 causidicorum.
733 4475 830 4530 llic
870 4484 1048 4531 autem
1079 4474 1234 4529 Julia:
1262 4475 1434 4530 codex
1460 4513 1476 4539 ,
1521 4475 1644 4530 licet
1692 4489 1861 4529 novus

262 4548 477 4604 Rustici
520 4556 759 4617 tempore
785 4587 800 4610 ,
847 4548 935 4615 qui
977 4546 1153 4601 medio
1196 4555 1350 4617 sexto
1390 4546 1589 4600 saiculo
1624 4546 1859 4613 scripsit,

1961 3265 2178 3336 scriptae
2201 3263 2431 3336 fuerunt.
2459 3263 2524 3320 ω’
2539 3265 2753 3335 placuit.
2778 3265 2911 3320 Hinc
2932 3267 3078 3336 prior
3097 3270 3237 3321 actio
3256 3268 3323 3325 de
3350 3269 3554 3327 Domno

1963 3334 2181 3389 inventa
2213 3335 2312 3390 fuit
2340 3350 2369 3388 a
2398 3334 2619 3391 Rustico
2653 3338 2705 3391 in
2752 3339 2870 3391 solo
2895 3334 3081 3393 codice
3108 3336 3262 3394 Julia:
3297 3341 3552 3406 patriciaz.

1961 3406 2133 3461 (irasci
2162 3421 2294 3462 mss.
2327 3406 2446 3462 libri
2489 3408 2624 3463 duas
2654 3408 2892 3465 actiones
2924 3410 3121 3464 habent
3162 3411 3227 3465 de
3269 3411 3474 3468 Caroso
3504 3425 3556 3472 et

1961 3475 2273 3556 Iiorotheo,
2320 3493 2383 3556 ac
2420 3478 2487 3534 de
2530 3478 2722 3556 l‘hotio
2769 3479 3017 3556 Tyrioet
3064 3481 3344 3556 Eusthatlo
3390 3485 3555 3556 Bery-

1962 3550 2163 3627 thensi,
2184 3552 2556 3627 quaedem-ant
2583 3550 2635 3627 in
2662 3552 3061 3627 exemplaribus
3084 3554 3277 3627 quibus
3302 3550 3554 3627 antiquus

1962 3618 2257 3695 interpres.
2291 3622 2571 3695 Rusticus,
2615 3618 2897 3678 Liberatus
2922 3632 2977 3678 et
3018 3618 3272 3695 Evagrius
3298 3626 3377 3681 nsi
3407 3618 3549 3683 sunt.

1960 3690 2159 3770 (_Ionl'er
2210 3703 2322 3770 no}.
2371 3692 2438 3748 18
2474 3692 2667 3770 _(om.
2718 3696 2963 3770 prteredj
3013 3690 3272 3770 col.'257,
3307 3715 3359 3752 n.
3394 3699 3459 3770 b)
3501 3701 3552 3754 in

1960 3762 2176 3839 dissert.
2206 3764 2231 3817 1
2256 3764 2617 3839 Quesnelliad
2638 3762 2879 3839 aniiSl.
2905 3766 3129 3839 laxatio
3157 3762 3553 3839 pensionis'pro

1962 3833 2173 3909 Qomno
2188 3851 2293 3890 non
2315 3836 2576 3909 absimilis
2597 3846 2679 3892 est
2698 3837 2908 3909 illiqttze
2934 3833 3188 3909 Bassiano
3210 3833 3554 3909 ctStephauo

1961 3904 2252 3974 Epltesinis
2276 3906 2544 3975 episcopis
2586 3918 2713 3961 ante
2757 3904 2893 3962 duos
2921 3908 3037 3964 dies
3088 3919 3192 3964 act.
3229 3912 3288 3964 ll
3336 3904 3553 3968 decreta

1962 3976 2154 4049 fuerat.
2181 3976 2364 4049 Neque
2385 3987 2596 4049 moveat
2628 3978 2680 4032 in
2706 3976 2807 4031 hac
2836 3980 3046 4049 actione
3076 3980 3341 4049 pontificis
3370 3982 3554 4037 titulus

1961 4045 2126 4119 Caput
2152 4048 2453 4119 universalis
2488 4048 2763 4119 Ecclesitc;
2775 4062 2897 4119 nam
2921 4045 3091 4103 iidem
3113 4050 3267 4118 legati
3296 4053 3384 4119 qui
3415 4053 3556 4108 hunc

1964 4116 2173 4190 titulum
2210 4117 2287 4171 illi
2316 4119 2579 4190 dederunt
2606 4118 2769 4190 simili
2811 4116 3037 4172 formula
3082 4116 3328 4174 usi—sunt:
3360 4130 3465 4175 act.
3504 4125 3554 4190 Ι,

1963 4188 2125 4257 paulo
2168 4198 2290 4257 post
2330 4189 2558 4242 initium.
2613 4188 2687 4243 De
2719 4189 2897 4243 Leone
2925 4190 3068 4243 enim
3108 4190 3257 4244 aiunt
3300 4208 3315 4244 :
3356 4191 3456 4257 Qui
3486 4188 3556 4250 est

1963 4266 2115 4329 caput
2137 4260 2365 4312 omnium
2386 4257 2768 4323 Ecclesiarum;
2799 4268 2855 4313 et
2881 4275 2987 4314 non
3023 4260 3341 4316 absimiliter
3364 4271 3468 4316 act.
3504 4265 3556 4329 6,

1964 4326 2018 4383 in
2054 4329 2541 4398 subscriptionibus
2579 4329 2907 4384 definitionis
2951 4331 3071 4387 fidei
3102 4348 3115 4385 :
3148 4331 3439 4386 Beatissimi
3482 4326 3558 4389 at;

1962 4416 2060 4470 que
2090 4400 2359 4469 apostolici
2387 4399 2482 4455 viri
2504 4400 2808 4456 universalis
2838 4399 3084 4458 Ecclesia:
3113 4419 3261 4471 papa:
3284 4404 3421 4457 urbis
3452 4404 3557 4460 Ro-

1964 4487 2062 4544 mae
2090 4473 2297 4527 Leonis.
2339 4472 2395 4527 ln
2440 4474 2702 4527 sententia
2734 4472 2903 4528 tribus
2933 4475 3219 4544 pontificiis
3250 4474 3439 4544 legatis
3463 4476 3558 4532 Ju-

1966 4543 2139 4599 lianus
2161 4553 2500 4609 accensetur,
2528 4552 2585 4597 ut
2610 4546 2661 4597 in
2693 4553 2797 4598 act.
2827 4544 2883 4609 9,
2912 4543 3011 4600 sub
3038 4547 3265 4613 initium,
3289 4543 3342 4601 et
3366 4547 3418 4602 in
3450 4558 3553 4603 act.

262 4591 1150 4690 3.3:;assasaeisauaai;
1174 4591 1346 4671 satis
1367 4591 1865 4673 {suasisse};
1890 4591 1943 4653 1)
1966 4591 2798 4690 iii';‘diﬁ'iaa(aa}.fsaasiam};
2829 4591 3559 4690 b'séGJdé'y'EiSJi'éfnlésiﬁi

262 4692 371 4745 dex
400 4690 493 4746 ille
523 4690 734 4745 Proculi
762 4698 817 4745 et
840 4688 1021 4744 Albini
1045 4732 1060 4758 ,
1094 4689 1183 4760 qui
1206 4691 1317 4757 jam
1346 4700 1451 4743 tam
1481 4700 1703 4744 vetustus
1730 4704 1861 4745 cen-

261 4763 513 4819 sebatur.
563 4760 676 4815 Etsi
712 4775 841 4817 vero
872 4759 926 4815 hi
967 4760 1075 4815 duo
1110 4760 1325 4815 codices
1356 4773 1453 4828 pro
1486 4762 1644 4817 unico
1677 4760 1862 4816 haberi

261 4843 501 4959 queant,
533 4847 653 4887 cum
684 4833 819 4887 alter
846 4830 1165 4915 prodeatex
1205 4831 1378 4914 altero
1397 4870 1412 4897 ,
1443 4841 1657 4900 quantae
1685 4842 1863 4888 tamen

282 4904 395 4959 idet
423 4918 547 4959 esse
573 4903 767 4959 debeat
803 4902 974 4958 codex
1004 4919 1093 4959 aut
1135 4903 1314 4958 medio
1342 4914 1498 4959 sexto
1539 4905 1739 4959 sarculo
1782 4920 1863 4959 ve-

282 4902 395 4960 idei
423 4918 547 4960 esse
573 4903 767 4959 debeat
803 4902 974 4958 codex
1004 4903 1093 4968 qui
1135 4902 1314 4958 medio
1342 4914 1498 4959 sexto
1539 4905 1739 4960 sarculo
1782 4920 1865 4959 ve-

262 4984 439 5029 tustus
467 5016 483 5042 ,
535 4975 692 5046 paulo
734 4983 855 5046 post
899 4972 1341 5046 Chalcedonense
1379 4982 1628 5031 exoratus
1667 4976 1860 5041 fuerat,

262 5061 434 5102 nemo
458 5044 563 5100 non
595 5046 757 5101 videt.
803 5045 954 5101 Nunc
994 5054 1171 5102 autem
1210 5044 1347 5101 alius
1387 5047 1669 5102 Vaticanus
1694 5048 1864 5102 codex

262 5117 503 5183 accedit,
530 5118 775 5188 idemque
798 5116 1207 5188 vetustissimus,
1225 5117 1313 5187 qui
1336 5118 1578 5173 eamdem
1600 5118 1865 5174 actionem

263 5204 337 5243 ex
362 5188 556 5244 Graec
579 5187 827 5258 exemplo
849 5187 1113 5244 redditam
1142 5188 1377 5259 praefert.
1413 5188 1546 5243 llinc
1563 5190 1666 5244 alia
1689 5188 1863 5257 Ques-

265 5261 405 5333 nelli
432 5260 665 5330 objectio
714 5260 923 5333 1235
973 5258 1342 5333 eliditurLQUa
1373 5259 1511 5315 hanc
1541 5261 1805 5317 actionem
1834 5276 1865 5316 a

266 5330 503 5387 Rustico
531 5330 815 5387 confictam
829 5330 1164 5401 suspicatur.
1199 5331 1483 5386 Vaticanus
1515 5334 1657 5387 enim
1695 5332 1866 5389 codex

265 5401 326 5458 in
362 5403 466 5459 bac
487 5403 805 5459 collectione
827 5403 1252 5459 Chalcedonensi
1274 5405 1549 5471 praemissa
1585 5418 1613 5456 a
1644 5404 1865 5460 Rustico

264 5488 384 5530 non
424 5475 799 5545 proficiscitur.
845 5473 998 5542 Quod
1049 5484 1229 5545 autem
1273 5473 1577 5545 illetertio
1626 5477 1861 5544 opponit,

266 5544 556 5601 Rusticum
590 5548 689 5602 soli
725 5548 913 5615 prima:
943 5546 1143 5601 actioni
1171 5544 1593 5600 Cltalcedonensi
1628 5547 1861 5601 studium

266 5632 609 5689 operamque
643 5632 888 5689 navasse,
914 5618 1184 5689 rejicietur
1212 5634 1240 5669 a
1274 5616 1428 5689 nobis
1468 5615 1641 5689 fusius
1682 5618 1733 5671 in
1769 5618 1864 5689 ob-

267 5687 676 5761 ses-_vaiionibus
709 5688 777 5744 ad
797 5696 920 5761 _not.
952 5689 997 5761 _5
1024 5687 1276 5761 ejusdem
1306 5687 1578 5761 Quesnclli
1615 5688 1668 5744 in
1700 5688 1861 5761 epist.

271 5757 389 5826 115
410 5757 584 5834 (Tom.
607 5759 851 5833 γνωσθείη
882 5758 983 5814 col.
1016 5757 1173 5831 H35,
1210 5775 1263 5814 n.
1288 5759 1366 5830 a).

1967 4686 2374 4743 interdixerunt.
2423 4688 2477 4743 ln
2510 4687 2609 4741 hac
2633 4696 2809 4743 autem
2841 4686 3108 4745 sententia
3137 4704 3258 4745 cum
3288 4686 3446 4744 iidem
3479 4692 3559 4746 lc-

1966 4761 2072 4827 gati
2105 4759 2481 4832 prtem‘iserunt
2515 4758 3116 4832 Leonemconstituisse
3155 4762 3421 4832 privilegia
3450 4764 3559 4815 An-

1966 4832 2214 4885 tiochena:
2235 4830 2480 4887 Ecclesia:
2504 4830 2776 4899 reformari
2796 4832 3076 4885 secundum
3096 4830 3319 4885 veterum
3340 4830 3559 4886 Patrum

1963 4912 2176 4969 statuta,
2198 4918 2267 4959 ex
2294 4903 2563 4974 pontificis
2584 4912 2762 4974 mente
2787 4916 2849 4957 ac
2870 4903 3123 4974 mandato
3143 4904 3292 4974 juxta
3314 4903 3559 4974 antiquos

1966 4988 2203 5031 canones
2246 4972 2307 5028 se
2332 4974 2639 5031 decrevisse
2670 4973 2834 5028 videri
2864 4973 3168 5027 voluerunt.
3198 4972 3321 5026 llaec
3346 4972 3410 5025 ad
3443 4973 3559 5027 vin-

1968 5045 2249 5102 dicandam
2280 5054 2334 5101 et
2354 5044 2722 5101 illustrandam
2753 5058 2944 5099 novam
2976 5042 3112 5097 hanc
3140 5044 3560 5112 actionem,quas

1968 5118 2128 5173 aliain
2178 5118 2476 5187 impetitam
2523 5133 2551 5170 a
2592 5113 3189 5187 Quesnellogaciionem
3233 5113 3307 5187 de
3355 5113 3560 5169 Domnu

1970 5190 2100 5244 satis
2128 5181 2394 5260 superque
2419 5181 2722 5260 confirma_t_,
2744 5184 3238 5260 adjicienda__fuere_.
3269 5181 3401 5237 Cum
3433 5200 3563 5260 vero

1971 5274 2035 5315 ex
2072 5263 2153 5315 his
2188 5253 2639 5331 prrcstantissimis
2668 5255 2909 5331 Vaticani
2953 5253 3153 5331 codicis
3199 5254 3556 5331 documentis,

1970 5347 2089 5402 quas
2112 5324 2371 5387 hactenus
2393 5348 2497 5387 non
2520 5331 2651 5385 satis
2676 5327 2885 5397 cognita
2908 5326 3299 5402 aut_observat_a
3322 5324 3556 5392 fuerunt,

1972 5395 2003 5456 εἰ
2034 5404 2244 5458 laudata
2274 5403 2485 5458 actione
2514 5403 2582 5455 de
2630 5395 2837 5454 Donino
2879 5395 3054 5449 omnis
3083 5396 3316 5465 suspicio
3346 5410 3562 5451 amove-

1974 5484 2081 5539 tur,
2116 5485 2225 5529 tum
2254 5488 2382 5529 vero
2411 5471 2607 5527 exinde
2629 5509 2644 5532 .
2681 5479 2737 5523 ut
2766 5466 3039 5539 Quosnelli
3067 5467 3245 5521 verbis
3271 5467 3563 5522 concluda-

1973 5538 2113 5610 mus,
2134 5548 2250 5617 jam
2278 5542 2731 5617 prwclarissimum
2769 5538 3279 5617 antiquissimumque
3321 5554 3426 5617 pra:
3455 5555 3564 5617 ma-

1972 5618 2119 5669 nibus
2134 5611 2392 5669 'habe'mus
2420 5612 2761 5668 testimonium
2804 5625 3014 5664 summae
3052 5611 3369 5680 auctoritatis
3398 5612 3565 5680 panti-

1972 5688 2081 5755 ﬁcis
2115 5688 2335 5740 Romani
2366 5696 2474 5739 tum
2500 5683 2801 5754 in'synodos
2830 5696 2947 5755 cum
2975 5680 3027 5733 in
3050 5679 3337 5755 Orientales
3376 5679 3566 5753 episco‘

1972 5750 2085 5835 pos,
2120 5761 2395 5831 majorum,
2428 5750 2658 5829 inquam,
2692 5770 2750 5809 ac
2778 5753 3059 5831 primarum
3089 5750 3311 5815 aedium.
