3994 6310
256 344 359 399 745

250 528 373 583 dam
398 527 685 593 existimet,
708 542 827 583 cum
858 529 1031 595 potius
1058 527 1173 581 haec
1202 542 1310 597 pra:
1351 527 1560 597 caeteris
1589 540 1690 597 una
1721 540 1810 597 sy-

251 597 375 653 nodi
405 613 625 655 examen
658 594 964 667 postularet.
988 598 1091 653 Alii
1118 594 1258 653 enim
1286 596 1524 665 plerique
1542 594 1808 667 episcopi,

249 684 386 739 quos
403 666 851 740 pseudosynndus
868 669 1131 740 Epltesina
1146 666 1363 724 sedibus
1390 670 1501 721 suis
1522 666 1809 740 dejecerat,

250 737 376 793 ante
397 737 725 794 latrocinium
763 738 968 812 1245
1000 739 1052 793 in
1077 740 1447 812 suspicionem
1479 737 1677 812 erroris
1705 751 1809 812 non

249 819 528 877 venerant,
557 825 619 865 ac
650 807 1197 879 prop—tﬁea'rcscissis
1230 807 1623 878 pseudosynodi
1658 807 1809 879 actis,

249 894 340 935 res
371 880 474 935 illis
509 894 601 934 sna
648 877 848 950 integra
881 890 995 935 erat
1020 896 1031 931 :
1056 880 1408 935 Theodoritus
1450 877 1625 950 autem
1658 877 1814 947 longe

251 960 374 1020 ante
406 950 724 1019 Ephesinnm
762 946 1091 1006 conventum
1140 958 1401 1020 suspectae
1440 946 1563 1020 fidei
1600 946 1813 1020 notatus

248 1018 424 1075 fuerat
450 1017 480 1075 ξι
500 1021 773 1076 catholicae
801 1022 1077 1075 sententize
1105 1017 1598 1090 propugnatoribus.
1626 1017 1816 1090 Nesto-

249 1090 334 1145 rio
362 1091 503 1145 visus
542 1100 658 1146 erat
699 1093 1040 1161 patrocinari,
1086 1089 1136 1145 et
1174 1104 1241 1145 ex
1275 1090 1475 1161 erroris
1501 1089 1818 1161 tsuspicione

249 1175 434 1232 ansam
456 1158 757 1232 arripuerat
774 1163 1061 1231 imperator
1081 1177 1201 1216 eum
1217 1175 1247 1214 a
1268 1159 1473 1232 synodo
1487 1158 1815 1214 removendi.

246 1231 425 1296 Quare
452 1232 550 1286 etsi
574 1230 635 1287 et
667 1246 697 1285 a
726 1230 904 1287 Leone
948 1232 997 1285 in
1026 1230 1456 1287 communionem
1488 1237 1734 1298 receptus
1759 1236 1817 1283 et

249 1302 315 1355 ad
334 1299 770 1357 Chalcedonense
791 1300 1083 1356 accersitus
1103 1311 1242 1355 esset
1262 1299 1599 1368 imperatoris
1620 1298 1817 1362 edicto,

249 1387 357 1426 non
390 1372 492 1427 hoc
522 1382 698 1427 tamen
728 1386 837 1426 uno
857 1371 1197 1427 diluebantur
1211 1371 1442 1439 antiquae
1458 1369 1816 1437 suspiciones;

249 1444 345 1512 sed
377 1443 556 1497 futuro
593 1443 796 1512 judicio
838 1442 919 1496 via
963 1444 1265 1511 parabatur,
1310 1442 1394 1495 cui
1439 1449 1493 1512 et
1530 1439 1646 1509 ejus
1689 1439 1822 1512 fides

248 1510 609 1579 discutienda,
661 1522 714 1568 et
755 1510 1184 1567 adversariorum
1225 1511 1591 1567 accusationes
1616 1510 1819 1579 exami-

250 1583 444 1636 nanda:
486 1578 854 1637 servabantur.
901 1582 1028 1638 lnde
1075 1593 1154 1637 est
1195 1581 1337 1652 quod
1364 1581 1629 1652 judicibus
1666 1578 1818 1652 laicis

251 1652 521 1707 introduci
560 1655 805 1709 eumdem
844 1654 894 1707 in
933 1649 1628 1722 synodum'postulantibus
1662 1649 1815 1722 juxta

253 1723 593 1791 imperatoris
630 1724 877 1789 edictum,
926 1719 1030 1777 non
1074 1719 1425 1792 pauci—aliqui
1458 1719 1715 1792 episcopi,
1759 1725 1817 1792 ut

256 1786 819 1879 νῑιὲθερψοέπευιιῑξο.
849 1786 1813 1879 scieris-dustriatéiﬁmtéi
1846 1816 1895 1879 Β

254 1862 528 1928 videlicet,
561 1864 821 1917 Palmstini
868 1858 1232 1933 et_lllyr'iciani
1273 1858 1636 1933 clatnaverunt
1667 1858 1819 1933 :_’_Mi-

249 1933 505 1996 seremini,
551 1934 675 1998 ﬁdes
711 1936 873 2001 perit;
913 1928 1079 2002 luunt
1124 1930 1353 1985 Canones
1388 1930 1629 2002 ejiciunt;
1664 1928 1819 2002 Hunc

247 2003 393 2073 foras
424 2002 634 2066 mittite;
678 2000 982 2073 Magistrum
1023 2001 1249 2055 Nectarii
1283 2000 1423 2070 foras
1460 2002 1673 2073 mittite;
1715 2000 1819 2073 Sy-

246 2071 416 2141 nodus
461 2073 740 2126 orthodoxa
771 2071 1141 2127 ‘Theodoritum
1200 2090 1304 2125 non
1353 2072 1606 2141 suscipit;
1653 2072 1816 2139 Cyril-

247 2140 360 2213 lum
387 2142 481 2213 iste
515 2143 975 2197 anathematizauit.
1020 2142 1126 2196 llos
1166 2143 1303 2197 inter
1342 2141 1622 2211 episc0pos
1658 2141 1819 2213 Illyri-

246 2212 388 2265 ciani
420 2212 607 2267 ducem
646 2213 911 2285 habebant
944 2213 1019 2285 (b)
1052 2212 1580 2285 Thessalonicensem
1611 2214 1819 2285 episco-

248 2296 400 2349 pum,
433 2286 519 2351 qui
546 2300 667 2338 cum
694 2287 837 2340 vices
863 2283 1090 2338 Romani
1114 2284 1348 2353 episcopi
1378 2292 1589 2353 gereret
1616 2285 1663 2337 in
1696 2283 1820 2352 llly-

248 2353 387 2425 rico,
421 2355 487 2425 ab
512 2353 641 2425 ejus
685 2364 811 2410 nutu
844 2354 1107 2425 pendebat
1139 2373 1152 2407 :
1188 2369 1287 2409 nec
1317 2365 1491 2409 tamen
1513 2353 1819 2425 apostolica

247 2422 396 2478 sedis
429 2422 714 2492 judicium,
766 2422 871 2493 quo
908 2425 1262 2481 Tbeodoritus
1305 2425 1372 2479 ab
1408 2422 1563 2477 omni
1600 2424 1819 2478 haeresis

248 2495 461 2565 macula
483 2496 713 2551 mundus
731 2497 1101 2565 pronuntiatus
1125 2497 1312 2561 fuerat,
1339 2495 1551 2550 obstare
1570 2494 1814 2559 credidit,

249 2563 539 2631 quominus
573 2566 661 2621 ille
687 2563 950 2636 a‘synodo
978 2577 1241 2635 tamquam
1277 2566 1342 2621 de
1373 2566 1474 2619 fide
1503 2582 1568 2621 ex
1598 2565 1816 2634 antiquo

249 2646 531 2705 suspectus
549 2646 931 2691 removeretur.
952 2637 1180 2691 Rursum
1202 2652 1327 2691 vero
1345 2636 1811 2705 instantibusjudi-

249 2703 405 2776 cibus
446 2720 565 2759 eum
610 2706 804 2775 recipi,
865 2708 951 2762 vix
1004 2707 1214 2761 tandem
1268 2706 1647 2776 acquieverunt
1672 2703 1813 2760 dicti

249 2775 511 2847 episcopi,
551 2778 697 2846 quasi
723 2793 788 2832 ex
816 2777 1137 2846 indulgentia
1165 2792 1225 2831 ac
1250 2775 1673 2847 dispensatione;
1708 2791 1813 2829 non

248 2846 401 2918 prius
440 2856 619 2902 tamen
654 2863 807 2918 quam
855 2848 927 2918 (c)
967 2849 1173 2901 Maximi
1214 2850 1533 2903 Antiocheni
1577 2848 1816 2916 primatis

249 2914 336 2969 sui
376 2914 684 2971 testimonio
717 2914 871 2973 nulla
899 2914 1132 2973 haeretici
1173 2933 1360 2973 sensus
1407 2927 1550 2986 peste
1577 2914 1817 2970 infectus

249 3001 373 3057 esse
390 2987 743 3043 Tlteodoritus
776 2990 1105 3056 probaretur,
1131 2996 1185 3042 et
1204 2990 1417 3057 insuper
1439 2989 1817 3057 pollicerentur

244 3055 458 3124 judices
471 3059 673 3113 nullum
690 3075 751 3114 ex
775 3055 1053 3128 praesentia
1077 3059 1214 3112 illius
1238 3055 1595 3127 praljndicium
1627 3072 1813 3111 crean-

249 3128 377 3180 dum
410 3143 552 3193 esse,
601 3144 921 3199 causamque
950 3131 1205 3198 integram
1236 3130 1410 3199 futuro
1437 3128 1667 3183 examini
1696 3141 1817 3199 esse

248 3200 627 3270 reservandam
655 3218 666 3252 :
694 3198 878 3270 hisque
906 3198 1166 3269 impositis
1189 3198 1578 3254 conditionibus
1606 3198 1819 3252 tandem

248 3268 521 3323 admissus
550 3280 630 3324 est
656 3268 1027 3325 Tlieodoritus.

328 3338 413 3392 Vl.
455 3340 533 3394 Ad
569 3351 805 3411 octavam
838 3341 1044 3396 concilii
1086 3340 1348 3395 actionem
1390 3341 1479 3395 ubi
1510 3350 1821 3411 perventum

249 3419 357 3472 est,
379 3420 563 3466 vocata
587 3410 684 3465 fuit
715 3414 778 3465 ad
802 3428 1023 3467 examen
1046 3410 1357 3466 Theodoriti
1378 3410 1558 3466 causa.
1585 3413 1825 3479 Cumque

250 3479 678 3553 vociferarentur
719 3482 986 3553 episcopi,
1036 3490 1093 3535 nt
1134 3480 1249 3551 ipse
1275 3483 1574 3536 Nestorium
1604 3485 1826 3536 anathe-

250 3551 552 3623 matizaret,
582 3552 772 3607 restitit
802 3551 1129 3622 aliquandiu,
1158 3567 1261 3606 non
1292 3553 1432 3617 quod
1457 3554 1621 3623 impio
1655 3554 1825 3607 haere-

249 3622 709 3695 siarcliaifaveret
740 3640 754 3677 :
802 3624 907 3695 iam
935 3624 1105 3695 enim,
1142 3632 1198 3677 ut
1223 3638 1285 3678 ex
1312 3622 1543 3695 epistola
1570 3624 1638 3679 68
1666 3624 1823 3695 (nunc

251 3690 348 3761 88)
378 3691 437 3746 S.
476 3692 670 3749 Leonis
710 3695 775 3747 ad
815 3694 1192 3748 Paschasinnm
1235 3690 1499 3761 vidimus,
1541 3695 1591 3749 ei
1619 3690 1823 3749 dixerat

251 3762 537 3818 anathema
568 3779 685 3818 cum
717 3765 925 3819 caeteris
953 3765 1239 3819 Orientalis
1259 3764 1505 3835 dimcesis
1534 3767 1819 3835 episcopis,

250 3848 485 3905 quorum
520 3850 653 3889 unus
680 3843 814 3900 erat,
847 3835 1109 3905 iidemque
1129 3836 1335 3891 actione
1367 3838 1390 3889 1
1422 3834 1821 3890 ChalCedonen-

251 3904 321 3978 s_i.
345 3918 466 3978 cum
486 3904 658 3978 deillo
684 3913 1018 3978 tractaretur,
1046 3906 1182 3978 idem
1211 3916 1335 3960 sunt
1357 3910 1531 3961 testati
1565 3924 1577 3958 ε
1614 3907 1823 3978 1246

254 3971 394 4046 Nos,
441 3974 703 4046 inquiunt,
751 3977 805 4029 in
853 3971 1205 4044 purae/torta
1230 3971 1819 4046 subscripsitttus_:_n'on

253 4044 397 4116 quod
442 4045 753 4116 diverticula
793 4057 1073 4116 quaereret,
1124 4047 1311 4116 quibus
1351 4044 1432 4116 ab'
1465 4047 1821 4101 anathemati-

254 4113 428 4169 zando
458 4114 705 4173 Nestorio
730 4113 910 4188 posset
938 4113 1206 4174 abstinere
1238 4134 1251 4171 :
1278 4115 1396 4171 talia
1423 4119 1563 4172 enim
1588 4118 1653 4172 de
1681 4126 1824 4171 tanto

1136 338 1438 395 DISSERT.
1482 337 1550 393 Χ.
1593 336 1681 390 DE
1720 333 1938 393 CAUSA
1983 332 2391 391 TIIEOBORITI
2428 334 2602 394 CYRI.

251 466 334 539 est
358 456 494 538 quod
519 457 639 539 quis
662 455 967 539 'l'hcodoriti
989 470 1202 539 causam
1228 456 1295 510 ab
1322 456 1419 510 ista
1436 455 1558 539 lege
1572 456 1811 509 eximen-
1836 454 1891 513 Α
1914 452 2027 539 yiro
2050 454 2387 539 comminisci
2412 455 2681 539 indignum
2707 468 2790 512 est
2824 474 2836 509 :
2861 458 2958 539 sed
2988 462 3181 539 partim
3215 461 3341 539 quia
3371 481 3484 539 mo-

3381 343 3486 399 7‘6

3492 433 3512 472 α

1914 524 2045 604 les_te
2074 524 2279 579 ferebat
2320 526 2478 604 aliam
2502 526 2627 604 osibi
2659 541 2840 604 _quan_t
2870 524 3440 604 aliisilegem'imponi
3468 580 3482 601 ,

1913 596 2144 666 quicum
2179 597 2388 651 caeteris
2415 596 2623 651 actione
2648 598 2681 652 4
2709 596 2977 666 professus
3003 596 3177 657 fuerat
3209 596 3482 663 Nicénum

1912 673 1967 742 et
1994 664 2995 742 Constantinopolitanumsymbolum;
3021 674 3300 742 epistolam
3341 677 3485 732 Leo-

1913 736 1997 790 nis
2019 736 2084 814 ad
2112 735 2419 814 Flavianum
2441 778 2456 805 ,
2473 752 2603 814 quae
2643 735 2888 793 Nestorio
2921 735 3200 814 anathema
3238 746 3477 814 dicebat,

1912 808 2192 887 amplexus
2222 808 2425 887 fuerat;
2465 808 2730 887 ﬁdemque
2763 823 2918 887 suam
2946 813 3170 887 solemni
3213 808 3482 887 subscrip-

1916 877 2061 932 tione
2083 878 2389 952 firmaverat
2408 894 2452 952 ;_
2468 879 2659 952 partim
2697 888 2752 931 et
2781 881 3011 952 maxime
3044 884 3163 952 quia
3187 898 3306 941 cum
3333 877 3482 944 dam-

1916 957 2074 1002 natus
2103 962 2135 1002 a
2182 949 2388 1019 synodo
2420 947 2662 1019 ,Dinscori
2687 948 3033 1006 reclamasset
3047 947 3075 1016 ,⁷
3093 955 3267 1010 omnia
3298 959 3399 1014 rite
3428 971 3484 1015 et

1917 1032 2015 1086 pro
2044 1033 2195 1073 more
2216 1018 2584 1073 conciliorum
2622 1034 2687 1073 ex
2727 1019 2916 1075 ordine
2942 1024 3211 1077 recenseri
3244 1040 3304 1081 ac
3329 1044 3479 1084 reco-

1917 1089 2100 1153 gnosci
2140 1089 2377 1151 volebat;
2419 1104 2487 1144 ne
2530 1089 2904 1144 clanculariam
2943 1105 3007 1145 ac
3058 1094 3204 1147 velut
3237 1096 3479 1154 furtivam

1918 1157 2313 1214 absolutionem
2360 1173 2425 1215 ex
2462 1159 2641 1214 delicti
2684 1161 3009 1215 conscientia
3038 1165 3311 1228 quaesiisse
3337 1168 3485 1223 vide-

1917 1236 2087 1283 retur.
2121 1229 2194 1284 Ea
2220 1244 2378 1285 causa
2415 1239 2499 1283 est
2539 1244 2633 1301 cur
2679 1230 2840 1299 relegi
2885 1232 2937 1285 in
2984 1233 3170 1298 primis
3200 1237 3488 1301 postulavit

1922 1307 2029 1373 tam
2084 1314 2279 1373 preces
2316 1300 2847 1373 imp_erat_ori,oquam_
2880 1300 3087 1358 libellos
3141 1300 3326 1373 legatis
3371 1322 3401 1361 a
3426 1322 3485 1362 se

1918 1369 2165 1446 oblatos:
2219 1370 2280 1446 Si
2322 1369 2481 1446 vobis,
2530 1370 2734 1439 inquit,
2762 1370 2995 1446 videtur,
3040 1369 3277 1446 legantur
3314 1391 3487 1432 coram

1917 1440 2077 1517 uobis,
2104 1441 2315 1517 utsicut
2358 1441 2502 1517 sapio
2529 1442 2878 1517 cognoscqtis.
2900 1441 3017 1517 _Nec
3058 1440 3205 1517 prius
3232 1460 3487 1517 compen-

1916 1508 2119 1563 diosam
2148 1510 2287 1586 illam
2318 1508 2725 1586 professionem,
2753 1510 3038 1586 Anatbema
3060 1508 3322 1581 Nestorio,
3350 1508 3481 1586 etc.,

1915 1592 2035 1648 quae
2065 1588 2141 1633 tot
2168 1579 2433 1636 indecoris
2464 1581 2785 1652 clamoribus
2824 1581 3191 1652 ﬂagitabatur,
3221 1579 3340 1643 elici
3366 1603 3395 1642 a
3424 1579 3487 1645 se

1916 1662 2116 1727 passus
2143 1659 2227 1704 est
2251 1665 2457 1727 ,_quam
2501 1650 2659 1705 fidem
2688 1665 2837 1727 suam
2864 1650 2917 1727 _a'
2938 1653 3218 1712 calumniis
3246 1698 3261 1723 ,
3294 1659 3488 1727 quibus

1918 1722 2074 1775 toties
2102 1719 2340 1789 impetita
2368 1720 2572 1786 fuerat,
2604 1722 2879 1789 prolixiori
2916 1729 3214 1781 assertione
3243 1719 3486 1785 vindica-

1919 1798 2047 1861 ret:
2086 1806 2190 1861 qua
2232 1790 2441 1857 publice
2469 1793 2774 1859 enuntiata,
2817 1793 2945 1847 dixit
2985 1794 3268 1851 Anathema
3297 1798 3486 1854 Nesto-

1919 1860 2018 1933 ηερ,
2047 1860 2152 1916 etc.
2184 1860 2413 1933 Sanctus
2439 1863 2635 1933 quippe
2666 1862 2754 1917 ille
2780 1864 3061 1933 episcopus
3091 1866 3159 1921 de
3186 1868 3488 1933 integritate

1921 1930 2043 1986 ﬁdei
2092 1947 2204 1986 sua:
2241 1932 2523 2002 probanda
2557 1930 2687 2002 (quo
2724 1930 2993 2002 antiquius
3046 1936 3177 1992 nihil
3220 1930 3488 1997 catltolico

1918 2002 2193 2075 sacerdoti
2209 2016 2327 2075 esse
2356 2001 2537 2073 debet)
2569 2001 2749 2075 magis
2770 2001 2886 2075 erat
2912 2006 3203 2071 sollicitus,
3242 2026 3399 2075 quam
3431 2021 3489 2067 ut

1918 2071 2003 2127 vel
2031 2073 2236 2147 synodo
2262 2071 2553 2147 interesse,
2591 2071 2685 2147 vel
2708 2072 2973 2147 Ecclesiae,
2988 2071 3341 2147 dignitatique
3376 2094 3487 2136 sua:

1918 2142 2125 2218 restitui
2152 2152 2387 2218 curaret.
2426 2142 2574 2218 Vere,
2596 2144 2783 2214 inquit,
2807 2161 2909 2218 non
2940 2142 3077 2218 dico,
3110 2149 3209 2202 nisi
3239 2142 3489 2218 quomodo

1918 2214 2035 2293 noui
2080 2213 2207 2293 Deo_
2244 2215 2442 2283 placere
2487 2216 2644 2293 prius.
2675 2213 2999 2282 persuadebo
3053 2218 3166 2293 (al._
3202 2213 3489 2293 satisfacio)

1918 2285 2053 2361 uobis
2076 2326 2091 2350 ,
2120 2286 2242 2353 quia
2277 2300 2444 2361 neque
2464 2285 2526 2339 de
2550 2285 2750 2361 civitate
2776 2302 2926 2361 curo,
2961 2285 3121 2361 neque
3146 2285 3338 2344 honore
3363 2285 3489 2361 opus

1919 2354 2109 2423 habeo,
2136 2371 2295 2431 neque
2320 2356 2379 2408 ob
2424 2356 2520 2431 hoc
2539 2357 2681 2419 veni;
2704 2358 2791 2410 sed
2817 2357 2939 2425 quia
2966 2354 3279 2431 calumniam
3305 2354 3487 2431 passus

1916 2427 2228 2501 sum,__ver_t_i_
2258 2426 2558 2501 persuadere
2595 2441 2683 2501 me
2731 2441 2839 2480 esse
2893 2428 3231 2501 orthodoxam
3268 2426 3481 2501 (Chalc.

1916 2506 2016 2549 act.
2060 2496 2138 2568 8).
2171 2496 2264 2552 His
2300 2498 2366 2550 ita
2408 2498 2637 2568 peractis
2661 2537 2676 2559 ,
2708 2505 2764 2551 et
2790 2497 3089 2568 omnitunc
3122 2496 3338 2555 demum
3378 2520 3485 2558 non

1914 2568 2345 2640 scrupulositate,
2374 2567 2468 2622 sed
2487 2567 2838 2640 dubitatione.
2859 2577 2917 2622 ut
2934 2567 3141 2635 judiccs
3172 2570 3484 2640 loquuntur,

1915 2638 2141 2709 sublata,
2199 2648 2381 2691 secuta
2428 2648 2513 2693 est
2553 2638 2743 2709 synodi
2796 2640 3091 2700 sententia.
3141 2638 3261 2709 qum
3316 2638 3484 2699 sancti

1916 2707 2374 2777 Leonisjndicium
2395 2707 2827 2763 communionem
2858 2724 3008 2763 suam
3032 2707 3356 2766 Theodorito
3386 2716 3489 2768 im-

1917 2780 2194 2846 pertientis
2242 2779 2543 2848 approbans
2592 2788 2751 2847 atque
2798 2780 3144 2845 confirmans,
3198 2797 3309 2837 suae
3360 2800 3483 2838 eum

1916 2849 2031 2902 sedi
2051 2850 2313 2912 restituit,
2348 2848 2484 2903 hanc
2518 2849 2849 2917 petissimum
2892 2848 3077 2915 judicii
3114 2865 3329 2905 causam
3360 2853 3488 2907 all‘c-

1916 2932 2041 2992 rens
2074 2935 2087 2971 :
2123 2919 2201 2988 (ἀ)
2237 2917 2523 2992 Quoniam,
2571 2917 2781 2992 inquitl,‘
2798 2927 2847 2971 et
2898 2918 3194 2992 Nestorium
3243 2931 3289 2992 et
3325 2920 3488 2992 Euty-

1918 2986 2043 3041 chen
2070 2986 2172 3042 non
2224 2988 2391 3040 solum
2418 2986 2653 3054 scripto,
2693 2988 2781 3057 sed
2823 2997 2871 3041 et
2901 2989 2993 3041 sub
3023 2991 3293 3057 praesentia
3334 2986 3489 3046 totius

1919 3073 2177 3112 consessus
2212 3074 2298 3111 ore
2335 3058 2541 3127 praprio
2568 3056 3031 3112 anathematizauit.

1992 3128 2099 3184 VII.
2137 3130 2215 3183 Ex
2248 3128 2403 3183 dictis
2428 3128 2664 3196 intellige
2686 3168 2701 3198 ,
2735 3128 2943 3181 erudite
2975 3129 3175 3191 lector,
3204 3144 3360 3198 quam
3388 3131 3489 3186 mi-

1922 3214 2045 3254 sere
2074 3201 2126 3254 in
2159 3200 2274 3269 ipso
2305 3199 2598 3252 meridiano
2621 3197 2735 3270 sole
2764 3199 3066 3263 ctecutiant,
3099 3198 3188 3268 qni
3214 3197 3488 3270 episcopos

1924 3285 2041 3324 rum
2074 3271 2124 3324 in
2156 3268 2418 3341 synodum
2457 3268 2839 3341 tecumenicam
2877 3268 3287 3325 coalescentium
3310 3268 3492 3327 sacro-

1924 3350 2161 3395 sanctam
2187 3338 2577 3395 auctoritatem
2627 3338 2987 3407 deprimentes
3024 3354 3089 3394 ac
3137 3341 3365 3397 ludibrio
3404 3343 3492 3398 ha-

1926 3410 2111 3483 bentes
2141 3410 2521 3483 (multo_magis
2542 3419 2719 3483 autem
2749 3419 2907 3465 extra
2945 3410 3229 3481 synodum)
3282 3413 3353 3483 (e)
3382 3430 3492 3469 me.

1924 3496 2038 3553 ram
2062 3480 2169 3537 illis
2203 3480 2407 3553 1247
2438 3480 2825 3553 pontificiorum
2854 3480 3222 3553 mandatorum
3255 3480 3488 3539 exsecu-

1926 3552 2127 3608 tionem
2156 3551 2349 3608 exis_uo
2368 3551 2551 3607 'ofﬁcio
2577 3561 2881 3620 competere
2906 3552 3255 3618 contendunt,
3288 3565 3399 3608 tum
3436 3556 3487 3609 in

1926 3624 2047 3688 hac,
2086 3623 2154 3679 de
2198 3638 2301 3690 qua
2345 3623 2571 3693 agimus,
2608 3636 2799 3687 causa,
2840 3624 3032 3678 tumin
3062 3623 3183 3679 aliis
3223 3626 3491 3680 omnibus.

1924 3693 2055 3749 Cum
2089 3695 2264 3763 potius
2291 3693 2595 3761 apostolica:
2615 3694 2757 3748 sedis
2786 3694 2897 3749 haec
2922 3695 2990 3748 sit
3016 3710 3119 3749 non
3144 3694 3323 3749 infima
3356 3696 3493 3764 laus,

1923 3766 2247 3836 synodorum
2276 3767 2726 3821 mcuntenicarum
2777 3767 3160 3836 exsecntricem
3209 3780 3348 3822 esse.
3380 3767 3495 3820 Tali

1924 3834 2065 3891 enim
2106 3837 2455 3905 praerogativa
2483 3836 2741 3905 gloriatus
2770 3845 2853 3890 est
2890 3834 3131 3890 Gelasins
3165 3851 3317 3903 papa,
3352 3851 3497 3891 eam-

1926 3923 2027 3977 que
2050 3904 2163 3962 sedi
2189 3904 2301 3960 suai
2327 3921 2422 3975 pro
2444 3904 2543 3977 suo
2567 3906 2774 3977 scilicet
2794 3904 3090 3977 principatu
3125 3920 3367 3977 asserere
3389 3921 3494 3961 non

1925 3974 2137 4032 erubuit
2168 3974 2391 4043 epistula
2433 3975 2535 4029 l3:
2568 3974 2917 4041 Conﬁdimus,
2946 3974 3135 4041 inquit,
3160 3976 3296 4039 quod
3325 3977 3498 4027 nullus

1916 4050 2031 4118 jam
2057 4048 2297 4100 veraciter
2319 4044 2635 4118 Christianus
2664 4046 2859 4118 ignore!
2892 4044 3287 4118 uniuscujusque
3314 4046 3498 4112 synodi

1925 4111 2251 4172 constitutum
2270 4155 2285 4181 ,
2314 4116 2449 4184 quod
2479 4111 2777 4167 universalis
2808 4111 3052 4167 Ecclesia:
3077 4111 3303 4181 probavit
3324 4111 3499 4167 assen-

1308 4252 1866 4311 BALLERINIORUM
1903 4252 2449 4311 ANNOTATIONES.

330 4392 408 4463 (a)
425 4391 488 4447 Hi
514 4405 701 4447 omnes
729 4391 780 4446 in
806 4395 970 4462 prima
999 4394 1207 4448 actione
1223 4393 1459 4448 Dioscuri
1486 4400 1540 4447 et
1567 4392 1823 4463 Eutychis

258 4463 587 4534 prmjudiciis
614 4463 801 4517 irretiti
827 4470 1007 4529 erant;
1041 4479 1103 4519 ac
1132 4464 1351 4534 proinde
1377 4464 1506 4518 nihil
1536 4463 1751 4525 mirum.
1780 4465 1823 4517 si

255 4534 601 4590 Theodoreto
620 4574 633 4597 ,
659 4548 815 4601 quem
846 4534 1127 4590 Dioscorus
1168 4534 1243 4589 uti
1284 4535 1651 4590 Nestorianum
1678 4534 1827 4589 dam-

259 4613 503 4668 naverat,
531 4604 966 4658 adversabantur.

330 4675 408 4747 (b)
440 4675 752 4747 Anastasius
782 4673 1275 4747 Thessalonicensis
1302 4675 1521 4744 aberat,
1554 4684 1607 4732 et
1627 4674 1827 4731 solum-

258 4744 419 4801 modo
442 4760 537 4815 per
559 4745 783 4814 legatum
813 4744 1073 4800 interfuit.

1926 4388 2161 4445 membris
2189 4386 2440 4458 praesidet
2462 4386 2613 4458 (sunt
2646 4383 2888 4458 formulae
2912 4384 3076 4453 ipsius
3096 4383 3305 4458 concilii
3333 4384 3493 4442 Chal-

1926 4454 2242 4516 cedonensis
2269 4460 2320 4512 in
2348 4454 2610 4512 relatione
2639 4456 2705 4510 ad
2734 4455 2990 4521 Leonem,
3025 4454 3177 4510 nobis
3205 4457 3363 4524 epist.
3396 4459 3492 4525 98,

1926 4546 1977 4587 c.
2011 4530 2063 4601 1)
2107 4545 2225 4586 esse
2262 4542 2417 4584 veros
2464 4528 2677 4601 judiees
2717 4536 2876 4601 atque
2921 4527 3284 4601 legislatores,
3327 4544 3389 4601 ac
3422 4531 3502 4585 uti

1929 4596 2064 4657 tales
2092 4596 2483 4671 controversias
2520 4596 2771 4671 definire,
2792 4596 2954 4671 ferre
2983 4596 3305 4671 Sententias,
3324 4670 3333 4671 ί
3352 4600 3499 4671 leges

1928 4671 2180 4737 condere,
2212 4681 2267 4726 et
2293 4669 2359 4725 ad
2389 4670 2787 4725 exsecutionem
2826 4668 3077 4739 obligare.
3112 4669 3280 4725 Editis
3305 4668 3501 4727 deinde

1928 4742 2140 4799 concilii
2167 4741 2397 4798 decretis
2426 4741 2584 4796 iidem
2617 4748 2801 4809 postea
2827 4748 3173 4795 exsecutores
3205 4741 3356 4805 fiunt,
3377 4757 3499 4799 cum

329 4816 407 4887 (ε)
439 4802 767 4896 λεῃιιξςῗρρει
796 4816 1151 4896 testimonium
1184 4816 1401 4896 Maximi
1420 4858 1447 4896 ,_
1464 4826 1515 4872 et
1541 4815 1828 4896 postjudi-
1851 4802 1904 4865 D
1927 4828 1990 4896 ea
2022 4814 2330 4896 ad_pra{im
2361 4802 2669 4896 deducunt“,
2703 4811 2784 4896 uti
2820 4810 3123 4896 obligantur
3144 4827 3163 4896 ‘:
3195 4817 3249 4896 et
3280 4802 3499 4896 bactra:

258 4902 383 4943 cum
416 4886 851 4955 pollicitationem
870 4887 940 4940 illi
958 4889 1331 4942 reclamarunt.
1361 4888 1542 4943 Solum
1564 4887 1829 4955 judicibus

258 4962 462 5013 iterum
489 4972 550 5011 ac
587 4958 744 5027 tertio
773 4958 1079 5026 urgentibus
1123 4957 1175 5012 in
1205 4958 1387 5013 eadem
1423 4959 1631 5013 actione
1659 4958 1829 5027 prima

255 5026 706 5084 acauiescendum
735 5027 853 5081 fuit.

365 5045 706 5082 utescenuum
735 5045 853 5081 ιιιιι.

324 5045 417 5171 ῗά)
449 5096 581 5152 Cum
621 5097 689 5171 de
739 5097 1076 5171 Theodoreto
1115 5108 1288 5171 actum
1334 5098 1583 5171 fueritin
1625 5096 1829 5171 decima

258 5168 514 5229 actione.
556 5176 615 5222 ut
641 5169 703 5222 iis
745 5170 1029 5224 satistierct
1073 5169 1163 5237 qui
1196 5171 1262 5224 de
1300 5172 1415 5239 ejus
1454 5170 1556 5224 fide
1598 5168 1833 5239 ambige-

259 5242 431 5304 bant,
469 5240 533 5294 iis
570 5239 773 5308 publica
814 5239 930 5308 ejus
960 5238 1344 5310 protestatione
1375 5240 1668 5301 convictis,
1711 5238 1827 5293 hzec

337 5310 603 5365 tissimum
631 5310 780 5381 ratio
822 5309 1043 5364 istorum
1102 5326 1258 5365 causa
1306 5310 1591 5381 ingerenda
1630 5309 1729 5364 fuit
1772 5310 1825 5362 in

260 5379 383 5454 ipsa
411 5379 675 5454 sententia
693 5420 717 5454 ,_
738 5396 894 5449 quam
918 5380 1072 5454 legati
1102 5379 1526 5454 pronuntiarunt,
1548 5381 1616 5435 ita
1652 5391 1826 5454 tamen

260 5449 322 5507 tit
364 5450 490 5505 huic
528 5450 720 5504 rationi
758 5449 1108 5519 praemiserint
1144 5452 1338 5507 Leonis
1365 5452 1651 5521 judicium,
1692 5449 1830 5521 sicut

256 5524 430 5577 etiam
487 5521 626 5594 istud
673 5518 924 5594 universa
973 5522 1205 5594 synodus
1260 5524 1313 5575 in
1363 5518 1830 5594 acclamationibus

254 5592 756 5649 commendaverat.
788 5591 984 5647 Confer
1005 5591 1273 5649 observat.
1299 5608 1445 5646 num.
1465 5593 1517 5644 4.

339 5663 413 5734 (e)
448 5663 613 5735 Nemo
651 5663 941 5735 catholicus
982 5664 1201 5719 inticiari
1251 5672 1427 5735 potest
1467 5664 1748 5732 episcopos
1777 5662 1827 5716 in

254 5733 515 5790 conciliis
573 5734 864 5802 praesertim
912 5733 1264 5789 (ecumenicis
1306 5749 1407 5790 una
1455 5749 1573 5789 cum
1620 5746 1828 5791 summo

254 5804 525 5881 pontiﬁce
543 5845 557 5867 ,
583 5805 671 5873 qui
696 5805 772 5857 eis
799 5804 877 5858 vel
909 5819 1003 5872 per
1030 5818 1088 5858 se
1109 5842 1125 5869 ,
1147 5804 1230 5859 vel
1264 5818 1355 5873 per
1380 5805 1580 5873 temtas
1606 5811 1659 5856 ut
1681 5812 1830 5871 εαριμ

635 5894 902 5954 ΡΑτιιοι.
949 5892 1075 5955 LV.

1933 4886 2077 4940 tione
2104 4880 2204 4954 ipsi
2225 4882 2452 4939 Romani
2472 4880 2751 4954 pontifices
2771 4895 2890 4954 sese
2903 4889 3251 4954 exsecutores
3276 4880 3499 4954 professi

1931 4964 2086 5025 sunt,
2116 4950 2173 5009 ut
2202 4970 2268 5010 ne
2294 4950 2551 5009 tamen—in
2583 4954 2743 5025 rebus
2767 4952 2831 5006 ad
2860 4952 3197 5025 disciplinam
3229 4950 3499 5025 pertinen-

1933 5017 2344 5107 tibus'_potestas
2369 5023 2712 5107 dispensandi
2741 5031 2831 5104 aut
2861 5017 3107 5107 mutandi
3122 5017 3499 5107 aliquid,cum

1932 5091 2187 5170 gxpedire
2210 5091 2832 5170 videatur,_ip_s_is_negari
2860 5101 3037 5170 queat.
3064 5091 3114 5143 In
3144 5102 3300 5170 causa
3324 5098 3501 5170 autem

1934 5158 2257 5241 Theodoreti
2316 5158 2745 5241 licet'judicium'
2786 5158 3310 5241 apostolicmhsedis,
3349 5160 3500 5241 .quod

1934 5238 2163 5293 concilio
2185 5231 2650 5306 prtecessit,'illum
2673 5233 2962 5306 restituerit
2986 5231 3323 5306 restitutione
3340 5231 3509 5299 juris;

1930 5308 2153 5380 actualis
2186 5301 2372 5380 tamen
2400 5301 2696 5380 restitutio
2740 5303 2913 5357 eidem
2960 5301 3503 5380 concilio__reservata

1928 5378 2048 5441 fuit,
2075 5386 2133 5432 ut
2152 5378 2535 5447 explicabimus
2565 5376 2617 5429 in
2648 5377 2865 5447 observ.
2891 5387 3037 5424 num.
3072 5374 3168 5447 ll),
3198 5370 3503 5447 ibidemque

1930 5448 2091 5504 etiam
2121 5441 2466 5503 ostendemus
2510 5462 2656 5499 num.
2684 5444 2717 5497 9
2738 5487 2751 5508 ,
2781 5452 3044 5513 quatenus
3088 5442 3202 5494 sine
3225 5441 3335 5513 ullo
3360 5442 3504 5513 sedis

1931 5518 2236 5591 apostolica:
2264 5516 2581 5591 praejudicio
2625 5511 2830 5569 licuerit
2869 5511 3074 5582 synodo
3107 5511 3504 5591 post_judiciut_n

1934 5582 2129 5645 Leonis
2150 5604 2212 5643 ea
2241 5582 2308 5644 de
2330 5582 2488 5643 causa
2521 5587 2711 5641 iterum
2740 5596 3090 5653 cognouere,
3124 5592 3179 5634 ut
3210 5582 3505 5653 dubitanti-

1935 5661 2035 5715 bus
2084 5658 2402 5725 satisﬂeret,
2452 5657 2690 5725 nihilque
2722 5652 2884 5709 Leoni
2934 5652 3245 5727 subreptum
3282 5665 3358 5727 ex
3393 5652 3506 5727 ipsa

1936 5730 2259 5786 Theodoreti
2309 5721 2645 5787 confessione
2675 5736 2830 5797 atque
2862 5721 3198 5777 anathemate
3237 5724 3286 5775 in
3318 5721 3505 5778 Nesis-

1934 5802 2067 5856 rium
2100 5811 2321 5870 pateret.

3082 5884 3156 5947 21s
