3994 6310
195 225 293 284 749

1079 227 1379 284 DISSERT.
1425 227 1489 282 x.
1535 228 1620 282 ne
1661 228 1884 284 causa
1927 213 2342 283 rationein“
2382 223 2558 286 εγω.

3354 220 3458 290 7'50

195 345 577 423 Ephesumper
602 346 842 423 Dioscuri
873 355 1014 402 artes
1042 346 1380 423 furoremque
1403 347 1609 403 fuerant
1639 363 1757 423 per-
1785 356 1832 411 Α
1864 358 2063 412 verunt,
2094 365 2208 423 cum
2243 353 2379 405 oumi
2409 351 2672 423 privilegio
2694 361 2920 423 aper-teat
2943 356 3035 423 jus
3063 354 3331 423 proprium
3360 372 3445 410 re-

192 427 416 487 petrata.
438 420 568 472 Haec
595 428 677 473 est
693 418 901 488 integra
931 434 1090 474 causa
1113 420 1258 486 ﬁdei,
1287 418 1373 474 cui
1401 423 1652 474 nimirum
1686 421 1754 472 ita

192 504 452 562 connexa:
475 499 636 560 atque
665 491 966 562 intertexta;
995 500 1150 562 erant
1181 506 1530 559 personarum
1563 506 1764 562 causae,

191 576 396 624 eorum,
427 561 661 631 inquam,
681 577 915 630 quorum
939 561 1073 617 ﬁdes
1090 564 1170 617 vel
1201 571 1474 630 suspecta,
1497 563 1584 617 vel
1607 561 1766 617 accué

189 643 323 690 sata,
352 631 437 686 vel
460 631 708 687 damnata
727 673 740 697 ,
768 633 851 688 vel
878 634 1208 688 calumniose
1237 633 1490 688 inlamata
1522 642 1639 688 erat
1661 676 1674 697 ,
1711 642 1766 688 ut

189 704 235 756 si
285 702 540 773 Eutycius
590 703 864 773 perﬁdiam
907 719 970 760 ac
1014 705 1398 773 rebellionem,
1433 705 1478 759 si
1523 704 1765 760 Dioscuri

190 773 457 842 improbas
508 774 970 842 machinationes,
1028 785 1083 830 et
1126 791 1246 845 quae
1295 786 1582 831 consecuta
1639 785 1760 844 est,

188 847 705 912 exauctorationem;
749 848 794 900 si
829 848 1092 910 Flaviani,
1124 845 1384 910 Eusebii,
1415 847 1752 914 'l‘heodoriti,

189 916 519 985 aliorumque
538 918 958 973 orthodoxorum
975 919 1345 987 episcoporum
1363 917 1762 973 damnationem

186 1000 250 1041 ac
276 988 692 1053 restitutionem,
725 1004 754 1042 a
783 988 904 1044 ﬁdei
933 1003 1096 1044 causa
1126 989 1406 1057 recideris,
1428 989 1538 1059 jam
1570 989 1761 1044 eadem

187 1072 375 1130 magna
391 1061 476 1113 sui
499 1069 893 1130 parteitrunca
924 1061 1026 1115 erit
1069 1075 1132 1115 ac
1174 1062 1378 1114 mutila.
1430 1059 1589 1115 Aliud
1637 1075 1766 1130 ergo

186 1129 409 1199 simplex
442 1129 564 1185 ﬁdei
593 1129 855 1199 deﬁnitio,
895 1131 1037 1185 aliud
1063 1146 1224 1186 causa
1258 1132 1403 1194 ﬁdei,
1435 1130 1542 1184 hoc
1569 1129 1764 1186 saltem

189 1201 240 1254 in
267 1203 502 1270 negotio.
544 1202 640 1257 Illa
669 1202 832 1256 solius
869 1202 1153 1258 catholica:
1182 1203 1425 1258 veritatis
1467 1201 1768 1256 assertione

186 1273 521 1337 continetur;
553 1276 666 1327 haec
697 1275 915 1342 insuper
935 1281 994 1328 et
1018 1273 1394 1329 hatreticorum
1427 1314 1442 1338 ,
1486 1273 1575 1342 qui
1599 1272 1762 1327 ﬁdem

186 1342 481 1411 ejerarunt,
527 1344 958 1408 damnationem,
1011 1352 1065 1398 et
1102 1345 1516 1407 catholicorum,
1561 1344 1652 1412 qui
1695 1344 1762 1400 ab

187 1412 461 1486 haereticis
481 1413 740 1486 accusati,
772 1414 1009 1469 damnati
1038 1415 1373 1486 depositique
1401 1423 1542 1480 sunt,
1560 1414 1766 1470 absolu-

186 1484 390 1558 tionem
427 1500 491 1539 ac
535 1485 1068 1558 redintegrationem,
1111 1484 1766 1558 omnimodamutrorum-

187 1570 296 1623 que
320 1556 710 1612 discessionem
727 1557 1114 1625 complectitur.
1140 1556 1597 1624 Quemadmodum
1618 1557 1758 1610 enim

188 1641 302 1699 non
351 1628 603 1699 eaplena
625 1637 708 1681 est
745 1629 944 1681 erroris
969 1627 1261 1693 abdicatio,
1286 1642 1405 1699 qute
1431 1642 1551 1699 eum
1585 1627 1760 1694 impiis

189 1697 558 1767 dogmatibus,
585 1712 769 1752 eorum
781 1699 982 1768 pariter
999 1705 1244 1754 auctores
1275 1697 1602 1768 manifestos,
1633 1711 1761 1752 con-

193 1768 477 1838 fessusque
506 1770 584 1824 vel
613 1767 886 1823 convictos
915 1783 1019 1822 non
1047 1769 1289 1832 damnat;
1316 1767 1388 1822 ita
1419 1769 1623 1838 integra
1653 1783 1759 1822 non

190 1848 281 1892 est
312 1837 427 1893 hrec
454 1839 574 1893 ﬁdei
597 1837 855 1904 defensio,
887 1854 1005 1908 qua:
1037 1839 1500 1894 omnescatholice
1528 1837 1765 1894 Sentien-

185 1917 406 1981 tesnon
435 1909 683 1981 suscipit;
717 1924 825 1964 non
849 1911 1002 1978 plena
1033 1911 1260 1965 assertio
1278 1952 1292 1977 ,
1320 1924 1441 1981 quae
1479 1911 1764 1980 episcopos

179 1979 487 2052 catholicos
517 1979 572 2033 in
608 1979 827 2034 haeresis
856 1981 1215 2052 suspicionem
1259 1979 1354 2051 per
1397 1979 1764 2052 improborum

178 2049 489 2123 calumnias
487 2058 721 2123 _vocat_os
743 2066 848 2105 non
879 2051 1140 2116 vindicat;
1167 2049 1271 2106 non
1287 2049 1492 2123 integra
1523 2052 1765 2120 victoria,

177 2121 230 2173 si
261 2162 275 2184 ,
311 2131 367 2176 ut
389 2120 457 2176 de
483 2120 814 2176 Theodorito
841 2137 1004 2194 agens
1033 2123 1142 2178 Leo
1165 2133 1350 2178 noster
1378 2120 1591 2188 scribit,
1626 2125 1770 2194 quis-

174 2207 364 2267 quam
378 2209 469 2267 est
497 2193 582 2267 eis
594 2209 708 2267 _non
734 2193 1117 2267 victorexiret,
1171 2211 1389 2265 quorum
1418 2197 1536 2267 jam
1584 2193 1771 2250 uicerat

174 2263 321 2336 ﬁdes
344 2263 536 2336 (Epist.
558 2264 650 2329 95,
674 2281 806 2336 nunc
836 2264 959 2332 19.0,
982 2282 1097 2336 cap.
1125 2263 1204 2333 5').

258 2332 332 2407 Χ.
355 2332 489 2391 Haec
516 2349 701 2407 causa
730 2334 852 2391 ﬁdei
875 2332 1171 2407 expositio,
1198 2336 1298 2392 etsi
1325 2339 1454 2392 satis
1476 2352 1543 2393 ex
1565 2353 1624 2392 se
1653 2353 1773 2405 per-

174 2405 394 2480 spicua
411 2405 916 2480 est,genuinaesse
943 2405 1217 2480 magisque
1243 2409 1681 2480 comprobabitur
1705 2424 1772 2464 ex

171 2477 362 2562 ipsius
374 2477 570 2562 Leonis
581 2477 842 2562 epistolis,
859 2493 988 2560 quas
1007 2477 1198 2562 partim
1220 2487 1344 2534 ante
1357 2477 1622 2562 synodum
1642 2480 1774 2562 scri-

172 2549 319 2621 psit,
340 2552 534 2621 partim
550 2549 844 2621 procatiem
860 2549 1159 2621 recipienda
1173 2565 1235 2606 ac
1247 2549 1607 2606 conﬁrmanda
1619 2549 1773 2606 .Cum

172 2619 336 2674 enim
350 2635 379 2693 a
396 2619 696 2693 Theodosio
709 2619 948 2693 Augusto
959 2619 1261 2692 generalem
1285 2623 1547 2693 synodum
1563 2623 1773 2676 enixius

170 2691 520 2760 postularet,
562 2691 686 2762 quid
727 2692 795 2747 ab
843 2706 904 2762 ea
939 2693 1296 2762 praestandum
1318 2691 1542 2762 'sperat?
1571 2693 1683 2749 Hoc
1718 2694 1774 2748 in

170 2763 382 2832 primis
431 2780 444 2816 :
486 2762 552 2818 Ut
584 2761 760 2816 omnes
801 2761 1103 2830 olfentiones
1148 2766 1222 2818 ita
1264 2761 1369 2818 aut
1406 2764 1648 2833 repellat,
1685 2775 1775 2818 aut

172 2836 410 2905 mitiget,
443 2851 506 2889 ne
542 2833 738 2905 aliquid
783 2838 918 2888 ultra
948 2837 1013 2889 sit
1043 2836 1120 2889 vel
1148 2837 1198 2888 in
1221 2836 1321 2902 ﬁde
1345 2835 1586 2898 dubium,
1618 2833 1697 2890 uel
1723 2836 1779 2888 in

168 2903 443 2978 chafitate
469 2903 703 2958 divisum.
741 2905 821 2959 Ad
863 2905 978 2960 ha-c
1007 2923 1030 2978 εί
1057 2905 1122 2960 Ut
1151 2908 1403 2978 episcopi,
1439 2907 1526 2976 qui
1553 2907 1780 2978 superati

169 2977 346 3030 minis
376 2986 528 3048 atque
548 2978 748 3046 injuriis
777 2993 807 3029 a
835 2977 1057 3029 veritatis
1081 2979 1278 3029 tramite
1306 2978 1567 3048 deuiarant
1588 3017 1604 3042 ,
1637 2977 1779 3029 salu-

169 3049 390 3102 taribus
433 3046 666 3101 remediis
702 3048 754 3099 in
797 3048 1049 3116 integrum
1079 3055 1391 3101 revocentur.
1424 3046 1686 3114 Denique,
1721 3056 1776 3099 ut

1871 424 2083 490 formari
2116 421 2304 494 (Ibid.,
2336 439 2382 476 c.
2435 422 2512 494 '5).
2538 421 2652 476 iam
2691 421 2974 489 intelligis,
3022 421 3192 478 lector
3219 425 3449 493 erudite,

1868 506 2086 568 causam
2121 494 2245 548 ﬁdei
2288 508 2408 568 esse
2446 507 2660 568 causam
2695 494 3066 568 episcoporum
3107 496 3202 566 qui
3227 513 3318 566 pro
3349 499 3452 568 ﬁde

1869 563 2272 636 laboraverunt,-
2317 567 2405 636 qui
2457 563 2690 636 heresim
2731 579 2834 618 non
2881 563 3200 632 recipientes,
3227 563 3450 623 sedibus

1867 635 1976 687 suis
2003 637 2162 704 pulsi,
2186 647 2234 692 et
2253 641 2310 690 in
2329 635 2527 691 exsilia
2557 635 2809 707 deportati
2835 645 2987 700 sunt;
3014 651 3238 707 quosque
3273 649 3339 692 ad
3371 642 3451 695 in-

1870 703 2198 778 fringendam
2229 708 2534 762 catholicam
2563 703 2714 772 ﬁdem
2742 715 2786 759 et
2812 708 2877 778 ad
2901 703 3255 762 exsecrabilem
3287 713 3450 764 luere.

1866 780 1962 830 sim
1983 777 2333 833 roborandam
2368 779 2631 847 privilegio
2660 777 2869 830 honoris
2891 789 3130 847 exuerant
3148 779 3336 844 (Epist.
3357 784 3446 844 75',

1869 864 2009 920 nunc
2029 848 2121 915 95,
2153 867 2201 904 c.
2229 849 2311 920 2).
2335 845 2720 920 Horumuuum
2744 861 2862 920 esse
2875 845 3262 904 ‘l‘heodoritum
3289 868 3447 908 nemo

1870 919 2077 991 inﬁcias
2121 918 2279 983 ierit,
2311 923 2402 991 qui
2445 918 2765 991 meminerit
2789 919 2960 991 ipsum
2995 933 3022 991 a
3051 931 3236 991 sancto
3267 921 3448 980 Leone

1870 989 2065 1062 (Epist.
2095 993 2185 1058 93,
2220 988 2354 1045 nunc
2377 991 2504 1059 1‘20)
2532 989 2720 1062 eodem
2755 988 3052 1062 hocelogio
3083 988 3344 1062 decorari,
3371 997 3449 1047 in-

1872 1059 2060 1130 terque
2106 1062 2225 1117 illos
2259 1063 2531 1118 recenseri
2562 1061 2650 1132 qui
2681 1073 2776 1127 pro
2807 1059 2909 1132 ﬁde
2939 1059 3199 1116 catholica
3237 1063 3450 1118 labora-

1871 1129 2080 1200 verant,
2101 1137 2296 1204 quique
2318 1133 2520 1202 Spiritu
2547 1129 2733 1204 sancto
2754 1129 3026 1204 iudicante
3049 1132 3278 1204 victores
3293 1135 3454 1204 exie-

1871 1214 2037 1272 rant,
2087 1202 2336 1273 quoniam
2389 1206 2624 1272 ipsorum
2669 1203 2779 1270 jam
2807 1203 3031 1273 "vicerat
3089 1202 3238 1257 ﬁdes.
3293 1202 3454 1260 Vides

1870 1272 2128 1343 praeterea
2176 1283 2252 1340 ut,
2298 1275 2508 1330 silentio
2550 1273 2617 1328 de
2655 1273 2758 1328 ﬁde
2803 1272 3026 1337 indicto,
3054 1273 3449 1343 episc0porum,

1868 1342 1959 1414 qui
1985 1346 2222 1400 Dioscori
2250 1345 2456 1400 artibus
2483 1353 2539 1415 et
2569 1343 2768 1398 malitia
2793 1343 3043 1415 _oppressi
3077 1342 3310 1412 fuerant,
3346 1342 3454 1415 pri-

1869 1413 2033 1470 mitus
2063 1416 2372 1471 vulneribus
2417 1413 2736 1470 medicinam
2781 1413 3005 1483 juStitia:
3045 1416 3170 1469 velit
3218 1413 3453 1478 pentit'ex

1867 1483 2110 1540 adhiberi
2137 1502 2164 1540 a
2188 1501 2338 1541 sacra
2366 1485 2603 1556 synodo;
2635 1498 2690 1540 ut
2711 1485 2888 1542 curari
2919 1500 2948 1539 a
2979 1487 3178 1541 sanctis
3206 1486 3454 1544 Patribus

1864 1566 1992 1628 ante
2028 1559 2205 1612 omnia
2249 1560 2460 1627 cupiat,
2495 1573 2561 1612 ne
2597 1573 2748 1612 suum
2792 1557 3039 1625 cuiquam
3075 1558 3329 1612 honorem
3362 1575 3454 1628 pe-

1866 1627 1975 1682 rire
1987 1628 2291 1699 contingat;
2325 1641 2377 1684 ut
2405 1629 2634 1699 denique
2659 1628 2932 1699 universa,
2955 1643 3072 1698 quae
3098 1627 3450 1686 oﬁ‘ensionem

1791 1733 1839 1794 Β
1865 1709 2288 1794 suum
2331 1698 2837 1794 i"3‘fﬁ?'?‘i_.“.de:
2854 1703 3271 1794 .Ifi’ﬂ?“"i.f."
3280 1710 3449 1794 02‘1"-

1868 1769 2108 1825 Tandem
2133 1779 2190 1825 ul
2225 1773 2288 1826 ad
2327 1770 2598 1826 cumulum
2647 1769 2748 1825 hoc
2802 1770 3082 1836 addamus,
3133 1785 3252 1824 cum
3305 1785 3453 1827 mcu-

1870 1842 2131 1925 menicam
2172 1843 2433 1913 synodum
2480 1843 2792 1925 congregari
2832 1842 3061 1923 supplex
3107 1842 3174 1895 ab
3212 1843 3453 1912 Atlgllsio

1872 1913 2170 1982 postularet
2203 1911 2434 1968 sanctus
2487 1911 2630 1979 Leo,
2682 1911 2827 1967 illius
2859 1914 3230 1982 necessitatem
3277 1931 3452 1968 arces-

1869 1981 1994 2055 sivit
2035 1984 2264 2039 maxime
2294 2001 2359 2039 ex
2382 1984 2754 2055 appellationis
2789 1983 2972 2038 libello
3018 1998 3112 2052 per
3139 1981 3450 2040 Flavianum

1870 2054 2016 2123 dato,
2044 2071 2202 2125 quam
2236 2055 2321 2110 vel
2353 2054 2642 2110 in’irritum
2677 2055 2834 2119 mitti,
2875 2055 2958 2109 vel
2994 2057 3150 2110 aliter
3194 2072 3350 2125 quam
3399 2060 3450 2111 iu

1872 2126 2077 2196 synodo
2129 2125 2343 2191 discuti,
2394 2127 2544 2181 nefas
2583 2142 2701 2196 esse
2740 2125 2996 2196 probabat
3047 2143 3110 2181 ex
3153 2129 3450 2183 canunibus

1879 2195 2089 2270 1252
2113 2195 2987 2270 Sardicensibus‘suhNictenorum
3014 2198 3227 2252 nomine
3252 2199 3450 2254 citatis.

1874 2268 2003 2335 Quae
2022 2268 2202 2322 omnia
2233 2268 2538 2337 hujusmodi
2556 2269 2924 2339 episcoporum
2949 2283 3144 2339 causas
3161 2271 3453 2325 ostendunt

1876 2341 2064 2393 saltem
2115 2356 2219 2394 non
2255 2342 2448 2411 (minus
2493 2339 2557 2393 ad
2597 2338 2754 2411 illam
2794 2338 3054 2408 synodqu
3106 2342 3451 2411 pertinuisse,

1876 2425 2032 2482 quam
2066 2411 2184 2465 ﬁdei
2213 2410 2622 2482 discussionem.
2655 2409 2786 2482 Quis
2809 2411 2970 2482 Aeuim
3017 2409 3144 2465 vero
3177 2415 3453 2482 negaverit

1878 2481 1998 2535 illas
2045 2497 2233 2537 causas
2268 2481 2476 2554 synodo
2529 2481 2770 2554 proprias
2801 2478 2966 2536 fuisse
2996 2482 3146 2550 juxta
3182 2478 3452 2552 pontiﬁcis

1878 2560 2134 2621 mentem,
2154 2553 2372 2624 propter
2400 2569 2533 2624 quas
2563 2553 2790 2606 maxime
2813 2562 2866 2607 et
2893 2569 3137 2610 patut'ws
3159 2554 3302 2608 illam
3331 2570 3453 2609 esse

1877 2626 2304 2694 congregandam
2327 2627 2589 2687 asseruit,
2615 2634 2670 2678 ut
2695 2627 2884 2678 tactam
2915 2641 3034 2680 esse
3064 2642 3128 2679 ex
3162 2627 3454 2695 superiori-

1877 2695 1975 2768 bus
2007 2699 2348 2766 perspicuum
2377 2697 2496 2750 est?
2522 2695 2649 2762 Quis
2683 2711 2800 2749 eam
2834 2697 3159 2768 provinciam
3186 2713 3214 2750 a
3243 2698 3452 2768 synodo

1878 2765 2110 2820 alienam
2141 2765 2309 2834 putet,
2335 2782 2436 2835 qua
2462 2776 2663 2822 remota
2686 2768 2906 2820 omnino
2925 2767 2993 2821 ab
3023 2765 3305 2823 evocaudis
3336 2767 3451 2836 epi-

1879 2836 2057 2904 scopis
2091 2837 2479 2900 abstineretur;
2516 2852 2618 2905 qua
2651 2845 2873 2904 urgente
2896 2875 2912 2900 ,
2953 2847 3104 2904 urget
3143 2841 3338 2904 pariter
3364 2854 3453 2892 co-

1879 2905 2066 2976 genda:
2094 2907 2286 2976 synodi
2325 2907 2658 2960 necessitas?
2690 2907 2833 2959 lianc
2863 2914 3039 2961 autem
3079 2909 3454 2963 necessitatem

1883 2991 1948 3029 ex
1985 2975 2222 3030 Flaviani
2249 2976 2610 3045 appellatione
2648 2977 2776 3030 oriri
2813 2978 2952 3030 ultro
2988 2979 3204 3044 agnovit
3239 2990 3455 3035 sanctus

1883 3046 1992 3100 Leo
2019 3047 2100 3100 his
2127 3046 2306 3102 verbis
2334 3064 2347 3099 :
2375 3046 2539 3111 Quam
2559 3059 2728 3100 autem
2751 3055 2862 3116 post
2888 3048 3285 3116 appellationem
3300 3051 3457 3102 inter-

169 3117 433 3172 omnibus
470 3119 685 3187 querelis
732 3128 778 3170 et
819 3117 1134 3188 prwjudiciis
1173 3119 1334 3189 partis
1373 3118 1636 3187 utriusque
1668 3134 1779 3172 sus-
1805 3117 1850 3180 C
1881 3120 2103 3188 positam
2145 3117 2240 3172 hoc
2280 3118 2560 3172 necessario
2610 3118 2927 3186 postuletur,
2958 3135 3212 3172 canonum
3261 3119 3458 3175 Nicaea

170 3191 405 3259 pensis,
445 3190 735 3261 diligentius
775 3187 1008 3261 universa
1047 3187 1526 3261 qute'oﬂ'ensionem
1564 3205 1779 3261 genera-

168 3271 372 3315 uerant
411 3259 780 3325 retractentur,
826 3269 872 3312 et
926 3260 1114 3327 absque
1157 3259 1362 3313 uulnere
1402 3260 1556 3328 ﬁdei,
1593 3259 1780 3330 absque

168 3331 463 3405 religionis
510 3332 724 3405 injuria,
770 3331 824 3405 in
854 3346 1030 3400 pacem
1070 3330 1258 3405 Christi
1299 3331 1534 3405 redeant,
1564 3334 1650 3400 qui
1690 3347 1779 3405 per

167 3401 546 3474 impotentiam
589 3402 895 3474 subscribere
929 3402 1091 3474 coacti
1117 3409 1235 3455 sunt
1266 3402 1585 3474 sacerdotes_,
1619 3411 1667 3474 et
1685 3401 1778 3455 soli

166 3469 505 3545 auferantur
533 3487 729 3528 errores
757 3469 950 3545 (Epist.
993 3471 1083 3538 40,
1113 3489 1247 3545 nunc
1273 3473 1340 3528 Η
1360 3517 1374 3538 ,
1400 3489 1514 3540 cap.
1547 3471 1624 3538 3).
1653 3473 1780 3527 ΙΙωο

169 3543 376 3600 omnia
395 3545 518 3614 quis
541 3559 644 3598 non
685 3544 863 3598 videat
892 3545 1059 3613 magis
1084 3543 1310 3598 attinere
1336 3558 1590 3612 personas
1619 3559 1778 3614 quam

169 3619 364 3697 ipsam
413 3614 541 3697 fidei
597 3614 991 3697 deﬁnitionem?
1051 3616 1257 3697 1251
1300 3615 1376 3697 De
1417 3631 1518 3697 qua
1565 3625 1777 3697 tantum

168 3685 350 3744 abest
381 3696 446 3741 ut
476 3687 640 3756 (quod
666 3685 957 3740 adversarii
978 3685 1330 3755 contendunt)
1363 3685 1519 3742 unice
1559 3688 1778 3742 tractari

168 3759 230 3813 in
262 3757 496 3830 synodo
533 3757 801 3830 voluerit,
835 3758 1163 3830 quinipotius
1205 3759 1305 3813 hoc
1349 3769 1474 3812 ante
1512 3759 1688 3813 omnia
1725 3769 1779 3814 et

165 3829 371 3886 enixis
399 3829 653 3902 precibus
675 3829 918 3883 obtinere
942 3829 1010 3882 ab
1032 3829 1356 3902 imperatore
1384 3829 1597 3902 sategit,
1631 3840 1687 3885 ut
1711 3830 1780 3886 de

167 3904 291 3958 ﬁde
341 3899 561 3971 penitus
613 3900 896 3971 sileretur,
951 3915 1048 3954 nec
1091 3901 1240 3969 quasi
1277 3899 1438 3955 dubia
1481 3904 1668 3971 iterum
1714 3902 1779 3954 ad

165 3968 434 4029 exaniat
457 3984 754 4041 vocaretur.
786 3970 952 4037 Unde,
981 3968 1166 4040 inquit,
1194 3988 1281 4041 per
1303 3972 1471 4040 ipsum
1501 3968 1782 4026 Dominum

161 4055 435 4101 nostrum
467 4042 645 4098 Jesum
665 4040 954 4106 Christum,
985 4043 1072 4112 qui
1100 4040 1244 4112 regni
1270 4043 1415 4094 vestri
1439 4051 1511 4094 est
1539 4052 1712 4094 auctor
1737 4052 1783 4094 et

161 4126 396 4180 rector,
433 4115 654 4168 obtestor
699 4123 742 4166 et
790 4109 1336 4166 obscero’cleméntiam
1377 4123 1621 4173 uestram,
1650 4121 1702 4164 at
1732 4114 1783 4164 in

158 4189 445 4257 pratsenti
467 4185 660 4256 synodo
689 4183 865 4252 ﬁdem,
897 4200 1046 4252 quant
1070 4181 1251 4257 Patres
1274 4183 1432 4257 nostri
1455 4184 1516 4234 ab
1542 4183 1783 4257 apostolis

153 4253 272 4314 sibi
306 4253 574 4312 traditam
596 4257 958 4324 praedicarunt,
992 4271 1096 4324 non
1120 4253 1386 4320 patiamini
1413 4254 1557 4322 quasi
1579 4253 1785 4306 dubiant

154 4329 539 4386 retractari...
569 4323 759 4400 (Epist.
790 4327 1050 4400 73,}tttttc
1081 4323 1170 4389 90,
1192 4341 1316 4400 pop.
1349 4326 1430 4400 2.)
1453 4324 1673 4400 Allejecta
1701 4341 1786 4400 pe-

154 4404 328 4459 nitus
364 4395 595 4455 audacia
630 4395 925 4470 disputandi
955 4407 1130 4470 contra
1175 4395 1330 4463 ﬁdem
1360 4397 1601 4470 diuinitus
1619 4396 1786 4470 inspi-

151 4485 393 4539 ratam,
427 4488 559 4526 uana
591 4463 872 4524 errantium
912 4467 1191 4536 inﬁdelitas
1233 4467 1549 4539 conquiescat
1585 4463 1778 4539 (Epist.

152 4545 260 4610 72,
303 4536 471 4598 nunc
495 4543 598 4610 93,
644 4558 756 4611 cap.
792 4539 869 4609 2).
903 4540 1006 4595 Sed
1034 4554 1102 4592 ex
1126 4538 1380 4607 subjectis
1404 4537 1577 4592 verbis
1606 4536 1781 4611 adhuc

146 4609 402 4673 clarius
462 4609 660 4677 evadit,
707 4609 927 4681 'pr0ptcr
977 4611 1348 4679 episc0porum
1400 4623 1657 4681 causam,
1697 4609 1780 4662 cui

147 4689 318 4745 ﬁdes
354 4686 614 4742 immixta
652 4680 784 4746 erat,
815 4680 1005 4751 magis
1048 4691 1284 4736 coactam
1332 4694 1451 4735 esse
1495 4680 1779 4750 synodum,

146 4776 348 4830 quam
413 4768 634 4830 propter
669 4757 834 4830 ipsius
859 4753 1608 4830 ﬁdeidelinitionetn,ncujus.
1650 4753 1784 4830 inte-

140 4822 384 4904 g'ritatii
413 4822 569 4904 nihil
599 4827 739 4880 evelli
760 4865 776 4890 ,
817 4825 944 4904 nihil
975 4824 1151 4904 licebat
1184 4825 1398 4904 apponi.
1430 4823 1519 4877 Sic
1543 4822 1783 4904 igitunin

140 4894 436 4973 Epistula
458 4900 526 4973 ad
559 4899 726 4973 ipsam
760 4896 1029 4973 synodum
1069 4895 1559 4973 Chalcedoneusem
1601 4894 1787 4947 scribit

134 4968 428 5032 sitnatus
471 4969 578 5024 Leo
613 4987 626 5022 :
672 4968 802 5033 Quia
841 4983 954 5020 vero
1001 4983 1101 5018 non
1143 4968 1438 5036 ignoramus
1481 4980 1570 5034 per
1603 4980 1786 5036 pravas

135 5043 566 5102 wmulationes
595 5040 871 5094 multarunt
902 5036 1246 5091 Ecclesiarum
1274 5047 1464 5090 statum
1498 5036 1656 5104 fuisse
1677 5045 1788 5088 tur—

135 5123 364 5174 batum
381 5153 410 5181 ,
438 5113 782 5184 plurimosque
809 5109 1090 5184 episcOpos,
1114 5107 1448 5184 quihteresim
1469 5123 1570 5160 non
1593 5113 1786 5174 recipe-

128 5202 270 5248 rent
293 5230 316 5255 ,
339 5181 578 5242 sedibus
597 5183 704 5236 suis
733 5183 906 5250 pulsos
928 5191 984 5255 et
1014 5181 1065 5232 in
1093 5181 1270 5255 cnsilia
1297 5181 1610 5255 deportatos,
1635 5187 1789 5247 atque

131 5267 196 5318 in
241 5249 474 5317 locum
514 5255 846 5322 superstitum
885 5252 1014 5305 alios
1053 5251 1376 5314 substitutos;
1415 5249 1494 5302 his
1539 5263 1785 5322 putlt'ws

126 5330 509 5390 cultioribus
535 5321 836 5379 adhibeatur
861 5322 1341 5392 medicinajustitice
1358 5358 1372 5383 ,
1404 5336 1493 5392 nec
1519 5321 1788 5389 quisquam

120 5412 215 5464 ίια
249 5406 486 5462 αιτιοι
527 5397 782 5468 prapriis,
819 5403 871 5446 ut
909 5397 1036 5446 alter
1057 5391 1228 5468 utatur
1263 5391 1443 5444 alienis
1465 5405 1504 5468 ε.
1533 5407 1672 5468 c_um_
1696 5393 1740 5468 si
1772 5430 1788 5455 ,

121 5460 208 5534 itt—
233 5460 1008 5545 cupimus',_errorem_omnes
1024 5464 1337 5545 relinquunt,
1371 5461 1562 5545 nemini
1587 5460 1791 5545 quidem

118 5530 350 5626 perire.
387 5530 725 5597 uuslwnor
750 5536 946 5600 debeat,
975 5535 1064 5590 sed
1094 5530 1196 5588 illis
1221 5533 1309 5602 qui
1337 5547 1430 5600 pro
1464 5531 1565 5597 ﬁde
1586 5530 1792 5584 labora-

1809 4502 1860 4564 D

1883 3189 2172 3243 habitorum
2205 3190 2405 3243 decreta
2435 3197 2834 3256 testantur,-qu(e
2861 3205 2891 3240 a
2936 3190 3091 3242 totius
3129 3191 3308 3244 mundi
3337 3202 3458 3246 sunt

1881 3261 2228 3316 sacerdotibus
2266 3263 2541 3315 constituta
2571 3260 2763 3331 (Epist.
2798 3260 2866 3314 40
2886 3301 2900 3324 ,
2933 3276 3068 3314 nunc
3086 3262 3187 3325 M,
3231 3280 3343 3330 cap.
3375 3267 3454 3332 5).

1882 3332 2337 3402 Exappellatione
2359 3343 2537 3386 autem
2553 3332 2802 3396 aliorum,
2821 3332 3045 3401 atquein
3070 3334 3254 3402 primis
3275 3333 3457 3389 Theo-

1882 3403 2042 3458 doriti
2063 3443 2078 3468 ,
2115 3419 2296 3471 parem
2329 3404 2706 3458 necessitatem
2738 3417 3028 3471 exsurgere
3063 3419 3283 3459 necesse
3320 3406 3455 3470 fuit,

1882 3489 2002 3529 cum
2026 3484 2080 3529 et
2111 3476 2224 3544 ipse
2249 3483 2552 3546 accusatus,
2585 3475 2864 3528 damnatus
2895 3489 2958 3528 ac
2984 3474 3260 3544 depositus
3288 3489 3454 3546 esset,

1883 3547 1998 3614 ipse
2021 3547 2097 3617 (a)
2120 3545 2381 3616 synodum
2406 3547 2745 3615 appellasset,
2776 3560 2873 3601 nec
2897 3561 2992 3614 pro
3019 3562 3085 3601 eo
3115 3548 3290 3602 minus
3319 3545 3457 3603 lace;

1882 3627 2002 3671 rent
2029 3616 2224 3671 laudati
2251 3632 2282 3670 a
2310 3616 2488 3671 Leone
2517 3631 2750 3690 canones
2770 3657 2784 3682 ,
2828 3632 2986 3686 quam
3039 3633 3134 3684 pro
3165 3618 3418 3674 Flaviano
3437 3665 3452 3690 ,

1883 3703 2001 3742 cunt
2033 3702 2137 3758 quo
2161 3696 2217 3742 et
2244 3703 2580 3743 communem
2614 3689 2842 3742 habebat
2864 3689 2985 3744 ﬁdei
3010 3703 3254 3757 causam,
3303 3706 3457 3746 coin-

1884 3775 2072 3814 munes
2107 3761 2346 3824 labores,
2377 3775 2823 3830 Communemque
2856 3760 3206 3830 depositionis
3233 3771 3452 3817 sentcn-

1886 3832 2010 3885 tiam
2034 3847 2048 3895 ;
2076 3840 2130 3886 et
2150 3832 2299 3898 cujus
2323 3846 2430 3895 res,
2455 3839 2638 3900 utpote
2662 3832 2987 3898 superstitis,
3014 3832 3181 3899 magis
3211 3835 3454 3900 urgebat.

1954 3901 2068 3955 Non
2113 3903 2268 3954 aliter
2322 3901 2378 3953 S.
2425 3901 2658 3955 Leonem
2700 3901 2961 3954 intellexit
3006 3900 3248 3955 Gelasius
3289 3917 3454 3970 papa,

1884 3988 2042 4040 quant
2086 3988 2144 4024 se
2181 3976 2293 4037 ipse
2321 3971 2448 4024 Leo.
2485 3972 2616 4025 Cum
2647 3973 2788 4024 enim
2818 3970 2886 4040 de
2931 3970 3014 4023 his
3037 3971 3088 4022 in
3118 3970 3458 4026 Chalcedone

1885 4039 2119 4095 deﬁnitis
2150 4041 2404 4109 loquitur,
2435 4056 2553 4109 quae
2574 4039 2875 4108 recipienda
2907 4050 3049 4103 sunt,
3076 4055 3361 4110 numquam
3393 4058 3456 4095 ca

1887 4127 2005 4178 qua
2017 4112 2449 4164 communionem
2471 4110 2787 4164 catholicam
2805 4119 3064 4178 spectant,
3090 4125 3119 4162 a
3147 4111 3456 4166 delinitione

1888 4181 2010 4236 ﬁlei
2035 4181 2282 4250 seiungit.
2307 4181 2396 4234 Sic
2415 4179 2638 4248 epistola
2663 4183 2682 4234 l
2704 4181 2770 4233 ad
2803 4180 3180 4250 Euphctnium:
3207 4180 3454 4243 Proinde,

1891 4253 2083 4321 inquit,
2129 4253 2170 4303 si
2200 4249 2267 4304 ea
2291 4266 2404 4320 qua:
2433 4253 2486 4302 iu
2514 4252 2710 4321 synodo
2739 4249 3128 4304 chalcedonensi
3171 4269 3262 4321 pro
3289 4252 3391 4320 ﬁde
3411 4263 3459 4306 et

1890 4320 2243 4377 communione
2289 4320 2550 4376 catholica
2583 4321 2692 4393 lege
2728 4320 3011 4393 apostolica
3054 4320 3270 4389 deﬁnita
3307 4334 3457 4387 sunt,

1889 4411 2000 4448 vere
2041 4403 2266 4463 certeque
2298 4394 2590 4459 sectamini,
2621 4392 2726 4447 etc.
2757 4392 2908 4459 Quod
2947 4409 3012 4448 ne
3041 4394 3159 4463 quis
3188 4409 3216 4445 a
3245 4394 3460 4449 Gelasio

1892 4468 2103 4521 incaute
2131 4480 2193 4519 ac
2214 4467 2329 4519 sine
2345 4464 2570 4519 consilio
2593 4465 2846 4535 scriptum
2863 4463 3026 4529 dicat,
3046 4472 3189 4519 vetat
3210 4465 3459 4535 frequens

1885 4536 2197 4592 earumdem
2215 4537 2496 4590 verborum
2515 4534 2761 4603 repetitio
2784 4544 2892 4589 tum
2923 4536 2974 4588 in
2990 4535 3177 4590 eadem
3211 4534 3458 4606 epiStola,

1885 4624 2005 4663 cum
2036 4609 2089 4662 in
2118 4609 2258 4662 aliis.
2299 4607 2358 4662 In
2395 4607 2554 4676 epist.
2593 4607 2659 4662 13
2681 4647 2696 4671 ,
2727 4607 2793 4660 ad
2832 4608 3111 4676 episcopos
3143 4607 3458 4663 Dardaniae:

1889 4681 2089 4751 Ipsum,
2110 4679 2300 4749 inquit,
2334 4680 2534 4732 beatum
2558 4693 2757 4751 papam,
2774 4677 2993 4751 [nonem
3017 4678 3152 4751 sedis
3169 4681 3464 4749 apostolica:

1887 4749 2187 4821 prtesulem,
2233 4753 2380 4822 cujus
2429 4751 2652 4822 synodus
2697 4749 3121 4822 Chalcedonensis
3165 4753 3466 4803 auctoritate

1887 4827 2092 4890 [innata
2118 4832 2214 4886 est,
2246 4821 2492 4888 quidquid
2533 4821 2668 4874 ultra
2699 4837 2851 4888 quam
2881 4821 2941 4872 ab
2971 4821 3144 4873 eodem
3179 4837 3270 4888 pro
3289 4822 3393 4889 ﬁde
3419 4828 3465 4872 et

1891 4895 2242 4946 communione
2269 4892 2521 4945 catholica
2554 4901 2707 4961 atque
2735 4892 3018 4958 apostolica
3047 4891 3153 4942 illic
3185 4890 3463 4957 agendum,

1892 4974 2141 5017 constaret
2164 4979 2272 5016 esse
2298 4966 2615 5032 delegatum,
2644 4977 2731 5030 per
2759 4962 3075 5014 occasionem
3117 4961 3469 5032 congregatio-

1893 5034 1971 5088 nis
2009 5033 2181 5099 illius,
2231 5029 2426 5106 praeter
2462 5029 2735 5106 ΝέιεαξιωσΔ
2772 5047 2988 5106 sationes
3039 5045 3168 5082 nova
3218 5029 3470 5106 videret!!-

1895 5107 2094 5159 actioue
2131 5101 2412 5173 tentatum,
2436 5103 2735 5174 competenti
2753 5102 3067 5174 refutatione
3097 5113 3353 5152 vultune.
3389 5101 3468 5174 En

1897 5177 2065 5230 solam
2111 5177 2344 5230 Anatolii
2381 5170 2481 5245 pro
2515 5170 2644 5229 sede
2687 5186 2787 5245 sua
2813 5170 3144 5245 molitionem
3175 5184 3382 5226 canone
3401 5172 3474 5225 ΞΒ

1899 5249 2184 5311 ﬁrmatam,
2216 5240 2397 5314 reiicit'
2410 5245 2555 5309 Leo,
2592 5252 2727 5298 teste
2749 5242 2963 5298 Gelasio
2987 5240 3104 5314 eius
3122 5254 3471 5314 (successore,

1899 5319 1987 5388 qui
2010 5319 2198 5372 eodem
2229 5311 2386 5372 etate
2403 5318 2551 5370 vixit.
2576 5315 2738 5388 idem
2757 5315 2806 5388 in
2839 5320 2985 5388 torno
3007 5311 3078 5388 de
3103 5311 3478 5388 Anatbema‘tis

1901 5382 2112 5444 vinculo
2153 5389 2329 5443 statim
2355 5389 2422 5442 ab
2468 5387 2624 5440 initio
2644 5427 2659 5448 ,
2687 5383 2778 5437 ubi
2803 5382 3231 5438 adversariorum
3262 5383 3479 5440 concilii

1900 5459 2356 5515 Chalcedonensis
2373 5456 2662 5526 objectioni
2691 5454 2817 5526 huic
2847 5453 3083 5526 occurrit
3107 5470 3120 5506 :
3153 5453 3304 5520 Quod
3333 5454 3377 5506 si
3397 5470 3480 5526 sy.

1902 5533 2066 5586 nodus
2107 5524 2532 5585 Chalcedonensis
2562 5525 2850 5580 admittitur
2872 5566 2888 5591 ,
2919 5524 3089 5578 omnia
3131 5533 3362 5578 constare
3389 5524 3480 5578 de.

1265 5640 1823 5699 BALLERINIORUM
1863 5639 2408 5700 ANNOTATIONES.

208 5758 317 5837 (α)
364 5746 598 5809 Confer
619 5754 728 5802 not.
752 5743 787 5797 2
813 5753 866 5799 et
894 5744 926 5798 5
947 5740 1162 5812 (Supra,
1189 5738 1291 5792 col.
1324 5737 1447 5806 759,
1482 5754 1532 5791 n.
1568 5737 1621 5806 b,
1647 5745 1700 5792 et
1745 5755 1769 5790 ρ

1881 5737 2004 5803 741,
2029 5754 2082 5789 η.
2115 5735 2191 5805 li).
