3994 6310
546 358 642 414 75!

1009 352 1249 408 PASCll.
1289 346 1669 420 QUESNELLI
1708 348 2295 406 DISSERTATIONES
2336 348 2401 405 IN
2441 350 2498 406 S.
2544 350 2785 407 LEONIS
2825 350 3036 408 MAGNI
3073 351 3321 408 OPERA.

3685 354 3773 410 752

545 479 688 530 beant
713 488 732 526 :
774 468 1083 539 respondet,
1126 468 1468 539 indubitanter
1506 482 1617 519 eam
1666 484 1713 539 ar
1743 475 1845 520 tota
1886 465 2116 520 Ecclesia
2141 474 2194 527 Α
2223 475 2324 519 tam
2351 465 2613 539 synodum
2638 483 2651 522 :
2681 467 2755 539 (a)
2782 466 2912 539 nihil
2938 468 3154 521 omnino
3185 467 3327 521 aliud
3352 466 3420 521 ah
3446 482 3514 523 eo
3538 468 3773 536 reiectum

541 544 759 606 admitti,
814 538 880 595 iis
926 539 1098 594 solum
1127 538 1385 604 exceptis,
1434 552 1546 604 qua:
1578 553 1666 607 per
1698 538 2114 605 incompetentem

543 613 989 687 prwsumptionem
1018 609 1125 687 illic
1154 608 1380 687 profata.
1383 616 1499 661 sunt
1528 608 1607 687 vel
1634 609 1801 687 potius
1830 609 2069 687 ventilata
2094 623 2113 661 :

539 677 655 757 quae
686 677 827 740 sedes
851 680 1132 757 apoatolica
1178 678 1386 757 1253
1412 679 1630 757 gerenda
1654 678 1950 757 nullatenus
1975 677 2113 757 ἀειρ-

539 748 697 828 gavit,
729 770 847 809 mox
873 769 906 806 a
924 748 1271 828 vicariissedis
1294 748 1927 828 apostolictecontradicta
1949 751 2113 828 mani-

541 818 728 895 festum
763 834 1018 895 est;quce
1055 819 1195 895 sedes
1234 818 1515 886 apostolica
1548 820 1701 895 etiam
1732 829 1927 887 petente
1962 818 2111 872 Mar-

540 889 689 952 ciano
737 889 963 967 principe
989 932 1005 954 ,
1059 889 1349 967 nullatenus
1390 891 1727 967 approbavit;
1767 906 1878 967 qua:
1926 906 2113 957 praesit,

538 960 785 1022 Ecclesia:
837 960 1414 1028 Co'nstantinopolitante
1452 970 1568 1013 tunc
1618 960 1885 1013 Anatolius
1931 976 2021 1013 nec
2061 976 2114 1015 se

539 1036 923 1108 prasumpsisse
948 1033 1203 1108 professus
1223 1040 1318 1091 est,
1348 1039 1395 1083 et
1417 1030 1470 1083 in
1501 1030 1793 1108 apostolica:
1820 1030 1953 1108 sedis
1981 1034 2114 1108 anti-

538 1100 671 1163 stitis
692 1100 791 1161 non
818 1100 1016 1171 negavit
1045 1100 1213 1171 posita
1236 1108 1478 1168 potestate
1503 1117 1521 1154 :
1549 1116 1662 1166 qua
1686 1101 1830 1166 ideo,
1846 1101 1977 1153 sicut
2000 1100 2111 1154 dic-

544 1186 652 1231 tum
681 1186 774 1241 est,
806 1171 945 1229 sedes
972 1172 1254 1241 apostolica
1280 1187 1379 1223 non
1401 1171 1599 1241 recipit,
1628 1173 1747 1241 quia
1775 1186 1888 1237 qua:
1904 1172 2111 1238 privile-

535 1250 632 1317 giis
662 1244 957 1317 universalis
974 1240 1220 1317 Ecclesia:
1244 1240 1825 1317 contraria'probantur,
1858 1242 2002 1317 nulla
2030 1258 2115 1294 ra-

537 1310 675 1373 iione
718 1316 948 1371 sustinet.
997 1312 1137 1366 Nihil
1180 1320 1261 1365 est
1308 1310 1395 1365 hic
1437 1310 1576 1379 quOd
1621 1312 1687 1365 ad
1729 1312 1960 1365 Anatolii
1989 1327 2110 1368 cum

535 1389 715 1443 Leone
740 1384 1189 1443 concertationem
1214 1395 1320 1434 non
1347 1384 1627 1450 pertineat,
1647 1396 1741 1435 seu
1763 1382 1828 1435 ad
1853 1396 2112 1437 canonem

535 1460 609 1517 28
634 1457 842 1514 concilii
868 1451 1340 1514 Chalcedonensis,
1373 1466 1530 1519 quem
1558 1468 1723 1507 unum
1752 1453 2003 1520 reprobat
2041 1469 2111 1507 ex

538 1530 621 1584 his
674 1527 921 1584 omnibus
964 1539 1083 1593 qua:
1123 1524 1175 1577 in
1212 1537 1273 1577 ea
1315 1523 1521 1592 synodo
1578 1523 1788 1577 decreta
1820 1532 1988 1577 erant.
2040 1524 2114 1578 De

536 1601 911 1669 episcoporum
946 1595 1119 1669 causis
1150 1608 1266 1662 quae
1294 1594 1494 1669 sancita
1523 1601 1675 1669 sunt,
1712 1599 1913 1646 tantum
1961 1593 2115 1669 abest

538 1663 596 1725 ut
624 1663 934 1739 rejiciat,ut
962 1665 1134 1739 potius
1153 1678 1225 1739 ea
1268 1663 1546 1739 approbet,
1580 1665 1723 1739 velut
1748 1678 1885 1739 quas
1897 1680 1990 1731 pro
2010 1664 2115 1732 ﬁde

536 1752 585 1795 et
614 1732 973 1793 communione
996 1734 1243 1787 catholica
1273 1732 1380 1802 lege
1416 1732 1696 1803 apostolica
1729 1734 1943 1793 deﬁnita
1972 1744 2108 1789 sunt.

2219 550 2283 590 ac
2313 538 2656 605 reprobatum
2701 538 3151 606 deprehendetur,
3180 548 3378 608 praeter
3410 539 3572 593 istum
3614 542 3777 607 vigesi-

2216 620 2363 679 mum
2396 618 2643 679 octavum
2673 624 2954 671 canonem,
2996 624 3101 678 quo
3138 610 3333 663 novitia
3374 609 3538 679 regia:
3570 610 3777 666 civitatis

2216 678 2489 748 privilegia
2520 679 2996 733 constituebantur.
3022 680 3123 746 Qui
3152 694 3325 735 canon
3351 687 3407 733 et
3426 678 3459 734 a
3483 679 3610 734 ﬁdei
3637 694 3773 735 causa

2216 748 2437 803 omnino
2479 749 2682 803 alienus
2730 757 2874 811 erat,
2909 760 2963 804 et
3004 750 3196 805 furtive
3239 750 3526 817 conditus,
3571 759 3625 804 et
3669 766 3776 816 apo-

2214 818 2419 873 stolicae
2465 818 2607 873 sedis
2652 821 2943 883 sententia,
2988 820 3073 874 vel
3118 831 3402 887 antequam
3444 820 3773 887 conderetur,

2216 889 2618 963 condemnatus.
2673 888 3001 963 Cum_enim
3045 891 3200 961 legati
3245 892 3314 963 ab
3373 892 3462 945 illa
3516 891 3589 963 ad
3634 906 3773 963 syno-

2215 958 2340 1030 dum
2395 960 2763 1027 mitterentur,
2826 961 2926 1015 lioc
2971 958 3230 1030 expresse
3275 962 3327 1016 in
3381 958 3776 1017 niandatis'ba-

2216 1029 2483 1101 buerunt,
2542 1045 2608 1084 ne
2662 1030 2963 1097 huiusmodi
3018 1029 3368 1099 quaestionem
3413 1034 3773 1101 quoquomodo

2215 1098 2457 1172 ventilari
2485 1102 2537 1172 in
2560 1102 2789 1155 concilio
2816 1098 3073 1155 sinerent.
3100 1102 3160 1157 Si
3179 1104 3263 1170 qui
3286 1098 3443 1172 forte,
3465 1098 3642 1169 inquit
3666 1119 3773 1169 pon-

2216 1171 2369 1234 til'ex,
2400 1170 2655 1243 civitatum
2694 1187 2900 1243 suarum
2938 1172 3211 1241 splendore
3250 1170 3430 1240 conﬁsi
3474 1174 3672 1243 aliquid
3698 1175 3775 1228 sibi

2216 1241 2514 1311 tentaverint
2544 1257 2808 1311 usurpare,
2853 1241 2949 1295 hoc
2983 1258 3085 1311 qua
3130 1242 3341 1311 dignum
3389 1253 3461 1296 est
3512 1241 3771 1298 canstantis

2212 1310 2496 1363 retundatis
2527 1309 2683 1382 (Act.
2739 1309 3002 1382 lGaconc.
3051 1309 3289 1381 Chalc.),
3346 1313 3769 1382 quemadmodum

2215 1396 2280 1434 ex
2305 1380 2649 1453 acliartaalegit
2686 1380 2991 1453 Bonifacius
3028 1380 3304 1452 presbyter
3355 1380 3386 1437 e
3430 1384 3623 1453 legatis
3659 1400 3770 1440 unus

2214 1452 2422 1505 actione
2464 1451 2529 1505 16
2565 1452 2797 1505 concilii.
2844 1451 2971 1506 lnde
3015 1451 3242 1522 Contigit
3273 1465 3329 1508 ιιι
3360 1451 3770 1509 constantissime

2214 1536 2425 1590 semper
2451 1522 2605 1594 hujus
2626 1524 2845 1576 canonis
2866 1524 3171 1578 aucmrihus
3192 1534 3245 1578 et
3270 1528 3511 1594 patronis
3535 1527 3764 1580 restiterit

2212 1600 2428 1663 sanctus
2450 1590 2580 1657 Leo,
2617 1608 2714 1647 nec
2758 1608 3007 1663 umquam
3042 1590 3282 1661 potuerit
3315 1595 3508 1649 adduci
3549 1597 3767 1663 precibus

2216 1661 2299 1714 vel
2326 1663 2683 1729 imperatoris,
2722 1664 2806 1717 vel
2834 1662 2912 1733 (ὑ)
2945 1678 3161 1718 suorum
3195 1666 3354 1720 etiam
3388 1661 3695 1733 legatorum,
3724 1676 3768 1721 ut

2213 1745 2276 1785 ea
2315 1734 2563 1799 probaret
2596 1748 2715 1802 qua:
2759 1736 2837 1787 sic
2872 1744 3055 1787 contra
3086 1746 3391 1790 sanctorum
3425 1736 3641 1791 Palmm
3665 1752 3764 1792 con-

608 1811 701 1894 Xl.
744 1808 823 1863 Ad
854 1808 967 1861 hmo
992 1818 1111 1875 quae
1136 1802 1948 1894 diximus,jeluthail‘trutinam
1980 1820 2111 1894 pen-
2146 1835 2194 1894 Β
2220 1802 2814 1894 stitttt'ionlesajctaesse
2833 1805 3196 1894 existimabat:

538 1881 703 1935 sanda
727 1888 870 1945 sunt,
896 1873 1608 1945 qum—postmodumrscripsil
1634 1874 1739 1928 Leo
1761 1883 1963 1939 noster,
1991 1889 2112 1930 cum

538 1954 605 2007 de
632 1950 818 2022 synodi
847 1943 979 2001 aciis
1007 1943 1048 1998 a7
1076 1960 1134 2022 se
1160 1944 1421 2022 susceptis
1451 1943 1748 2022 disserens.
1799 1946 1871 1997 ait
1921 1959 1979 1999 se
2012 1955 2116 1999 tam

539 2039 628 2091 per
658 2015 839 2092 fratres
864 2033 1003 2081 suos,
1027 2015 1113 2083 qui
1140 2015 1296 2068 vicem
1318 2015 1425 2083 ejus
1452 2016 1671 2092 exsecuti
1688 2025 1824 2079 sunt,
1852 2032 2002 2092 quant
2024 2034 2115 2086 per

539 2084 955 2163 approbationem
1010 2096 1260 2163 gestorum
1312 2084 1656 2163 synodalium,
1707 2086 1967 2163 prppriam
2000 2084 2114 2139 cum

594 2154 785 2215 utribus
829 2154 1316 2213 Chalcedonensibus
1344 2155 1530 2207 uniisse
1560 2154 1858 2208 sententiam
1894 2172 1945 2209 IN
1986 2171 2115 2213 sou

543 2248 682 2288 nam
712 2244 905 2290 causa,
938 2235 1142 2297 propter
1183 2241 1334 2293 quam
1359 2225 1591 2297 generale
1621 2225 1892 2297 concilium
1922 2228 2115 2297 placuit

543 2302 862 2372 congregari.
901 2294 959 2353 Si
975 2298 1130 2372 enim
1165 2305 1380 2365 propter
1409 2296 1575 2372 solam
1616 2294 1981 2372 iidei_causa'm
2023 2313 2117 2353 co-

542 2365 663 2428 acta
711 2365 794 2427 est
822 2367 1094 2441 synod_us,_
1132 2381 1299 2435 eaque
1345 2365 1459 2419 sola
1501 2366 1852 2441 postmodum
1878 2379 2116 2441 recepta

543 2453 666 2499 sunt
709 2457 827 2512 quas
852 2435 935 2493 'in
979 2437 1099 2491 ﬁdei
1129 2451 1288 2512 causa
1329 2444 1451 2512 sunt
1484 2435 1694 2512 delinita
1711 2477 1739 2512 ,_
1761 2439 2115 2512 certissimum

544 2514 669 2568 hinc
714 2506 889 2567 evadit
935 2524 995 2563 ea
1036 2508 1366 2578 omniaquae
1411 2506 1771 2578 deepiscopis
1814 2507 1864 2560 in
1910 2509 2117 2578 synodo

544 2582 895 2639 discutiendis
914 2577 1433 2659 superius‘disimus,
1452 2576 1865 2657 Theodoritique
1892 2576 2118 2659 praeser-

547 2657 641 2709 tim
667 2654 956 2723 negotium,
980 2647 1115 2702 intra
1142 2647 1265 2702 lidei
1291 2660 1507 2723 causam
1536 2648 1793 2723 contineri
1828 2665 1842 2701 :
1881 2649 2119 2723 quando-

546 2717 762 2794 quidem
795 2731 850 2777 et
869 2736 946 2794 _e_a
989 2732 1227 2794 ratutros
1271 2718 1484 2794 tractari
1510 2732 1539 2770 a
1573 2717 1815 2772 Patribus
1847 2720 2029 2794 voluit,
2065 2729 2121 2774 et

548 2788 721 2864 ipsum
770 2794 820 2846 in
868 2788 1177 2864 Theodoriti
1223 2788 1472 2864 maxime
1500 2802 1659 2864 causa
1697 2790 1964 2864 propriam
1995 2804 2117 2864 cum

552 2857 757 2948 synodo
786 2860 1221 2948 constitiuni‘isse
1245 2858 1585 2948 sententiam,
1627 2860 1677 2948 in
1709 2857 1812 2928 qua
1835 2857 1930 2912 Dei
1950 2861 2114 2948 inviu-

547 2930 711 2989 cibilis
735 2935 914 2988 veritas
946 2930 1308 2985 Theodoritum
1337 2932 1399 2983 ab
1442 2930 1579 2981 omni
1626 2930 1872 2983 htereseos
1916 2932 2117 2983 macula

549 3003 1110 3070 -itundum,secundum
1130 3000 1262 3070 sedis
1293 3000 1583 3070 apostolica:
1605 3000 1877 3065 iudicium,
1912 3001 2120 3055 demon-

549 3078 722 3131 stravit
744 3074 1047 3153 (ιιίρὶει.95ζ
1075 3087 1206 3125 nunc
1240 3069 1361 3151 iQO,
1393 3071 1557 3153 c..5_);
1590 3079 1645 3125 et
1658 3079 1789 3195 gest
1814 3073 2120 3138 apostolicae

549 3147 692 3195 sedis
739 3146 990 3195 iudicium
1036 3159 1089 3195 ιιι
1136 3140 1259 3195 ﬁdet
1302 3142 1613 3195 deﬁnitione
1699 3151 1973 3195 trmatum:
2022 3157 2120 3195 nec

549 3147 692 3203 sedis
734 3140 990 3216 judicium
1036 3144 1089 3216 in
1136 3140 1259 3195 ﬁdei
1302 3142 1613 3216 deﬁnitione
1650 3140 1973 3216 _ﬁirm_a_tum;
2022 3157 2121 3197 nec

2293 1871 2407 1925 XII.
2449 1872 2599 1937 Quod
2621 1885 2797 1928 autem
2826 1876 3153 1929 contendunt
3184 1882 3232 1928 in
3263 1885 3409 1931 sexta
3440 1880 3646 1933 actione
3668 1881 3764 1932 lini-

2221 1950 2327 1995 tam
2356 1944 2780 2018 essesynodum,
2817 1944 3065 2018 idqueaex
3092 1946 3193 2018 [ide
3214 1946 3525 2018 Graecorum
3546 1951 3757 2003 codicum

2218 2026 2336 2083 esse
2356 2012 2696 2067 manifeswm
2725 2032 2737 2066 :
2765 2012 3061 2083 reSpondeo
3086 2012 3327 2071 Graecam
3349 2034 3469 2072 esse
3488 2019 3758 2074 Grecorum

2219 2082 2441 2157 illorum_
2450 2084 2690 2157 codicum
2717 2082 2871 2157 ﬁdem
2898 2104 2909 2136 :
2932 2084 3279 2157 (c)quotquot
3297 2091 3439 2143 enim
3466 2098 3562 2141 tam
3584 2090 3753 2143 Gncca:

2220 2168 2376 2220 quam
2420 2154 2620 2208 Latina:
2659 2156 2868 2209 concilii
2902 2154 3052 2210 istius
3079 2158 3343 2212 editiones
3370 2161 3517 2212 modo
3544 2160 3748 2212 omnium

2221 2223 2465 2277 manibus
2494 2233 2794 2287 versantur,
2822 2226 2936 2280 sive
2959 2242 3189 2290 excusas,
3216 2230 3331 2283 sive
3355 2244 3505 2282 manu
3525 2238 3748 2291 exarata,

2220 2302 2384 2346 totam
2440 2295 2802 2365 integramque
2852 2298 3114 2367 synodum
3167 2299 3436 2354 sexdecim
3492 2301 3756 2353 actionibus

2219 2372 2553 2437 constantem
2592 2376 2993 2433 reprtesentant.
3045 2368 3148 2423 Nec
3182 2371 3463 2437 pauciores
3506 2370 3764 2436 antiquitus

2220 2435 2645 2513 actionesluisse
2673 2435 3228 2513 tempore_JuSIiniani
3267 2442 3479 2513 1255
3517 2440 3765 2513 imperato-

2222 2506 2296 2557 ris
2320 2513 2375 2559 et
2408 2505 2577 2578 Yigilii
2610 2507 2875 2575 pontiﬁcis
2904 2508 3151 2574 Romani,
3193 2505 3506 2578 per—su—asn'm
3534 2511 3759 2564 habemus

2220 2591 2288 2629 ex
2333 2574 2569 2644 antiquis
2614 2574 2893 2631 codicibus
2936 2574 3241 2634 monasterii
3275 2586 3681 2641 Accenietarum,
3712 2580 3765 2633 ad

2220 2646 2592 2719 quosﬂconcilii
2619 2659 2732 2719 acta
2761 2658 3009 2719 accurate
3040 2653 3343 2719 recognovit
3370 2668 3465 2719 per
3489 2652 3627 2704 illam
3654 2662 3762 2703 ωιι·

2221 2726 2328 2789 tem
2344 2716 2601 2789 Rusticus
2622 2718 2874 2789 Ecclesia:
2893 2720 3145 2774 llomante
3166 2716 3443 2786 diaconus,
3466 2738 3617 2789 quem
3634 2723 3765 2775 trium

2222 2786 2588 2861 capitulorum
2620 2787 2935 2861 disceptatio
2962 2791 3297 2845 notissimum
3348 2786 3498 2858 iecit,
3532 2807 3765 2861 quemque

2224 2857 2653 2931 adversariorum
2696 2860 3005 2931 plurimiut
3042 2862 3389 2929 impOstorem
3437 2857 3653 2931 arguere
3682 2877 3765 2913 non

2224 2928 2555 3000 omisissent,
2580 2930 2622 2981 si
2648 2945 2734 2983 res
2775 2947 2834 2984 se
2867 2930 3021 2984 aliter
3055 2928 3347 2987 habuisset.
3381 2928 3528 2987 inter
3557 2933 3769 3000 antiquos

2223 2998 2433 3071 codices
2465 2999 2768 3071 hujusmodi
2802 3000 3021 3071 insignis
3061 3014 3140 3056 est
3182 3002 3274 3057 ille
3303 3005 3529 3058 Joannis
3560 2998 3763 3057 Bobierii

2225 3069 2556 3123 Divionensis
2583 3072 2869 3133 senatoris,
2904 3069 3061 3139 quem
3098 3073 3286 3127 Petrus
3315 3074 3629 3127 Franciscus
3659 3072 3766 3125 Chi-

2225 3139 2399 3194 iletius
2422 3140 2487 3193 ad
2517 3140 2718 3195 calcem
2754 3142 2927 3211 Vigilii
2958 3142 3245 3212 'l‘apsensis
3285 3145 3539 3205 laudavit,
3570 3154 3623 3197 et
3642 3144 3771 3210 cujus

548 3208 833 3289 qttidqtiam
863 3216 1002 3289 circa
1035 3214 1229 3289 ipsum,
1258 3213 1346 3281 qui
1370 3226 1465 3289 pro
1489 3212 1745 3267 catholica
1776 3211 1879 3289 ﬁde
1910 3214 2119 3289 labora-
2143 3208 2190 3270 C
2224 3215 2488 3289 variantes
2530 3214 2784 3289 lectiones
2825 3208 2882 3265 in
2936 3208 3119 3267 ultiina
3162 3216 3520 3289 goncilioruni
3550 3208 3774 3289 editione

550 3282 662 3354 bat,
694 3282 999 3357 'reprobum
1047 3283 1214 3337 videri
1266 3283 1583 3357 permissum
1630 3282 1913 3357 es_ta._E_rat
1961 3283 2119 3352 igitur

552 3353 693 3414 inter
722 3353 993 3427 speciales
1017 3367 1205 3409 causas
1235 3353 1508 3423 synodalis
1550 3354 1762 3407 concilii
1810 3353 2119 3427 Theodoriti

552 3424 887 3496 aliorumque
915 3426 1287 3496 episcoporum
1336 3437 1516 3496 causa,
1569 3434 1623 3476 et
1665 3439 1782 3496 eam
1813 3424 1882 3477 ob
1912 3440 2025 3477 rem
2053 3426 2119 3479 ad

550 3498 695 3552 illius
729 3493 963 3553 examen
1009 3498 1112 3549 rite
1158 3493 1538 3563 delataltotius
1584 3493 1774 3563 synodi
1828 3497 2116 3562 sententia,

552 3568 754 3639 Spiritu
784 3576 958 3620 sancto
979 3564 1249 3639 judicante
1293 3560 1481 3631 (Ibid.,
1510 3579 1557 3615 c.
1590 3560 1668 3631 5⁷),
1700 3562 1855 3639 ﬁnita
1892 3572 1975 3617 est
2006 3560 2119 3639 :‘ita‘

551 3634 688 3691 utin
730 3639 935 3691 victoria
982 3634 1202 3687 veritatis
1237 3642 1469 3685 auctores
1518 3642 1713 3685 tantum
1755 3634 1954 3686 violata:
1999 3636 2121 3701 ﬁdei

552 3710 789 3777 perirent,
819 3715 982 3777 etrsua
1010 3704 1271 3777 integritas
1301 3702 1543 3777 Ecclesia:
1565 3704 1879 3756 redderetur.
1911 3704 2120 3777 1255

554 3774 643 3843 Ut,
674 3776 1012 3845 triumphante
1044 3774 1266 3838 Christo,
1301 3774 1528 3845 omnium
1555 3789 1753 3843 quoque
1800 3774 2118 3829 sacerdotum

549 3866 654 3902 una
682 3856 804 3903 esset
830 3842 1059 3909 victoria,
1091 3853 1137 3897 et
1168 3852 1460 3896 coruscante
1489 3842 1680 3897 lumine
1709 3845 1946 3909 veritatis,
1996 3847 2119 3900 sola:

546 3921 732 3973 erroris
760 3918 976 3973 tenebrae
1012 3930 1125 3986 cum
1148 3914 1252 3968 suis
1280 3914 1609 3968 assertoribus
1646 3914 1957 3986 pellerentur
1986 3914 2113 3986 (Ep.

546 3990 633 4055 78,
667 4006 798 4044 nunc
820 3989 953 4053 104,
980 4004 1025 4041 c.
1057 3982 1134 4056 1).

614 4060 824 4129 Siquid
860 4060 1018 4129 igitur
1047 4070 1231 4110 eorum
1264 4070 1382 4124 quae
1419 4055 1655 4129 synodus
1684 4057 1847 4126 gessit
1885 4067 1946 4112 ac
1986 4059 2119 4112 deﬁ-

543 4132 695 4200 nivit,
718 4126 747 4185 a
766 4126 941 4185 Leone
964 4129 1248 4200 rescissum
1265 4138 1348 4200 est
1367 4135 1430 4200 et_
1452 4126 1816 4200 reprobatum,
1850 4143 1954 4200 non
1985 4130 2114 4184 illud

541 4214 623 4257 est
660 4197 842 4271 procul
880 4200 1043 4254 dubio
1077 4198 1218 4271 quod
1241 4198 1329 4271 vel
1366 4197 1433 4251 ad
1464 4198 1865 4271 damnationem
1899 4198 2115 4271 haereti-

541 4268 745 4340 corum,
792 4272 875 4327 vel
917 4271 984 4323 ad
1023 4269 1413 4323 restitutionem
1437 4268 1857 4340 orthodoxorum
1900 4270 2113 4338 episco-

539 4338 739 4411 porum
756 4341 1057 4413 spectabat;
1090 4340 1189 4393 hoc
1213 4341 1407 4413 quippe
1424 4338 1547 4393 ﬁdei
1565 4338 1827 4413 iudivulse
1847 4355 2113 4395 annexum

541 4408 689 4478 erat;
728 4408 822 4467 sed
874 4412 925 4465 id
971 4413 1140 4464 solum
1188 4408 1331 4477 quod
1376 4418 1559 4463 contra
1590 4408 1836 4465 Nicaeuos
1880 4425 2115 4467 canones

542 4483 754 4536 molitus
784 4496 903 4536 esse
946 4480 1217 4551 dicebatur
1256 4479 1534 4533 Anatolius
1566 4480 1632 4533 ad
1652 4480 2116 4551 Constantinopo-

539 4554 719 4607 litante
760 4551 902 4606 sedis
931 4550 1333 4618 amplitudinem
1368 4550 1753 4616 procurandam
1782 4567 1796 4605 :
1830 4552 1991 4617 istud,
2022 4550 2109 4607 in-

2225 3281 2582 3354 exhibuerunt
2611 3283 2749 3336 illius
2780 3294 3153 3354 procuratores
3176 3284 3452 3354 Philippus
3472 3286 3703 3339 L'ibbeus
3730 3291 3776 3335 et

2222 3352 2433 3407 Gabriel
2478 3354 2799 3406 Cessat-tius.
2850 3353 2954 3409 Sed
2995 3371 3061 3409 ex
3098 3352 3522 3409 Romana‘etiam
3550 3354 3775 3408 Ecclesia

2223 3424 2452 3496 validum
2478 3433 2850 3496 argumentum
2874 3424 3149 3496 habemus,
3177 3442 3283 3496 quo
3309 3426 3522 3481 totidem
3550 3427 3773 3496 actiones

2222 3493 2294 3545 illi
2323 3493 2528 3562 synodo
2558 3506 2881 3548 asserantur.
2899 3494 3182 3565 Dionysius
3195 3493 3341 3551 enim
3367 3499 3585 3565 Exiguus
3599 3494 3779 3547 Codici

2222 3577 2502 3628 canonum,
2555 3579 2710 3633 quem
2760 3581 2911 3620 suum
2959 3565 3085 3621 fecit
3131 3568 3368 3622 Ecclesia
3408 3567 3650 3627 Romana,
3680 3578 3775 3616 ex-

2222 3638 2593 3707 euntequinto
2635 3637 2847 3707 saeculo,
2883 3636 3067 3705 viginti
3096 3647 3299 3707 septem
3341 3634 3777 3691 Chalcedonensis

2221 3704 2431 3778 concilii
2458 3718 2696 3778 canones
2713 3704 2978 3778 inseruit,
3029 3704 3173 3778 quos
3209 3717 3378 3762 tamen
3426 3714 3634 3778 constat
3672 3718 3780 3758 non

2222 3788 2341 3829 esse
2370 3775 2466 3827 nisi
2492 3775 2575 3844 (ά)
2601 3776 2651 3828 in
2677 3776 2857 3830 ultima
2881 3775 3118 3832 omnium
3153 3780 3361 3834 actione
3394 3776 3779 3845 promulgatas;

2221 3846 2497 3917 solumque
2518 3849 2696 3899 omisit
2720 3847 3031 3915 vigesimum
3059 3859 3325 3914 octavum,
3353 3850 3470 3917 quia
3488 3848 3633 3901 solus
3657 3860 3778 3899 con-

2222 3915 2363 3987 ditus
2393 3927 2508 3969 erat
2529 3918 2658 3969 citra
2688 3917 3068 3973 conscientiam
3112 3915 3538 3987 consensu—mque
3566 3927 3779 3984 aposto-

2224 3985 2338 4059 licae
2364 3987 2525 4053 sedis,
2559 3989 2977 4059 reprobatusque
3014 3989 3182 4045 fuerat
3230 4006 3258 4043 a
3299 3985 3480 4045 Leone
3519 3999 3777 4059 tamquam

2220 4056 2448 4111 Nicazna:
2496 4059 2684 4127 synodi
2740 4056 2985 4127 decretis,
3040 4061 3200 4116 totius
3254 4060 3439 4115 mundi
3489 4057 3778 4114 reverentia

2220 4130 2565 4200 consecratis,
2603 4129 2909 4184 omnimode
2940 4134 3259 4187 contrarius.
3297 4132 3585 4200 Antiquior
3628 4128 3783 4184 codex

2220 4209 2403 4253 neSter
2433 4199 2753 4269 Dionysiano
2782 4201 3034 4255 concinit.

2288 4270 2494 4323 Caetera
2525 4286 2644 4342 qua:
2681 4272 2959 4327 sententiae
2989 4284 3185 4327 nostra:
3217 4272 3416 4342 opponi
3458 4271 3785 4342 solent,_uon

2218 4350 2297 4413 est
2325 4355 2420 4393 cur
2450 4356 2548 4394 nos
2576 4340 2775 4413 diutius
2798 4342 2883 4396 hic
2908 4343 3201 4408 detineant,
3233 4340 3435 4413 quippe
3459 4357 3584 4410 quae.
3605 4340 3787 4413 nullius

2218 4412 2331 4465 lere
2358 4422 2481 4464 sunt
2512 4410 2765 4465 momenti
2797 4414 2881 4467 vel
2919 4414 3146 4469 roboris.
3190 4408 3379 4469 Unum
3404 4408 3606 4466 addam
3656 4408 3784 4477 quod

2221 4481 2524 4553 Theodoriti
2551 4497 2727 4537 causae
2755 4484 3103 4553 suifragatur,
3134 4485 3339 4539 scilicet
3368 4497 3494 4538 cum
3530 4484 3601 4537 de
3636 4482 3789 4553 tribus

2217 4552 2475 4623 Qapitulis
2519 4554 2714 4622 agitur,
2769 4570 2872 4607 non
2920 4552 3108 4609 eodem
3159 4554 3317 4609 modo
3363 4552 3788 4623 loquendumde

1101 4662 1114 4685 ,
1153 4594 1545 4696 cujusft'lrtiva;
1572 4594 1873 4696 deﬁnitioni
1902 4594 2101 4679 L236};
2132 4594 2186 4655 Β
2210 4594 2536 4696 Theodorito
2551 4594 2634 4679 bac
2668 4595 2735 4679 de
2768 4594 3395 4696 :Llong-ev‘emm
3422 4594 3629 4678 ‘rirtelior
3663 4621 3791 4696 illius

539 4688 693 4762 legati
720 4688 1691 4762 contradixerant,quodquealiarum
1726 4692 1987 4760 majorum
2017 4708 2101 4749 se-

539 4759 685 4817 dium
713 4763 927 4833 antiqua
955 4760 1227 4833 privilegia
1258 4759 1609 4833 convellebat.
1634 4759 1916 4833 _Legantur
1942 4774 2097 4833 quot-

535 4844 664 4904 quot
685 4828 924 4904 epistola:
942 4828 1007 4886 ea
1034 4830 1102 4885 de
1122 4843 1182 4886 re
1210 4828 1421 4899 scriptae
1443 4839 1568 4886 sunt
1585 4846 1611 4884 a
1632 4828 1813 4887 Leone
1831 4828 2099 4898 post'ﬁni-

2208 4693 2337 4747 mihi
2367 4693 2573 4749 videtur
2611 4709 2731 4750 esse
2759 4697 2995 4751 conditio
3020 4690 3175 4765 quam
3209 4696 3460 4760 istorum,
3494 4699 3589 4764 qui
3615 4708 3710 4748 nec
3733 4690 3793 4765 ab

2206 4766 2536 4835 tecumenica
2566 4766 2791 4835 synodo,
2825 4782 2923 4822 nec
2952 4782 2982 4819 a
3008 4761 3249 4821 Romano
3280 4761 3564 4835 pontiﬁce,
3601 4778 3701 4819 nec
3731 4761 3791 4814 ab

2206 4834 2443 4905 Augusto
2476 4834 2845 4893 eam’rlaudem
2874 4852 2936 4893 ac
2966 4834 3487 4893 commendationem
3527 4847 3794 4899 meruere,

1617 4945 2167 5005 BALLERINIORUM
2206 4947 2752 5007 ANNOTATIONES.

602 5042 683 5115 (a)
721 5042 831 5098 Leo
860 5042 911 5115 in
956 5040 1120 5115 epi_st._
1167 5037 1291 5115 “‘9,
1321 5038 1385 5093 ad
1416 5038 1723 5115 Maximum,
1753 5040 1843 5115 qui
1886 5040 1952 5097 de
1975 5043 2106 5115 sub-

533 5110 794 5171 tra'ct'ione
819 5110 1003 5168 trium
1030 5110 1430 5165 Paltestinarum
1461 5112 1514 5165 in
1549 5125 1658 5165 sua:
1687 5110 1830 5166 sedis
1858 5112 2109 5181 prazjudi-

532 5188 672 5241 cium
702 5193 918 5254 questus
940 5184 1132 5254 fuerat,
1160 5181 1400 5237 scribens
1419 5183 1603 5254 capite
1630 5182 1814 5251 quinto
1844 5200 1855 5234 :
1893 5182 1953 5238 Si
1982 5184 2105 5253 quid

529 5273 651 5311 sane
692 5253 754 5310 ab
800 5255 879 5309 his
920 5253 1158 5325 fratribus
1194 5268 1321 5322 quos
1359 5253 1426 5307 ad
1464 5262 1686 5307 sanctam
1714 5254 1965 5323 synodum
2000 5256 2104 5309 vice

530 5345 643 5382 mea
684 5330 817 5391 misi,
863 5324 1043 5397 prwter
1089 5324 1143 5378 id
1185 5325 1335 5397 quod,
1369 5325 1435 5378 ad
1484 5325 1603 5393 ﬁdei
1631 5339 1837 5397 causam
1866 5326 2097 5391 pertinet,

564 5410 723 5452 estum
752 5394 1197 5467 esse'perhibetur,
1228 5396 1419 5449 nullius
1448 5397 1540 5449 erit
1564 5398 1760 5463 penitus
1799 5394 2055 5463 firmitatis
2076 5412 2097 5450 .'

564 5416 723 5452 estum
752 5416 857 5452 €888
887 5416 1197 5467 perntvetur,
1228 5416 1419 5449 nutuus
1448 5416 1540 5449 eru
1564 5416 1760 5463 pannus
1799 5416 2055 5463 ιπηιιιαιιε
2076 5416 2097 5450 .'

527 5416 671 5535 iam,
696 5469 935 5538 inquam,
967 5468 1229 5531 scribens,
1262 5481 1373 5521 rem
1410 5467 1641 5538 aliquam
1665 5480 1724 5519 se
1754 5480 1859 5519 non
1902 5482 2097 5534 appro-

531 5538 661 5595 bare
703 5536 954 5603 insinuat,
984 5553 1140 5607 quam
1174 5539 1327 5607 legati
1368 5544 1554 5591 contra
1586 5536 1830 5591 Nicasnos
1866 5551 2099 5592 canones

564 5611 759 5665 essisse
793 5621 847 5664 et
874 5610 1197 5678 approbasse
1227 5608 1661 5676 perhibebantur,
1687 5614 1743 5660 ut
1762 5622 1825 5661 ex
1848 5616 2099 5663 contextu

564 5625 759 5665 essisse
793 5625 847 5664 et
874 5625 1197 5678 approoasse
1227 5625 1661 5676 perntoeoantur,
1687 5625 1743 5660 ut
1762 5625 1825 5661 ex
1848 5625 2095 5663 contextu

528 5625 874 5747 dignoscitur.
915 5681 1081 5735 Porro
1120 5680 1310 5733 canoni
1343 5695 1435 5747 pro
1468 5679 1594 5733 sede
1632 5678 1737 5732 ΟΡ.
1766 5678 1910 5732 edito
1941 5680 2095 5747 legati

532 5751 705 5815 palam
734 5750 1127 5807 eontradixere.
1153 5749 1336 5803 Solum
1366 5749 1739 5819 compositioni
1775 5751 1909 5802 inter
1933 5748 2096 5802 Maxi-

536 5832 679 5872 mum
692 5830 745 5874 et
768 5820 1073 5874 iuvenalem
1098 5819 1299 5873 assensi
1326 5831 1477 5881 sunt;
1506 5832 1559 5875 ct
1583 5822 1713 5875 hanc
1737 5836 1894 5873 unam
1911 5820 1965 5874 S.
1988 5819 2095 5873 Leo

2218 5044 2298 5115 uti
2320 5041 2547 5098 Nicaanis
2596 5045 2889 5101 canonibus
2924 5046 3244 5101 contrariam
3289 5045 3491 5101 ibidem
3552 5043 3804 5115 sugillare

2214 5113 2446 5168 videtur.
2487 5116 2641 5170 Plura
2682 5116 2749 5169 de
2780 5115 2879 5171 hac
2908 5132 2966 5171 re
3009 5119 3059 5170 in
3092 5116 3301 5171 observ.
3338 5132 3393 5170 n.
3430 5116 3488 5171 9.
3524 5113 3652 5171 Non
3687 5129 3803 5182 ergo

2212 5183 2340 5237 nihil
2357 5187 2565 5309 gramina
2591 5187 2735 5240 aliud
2761 5202 2789 5241 a
2820 5186 2996 5243 Leone
3020 5188 3358 5258 reprobatum
3402 5197 3621 5256 praeter
3646 5199 3805 5242 cano-

2212 5269 2333 5309 nem
2432 5296 2445 5309 .

2210 5269 2333 5309 nem
2357 5269 2445 5309 28.

2281 5325 2355 5407 (ιζ)
2394 5325 2574 5407 Legati
2593 5325 2825 5407 aLeone
2852 5328 2999 5383 missi
3020 5329 3291 5407 obstitere.
3318 5327 3510 5407 Solum
3531 5328 3805 5407 Julianus,

2206 5397 2509 5470 qui‘legatis
2542 5399 2752 5453 additus
2796 5401 2984 5465 fuerat,
3032 5416 3126 5470 pro
3177 5399 3809 5470 Coristantinopolitana:

2204 5467 2346 5541 sedis
2379 5469 2663 5541 privilegio
2698 5472 2837 5539 apud
2870 5469 3176 5538 pontiﬁcem
3207 5467 3567 5536 intercessit;
3603 5473 3702 5541 qui
3734 5470 3811 5522 id-

2202 5539 2348 5593 circo
2369 5540 2783 5608 reprehenditur
2810 5543 2969 5608 epist.
3004 5541 3123 5596 107.

2279 5610 2349 5679 (c)
2387 5612 2582 5683 Confer
2625 5622 2737 5683 not.
2788 5611 2854 5668 18
2907 5613 3041 5683 (col.
3067 5611 3191 5677 257,
3222 5628 3274 5666 η.
3308 5611 3378 5681 b)
3417 5613 3469 5666 in
3503 5612 3747 5669 dissert.
3788 5610 3807 5664 ι

2202 5679 2472 5745 Quesnelli
2502 5682 2567 5735 ad
2593 5697 2680 5735 an.
2711 5682 2839 5738 451.

2273 5750 2353 5820 (d)
2384 5751 2438 5805 ld
2464 5751 2649 5807 falsnm
2674 5754 3003 5808 ostendimus
3030 5754 3080 5809 in
3104 5761 3399 5810 memorata
3429 5764 3558 5808 not.
3598 5755 3669 5811 [8
3694 5751 3819 5808 (col.

2202 5820 2326 5887 257,
2364 5840 2413 5875 ιι.
2448 5823 2521 5891 li)
2552 5824 2615 5879 ad
2639 5824 2850 5881 dissert.
2882 5825 2931 5878 1.
