3994 6310
240 362 326 423 757

526 362 829 421 DISSERT.
872 362 961 421 XI.
1006 362 1094 421 DE
1129 360 1613 420 SUPPOSITIONE
1652 358 1867 419 EPIST.
1910 360 2162 421 NOMINE
2202 361 2441 419 1.150le
2481 342 2678 422 ΡᾹΡΑΞ
2720 366 2738 423 l
2776 365 3158 427 CONFICTJE.

3360 369 3461 425 738

233 490 290 563 ad
320 488 462 563 aliud
495 490 612 563 jam
660 487 883 563 tribunal
908 504 1009 541 non
1040 495 1165 563 esset
1207 486 1476 563 delatum?
1501 485 1688 563 Nonne
1726 500 1793 541 ex
1822 493 1873 547 Α
1902 484 2021 563 dem
2050 484 2311 563 synodum
2352 486 2595 563 dederat,
2623 487 2674 545 in
2702 488 2897 563 quibus
2938 507 3032 563 eos
3074 493 3354 563 episcopos
3383 510 3467 548 re-

233 558 372 617 dictis
399 556 574 628 potius
610 558 848 626 sequitur
876 567 1072 612 tantam
1107 557 1161 611 in
1194 557 1380 611 eadem
1417 556 1625 628 synodo
1651 570 1787 624 pon-

232 628 365 684 tiﬁcii
402 627 585 696 judicii
618 629 848 684 habitam
880 628 1045 684 fuisse
1072 629 1330 683 rationem
1351 666 1365 687 .
1393 627 1458 681 ut
1481 627 1789 683 Theodore-

231 708 307 755 tus
336 699 485 755 initio
513 701 689 755 statim
719 700 787 756 ob
813 700 1008 756 Leonis
1031 698 1291 768 judicium
1324 698 1481 753 fuerit
1519 708 1786 767 receptus,

230 770 338 826 dein
372 786 496 825 vero
526 772 735 826 actione
760 771 826 826 de
863 786 927 825 eo
954 768 1021 824 ad
1057 769 1405 825 revincendos
1438 778 1639 823 tantum
1672 769 1790 840 ejus

231 841 548 912 adversarios
572 841 810 905 inducta,
836 840 976 897 idem
1004 840 1262 906 judicium
1286 840 1554 912 synodalia
1580 852 1785 895 senten-

230 912 306 967 tia:
331 910 465 982 ratio
490 921 545 966 et
570 912 748 982 regula
776 912 1071 968 exstiterit?

300 981 377 1037 10.
403 981 652 1037 Secunda
674 998 801 1039 vero
822 998 1005 1047 causa,
1034 996 1190 1052 quam
1219 996 1316 1036 nos
1342 982 1599 1037 allaturos
1640 995 1791 1037 rece-

230 1053 434 1122 pimus,
484 1054 918 1122 Qucsnellianum
979 1063 1341 1107 commentum
1402 1054 1571 1107 multo
1626 1054 1794 1119 magis

229 1132 439 1196 evertet.
478 1122 600 1179 llaec
630 1124 899 1194 generalis
927 1122 1164 1196 synodus
1193 1124 1258 1176 ab
1294 1123 1636 1196 imperatore
1656 1123 1795 1177 indi-

229 1206 306 1249 cta
331 1193 501 1263 fuerat
528 1210 593 1251 eo
628 1193 924 1261 ιιι-αδεθτῠω
947 1193 1173 1249 consilio
1200 1202 1256 1247 ut
1284 1194 1521 1263 episcopi
1544 1196 1593 1248 in
1625 1195 1794 1249 latro-

228 1264 359 1339 cinio
382 1262 655 1339 Epliesino
676 1265 927 1339 depositi,
957 1280 1021 1319 ac
1045 1266 1097 1318 in
1128 1262 1374 1339 exsilium
1410 1262 1569 1339 pulsi,
1596 1281 1685 1339 per
1705 1280 1798 1333 ap-

227 1336 567 1406 probationem
606 1336 789 1405 synodi
822 1345 972 1405 atque
996 1336 1568 1406 ssntentiam_omnium
1598 1336 1792 1403 cpisco-

231 1403 402 1477 porum
426 1403 828 1460 conrenicntium
852 1403 1199 1477 episcopatum
1219 1414 1266 1460 et
1288 1403 1543 1477 Ercclesias
1562 1408 1796 1477 proprias

230 1476 538 1546 reciperent;
561 1476 1010 1544 quemadmodum
1038 1476 1104 1529 ad
1129 1476 1299 1543 ipsum
1326 1476 1556 1532 Leonem
1585 1478 1797 1546 scripsit

230 1545 509 1601 PuiCheria
548 1547 789 1616 Angusta
834 1550 990 1616 epist.
1032 1547 1117 1601 77.
1164 1547 1224 1602 S.
1269 1548 1507 1616 pontifex
1546 1545 1797 1603 beneme-

235 1616 656 1673 rentissimorum
685 1620 1042 1683 Augustorum
1069 1619 1292 1673 consilio
1320 1632 1559 1672 annuens
1580 1620 1689 1686 jam
1722 1620 1795 1673 le-

233 1697 381 1757 gatos
413 1687 478 1741 ad
512 1689 772 1759 synodum
807 1688 1185 1751 destinaverat,
1213 1689 1524 1759 litterasque
1552 1689 1615 1742 ad
1648 1704 1794 1743 eam-

1896 557 2211 632 stituendos
2236 562 2655 628 praescripserat.
2701 557 2838 632 Lege
2878 562 3034 632 epist.
3067 557 3164 629 93,
3198 557 3343 619 cf?»
3376 565 3467 620 llis

1896 628 2055 700 igitur
2085 630 2135 684 in
2168 629 2580 684 circumstantiis
2607 670 2622 696 ,
2669 628 3261 700 acceptis'Theodoreti
3300 635 3468 691 docu-

1896 700 2108 763 mentis,
2131 700 2229 755 etsi
2260 700 2367 755 Leo
2382 700 2448 755 de
2464 701 2630 770 ipsius
2644 716 2801 772 causa
2825 701 2888 756 ad
2916 705 3258 772 apostolicam
3280 706 3461 761 sedem

1895 784 1992 853 per
2040 772 2447 853 appellationem
2492 772 2666 853 delata
2707 771 2961 853 judicium
3001 774 3206 853 ferens,
3239 792 3465 853 eumque

1898 843 1952 895 in
1978 844 2408 897 communionem
2452 843 2735 913 recipiens,
2764 843 2958 912 ipsum,
2986 854 3044 899 ut
3072 847 3321 913 vidimus,
3352 843 3463 902 sedi

1899 926 2012 967 suae
2039 914 2328 968 restituerit
2367 912 2706 968 restitutione
2730 913 2865 981 juris
2889 954 2905 979 ,
2937 916 3154 971 actualis
3183 912 3361 973 tamen
3391 934 3468 974 re-

1902 983 2105 1057 stitutio
2149 982 2471 1057 perﬁcienda
2520 984 2781 1050 reSIabat,
2809 999 2927 1054 qua:
2955 1000 3074 1057 cum
3119 986 3322 1057 synodo
3357 988 3465 1055 jam

1902 1053 2187 1125 commissa
2228 1053 2394 1109 videri
2438 1064 2651 1125 posset,
2692 1069 2753 1109 ea
2791 1053 3080 1110 secundum
3119 1053 3466 1125 apostolicum

1896 1123 2156 1191 judicium
2188 1125 2252 1179 ab
2281 1125 2409 1195 ipsis
2438 1123 2630 1195 Leonis
2660 1126 2849 1193 legatis
2878 1134 3037 1193 atque
3066 1141 3095 1180 a
3130 1123 3317 1180 cuncto
3339 1142 3467 1183 con-

1902 1195 2027 1267 eilia
2072 1196 2285 1251 decreta
2333 1194 2615 1267 fuit.7Vide
2645 1196 2905 1267 actionem
2948 1201 3001 1253 8.
3033 1196 3207 1267 Quare
3236 1197 3470 1267 synodus

1902 1265 2351 1322 Chalcedonensis
2384 1267 2434 1321 in
2465 1266 2563 1323 hac
2592 1266 2658 1323 de
2679 1266 3020 1323 Theodoreto
3045 1266 3253 1321 actione
3268 1265 3470 1323 Leonis

1897 1336 2157 1405 judicium
2180 1346 2383 1403 secuta,
2402 1338 2740 1392 commissam
2760 1336 2860 1391 sibi
2884 1337 3277 1407 quodammodo
3298 1347 3472 1392 actua-

1904 1408 2009 1461 lem
2058 1408 2196 1462 illius
2240 1410 2625 1463 restitutionem
2670 1406 2922 1463 decrevit.
2971 1406 3122 1475 Quod
3172 1407 3218 1462 si
3273 1422 3339 1463 ex
3394 1407 3474 1462 his

1906 1478 2226 1533 Theodoreti
2275 1480 2557 1550 negotium
2584 1480 2651 1533 ab
2694 1478 2878 1550 eadem
2923 1477 3128 1550 synodo
3174 1493 3279 1533 non
3321 1478 3473 1550 aliter

1902 1564 2061 1617 quam
2091 1565 2151 1604 ex
2180 1547 2372 1604 Leonis
2398 1549 2601 1617 judicio
2626 1549 2898 1604 deﬁnitum
2927 1547 3043 1614 fuit,
3074 1564 3351 1618 perperam
3383 1548 3476 1615 igi-

1903 1628 1990 1691 tur
2018 1621 2335 1691 Quesnellus
2364 1620 2516 1690 hujus
2541 1620 2722 1691 judicii
2762 1620 2958 1675 nullam
2992 1623 3257 1676 rationem
3287 1635 3319 1675 a
3346 1633 3471 1677 con-

1901 1688 2025 1744 cilio
2063 1690 2293 1746 habitam
2322 1688 2575 1763 pra'l‘crre
2609 1707 2769 1748 ausus
2808 1700 2908 1745 est.

1107 1837 1872 1921 DISSERTATIO
1946 1795 2615 1940 UNDECiMT,

233 1953 322 2015 De
332 1953 760 2035 suppositione
781 1951 1142 2033 epistolarad
1156 1952 1625 2016 Germaniarum
1640 1962 1698 2014 et
1710 1953 2057 2016 Galliarum
2072 1956 2412 2035 episcopos.
2433 1955 2503 2016 de
2515 1956 2811 2035 privilegi
2816 1976 2847 2017 ο
2868 1954 3264 2035 chorepiscop
3275 1968 3473 2035 orum,

333 2030 465 2094 sine
484 2030 1008 2111 presbyterorum,
1040 2034 1263 2096 Leonis
1302 2035 1539 2113 papr
1561 2036 1805 2096 nomine
1832 2030 2128 2116 conﬁctae,
2160 2030 2291 2116 quin
2319 2043 2404 2095 est
2430 2036 2493 2097 in
2515 2030 2845 2116 'prioribus
2881 2030 3252 2097 editiouibus
3279 2030 3375 2092 88.

306 2155 510 2230 1265
537 2157 942 2232 l_.Epis_toi:e_88_
966 2158 1138 2214 sancti
1158 2157 1375 2232 Leonis,
1399 2160 1533 2215 utin
1553 2160 1803 2232 omnibus
1834 2162 1879 2221 Β
1910 2161 2176 2231 reperitur
2196 2161 2366 2230 qualis
2392 2162 2729 2232 postmodum
2755 2161 2819 2215 ab
2841 2160 2960 2215 aliis
2983 2159 3120 2215 edita
3144 2167 3224 2214 est
3252 2176 3263 2210 :
3284 2158 3475 2232 quippe

229 2227 497 2281 hactenus
509 2228 830 2283 editionibns
857 2228 1103 2295 habetur,
1134 2231 1555 2300 suppositionem
1582 2230 1805 2285 demon-

230 2305 414 2370 strare
453 2306 612 2366 atque
656 2300 707 2354 id
761 2300 1038 2370 Opero:ius
1076 2301 1324 2370 exsequi,
1366 2302 1469 2357 erit
1504 2302 1593 2370 qui
1623 2302 1805 2355 credat

229 2368 387 2423 otiosi
406 2369 635 2425 hominis
652 2368 918 2439 negotium
934 2385 1073 2437 esse,
1087 2387 1207 2426 cum
1224 2368 1550 2426 eruditorum
1572 2372 1803 2426 maxima

232 2453 353 2507 pars
368 2439 531 2495 fetum
549 2440 691 2497 hunc
708 2440 871 2497 Leoni
890 2442 1049 2497 modo
1065 2440 1347 2511 abjudicet.
1370 2442 1605 2498 Partium
1622 2442 1806 2497 nihilo-

233 2513 407 2566 minus
430 2525 665 2567 mearum
689 2527 806 2568 esse
828 2513 1133 2567 existimavi
1156 2527 1269 2568 rem
1292 2512 1467 2567 denuo
1488 2514 1554 2567 ad
1580 2528 1803 2567 examen

231 2596 425 2637 vocare
468 2592 627 2651 atque
670 2584 968 2647 discutere,
1012 2592 1119 2637 tum
1169 2598 1236 2638 ne
1277 2587 1361 2640 cui
1393 2593 1593 2638 temere
1623 2584 1806 2639 videar

232 2651 515 2725 epistolam
561 2653 704 2708 illam
746 2669 811 2725 ex
850 2654 1197 2725 genuinarum
1230 2668 1452 2709 numero
1489 2655 1800 2719 sustulisse;

234 2732 342 2776 tum
383 2724 507 2793 quia
537 2738 718 2780 revera
752 2724 927 2794 plures
954 2736 1107 2791 sunt,
1147 2724 1289 2792 iique
1326 2725 1541 2781 maximi
1574 2725 1804 2781 nominis

230 2794 389 2865 etiam
426 2795 522 2850 hac
564 2803 722 2865 aetate
761 2794 1081 2865 scriptores,
1122 2795 1314 2864 quibus
1352 2796 1522 2849 visum
1570 2811 1677 2851 non
1724 2806 1806 2851 est

233 2863 513 2931 epistolam
561 2864 697 2921 hanc
743 2863 882 2921 inter
927 2863 1224 2921 adulterina
1272 2869 1539 2921 numerari
1587 2867 1803 2921 debere.

231 2934 389 2989 Tales
418 2943 542 2990 sunt
577 2935 894 2992 Franciscus
931 2934 1194 2990 Hallerius
1225 2945 1281 2991 et
1304 2936 1605 2992 Ludovicus
1633 2934 1806 2990 Cello-

230 3006 336 3059 tius
368 3006 419 3060 in
443 3020 540 3060 suo
560 3015 783 3075 uterque
808 3022 968 3075 opere
990 3006 1055 3075 de
1080 3006 1449 3062 Ecclesiastica
1473 3005 1805 3073 llierarchia,

230 3075 421 3131 Petrus
447 3074 982 3133 Aurelins’adversus
1008 3074 1350 3132 Sirmondum
1382 3077 1622 3132 scribens
1644 3117 1659 3140 ,
1684 3076 1809 3130 Dio-

232 3149 418 3218 nysius
446 3146 694 3218 Petavius
734 3149 785 3202 in
828 3148 968 3202 notis
1009 3146 1075 3202 ad
1108 3147 1165 3218 Si.
1202 3147 1588 3215 Epiphanium,
1614 3147 1809 3218 Petrus

232 3216 299 3271 de
332 3217 503 3272 Marca
533 3218 599 3275 de
626 3217 921 3275 Concordia
951 3216 1240 3274 sacerdotii
1269 3226 1325 3274 et
1367 3218 1576 3287 imperii
1611 3217 1701 3271 lib.
1738 3232 1808 3282 ιι,

231 3304 349 3371 cap.
374 3290 479 3371 _l3,
506 3296 557 3345 et
587 3288 675 3345 alii
703 3289 959 3371 nonnulli:
1000 3290 1126 3371 [iam
1148 3289 1470 3371 _eeoutrario
1492 3288 1810 3371 unt-spuriam

233 3357 485 3429 rejlclnnt
521 3375 622 3415 non
661 3361 821 3415 modo
852 3375 914 3415 ex
944 3357 1281 3413 heterodoxis
1312 3359 1472 3414 David
1506 3358 1812 3415 Blondellus

234 3431 285 3485 in
315 3446 414 3484 suo
442 3431 884 3498 pseudo-Isidoro
912 3429 1218 3499 vapulante,
1246 3430 1338 3485 sed
1364 3438 1420 3486 et
1447 3429 1679 3499 Joannes
1703 3430 1813 3482 Mo-

230 3502 382 3556 rinus
408 3500 635 3597 Oratorii
666 3502 958 3597 presbyter,
979 3497 1034 3555 et
1057 3498 1283 3556 Jacobus
1306 3499 1623 3581 Sirmondus
1649 3497 1706 3557 S.
1733 3500 1806 3569 .Ι.,
1840 3531 1886 3597 C

235 3583 464 3642 uterque
494 3572 590 3628 toti
619 3570 736 3627 orbi
765 3570 1066 3642 eruditione
1087 3584 1182 3625 sua
1212 3572 1553 3639 conspicuus.

305 3638 545 3717 Primum
575 3640 957 3717 suppositiouis
994 3647 1243 3717 κριτήριον
1271 3638 1515 3717 estquod
1556 3638 1671 3717 hac
1700 3642 1810 3717 epi-

305 3662 545 3697 rrlmum
575 3662 957 3712 SUPpOSllIUIlIS
1059 3663 1243 3717 ιτηριον
1271 3662 1349 3698 051
1374 3662 1515 3711 quou
1556 3662 1671 3697 HEC
1700 3662 1808 3709 θρι-

232 3712 370 3768 stola
414 3714 468 3768 in
504 3711 886 3784 antiquissimis
926 3662 1225 3782 quiﬁusque
1253 3712 1625 3784 manuscriptis
1659 3714 1808 3767 cudi-

232 3785 390 3839 cibus
438 3799 541 3840 non
590 3783 897 3853 cuniparet,
937 3783 1030 3838 sed
1076 3792 1276 3837 tantum
1322 3783 1374 3837 in
1427 3784 1813 3838 recentioribus

232 3852 1037 3924 quibusdampost'lsidorianze
1063 3853 1392 3911 collectionis
1421 3861 1657 3921 tempora
1688 3869 1815 3909 exa-

232 3926 401 3991 ratis,
434 3923 573 3995 quod
591 3923 915 3995 argumento
945 3933 1027 3980 est
1054 3938 1119 3979 ex
1152 3924 1308 3993 hujus
1334 3924 1453 3995 sinu
1484 3935 1810 3993 assumptam

232 4011 395 4059 esse;
436 3993 684 4062 alioquin
711 3996 823 4050 ﬁeri
863 3993 949 4049 vix
980 4010 1042 4049 ac
1073 4010 1140 4050 ne
1176 3995 1262 4051 vix
1290 3993 1499 4062 quidem
1533 4006 1714 4059 posset
1759 4003 1815 4048 ut

233 4076 347 4120 tam
378 4063 611 4121 celebris
648 4064 872 4135 epistola
892 4104 908 4130 ,
939 4064 1069 4135 tanti
1100 4063 1393 4135 pontiﬁcis,
1434 4064 1653 4135 127667
1674 4065 1726 4119 in
1758 4079 1816 4119 re

234 4146 361 4208 tam_
379 4132 875 4208 gravisrmomenti,
906 4133 973 4189 ad
1007 4132 1193 4189 omnes
1226 4132 1815 4208 EcciesiashGalliarum

232 4216 289 4262 et
320 4203 729 4263 Gérmaniarum
760 4206 980 4274 scripta,
1004 4212 1113 4260 tam
1145 4218 1382 4259 consono
1407 4203 1649 4259 codicum
1681 4203 1818 4258 anti-

231 4292 468 4347 quorum
520 4276 733 4347 silentio
778 4276 986 4347 sepulta
1027 4274 1317 4347 iacuisset,
1358 4275 1651 4347 prmiserunt
1682 4288 1815 4347 _cum

234 4343 393 4427 plura
428 4346 751 4427 exemplaria
777 4343 1148 4427 ab'_utriu_sque
1177 4344 1410 4427 regionis
1441 4343 1581 4400 illius
1610 4345 1820 4412 episco-

236 4414 337 4490 ius
355 4414 500 4490 haud
513 4414 684 4490 Adu‘bie
706 4416 970 4490 descripta
1002 4414 1248 4490 fuissent.

310 4488 371 4543 2.
402 4488 589 4543 Nullus
614 4502 692 4543 eet
720 4483 1036 4556 scriptorum
1069 4486 1405 4556 antiquorum
1428 4483 1630 4556 quive!
1663 4484 1820 4556 hujus

234 4559 490 4629 epistola:
521 4559 727 4629 apicem
764 4554 997 4629 referat:
1031 4557 1173 4627 quod
1199 4554 1303 4612 etsi
1337 4556 1406 4611 de
1431 4554 1780 4611 familiaribus
1802 4596 1817 4622 ,

236 4628 301 4684 ut
327 4628 815 4700 vocant,’epistolis
846 4629 1037 4700 mirum
1067 4644 1185 4700 non
1204 4636 1365 4691 esset,
1397 4641 1616 4700 prorsus
1642 4635 1819 4700 tamen

235 4700 496 4773 insolens
536 4697 733 4773 d_e'__his
774 4712 906 4773 quas
948 4698 1250 4773 Decretales
1285 4697 1596 4773 appellant,
1628 4698 1820 4773 quibus

236 4772 419 4827 multa
446 4769 743 4839 disciplina:
777 4766 1150 4825 ecclesiastica:
1184 4767 1353 4839 capita
1385 4766 1691 4839 universum
1722 4768 1823 4824 Ec-

236 4842 432 4897 clesiae
478 4838 673 4895 statum
722 4851 786 4895 ac
831 4839 1069 4909 regimen
1129 4838 1406 4909 attinentia
1446 4838 1819 4909 continentur.

1908 2246 2065 2301 quam
2095 2230 2403 2287 auctiorem
2430 2232 2643 2288 exhibet
2684 2232 2758 2303 (b)
2801 2232 3011 2303 ingenti
3042 2246 3243 2303 panno,
3283 2230 3476 2303 quiin

1908 2300 2050 2371 vulg.
2076 2304 2462 2386 edit._insertiis
2490 2304 2664 2386 δερ-87
2694 2300 2966 2386 (nuncii?)
2992 2300 3473 2386 Leonis_epistol:e,

1907 2390 2026 2442 qua:
2052 2383 2134 2427 est
2161 2375 2223 2427 ad
2249 2374 2527 2427 Africanos
2552 2372 2877 2429 Mauritanim
2899 2372 3246 2428 Caesariensis
3267 2372 3477 2442 episcog

1907 2441 2034 2512 pos;
2084 2446 2371 2513 exquibus
2408 2446 2477 2499 ita
2524 2446 2621 2500 sibi
2667 2445 2895 2513 assutis,
2940 2451 2997 2498 ut
3038 2442 3269 2513 humano
3317 2441 3479 2513 capiti

1906 2511 2085 2569 cervix
2114 2511 2327 2587 equina,
2357 2527 2651 2571 monstrum
2685 2511 2951 2587 quoddam
2980 2514 3219 2587 epistola:
3249 2511 3477 2567 informe

1906 2600 1968 2640 ac
1992 2586 2274 2640 ridiculum
2305 2590 2559 2657 exsurgit.

1977 2658 2029 2729 ὅ.
2078 2657 2257 2729 Siylus
2298 2673 2327 2712 a
2369 2653 2605 2713 Leo‘nino
2651 2670 2869 2728 prorsus
2897 2655 3195 2729 abhorret,
3242 2653 3479 2729 nihilque

1908 2726 2069 2782 habet
2106 2724 2246 2797 quod
2289 2730 2447 2783 nitori
2482 2724 2749 2798 liujus'vel
2782 2728 2999 2781 minime
3030 2726 3189 2798 afﬁne
3224 2724 3313 2781 sit.
3346 2724 3478 2793 Ipsae

1906 2800 2064 2869 etiam
2090 2796 2327 2864 epistolae
2351 2796 2604 2869 angustim
2627 2799 2910 2869 infantiam
2931 2796 3204 2869 scriptoris
3228 2804 3473 2869 arguunt.

1906 2867 1965 2921 In
1995 2884 2053 2921 re
2082 2870 2224 2922 enim
2256 2871 2387 2922 tanti
2424 2866 2683 2923 momenti
2725 2866 3008 2937 prolixiora
3045 2866 3237 2934 scripta
3267 2867 3479 2933 suisque

1909 2937 2156 2991 omnibus
2179 2940 2417 2992 absoluta
2444 2940 2680 2992 numeris
2708 2935 2939 2991 misisset
2963 2935 3068 2989 Lco
3098 2945 3299 2997 noster,
3323 2949 3479 3003 quem

1909 3022 2002 3062 sua
2020 3024 2307 3077 numquam
2327 3010 2566 3063 facundia
2586 3009 2635 3061 in
2662 3005 2964 3076 hujusmodi
2984 3005 3204 3075 negotiis
3223 3002 3477 3077 deseruit.

1981 3080 2032 3131 4.
2067 3072 2271 3131 Titulus
2306 3079 2419 3147 ipse
2448 3079 2608 3146 panni
2642 3072 2797 3146 hujus
2825 3072 3243 3147 suppositionem
3283 3072 3479 3147 prodit.

1917 3149 2125 3220 1267
2153 3148 2281 3214 Leo,
2323 3143 2527 3218 inquit.
2568 3143 2814 3220 Romanis
2842 3145 3083 3220 Ecclesia:
3105 3155 3149 3200 et
3189 3143 3481 3220 apostolica:

1912 3213 2066 3272 δῆἘῖ
2076 3213 2338 3288 Episcopus
2358 3261 2370 3283 ,
2399 3213 2647 3274 universis
2688 3217 3096 3288 Germaniarum
3113 3225 3158 3270 et
3194 3213 3481 3288 Galliarum

1911 3284 2161 3357 episcopis
2182 3289 2413 3343 salutent.
2446 3291 2513 3345 At
2534 3305 2661 3344 vero
2685 3302 2970 3357 numquam
2999 3302 3057 3343 se
3078 3285 3208 3353 Leo,
3242 3284 3485 3357 Romana:

1964 3355 2159 3413 crlesim
2187 3362 2509 3428 episcomim,
2543 3360 2634 3414 sed
2672 3355 2871 3423 Romté,
2911 3359 2995 3412 vel
3037 3357 3281 3428 Roniana:
3315 3355 3481 3424 urbis,

1912 3432 1997 3485 vel
2029 3427 2291 3485 catholica:
2322 3430 2565 3485 Ecclesia
2592 3431 2729 3484 urbis
2771 3428 2981 3493 Romw;
3006 3427 3106 3484 etsi
3134 3428 3287 3482 aliter
3315 3427 3481 3482 inter-

1915 3504 2106 3570 polata:
2146 3502 2408 3556 editiones
2447 3517 2554 3570 prie
2596 3517 2653 3556 se
2693 3500 2885 3555 ferant.
2926 3497 3219 3571 Numquam
3263 3495 3388 3571 item
3427 3514 3484 3571 se

1914 3568 2205 3643 apostolica!
2233 3574 2366 3627 sedis
2396 3568 2686 3643 episcopum
2716 3571 2914 3643 inullis
2944 3568 3262 3643 editionibus
3285 3568 3483 3643 _inscri-

1916 3640 2040 3712 psit.
2069 3644 2361 3712 Numquam
2385 3640 2613 3712 denique
2641 3644 2719 3697 vel
2743 3642 3040 3698 Germania:
3063 3640 3328 3712 episc0pis
3354 3640 3483 3693 scri-

1916 3659 2040 3712 pSIt.
2069 3659 2361 3712 numquam
2385 3659 2503 3698 ueni
2550 3659 2613 3699 ne
2641 3659 2719 3697 vei
2743 3659 3040 3698 uermania:
3063 3659 3328 3712 episcopis
3354 3659 3483 3693 εει-ι-

1916 3715 2054 3784 psit,
2101 3715 2181 3767 vel
2221 3727 2313 3767 eos
2353 3728 2474 3769 cum
2511 3659 2799 3770 gallieanis
2838 3712 3152 3782 conjunxit:
3192 3711 3485 3784 qui__nexns

1916 3779 2125 3839 mtatem
2157 3784 2330 3838 Caroli
2363 3785 2536 3855 Magni
2576 3785 2713 3852 sapit
2748 3790 2837 3837 aut
2875 3779 3484 3855 posteriorem._Utrius~

1916 3871 2020 3923 que
2066 3855 2207 3910 enim
2257 3850 2485 3909 nationis
2531 3850 2685 3909 istius
2733 3850 2888 3908 simul
2934 3850 3316 3923 coniungendae
3358 3863 3484 3905 usus

1917 3921 2043 3980 ante
2086 3925 2370 3979 secundam
2412 3940 2595 3994 regum
2640 3933 2941 3978 nostrorum
2987 3921 3283 3994 dynastiam
3330 3932 3483 3972 num—

1917 4010 2072 4061 quam
2121 3995 2339 4048 invaluit
2375 4012 2387 4045 :
2431 3992 2593 4060 coepit
2638 4004 2815 4047 autem
2862 3999 2987 4045 tunc
3028 3992 3270 4061 primum
3299 4002 3418 4043 cum
3456 4002 3487 4044 a

1920 4058 2245 4134 Francorum
2273 4064 2487 4134 regibus
2516 4058 3054 4134 adininistratuinest
3081 4058 3387 4134 imperium.

1991 4132 2041 4186 5.
2076 4128 2394 4201 lmperitiain
2436 4131 2741 4199 impostoris
2773 4139 2828 4185 et
2859 4128 3042 4197 scripti
3080 4128 3365 4201 novitatem
3396 4140 3486 4179 ar-

1917 4212 2086 4273 guunt
2114 4194 2277 4271 prima
2302 4203 2414 4273 ejus
2440 4194 2622 4268 verba,
2647 4201 2837 4273 quibus
2864 4194 3270 4273 eunisynodinn
3302 4194 3488 4250 Romze

1921 4268 2152 4327 habitam
2198 4268 2488 4337 describit,
2536 4271 2784 4341 synodum
2830 4268 3059 4390 apfellat
3106 4268 3487 4336 episcoporum,

1921 4346 2023 4390 sine
2048 4352 2345 4390 creterrarum
2370 4341 2814 4390 consacerdomm-
2846 4340 2884 4390 ϐ
2923 4339 3125 4390 ristiaue
3153 4336 3379 4390 ﬁdelium
3405 4351 3487 4389 co-

1919 4346 2023 4397 sive
2048 4352 2345 4397 caterorum
2370 4336 2815 4407 consacérdotum,
2844 4336 3125 4411 Christique
3150 4336 3379 4411 fidelium
3405 4351 3491 4389 co—

1920 4416 2269 4468 adunatum...
2307 4412 2543 4466 Primum
2583 4412 2723 4465 enim
2766 4410 2883 4481 quis
2910 4407 3098 4481 laica'm
3131 4407 3491 4481 pleliem‘tunc

1921 4484 2107 4540 Romre
2142 4484 2425 4539 admissam
2457 4482 2639 4537 credat
2670 4483 2721 4535 in
2752 4475 3034 4535 concilium
3070 4475 3147 4535 de'
3168 4475 3492 4533 ecclesiasti-

1921 4558 1999 4612 cis
2029 4557 2188 4611 rebus
2231 4554 2541 4609 ordinandis
2582 4552 3036 4620 decernendisque
3074 4546 3490 4620 congregatum?

1927 4628 2128 4681 Deinde
2154 4641 2274 4682 cum
2311 4636 2604 4679 cmterorum
2635 4618 3049 4679 consacerdotum
3087 4618 3301 4674 nomine
3343 4632 3491 4689 pres-

1923 4698 2140 4769 byteros
2171 4696 2542 4769 procnldubio
2591 4694 2844 4769 intelligat
2868 4692 2949 4769 _ab
2994 4691 3262 4761 episcopis
3294 4689 3493 4769 _distin-

1923 4758 2062 4832 cies,
2096 4758 2246 4822 latuit
2274 4767 2589 4836 scriptorem
2620 4758 2911 4836 sacerdotis
2942 4758 3136 4836 nomen
3166 4758 3493 4836 presbyteris

1926 4779 2062 4832 ctos,
2096 4774 2246 4822 latuit
2274 4774 2589 4836 scriptorem
2620 4774 2911 4819 sacerdotis
2942 4776 3136 4817 nomen
3203 4774 3492 4829 resnyteris

1926 4839 2091 4894 tribui
2114 4852 2217 4893 non
2239 4839 2413 4892 solere
2436 4836 2534 4890 nisi
2560 4836 2626 4890 ab
2648 4833 2950 4890 auctoribus
2971 4831 3149 4887 Leone
3166 4774 3492 4900 iunioribus,

238 4913 439 4968 Nullus
477 4913 636 4967 etiam
673 4925 767 4966 seu
801 4899 1063 4965 canonum
1094 4924 1188 4965 seu
1222 4908 1611 4978 pontiﬁciorum
1640 4908 1825 4965 decre-
1851 4911 1903 4971 D
1928 4910 2163 4977 illudque
2195 4923 2287 4976 per
2321 4908 2489 4974 prima
2528 4906 2777 4978 Ecclesiae
2806 4904 2997 4959 saecula
3028 4899 3291 4971 episcopis
3330 4899 3496 4978 fuisse

240 4992 429 5037 torum
460 4980 717 5036 collector
740 4981 992 5043 suisieam
1018 4978 1419 5034 collectionibus
1448 4979 1672 5033 inseruit
1696 4998 1709 5033 :
1733 4995 1826 5035 eos

240 5052 376 5108 dico
406 5053 497 5119 qui
529 5061 652 5107 ante
678 5051 934 5107 lsidorum
961 5049 1328 5115 Mercatorem,
1352 5063 1447 5104 seu
1477 5059 1601 5104 ante
1628 5064 1825 5104 nonum

241 5123 515 5177 saeculum
556 5124 849 5179 ﬂoruerunt
880 5121 979 5191 (a).
1015 5120 1108 5176 Hic
1143 5121 1286 5175 enim
1323 5120 1472 5191 inter
1493 5121 1683 5191 Leonis
1708 5122 1825 5189 epi—

240 5194 426 5249 stolas
462 5205 593 5263 eam
618 5191 822 5263 deiqua
854 5184 1056 5262 agimus
1091 5190 1285 5263 edidit,
1324 5189 1411 5247 vel
1449 5184 1688 5246 fraudem
1716 5184 1829 5263 ipse

245 5276 484 5333 passus,
516 5261 600 5319 vel
624 5260 1019 5317 aliis‘facturus.
1049 5260 1346 5332 Apud‘eum
1379 5271 1557 5317 tamen
1579 5276 1683 5317 non
1707 5262 1829 5318 talis

1930 4969 2282 5037 reservatum.
2318 4969 2373 5035 Si
2403 4977 2628 5049 quando;
2651 4982 2827 5049 autem
2866 4969 3183 5049 concessum
3222 4969 3496 5049 presbyte-

1929 5051 2037 5117 ris,
2067 5063 2349 5118 numquam
2383 5038 2557 5119 tamen
2590 5047 2703 5119 sine
2734 5041 3032 5119 hujusmodi
3064 5038 3391 5119 addimento‘,
3420 5052 3497 5119 se-

1932 5106 2087 5176 cundi
2115 5106 2329 5182 ordinis,
2362 5117 2569 5174 secundi
2595 5116 2709 5179 loci,
2737 5106 2945 5168 secundi
2974 5108 3181 5183 gradus,
3208 5116 3313 5183 etc.
3344 5106 3499 5161 Deni-

1931 5204 2037 5260 que
2093 5190 2288 5260 foedum
2319 5178 2475 5243 hunc
2521 5178 2878 5260 soloecismum
2928 5178 3174 5260 synodum
3218 5178 3499 5260 ιξάιεηαιιιηι

1933 5244 2051 5331 quis
2082 5244 2188 5315 non
2209 5259 2388 5315 videat
2412 5270 2694 5328 numquam
2722 5256 2789 5311 ab
2817 5266 2881 5309 eo
2902 5244 3161 5320 scriptore
3187 5244 3497 5315 admissum,

1319 5350 1873 5410 BALLERINIORUM
1910 5350 2455 5410 ANNOTATIONES.

331 5445 415 5517 (α)
448 5445 504 5503 In
528 5445 675 5517 puris
704 5443 892 5517 Isidori
915 5443 1218 5517 codicibus,
1245 5444 1416 5514 qualis
1445 5452 1527 5498 est
1556 5444 1827 5517 Va_t._6'50,

245 5515 651 5587 haec'epis‘tola
684 5531 794 5587 non
847 5516 1137 5578 invenitur;
1165 5527 1242 5587 ac
1292 5522 1579 5587 propterea
1612 5515 1831 5587 _lsidoro

249 5589 430 5646 tribui
452 5583 655 5655 nequit.
676 5586 857 5642 Solum
880 5595 1075 5655 praeter
1096 5583 1720 5655 collectionesLeoninas
1743 5587 1829 5655 tl,

249 5662 366 5727 20,
396 5658 459 5715 2t
482 5699 497 5721 ,
525 5652 623 5720 22.
655 5657 725 5711 25
749 5663 803 5711 et
833 5652 904 5708 24
933 5653 1196 5727 invenitur
1236 5656 1287 5708 in
1329 5652 1695 5727 Additamentis
1724 5652 1835 5727 col;

248 5723 519 5794 lectionis
544 5727 850 5782 Isidorianae
873 5724 1125 5781 exhibitis
1155 5727 1204 5779 in
1229 5736 1359 5778 mss.
1388 5723 1716 5779 collectionis
1748 5726 1831 5793 12,

565 5798 796 5866 pertinet
829 5795 999 5850 codex
1033 5795 1147 5866 Vat.
1188 5794 1346 5849 1540.
1379 5794 1526 5849 Hanc
1565 5794 1835 5866 collectio-

249 5864 397 5928 nem
428 5868 499 5924 12
524 5864 773 5922 Merlinus
804 5866 995 5930 edidit;
1024 5865 1337 5930 Quesncllus
1364 5880 1491 5919 vero
1510 5909 1524 5930 ,
1554 5868 1639 5934 qui
1673 5864 1835 5918 Isido-

259 5938 443 5999 riana:
469 5937 719 5994 editionis
748 5937 961 5993 nomine
990 5936 1351 5991 Merlinianam
1380 5936 1670 6005 signiﬁcat,
1702 5936 1837 5990 hanc

250 5802 333 5859 ad
363 5814 524 5868 quam

1932 5444 2210 5527 epistolam
2242 5443 2447 5527 Isidoro
2491 5441 2783 5504 ascribens,
2809 5435 3168 5491 Additaments
3208 5432 3277 5488 ah
3302 5432 3502 5488 Isidoro

1935 5515 2467 5656 “oilbilisii‘cf‘griiinus,
2484 5582 2572 5652 qui
2595 5576 2974 5656 complectitur
2985 5583 3276 5656 extremam
3297 5581 3502 5656 partem

1939 5648 2130 5738 Capitis
2162 5648 2285 5738 noni
2326 5663 2385 5738 et
2407 5648 2515 5732 tria'
2552 5650 2755 5738 reliqu‘a
2781 5648 3012 5738 capitula
3035 5648 3505 5738 genuinankegii‘is

1936 5718 2173 5794 epistolae
2208 5722 2292 5791 i2,
2322 5723 2387 5777 ad
2408 5718 2687 5794 episcopos
2708 5718 2935 5794 Mauros,
2968 5719 3238 5794 subjectus
3265 5723 3348 5768 est
3372 5727 3495 5794 sup-

1976 5786 2188 5849 osititia:
2218 5786 2457 5861 epistolae
2484 5791 2551 5846 de
2570 5786 3044 5861 chorepiscopisin
3074 5786 3203 5861 solis
3231 5798 3361 5842 mss.
3394 5787 3505 5861 cot-

1960 5865 2183 5919 ectionis
2216 5853 2283 5916 tu
2322 5862 2461 5916 inter
2503 5853 3239 5925 Additani'enta'lsidoriana,
3268 5870 3387 5926 quae
3411 5853 3506 5909 lsi-
3581 5859 3587 5865 ‘

1939 5936 2069 5989 doro
2092 5934 2248 5989 tribui
2276 5948 2380 5988 non
2406 5932 2618 5988 debent.
