3994 6310
490 305 593 361 763

970 306 1202 363 essen.
1248 305 1626 373 quassum
1667 279 2240 367 ms’ssnrtttones
2276 301 2339 358 1N
2380 302 2436 357 s.
2482 300 2725 357 LEONIS
2754 300 2966 361 NAGNl
3003 302 3229 360 01>an

3616 303 3718 359 765

489 437 626 484 creta
666 426 875 480 Damasi
908 442 1075 497 papw,
1109 424 1393 480 Innocentii
1430 432 1475 479 et
1504 423 1689 497 Leonis
1727 440 1942 497 uacuum
1979 431 2051 497 est
2082 429 2127 483 Α
2158 422 2382 497 epistola
2404 421 2654 497 omnibus
2681 421 3058 497 ecclesiasticis
3081 422 3426 492 scriptoribus
3451 432 3541 478 aut
3559 424 3720 497 colles

487 510 639 565 atque
665 499 818 551 inane
843 493 1091 566 quidam
1115 497 1165 549 in
1195 497 1376 549 summi
1412 495 1680 549 sacerdotii
1706 493 2055 563 chorepiscopi

491 578 703 641 egerunt
730 568 1031 641 ministerio.
1064 566 1129 620 Et
1154 569 1287 641 quod
1315 568 1420 641 ipsi
1442 566 1589 641 iidem
1614 567 1717 641 sint
1739 567 1890 635 quiet
1916 583 2055 641 pres-

490 636 677 712 bgteri,
707 639 1008 712 suﬁciqu
1031 640 1297 712 invenitur.
1325 637 1425 692 Ubi
1452 636 1498 712 si
1514 637 1773 712 attentius
1812 638 2056 712 conside-

494 707 647 765 retur
674 710 739 763 ad
771 707 899 776 quid
926 710 1083 763 trium
1114 708 1324 763 illorum
1357 708 1659 770 pontilicum
1688 707 1903 762 decreta
1937 709 2052 763 lau-

497 780 611 846 det,
660 780 979 847 intelligetur
1008 778 1110 833 hoc
1161 793 1266 833 uno
1295 776 1475 832 sﬂerri
1504 779 1702 840 animo,
1749 790 1805 832 ιιι
1847 778 2051 834 irritum

497 862 780 907 censeatur
810 851 855 903 si
881 850 1003 919 quid
1030 849 1344 919 episc0pa|is
1373 849 1608 919 muneris
1631 864 1735 903 non
1764 848 1831 901 ab
1849 851 2055 916 episcoo

492 923 576 994 pis
600 923 851 976 canonice
878 918 1200 994 consecratis
1231 928 1489 974 tentatum
1517 918 1737 994 fuisset:
1759 921 1909 994 quod
1922 934 2053 994 cnn-

499 990 675 1046 ilrmat
700 994 1010 1045 auctoritate
1045 992 1258 1055 Leonis,
1286 1006 1389 1044 non
1433 1005 1588 1044 secus
1611 1005 1675 1044 ac
1699 991 1750 1043 in
1787 990 2054 1058 Capitula-

494 1063 633 1117 rium
663 1064 753 1120 lib.
781 1078 872 1128 vn,
904 1078 1021 1132 cap.
1046 1064 1172 1127 528,
1199 1070 1253 1117 et
1280 1061 1590 1132 Innocentii,
1619 1060 1710 1130 qui
1737 1060 1867 1115 nihil
1900 1076 2051 1129 pror-

493 1150 584 1188 sus
611 1133 677 1188 de
709 1131 1105 1201 chorepiseopis
1131 1132 1305 1195 habet,
1342 1142 1393 1186 et
1417 1131 1647 1197 Damasi,
1673 1133 1824 1201 cujus
1853 1134 2053 1201 episto-

491 1204 595 1259 lam
625 1204 974 1259 adulterinam
1001 1214 1221 1259 censent
1252 1204 1468 1258 eruditi.

562 1276 637 1329 Ex
667 1275 861 1344 quibus
903 1276 1243 1329 manifestum
1287 1283 1370 1327 est
1411 1273 1464 1327 id
1513 1287 1673 1329 omne
1701 1273 1841 1342 quod
1879 1273 2054 1329 citatis

494 1345 629 1400 locis
656 1346 879 1399 habetur
898 1345 967 1399 de
988 1344 1402 1413 ebur-episcopis.
1429 1344 1557 1398 nihil
1584 1346 1832 1413 ponderis
1857 1344 2054 1399 addere

493 1416 735 1485 epistola:
787 1416 949 1469 Leoni
996 1417 1301 1484 suppositae.
1356 1415 1548 1468 Verum
1596 1415 1694 1471 etsi
1739 1415 1807 1468 ab
1851 1414 2055 1483 aliquot

494 1487 667 1541 octavi
706 1487 785 1540 vel
813 1488 937 1539 noni
966 1486 1141 1539 sarculi
1178 1485 1395 1556 synodis
1425 1485 1582 1539 citata
1610 1500 1793 1539 revera
1824 1497 1972 1556 esset
1996 1493 2055 1539 ut

492 1572 523 1611 a
554 1556 734 1611 Leone
767 1556 987 1624 scripta,
1020 1557 1206 1611 mirum
1241 1572 1344 1609 non
1375 1563 1519 1609 esset
1556 1556 1919 1610 sanctissimos
1954 1555 2053 1611 Pa-

495 1636 607 1682 tres
636 1627 995 1681 instaurandae
1011 1626 1325 1695 disciplinte,
1351 1642 1456 1679 non
1479 1626 1844 1696 discernendis
1866 1641 2055 1696 suppo-

494 1698 672 1751 sititiis
722 1698 914 1752 ictibus
964 1712 995 1751 a
1033 1698 1299 1766 genuinis,
1343 1698 1593 1761 intentos,
1630 1695 1762 1751 falso
1804 1697 1957 1752 titulo
1998 1699 2049 1752 in

492 1782 729 1822 errorem
756 1782 875 1823 esse
917 1767 1189 1832 inductos,
1220 1766 1360 1836 quod
1391 1776 1443 1822 et
1479 1766 1897 1836 Aquisgraneusi
1924 1784 2051 1823 con-

490 1816 631 1892 éi't'té'
650 1816 874 1892 'e'i'a't'ti's'
901 1816 1189 1892 sagi-nti;
1212 1816 1455 1907 tib—litigii,
1479 1816 1907 1893 aestimasse
1929 1816 2050 1893 Vtin
2081 1816 2127 1877 Β

488 1909 899 1977 contemplativa
943 1909 1206 1977 Prospero
1252 1908 1645 1976 adjudiearunt,
1695 1924 1828 1975 quos
1854 1909 2049 1965 Juliani

488 1976 853 2034 Pomeriiesse
874 1980 1033 2033 hodie
1058 1976 1286 2034 constat.
1314 1981 1483 2034 immo
1509 1988 1561 2034 et
1590 1979 1896 2049 apocrypha
1922 1982 2054 2036 scri-

486 2059 575 2118 pta
605 2053 763 2105 citata
789 2051 1085 2105 invenimus
1114 2064 1144 2105 a
1194 2051 1767 2121 saerisgepiscoporum
1809 2051 2050 2121 synodis,

487 2136 605 2188 quae
651 2132 823 2175 tamen
882 2122 1021 2177 inter
1070 2122 1310 2177 sineeros
1366 2119 1506 2176 {etus
1552 2119 2053 2192 uumerareireligio

486 2201 647 2245 8558!.

558 2264 851 2333 Antequam
903 2263 971 2317 ab
1008 2265 1106 2317 ista
1138 2261 1511 2333 disquisitione
1538 2278 1754 2319 manum
1800 2263 2049 2329 referam,

490 2331 721 2386 monebo
764 2333 991 2387 mediam
1039 2331 1321 2402 quamdam
1364 2350 1518 2399 posse
1559 2335 1679 2388 iniri
1729 2334 1865 2389 viam
1914 2334 2055 2390 inter

489 2410 770 2472 utramque
806 2403 940 2457 hanc
978 2404 1302 2472 opinionem,
1346 2405 1391 2458 si
1442 2405 1690 2459 nintirum
1719 2405 1926 2461 dicatur
1957 2420 2055 2461 nec

488 2472 685 2545 Leonis
709 2473 727 2525 i
755 2474 1031 2541 epistolam
1060 2490 1199 2541 esse,
1230 2490 1328 2529 nec
1358 2475 1691 2543 impostoris,
1725 2475 1804 2544 (α)
1835 2478 1929 2531 sed
1954 2492 2051 2545 po-

489 2543 596 2596 tius
628 2544 817 2597 Leonis
846 2545 933 2601 ΙΙΙ.
964 2546 1131 2613 llujus
1161 2548 1308 2611 enim
1341 2555 1578 2614 tempore
1607 2548 1930 2614 gravissimae
1955 2543 2054 2601 ‘ad-

490 2628 677 2686 versus
700 2614 1109 2686 chorepiscoltos
1139 2616 1371 2686 querelae
1396 2626 1552 2669 motae
1582 2628 1704 2670 sunt
1731 2616 1783 2686 in
1810 2614 1979 2671 Gallia
2001 2626 2055 2672 et

490 2683 799 2755 Germania,
828 2686 998 2755 deque
1021 2683 1311 2755 potestatis
1334 2686 1547 2740 illorum
1576 2685 1828 2741 limitibus
1858 2686 2054 2743 acriter

489 2754 810 2820 disputatum
859 2754 960 2811 est.
1004 2754 1361 2823 Quamobrem
1414 2758 1722 2813 nutantibus
1768 2757 1892 2814 hinc
1930 2759 2053 2815 inde

488 2825 784 2899 sententiis,
827 2842 943 2899 rem,
962 2828 1027 2881 ad
1053 2828 1285 2882 Leonem
1308 2828 1371 2882 lll
1405 2838 1529 2883 tunc
1552 2828 1851 2885 Romanum
1884 2831 2054 2899 ponti-

490 2893 641 2949 licem
686 2896 869 2952 referri
898 2898 1099 2967 placuit
1122 2899 1406 2968 episcopis.
1452 2899 1580 2967 Ejus
1625 2893 2053 2968 responsi'sum-

487 2981 628 3041 mam
657 2969 900 3041 superius
928 2985 991 3041 ex
1031 2968 1428 3039 Capitttlaribus
1459 2972 1761 3038 retulimus,
1798 2971 1893 3027 sed
1924 2973 2051 3041 ipsa!

486 3037 601 3104 ejus
629 3040 868 3105 epistolae
908 3040 973 3093 de
1020 3037 1125 3095 hoc
1148 3041 1360 3109 negotio
1404 3042 1616 3106 scripta:
1657 3041 1722 3094 ad
1764 3057 1860 3098 nos
1885 3037 2049 3110 usque

486 3122 604 3181 non
623 3117 998 3177 pervenerunt,
1028 3125 1163 3181 quas
1204 3118 1381 3166 tamen
1412 3112 1665 3180 plurimas
1697 3113 1861 3168 fuisse
1900 3113 2047 3168 dubi-

485 3179 699 3264 tandum
725 3196 829 3260 non
860 3190 998 3264 est}.
1020 3179 1140 3264 cum
1164 3196 1250 3236 res
1280 3191 1339 3263 et
1361 3179 1577 3264 maximi
1605 3194 1747 3239 esset
1770 3185 2048 3264 momenti,
2078 3200 2125 3264 ρ
2154 3179 2255 3240 siEe
2286 3179 2692 3264 pirgsbgterqi'uitt
2718 3179 2783 3264 {id
2814 3179 3070 3264 universos

485 3256 539 3301 et
572 3248 1070 3328 EcclesiasGalliae
1091 3251 1501 3328 Germaniaeque
1519 3254 1665 3328 inter
1690 3269 1749 3328 se
1775 3254 1865 3308 diu
1902 3248 2052 3328 colli-

483 3318 773 3398 κινῇς-[ζίοη
802 3321 1031 3398 absurde
1059 3322 1218 3398 igitur
1243 3323 1362 3398 quis
1390 3318 1557 3398 possit
1582 3325 1890 3398 existimare
1918 3324 2047 3382 Leo-

486 3387 571 3441 nis
619 3387 685 3462 lll
739 3404 859 3462 esse
898 3394 1034 3446 hanc
1066 3387 1345 3460 epistolam
1392 3387 1474 3449 vel
1510 3394 1747 3460 epistolae
1780 3397 2048 3462 fragtnen-

485 3466 616 3513 tum.
648 3459 979 3526 COnjecturae
1022 3459 1181 3516 [idem
1225 3472 1465 3520 astruere
1507 3459 1752 3519 videntur
1781 3459 2047 3520 Ecclesia-

485 3542 603 3581 rum
627 3526 810 3583 Gallia:
843 3539 896 3585 et
921 3531 1219 3587 Germania:
1260 3544 1438 3589 aretus
1466 3548 1559 3599 per
1585 3535 1728 3589 illam
1758 3546 2046 3602 tempesta-

484 3606 591 3671 tem
628 3613 841 3671 nexus,
869 3603 1142 3669 utriusque
1189 3605 1421 3671 regionis
1458 3604 1650 3671 legatio
1688 3605 1755 3661 ad
1806 3604 2040 3662 Leonem

478 3667 1021 3748 decreta,_utriusque
1124 3667 1386 3748 synodum
1422 3667 1714 3748 conventus
1733 3674 2043 3748 ilatisbonte

479 3739 701 3807 aliisque
727 3740 778 3794 in
802 3739 944 3815 locis:
957 3757 1016 3795 ea
1042 3743 1108 3797 de
1135 3739 1192 3797 re
1220 3743 1408 3810 habiti,
1442 3745 1494 3799 in
1517 3746 1706 3815 quibus
1730 3746 1923 3801 Leonis
1951 3748 2047 3803 de-

479 3815 684 3889 cretum
737 3812 1126 3889 promulgatum
1168 3824 1295 3889 est,
1354 3812 2043 3889 atque'synodali1277

475 3878 753 3935 sanctione
782 3878 1114 3956 roboratam;
1166 3878 1545 3954 imperaturum
1588 3878 1819 3956 denique
1837 3878 2043 3945 Tib-liis

478 3963 602 4030 cura
626 3965 688 4032 ac
715 3952 1177 4032 sollicitudo,_no_n
1217 3952 1418 4032 semel,
1449 3968 1540 4013 aut
1577 3958 1657 4032 bis
1681 3952 1769 4032 vel
1800 3969 1924 4032 ter,
1946 3961 2041 4017 sed

473 4025 884 4101 stepissinte,_ut
924 4025 996 4101 ait
1026 4028 1194 4101 Gapit.
1232 4027 1327 4101 lib.
1364 4044 1455 4094 vn,
1480 4042 1595 4099 cap.
1631 4030 1752 4085 187.
1798 4030 2037 4101 Denique

473 4104 593 4145 cum
637 4102 761 4149 ante
794 4093 991 4152 Leonis
1035 4093 1193 4166 hujus
1228 4097 1293 4153 lll
1323 4093 1561 4171 tempora
1599 4102 1775 4170 ignota
1814 4101 1886 4157 sit
1922 4093 2038 4159 haec

2159 490 2395 563 cicuribus
2414 493 2688 549 Canonum
2714 508 2776 547 ac
2800 490 3172 563 Decretalium,
3191 490 3509 563 argumento
3538 502 3621 549 est
3639 496 3725 551 vei

2158 561 2320 689 lhujus
2344 579 2508 690 lesse,
2550 565 2633 621 vel
2686 563 2809 619 huic
2859 562 3035 635 potius
3088 577 3206 619 esse
3253 561 3516 633 amotam,
3566 581 3724 637 quam

2200 649 2317 690 cont
2371 674 2384 689 .

2200 649 2317 690 ροηι
2344 649 2384 690 ι.

2226 704 2531 777 Levicnlam
2552 702 2916 777 difﬁcultatem
2940 704 2983 760 si
2999 705 3117 777 quis
3139 706 3367 777 moverit
3388 721 3451 761 ex
3480 706 3726 763 Gratiani

2159 772 2415 840 Decreto,
2445 775 2535 847 ubi
2566 775 2761 831 Leonis
2797 775 2825 847 l
2851 772 3041 832 nomen
3073 775 3346 845 pratiixum
3389 776 3583 847 legitur
3622 778 3728 832 de-

2155 856 2339 916 cerpto
2358 862 2423 901 ex
2443 846 2542 901 hac
2559 847 2779 915 epistola
2800 846 3015 902 decreto
3036 847 3271 902 distinet.
3297 848 3384 915 68,
3406 862 3453 902 c.
3480 848 3731 915 Quamvis

2156 914 2558 988 cliorepiscopis,
2584 914 2779 972 norunt
2808 934 2991 973 omnes
3019 933 3175 984 quam
3205 914 3402 972 crassa:
3434 914 3577 973 naris
3605 921 3732 988 jure

2159 991 2351 1042 tnerito
2382 988 2639 1042 habeatur
2677 988 2961 1043 Gratianus
2992 988 3041 1042 in
3071 988 3443 1043 discernendis
3474 990 3731 1059 legitimis

2155 1060 2367 1127 scriptis
2389 1068 2667 1113 auctorum
2690 1074 2718 1112 a
2746 1061 2961 1129 spuriis.
2994 1060 3239 1114 Attamen
3267 1060 3522 1114 Gratiano
3554 1060 3731 1129 impu-
3766 1076 3773 1129 ς

2159 1125 2317 1211 tanda
2346 1139 2557 1211 non-est
2594 1125 2790 1184 Leonis
2818 1130 2970 1211 primi
3000 1131 3195 1211 incerta
3228 1130 3459 1211 decretis
3491 1125 3728 1200 mentio,
3766 1125 3775 1139 ’

2155 1199 2250 1255 sed
2292 1200 2518 1255 novellis
2544 1199 2971 1265 correctoribus,
3019 1200 3109 1269 qui
3146 1216 3384 1256 errorem
3418 1200 3561 1256 hunc
3604 1199 3729 1257 cum

2159 1270 2276 1344 aliis
2305 1270 2611 1344 innumeris
2652 1287 2715 1325 ex
2746 1272 3099 1344 epistularum
3130 1271 3531 1344 pontiﬁciarum
3562 1273 3732 1344 inger-

2154 1339 2350 1413 poiatis
2380 1341 2695 1413 editionibus
2728 1339 3041 1413 hauserunt.
3074 1339 3416 1413 Antiquiores
3446 1342 3592 1399 enim
3625 1342 3733 1399 De-

2155 1410 2287 1481 eteli
2335 1412 2629 1475 editiones,
2673 1411 2987 1466 Parisiensis
3027 1429 3113 1467 an.
3148 1411 3304 1481 1551,
3351 1411 3733 1481 Lugdunensis

2154 1480 2393 1554 Hugonis
2427 1482 2643 1554 a‘Porta
2676 1481 2963 1554 δτι-1548,
2992 1490 3048 1554 et
3075 1484 3279 1554 aliquot
3308 1480 3573 1554 aliazitcec
3604 1493 3728 1541 tan-

2156 1552 2430 1629 tummodo
2470 1551 2668 1629 habent
2712 1571 2725 1607 :
2757 1552 2835 1609 De
2874 1553 2951 1607 his
2993 1553 3067 1607 ita
3108 1551 3277 1609 scribit
3317 1553 3422 1609 Leo
3462 1555 3732 1629 episcopus

2154 1622 2386 1695 omnibus
2414 1623 2689 1695 episcopis.

2227 1693 2331 1750 Sed
2363 1692 2761 1750 etclarissimus
2789 1692 3035 1750 Baluzius
3056 1695 3108 1750 in
3152 1694 3291 1751 notis
3324 1694 3387 1750 ad
3417 1695 3731 1753 Gratianum

2154 1764 2458 1839 observavit
2488 1765 2553 1819 ad
2580 1766 2705 1839 dist.
2738 1764 2840 1839 64,
2871 1780 2988 1839 cap.
3020 1768 3075 1833 5,
3108 1764 3183 1820 De
3208 1767 3520 1839 objectione,
3562 1768 3730 1824 Leoni

2158 1838 2329 1905 primo
2382 1837 2434 1890 in
2481 1838 2713 1906 antiquis
2762 1835 3082 1893 editionibus
3140 1835 3348 1894 Decreti
3398 1854 3506 1893 non
3562 1841 3730 1895 tribui

2155 1907 2434 1976 epistolam
2466 1907 2642 1961 istam.
2671 1907 2727 1962 in
2753 1906 2947 1977 Regio,
2978 1906 3169 1977 inquit,
3196 1907 3437 1964 Gratiani
3460 1910 3559 1964 lib.
3600 1912 3729 1966 titu-

2156 1980 2240 2036 lus
2269 1978 2420 2033 istius
2450 1977 2640 2047 capitis
2668 1977 2754 2033 hie
2784 1988 2903 2032 est:
2933 1977 3009 2031 De
3029 1978 3107 2033 his
3128 1981 3197 2033 ita
3224 1980 3391 2033 scribit
3421 1979 3522 2035 Leo
3554 1984 3722 2036 omni-

2155 2049 2559 2123 bus_episc0pis.
2599 2050 3070 2123 sangermanensis
3115 2050 3288 2110 addit.
3325 2060 3370 2104 et
3404 2054 3717 2123 presbyteris.

2156 2119 2438 2193 Antiquior
2462 2118 2815 2193 Victorinus:
2855 2120 2927 2193 De
2975 2120 3054 2174 Itis
3101 2123 3312 2193 1278
3351 2118 3505 2175 autem
3532 2118 3715 2193 scribit

2156 2192 2259 2250 Leo
2293 2192 2559 2263 episcopus
2596 2192 2825 2263 omnibus
2852 2191 3120 2261 rpiscopis.
3149 2191 3431 2263 Recentior
3472 2211 3485 2246 2
3523 2191 3597 2247 De
3639 2194 3712 2247 his

2156 2265 2227 2319 ita
2266 2262 2439 2335 scribit
2465 2261 2655 2317 beatus
2697 2262 2797 2316 Leo
2845 2263 3109 2335 episcopus
3133 2261 3364 2335 omnibus
3401 2265 3646 2335 episcopis
3675 2274 3721 2317 et

2155 2334 2479 2407 presbyteris.
2526 2334 2756 2405 Antiqua
2802 2334 2962 2407 editio
2998 2333 3302 2407 Moguntina
3353 2352 3365 2385 :
3411 2334 3486 2390 De
3527 2333 3612 2407 his
3655 2335 3727 2388 ita

2155 2403 2327 2461 scribit
2358 2403 2460 2458 Leo
2500 2403 2763 2475 episcopus
2795 2404 3023 2459 omnibus
3057 2403 3303 2476 episcopis
3327 2414 3373 2458 et
3398 2406 3726 2476 presbyteris.

2156 2478 2284 2543 liceo
2310 2516 2323 2541 ,
2368 2487 2413 2528 et
2457 2476 2789 2545 presbyteris,
2824 2490 2929 2529 non
2959 2484 3171 2530 exstant
3196 2475 3248 2529 in
3280 2478 3447 2529 veteri
3490 2475 3730 2531 editione

2158 2544 2382 2613 Veneta,
2418 2544 2587 2614 neque
2608 2544 2665 2600 in
2694 2546 3015 2601 editionibus
3057 2546 3400 2601 Democharis
3442 2556 3496 2602 et
3533 2547 3729 2603 Contii.

2155 2616 2357 2674 Caetera
2398 2618 2592 2672 similia
2622 2628 2762 2673 sunt.
2812 2618 3046 2672 Romana
3088 2626 3263 2671 autem
3301 2618 3376 2671 sic
3405 2616 3612 2673 habet:
3658 2616 3732 2672 De

2157 2689 2235 2742 Itis
2263 2692 2333 2743 ila
2369 2690 2539 2741 scribit
2565 2686 2667 2741 Leo
2700 2686 2724 2741 I
2757 2690 2823 2742 ad
2849 2688 3105 2759 episcopos
3127 2684 3417 2742 Germania
3458 2698 3505 2744 et
3546 2687 3731 2744 Gallice

2156 2761 2301 2829 epist.
2354 2760 2421 2815 86
2446 2799 2461 2823 ,
2507 2760 2637 2815 alias
2687 2760 2774 2814 88.
2809 2760 2979 2813 Verba
3020 2768 3144 2813 sunt
3182 2770 3583 2829 correctorum,
3625 2777 3730 2815 non

2156 2827 2413 2898 Gratiani,
2439 2831 2560 2885 licet
2584 2831 2633 2883 in
2660 2838 2912 2885 eontextu
2943 2831 3108 2898 posita
3134 2828 3257 2883 sint.
3284 2827 3339 2883 in
3360 2831 3729 2886 vetustissimo

2155 2902 2338 2959 codice
2368 2918 2468 2957 ms.
2497 2900 2840 2956 Bibliotheca:
2870 2900 3079 2970 Regiae,
3111 2900 3163 2955 in
3192 2915 3299 2971 quo
3332 2900 3583 2957 collectio
3611 2902 3731 2956 Dio-

2155 2973 2291 3043 nysii
2322 2973 2504 3042 Exigui
2534 2973 2857 3043 continetur,
2886 2973 3055 3041 posita
3092 2982 3171 3025 est
3200 2981 3325 3025 ante
3354 2972 3729 3027 collectionem

2156 3042 2312 3097 istam
2346 3044 2460 3112 lucc
2506 3043 2731 3109 epistula
2780 3042 2972 3097 Leonis
3015 3057 3135 3112 cum
3179 3044 3290 3112 ista,
3328 3043 3681 3112 inscriptione
3716 3061 3729 3097 :

2157 3113 2387 3185 Epistola
2431 3110 2615 3169 Leonis
2654 3128 2801 3185 papa:
2828 3112 2897 3185 de
2929 3110 3191 3185 privilegio
3244 3110 3731 3185 chorepiscoporum

2929 3131 3105 3182 prwue
3144 3131 3191 3166 ιο
3244 3131 3731 3183 cnoreptscoporum

2892 3184 3070 3258 iversos
3098 3131 3390 3258 germania:
3416 3193 3464 3238 et
3506 3183 3735 3258 E‘UJOPIP

2154 3252 2301 3324 atque
2343 3252 2526 3311 Gallia:
2544 3252 2890 3309 Ecclesiarum
2910 3256 3191 3325 episc0pos.
3212 3252 3328 3311 Huc
3350 3270 3521 3325 usque
3538 3252 3729 3324 Steph.

2156 3326 2422 3381 Balnzius.
2456 3327 2607 3380 Addo
2636 3342 2733 3396 ego
2756 3324 2962 3396 eadem,
2995 3324 3114 3394 quae
3137 3326 3471 3396 antiquailla
3508 3324 3734 3396 Mogun-

2158 3396 2266 3468 t_ina
2296 3399 2493 3464 editio,
2526 3393 2723 3468 habere
2752 3393 3105 3468 Parisiensem
3148 3393 3280 3451 anni
3307 3393 3462 3464 1551,
3485 3405 3540 3451 et
3586 3393 3734 3468 Lug-

2152 3464 2444 3523 dunensem
2482 3469 2612 3536 llug.
2642 3480 2672 3519 a
2704 3464 2861 3522 Porta
2894 3465 3051 3520 1548.

2220 3536 2358 3592 Nihil
2384 3540 2541 3609 igitur
2568 3534 2745 3593 obstat
2772 3536 3062 3609 quominus
3084 3536 3252 3609 Leoni
3274 3534 3336 3592 ill
3358 3536 3515 3592 fetum
3544 3536 3719 3602 hunc,

2147 3608 2548 3677 qualiscumque
2591 3617 2702 3674 est,
2748 3608 3095 3662 ascribamus.
3148 3608 3275 3677 Quae
3309 3609 3603 3677 conjectura
3671 3609 3727 3662 si

2155 3680 2329 3732 minus
2366 3675 2585 3744 arridet,
2630 3688 2845 3748 propter
2880 3678 3096 3733 nimiam
3124 3675 3513 3734 similitudinem
3549 3694 3732 3748 quam

2156 3748 2315 3806 habet
2342 3751 2567 3820 epistola
2606 3765 2727 3805 cum
2759 3765 2964 3804 canone
3011 3749 3337 3820 llispalensi,
3366 3764 3431 3802 ex
3462 3764 3568 3820 qua
3603 3749 3736 3817 pla-

2149 3820 2303 3891 giarii
2336 3818 2503 3891 magis
2532 3836 2665 3890 opus
2697 3820 2907 3876 videtur
2951 3818 3115 3890 quam
3151 3818 3412 3891 pontificis
3461 3819 3733 3887 Romani,

2151 3884 2772 3961 prioribus'argn'mentis
2816 3884 3171 3959 inhaerentes,
3225 3884 3326 3947 hoc
3347 3907 3543 3955 unum,
3580 3884 3737 3961 quod

2146 3960 2393 4019 instituto
2422 3963 2648 4017 consilio
2680 3962 2809 4017 satis
2831 3973 2932 4026 est,
2963 3962 3281 4031 asserimus,
3313 3960 3737 4031 epistolam’nec

2144 4031 2342 4158 Leonis
2372 4032 2540 4158 upstri
2569 4048 2719 4099 esse,
2748 4047 2847 4091 nec
2873 4042 2927 4089 et
2952 4031 3056 4090 nisi
3081 4029 3263 4103 putide
3290 4029 3577 4090 admodum
3626 4046 3734 4104 po-

2169 4118 2312 4158 utsse
2347 4118 2376 4158 a
2420 4118 2548 4158 inin.

2143 4105 2312 4160 tuisse
2347 4105 2548 4175 attingi.

1533 4244 2091 4303 BALLERINIORUM
2126 4243 2673 4305 ANNOTATIONES.

542 4351 618 4423 (α)
648 4350 703 4409 id
743 4353 894 4409 nobis
931 4356 1239 4426 persuaderi
1279 4357 1483 4429 nequit,
1511 4372 1631 4429 cum
1659 4372 1685 4412 a
1729 4359 2035 4427 pontificum

472 4419 830 4479 Romanorum
872 4419 1017 4480 more
1056 4429 1286 4482 alienum
1330 4419 1397 4482 sit
1436 4419 1501 4483 ei
1549 4428 1666 4484 aliis
1704 4419 2039 4484 documentis

482 4492 643 4545 verba
667 4493 932 4573 serviliter
958 4498 1282 4573 exscribere,
1314 4511 1378 4573 e_t_
1402 4498 1652 4573 epistolas
1677 4501 2043 4573 it_a_consarci-

478 4575 629 4623 nare,
658 4573 714 4616 ut
741 4561 934 4619 idoneo
959 4566 1061 4620 line
1077 4561 1311 4620 careant.
1341 4561 1473 4622 Num
1505 4570 1547 4623 si
1578 4568 1682 4625 Leo
1706 4568 1767 4622 Ill
1787 4572 2043 4626 voluisset

473 4631 744 4688 decretum
783 4633 849 4688 de
890 4634 1284 4708 chorepiscnpis
1313 4640 1563 4707 condere,
1607 4640 1827 4695 canonis
1853 4642 2042 4711 Hispa-

2146 4356 2311 4414 lensls
2336 4356 2515 4412 verbis
2542 4355 2611 4410 ita
2637 4353 2926 4426 indigebat,
2951 4361 3007 4409 ut
3035 4369 3153 4426 qum
3181 4353 3376 4410 ibidem
3407 4354 3475 4426 de
3501 4356 3672 4423 prcsb

2146 4426 2276 4483 teris
2302 4426 2680 4493 decernuntur,
2709 4425 3116 4496 cltorepiscopis
3147 4425 3572 4480 accommodaret
3605 4425 3739 4483 solo

2144 4498 2291 4555 brevi
2338 4498 2557 4553 exordio
2595 4497 2840 4567 praeﬁxo.
2874 4495 3171 4568 iisdemque
3199 4496 3314 4553 sine
3346 4495 3447 4552 ulla
3479 4496 3759 4568 epistulas

2146 4570 2383 4628 clausula
2414 4570 2687 4627 decretum
2716 4568 2935 4624 ederet?

1631 5044 1836 5108 ΗΝιὸ
1882 5046 2148 5112 ΡΒΙΜᾹΞ
2196 5048 2493 5109 PAll'l‘lS.
