3994 6310
250 379 351 434 769
1400 393 1729 450 EPISTULA
1770 394 2316 452 NUNCUPATORIA.
3394 409 3497 463 770

250 534 253 542 ι
433 527 1876 546 ἠ’-Μακρα--ρ--Ὴ-*ρ-
2055 540 2304 546 -.————_—

1254 701 1773 766 SANCTISSIMO
1817 705 2129 767 DOMINO
2171 705 2490 767 NOSTRO

747 879 2323 1048 BENEDICTO
2452 886 2990 1072 XIV,

1026 1139 1622 1228 PONTIFICI‘
1683 1145 2134 1227 OPTIMO
2208 1147 2730 1240 MAXIMO:

858 1313 1104 1366 FRATER
1137 1316 1382 1369 PETRUS
1415 1319 1672 1371 THOMAS
1706 1321 1992 1375 CACCIARI
2045 1325 2404 1378 CARMELITA
2442 1327 2878 1380 FELICITATEM.

328 1475 394 1579 Et
402 1476 484 1537 tsi
508 1494 577 1579 ea
596 1493 730 1555 qua
755 1483 1001 1543 summis
1021 1487 1416 1566 principibus
1452 1492 1647 1570 ofﬁcii
1675 1499 1733 1551 et
1761 1492 2035 1574 obsequii
2056 1499 2300 1558 nomine
2327 1499 2709 1579 offeruntur,
2735 1510 2858 1562 tam
2887 1503 3014 1565 illis
3041 1503 3248 1566 debita
3275 1515 3330 1566 et
3359 1525 3501 1568 con-

245 1573 559 1640 uenientia
584 1579 888 1653 peculiari
920 1584 1105 1645 titulo
1157 1589 1455 1649 censenda
1485 1599 1653 1664 sunt,
1701 1603 1772 1654 ut
1796 1596 2080 1656 rationes
2111 1606 2167 1657 et
2212 1617 2409 1660 causa
2441 1601 2689 1663 minime
2730 1604 3068 1682 quarenda
3113 1607 3238 1667 sint
3275 1625 3389 1667 cur
3439 1628 3502 1668 ea

247 1689 510 1783 munera
534 1674 611 1735 iis
644 1681 1041 1755 potissimum
1090 1685 1447 1748 tribuantur
1472 1709 1494 1757 ;
1528 1698 1796 1750 attamen
1824 1699 1948 1752 tam
1988 1697 2353 1775 pracipua,
2390 1708 2512 1759 tam
2540 1719 2726 1774 vera,
2757 1711 2879 1762 tam
2899 1705 3089 1783 justa
3118 1723 3312 1766 causa
3331 1716 3505 1783 sunt,

253 1769 590 1886 beatissime
618 1787 820 1856 pater,
853 1791 927 1842 ut
961 1783 1076 1845 hoc
1101 1786 1650 1852 Exercitationum
1676 1810 1946 1855 mearum
1979 1769 2047 1859 in
2096 1769 2298 1879 Opera
2452 1803 2678 1864 Leonis
2706 1769 2931 1883 Magni
2963 1806 3247 1867 volumen
3267 1769 3503 1888 inclyta

252 1874 496 1937 nomini
530 1884 634 1937 tuo
679 1879 1012 1943 inscribere
1057 1904 1131 1945 ac
1166 1905 1530 1968 nuncupare
1576 1891 1838 1967 debeam,
1882 1904 1952 1956 ut
1991 1916 2080 1958 me
2112 1899 2310 1978 facere
2359 1901 2543 1962 aliter
2570 1903 2702 1964 sine
2743 1905 2925 1982 gravi
2951 1915 3102 1965 nota
3127 1925 3504 1986 nequaquam

241 1989 428 2048 posse
458 1978 888 2085 existimarem.
921 1986 1342 2069 Praterquam
1375 1993 1543 2072 quod
1569 1997 1728 2057 enim
1758 2015 1912 2077 opus
1944 1999 2079 2074 hoc,
2109 2003 2256 2081 quia
2289 2022 2541 2083 magnas
2571 2013 2626 2066 et
2661 2023 2878 2085 graves
2909 2010 3349 2070 ecclesiasticas
3385 2029 3504 2083 res,

247 2081 307 2132 et
352 2079 556 2186 sancti
591 2083 1055 2159 pradecessoris
1106 2092 1201 2152 tui
1242 2102 1413 2172 gesta
1457 2097 1918 2176 complectitur,
1950 2101 2030 2161 ad
2066 2079 2144 2170 te,
2194 2079 2412 2182 utpote
2435 2079 2763 2184 potestatis
2797 2107 2974 2169 illius
3002 2109 3318 2186 haredem,
3349 2119 3407 2170 et
3443 2079 3510 2171 in

249 2180 596 2291 apostolico
642 2187 943 2264 regimine
970 2210 1378 2257 successorem
1414 2200 1722 2277 pertinere
1757 2201 1974 2271 debet;
2010 2211 2138 2263 tum
2168 2223 2235 2264 eo
2264 2180 2450 2268 etiam
2496 2208 2684 2268 titulo
2724 2208 2842 2269 tibi
2885 2213 3147 2272 maxime
3175 2180 3510 2291 proprium

241 2285 302 2336 et
334 2284 700 2392 conveniens
731 2297 842 2364 est,
870 2293 1038 2370 quod
1066 2295 1136 2355 in
1158 2299 1304 2375 pari
1333 2299 1667 2377 dignitatis
1688 2304 1910 2382 gradu,
1949 2307 2016 2366 in
2037 2325 2158 2386 quo
2192 2308 2502 2370 divinitus
2526 2312 2868 2373 collocatus
2907 2331 2990 2386 es,
3023 2331 3150 2374 eam
3175 2284 3400 2392 agendi
3425 2322 3509 2374 te-

239 2398 388 2442 neas
409 2387 715 2490 rationem
739 2400 794 2452 et
816 2411 1119 2472 normam,
1149 2408 1217 2460 ut
1245 2403 1450 2463 sancti
1477 2404 1661 2484 hujus
1688 2407 2011 2489 pontiﬁcis
2038 2411 2318 2489 vestigiis
2339 2414 2731 2490 potissimum
2759 2414 3066 2490 insistere,
3098 2387 3309 2475 studia
3336 2414 3510 2476 illius

236 2485 510 2599 maxime
540 2493 844 2572 amulari,
874 2507 932 2557 et
958 2498 1040 2559 ad
1071 2503 1485 2578 apostolicum
1516 2505 1780 2584 ejusdem
1820 2485 2017 2570 zelum
2055 2517 2115 2570 et
2143 2485 2534 2589 vigilantiam
2569 2531 2750 2599 quam
2782 2515 3068 2592 proxime
3103 2515 3370 2576 videaris
3400 2533 3509 2574 ac-
3559 2545 3570 2552 -

237 2583 472 2648 cedere.
505 2592 669 2695 Sane
696 2596 960 2672 quidem,
996 2613 1415 2670 cum_sanctus
1449 2583 1572 2669 Leo
1605 2610 1908 2689 perlonga
1939 2613 2135 2674 totius
2185 2583 2284 2674 sui
2309 2583 2712 2695 pontiﬁcatus
2746 2583 2932 2676 cursu
2973 2615 3134 2677 nihil
3161 2617 3356 2694 magis
3389 2617 3512 2676 im-

227 2693 686 2794 pen-seqegerit,
717 2697 1060 2776 studuerit,
1103 2703 1533 2783 elaboraverit,
1565 2729 1748 2790 quam
1780 2718 1853 2771 ut
1900 2719 2044 2774 tunc
2081 2693 2586 2794 exsurgentesvut
2635 2736 2770 2779 cum
2803 2720 3066 2779 maxime
3109 2693 3407 2780 Ecclesia
3449 2725 3509 2778 et

229 2791 563 2898 catholica
587 2797 732 2876 ﬁdei
777 2799 1006 2880 hostes,
1048 2803 1389 2886 laboribus,
1417 2812 1700 2890 scriptis,
1727 2821 1785 2873 et
1821 2815 2142 2892 indefessis
2171 2791 2339 2880 curiis
2385 2819 2516 2878 suis
2551 2819 2857 2897 refelleret
2896 2829 2950 2880 et
2983 2820 3377 2898 confutaret;
3412 2833 3510 2876 eas

227 2892 678 2958 saluberrimas
705 2899 864 2979 leges
895 2912 951 2964 et
977 2914 1194 2967 sancta
1220 2908 1511 2970 instituta
1543 2913 1848 2986 condidit,
1877 2934 2010 2994 qua
2032 2917 2268 2977 cateris
2299 2892 3019 2996 Romanispontiﬁcibus
3041 2892 3132 2978 ad.
3150 2918 3512 2978 catholicam

224 2995 600 3075 religionem
627 3004 1040 3080 asserendam,
1062 3014 1119 3067 et
1147 3009 1306 3070 sedis
1328 3012 1690 3090 apostolica
1701 3016 1854 3094 jura
1875 3016 2251 3077 vindicanda
2272 3037 2559 3096 magnum
2587 3023 2899 3097 exemplar
2915 3013 3337 3099 prabuerunt.
3362 3013 3510 3079 Hac

225 3101 444 3156 autem
473 3100 775 3177 exempla,
801 3109 986 3180 pater
1015 3103 1379 3182 beatissime,
1407 3112 1682 3188 permiro
1719 3113 1898 3174 modo
1929 3116 1994 3176 in
2026 3123 2082 3174 te
2111 3133 2403 3194 expressa
2425 3136 2546 3177 esse
2572 3136 2742 3178 nemo
2768 3126 2856 3177 est
2883 3121 2993 3197 qui
3021 3137 3148 3179 non
3170 3125 3509 3198 agnoscat:

224 3199 364 3261 sive
399 3201 558 3263 enim
586 3203 982 3282 splendidum
1011 3211 1346 3286 praterita
1373 3213 1515 3274 vita
1550 3222 1669 3276 tua
1700 3234 1948 3278 cursum
1981 3227 2332 3297 reputemus
2354 3264 2372 3294 ,
2419 3218 2578 3280 nihil
2609 3226 2664 3279 te
2711 3220 2904 3298 magis
2939 3219 3307 3295 elaborasse,
3353 3218 3514 3280 nihil

225 3302 572 3378 impensius
603 3306 915 3369 studuisse
946 3310 1229 3372 omnibus
1262 3323 1533 3390 constat,
1557 3335 1739 3396 quam
1768 3327 1838 3378 ut
1868 3321 2066 3380 sacris
2090 3320 2484 3399 potissimum
2515 3328 2571 3380 et
2600 3320 3031 3382 ecclesiasticis
3057 3319 3286 3382 studiis
3315 3339 3507 3382 exco-

227 3398 438 3462 lendis
467 3401 768 3466 Ecclesia
793 3405 950 3486 leges
976 3417 1031 3470 et
1059 3410 1630 3494 institutajpenitus
1645 3436 2064 3497 pernosceres,
2094 3420 2320 3500 quibus
2348 3421 2417 3483 in
2443 3429 2535 3482 tot
2563 3422 2949 3501 gravissimis
2972 3421 3352 3498 muneribus,
3381 3439 3514 3502 qua

229 3506 417 3561 tanta
442 3519 579 3563 cum
610 3503 792 3566 laude
821 3526 858 3566 a
899 3515 956 3568 te
997 3509 1438 3574 administrata
1462 3517 1744 3593 fuerunt,
1773 3518 1854 3579 ad
1877 3519 2207 3599 religionis
2233 3521 2416 3581 decus
2457 3529 2512 3580 et
2557 3522 2848 3583 Romana
2873 3521 3033 3582 sedis
3063 3521 3428 3600 dignitatem
3455 3529 3512 3582 et

227 3603 442 3683 legum
464 3607 884 3685 integritatem
915 3611 1225 3687 tuendam,
1263 3617 1525 3677 utereris
1560 3640 1581 3679 :
1616 3621 1742 3680 sive
1775 3629 1978 3681 autem
2004 3621 2184 3682 modo
2209 3622 2276 3683 in
2306 3639 2588 3700 supremo
2622 3624 2918 3686 Ecclesia
2937 3623 3320 3704 pontiﬁcatu
3350 3641 3512 3684 con-

225 3706 530 3766 stitutum
561 3709 1036 3787 contemplemur
1064 3733 1086 3781 ;
1119 3714 1274 3793 quid
1302 3734 1429 3777 non
1472 3726 1732 3780 veterem
1760 3720 1934 3782 illam
1968 3723 2101 3784 divi
2124 3723 2300 3785 Petri
2325 3741 2747 3786 successorum
2774 3727 3123 3805 primorum
3146 3725 3514 3786 saculorum

227 3808 566 3885 imaginem
601 3810 842 3888 refert?
877 3814 1032 3876 Cum
1059 3821 1128 3874 tu
1163 3815 1330 3876 inter
1360 3819 1756 3896 gravissimas
1787 3822 1969 3884 etiam
1990 3823 2392 3904 principatus
2415 3842 2624 3903 curas,
2659 3824 2968 3904 pastorali
2999 3825 3206 3903 ofﬁcio
3234 3823 3390 3903 (qua
3410 3841 3514 3882 su-

225 3925 456 3986 prema
485 3909 817 3988 dignitatis
861 3922 981 3975 tua
1020 3917 1347 3994 potissima
1370 3936 1522 3997 pars
1554 3923 1683 3998 est)
1724 3921 1872 3982 adeo
1905 3922 2114 3984 sedulo
2149 3923 2454 3985 incumbis
2477 3969 2493 3998 ,
2531 3924 2680 3985 adeo
2719 3923 2886 3984 orbis
2923 3922 3037 3983 tibi
3068 3923 3377 3983 commissi
3404 3940 3514 3980 sa-

226 4008 397 4082 luti,
427 4010 596 4088 ﬁdei,
643 4032 1001 4096 morumque
1051 4018 1431 4096 integritati,
1490 4027 1544 4080 et
1583 4021 2006 4083 ecclesiastica
2039 4024 2391 4101 disciplina:
2424 4025 2632 4102 vigori
2666 4023 2997 4101 invigilas;
3046 4030 3117 4081 ut
3155 4021 3334 4081 nulla
3364 4037 3513 4098 pars

224 4129 370 4191 qua
399 4113 480 4173 ad
512 4113 669 4176 hanc
699 4119 1020 4179 materiam
1047 4128 1298 4198 spectet,
1332 4138 1486 4182 cura
1521 4131 1628 4182 tua
1653 4141 1781 4182 non
1810 4124 1988 4184 modo
2026 4127 2306 4203 provisa,
2356 4126 2460 4186 sed
2495 4134 2548 4184 et
2578 4124 2816 4202 regulis
2843 4128 3115 4203 ﬁrmata,
3147 4121 3406 4200 scriptis
3437 4121 3512 4181 il-

225 4211 534 4288 lustrata,
566 4235 636 4277 ac
664 4216 925 4281 decretis
951 4218 1376 4282 saluberrimis
1409 4223 1648 4283 sancita
1679 4232 1731 4282 et
1771 4224 2074 4285 roborata
2098 4227 2204 4286 sit.
2227 4227 2309 4286 In
2338 4245 2459 4304 qua
2493 4225 2735 4305 quidem
2768 4242 2833 4286 re
2858 4243 2977 4305 quo
3015 4224 3210 4302 magis
3235 4217 3316 4284 ad
3345 4230 3512 4284 vete-

223 4328 379 4372 rum
404 4317 1295 4397 sanctorumpradecessorum
1318 4328 1570 4381 tuorum
1589 4339 1866 4382 normam
1888 4326 2320 4402 conformeris,
2341 4327 2411 4386 in
2431 4344 2714 4405 supremo
2736 4327 2882 4388 licet
2907 4324 3291 4404 dignitatum
3310 4322 3515 4403 gradu

220 4417 518 4495 positus,
564 4418 826 4480 eamdem
875 4419 1251 4482 laboriosam
1280 4439 1487 4483 servas
1521 4422 1748 4501 agendi
1785 4424 2116 4496 rationem,
2159 4424 2415 4504 perinde
2453 4445 2524 4486 ac
2564 4426 2620 4486 si
2667 4426 2734 4486 in
2776 4429 3032 4504 privato
3084 4432 3266 4502 atque
3293 4421 3513 4483 humili

223 4525 414 4579 statu
446 4536 620 4593 esses,
649 4527 706 4580 et
733 4537 916 4582 curas
951 4521 1234 4584 assiduas
1270 4530 1452 4603 atque
1491 4523 2148 4602 indefessas-sustines,
2187 4535 2259 4587 ut
2289 4527 2434 4590 aliis
2459 4528 2590 4589 sine
2621 4527 2832 4589 labore
2856 4527 3022 4607 quod
3051 4545 3229 4588 suum
3257 4525 3339 4587 ad
3368 4525 3515 4604 ofﬁ-

229 4622 411 4683 cium
451 4622 747 4700 pertinet,
775 4624 1146 4686 innotescat.
1181 4625 1351 4687 Hinc
1377 4626 1606 4704 igitur,
1642 4624 1991 4689 beatissime
2017 4636 2221 4707 pater,
2257 4639 2425 4690 certa
2448 4628 2601 4691 mihi
2634 4629 2866 4710 ﬁducia
2900 4629 3142 4694 existit,
3169 4629 3304 4703 fore
3335 4634 3403 4685 ut
3436 4624 3513 4685 li-

227 4721 416 4784 benti
442 4724 645 4786 animo
677 4725 968 4804 accipias,
1001 4733 1056 4786 et
1089 4743 1225 4788 cum
1259 4727 1582 4806 voluptate
1607 4745 1943 4807 percurras
1982 4747 2050 4790 ea
2081 4748 2215 4810 qua
2241 4731 2309 4792 in
2337 4730 2453 4792 hoc
2481 4731 2794 4791 volumine
2821 4732 2990 4793 circa
3009 4729 3298 4807 antiquas
3319 4725 3513 4786 hare-

220 4841 333 4883 ses
364 4822 877 4895 Manichaorum,
912 4824 1578 4903 Priscillianistarum,
1615 4828 2104 4907 Pelagianorum
2145 4839 2204 4891 et
2237 4830 2798 4910 Eutychianorum,
2846 4849 2980 4910 qua
3020 4829 3226 4889 sancti
3256 4825 3512 4905 pontiﬁ~

223 4923 332 4983 cis
368 4921 596 4983 Leonis
628 4930 896 5002 tempore
921 4924 1214 4986 adversus
1242 4927 1592 4989 Ecclesiam
1628 4935 1954 5008 tantopere
1979 4931 2359 4993 debacchata
2389 4933 2672 5012 fuerunt,
2697 4930 2895 4992 relata
2929 4938 2984 4991 et
3015 4929 3304 5008 exposita
3333 4934 3512 4992 sunt;

222 5021 304 5082 in
341 5019 566 5100 quibus
604 5040 740 5083 cum
774 5023 1036 5102 ejusdem
1072 5026 1262 5088 animi
1291 5026 1753 5105 fortitudinem,
1795 5031 1997 5092 zelum
2040 5041 2094 5092 et
2127 5033 2543 5112 apostolicam
2573 5036 3036 5104 auctoritatem,
3067 5030 3392 5107 variasque
3421 5035 3516 5085 at-

224 5122 621 5184 tentissimas
649 5142 831 5185 curas
858 5125 1288 5206 deprehendes,
1312 5147 1444 5210 qua
1476 5139 1606 5192 tum
1634 5131 1702 5191 in
1738 5133 1858 5194 reis
1884 5135 2337 5214 redarguendis
2376 5145 2431 5197 et
2467 5138 2942 5210 convincendis,
2981 5143 3109 5195 tum
3131 5135 3198 5194 in
3217 5131 3516 5211 paniten-

223 5219 416 5282 tibus
448 5223 842 5300 recipiendis,
871 5225 1214 5300 monendis,
1252 5226 1659 5307 instruendis,
1690 5240 1871 5313 atque
1899 5234 2091 5314 lapsis
2125 5257 2162 5296 a
2181 5255 2506 5317 poenarum
2535 5239 2804 5301 vinculis
2831 5233 3196 5296 relaxandis
3224 5239 3519 5309 suscepta

222 5323 544 5402 fuerunt;
579 5323 744 5383 sicut
781 5325 1158 5403 pracipuam
1186 5327 1252 5388 in
1284 5327 1644 5406 hujusmodi
1673 5332 1854 5393 rebus
1883 5333 2183 5397 Ecclesia
2211 5339 2636 5413 aconomiam,
2665 5345 2792 5400 tum
2820 5334 3160 5397 mirabilem
3197 5336 3273 5394 D.
3315 5334 3388 5394 0.
3419 5335 3514 5393 Μ.

220 5425 311 5488 in
353 5423 620 5502 ejusdem
648 5425 949 5503 regimine
977 5428 1433 5505 providentiam
1464 5451 1777 5510 agnosces.
1829 5435 1967 5511 Qua
1999 5437 2247 5516 quidem
2273 5441 2699 5521 providentia,
2730 5424 3240 5520 quemadmodum
3282 5439 3518 5518 factum

223 5530 333 5587 est
389 5529 462 5582 ut
506 5543 626 5603 quo
675 5533 938 5603 tempore
970 5527 1261 5590 Ecclesia
1306 5532 1690 5610 ﬁrmioribus
1715 5537 2033 5614 prasidiis
2071 5540 2376 5620 indiguit,
2407 5561 2473 5602 eo
2509 5542 2908 5619 potissimum
2942 5549 3209 5621 tempore
3233 5549 3518 5603 strenuos

218 5636 420 5696 Deus
445 5650 709 5693 summos
736 5640 1015 5711 pastores
1044 5636 1410 5698 excitaverit
1436 5659 1457 5707 ;
1491 5639 1688 5717 iisque
1711 5657 1842 5701 non
1877 5642 2057 5703 modo
2091 5646 2498 5707 necessariam
2525 5646 2648 5707 vim
2674 5654 2732 5707 et
2760 5644 2956 5707 robur
2970 5645 3283 5710 addiderit
3313 5645 3393 5706 ad
3419 5664 3520 5706 ca-

223 5735 554 5800 tholicam
586 5737 762 5817 ﬁdem
788 5739 1196 5816 asserendam,
1233 5747 1289 5800 et
1324 5739 1404 5801 ad
1437 5720 1505 5801 ea
1532 5759 1816 5820 suprema
1830 5743 2083 5822 judicia
2114 5747 2372 5823 ferenda
2401 5765 2534 5825 qua
2567 5765 2643 5808 ex
2663 5747 2898 5810 divinis
2923 5755 2980 5809 et
3009 5750 3371 5828 apostolicis
3395 5749 3519 5810 ins-

224 5839 472 5904 titutis
505 5841 723 5902 hausta
755 5851 943 5910 sunt;
997 5842 1098 5904 sed
1135 5850 1188 5904 et
1225 5843 1587 5907 diuturnam
1616 5844 1809 5906 vitam
1838 5850 2210 5911 concesserit
2257 5848 2338 5910 ad
2377 5857 2598 5911 cuncta
2635 5849 2904 5928 feliciter
2930 5851 3236 5931 explenda
3273 5873 3290 5913 :
3326 5853 3413 5914 sic
3453 5861 3522 5915 tu
