3994 6310
223 324 328 410 ‘ns
1651 353 1800 411 pars

1890 352 2031 410 ιτιο.
3365 356 3467 414 ττι

222 474 344 518 cum
372 471 575 523 tantam
604 471 988 541 exemplarium
1010 472 1218 544 copiam
1248 471 1300 527 in
1322 472 1439 527 sols
1462 468 1713 527 Vaticana
1739 469 2061 527 bibliotheca
2085 467 2451 531 adsedissent.
2480 468 2659 524 statim
2688 471 3015 530 imminentis
3044 470 3245 529 laboris
3267 474 3471 547 magni-

220 557 458 615 tudinem
486 563 632 631 quasi
660 564 1043 633 prtesentiens,
1092 566 1231 621 meis
1255 576 1384 620 sane
1411 564 1611 619 viribus
1656 562 1965 619 difﬁdebam
2008 560 2366 632 excogitatum
2410 560 2695 617 consilium
2726 562 2791 618 ad
2822 561 3032 621 felicem
3080 566 3283 622 exitum
3310 578 3469 635 posse

219 651 535 719 perducere.
559 654 655 710 Rei
682 667 934 725 praeterea
964 659 1275 726 gravitatem
1308 657 1572 727 augebant
1594 655 1874 726 theologica
1892 655 2173 726 polemicm
2192 653 2626 724 exercitationes,
2654 657 2845 727 quibus
2878 674 2973 727 pro
3000 668 3224 718 munere
3251 674 3467 731 cperam

221 738 351 797 dare
373 746 640 801 consuevi.
663 746 772 803 Ille
793 749 1059 817 videlicet,
1084 764 1203 819 quin
1228 748 1474 802 omnium
1500 746 1779 801 hereseos
1804 754 1859 801 et
1886 746 2237 801 subiunctum
2264 752 2504 801 Monstra
2532 758 2724 803 cavere
2744 752 2797 803 et
2826 744 3077 807 refellere
3108 749 3328 817 docent,
3353 767 3470 823 qua:

222 835 429 901 potiora
452 850 603 907 teque
623 852 685 895 ac
704 840 955 895 solidiore
985 841 1261 896 catholicas
1290 838 1413 894 lldei
1438 837 1782 892 fundamenta
1809 837 2200 901 demonstrant,
2229 848 2349 905 qua:
2375 834 2589 891 tandem
2616 845 2832 893 veteres
2854 854 3125 908 novasque
3153 840 3470 898 Christiana

221 925 516 997 disciplinae
538 932 744 1003 regulas
766 934 1044 1002 aperiunt,
1072 934 1127 987 in
1154 932 1348 1003 quibus
1374 931 1539 986 etiam
1586 930 1950 985 vetustissima
1987 929 2366 985 ecclesiasticas
2396 930 2473 984 rei
2521 937 2863 985 monumenta
2889 971 2904 998 ,
2938 938 2991 986 et
3014 942 3389 1002 recensentur,
3417 938 3472 990 ct

221 1021 592 1079 conciliantur.
626 1025 759 1080 Huic
782 1026 941 1096 igitur
969 1025 1148 1091 oneri,
1181 1038 1281 1094 pro
1306 1023 1502 1078 eximia
1524 1022 1839 1092 apostolicae
1864 1019 2010 1075 sedis
2036 1019 2279 1089 largitate
2299 1065 2313 1089 ,
2342 1019 2471 1074 mihi
2498 1020 2821 1075 demandata
2841 1063 2856 1087 ,
2884 1021 3019 1077 alios
3044 1026 3233 1078 omnes
3262 1023 3471 1081 labores

221 1115 413 1170 merito
457 1116 860 1186 posthabendos
882 1132 1006 1174 esse
1028 1117 1348 1182 suadebant,
1379 1126 1488 1169 tum
1518 1115 1777 1183 temporis
1810 1112 2010 1181 inopia,
2036 1121 2147 1166 tum
2172 1111 2308 1182 ipsa,
2336 1112 2464 1167 mihi
2499 1114 2669 1183 probe
2690 1114 2924 1183 cognita,
2954 1112 3150 1184 ingenii
3177 1114 3280 1169 mei
3312 1115 3475 1172 imbe-

218 1205 411 1263 cillitas
431 1248 446 1274 ,
477 1223 584 1280 quo
606 1210 651 1265 si
685 1210 840 1279 plura
879 1211 1038 1266 simul
1073 1224 1300 1266 conarer
1339 1206 1648 1277 complecti,
1674 1205 1795 1275 jure
1822 1203 1951 1258 Inibi
1985 1202 2279 1258 verendum
2310 1210 2428 1259 erat
2449 1212 2522 1259 ne
2542 1203 2857 1273 lmpsrador
2890 1202 3142 1260 cmest-er
3174 1204 3381 1274 singula
3410 1206 3475 1262 ad

219 1312 432 1372 optatos
456 1305 631 1359 exitus
658 1304 975 1375 perducere.

286 1395 713 1466 Hac,inqesm,
745 1397 927 1451 animo
943 1395 1294 1465 permirum,
1324 1394 1414 1448 vix
1445 1392 1498 1447 ln
1524 1392 1801 1462 proposito
1822 1388 1985 1460 hujus
2016 1402 2169 1444 nove
2200 1389 2433 1444 editonis
2458 1388 2747 1453 stetissent,
2780 1398 2991 1445 mecum
3010 1390 3359 1461 recogitaudo
3386 1392 3480 1446 im-

224 1488 453 1557 probum
480 1490 542 1545 in
570 1504 811 1560 praesum
839 1503 959 1547 esse
978 1490 1315 1545 subeundum
1352 1488 1589 1545 laborem
1618 1487 1685 1541 ab
1706 1485 1775 1540 iis
1802 1485 1889 1554 qui
1934 1493 2053 1553 post
2078 1484 2421 1539 Paschasium
2452 1484 2800 1549 Quesnellum
2829 1487 2986 1541 novis
3012 1490 3170 1559 typis,
3203 1500 3322 1543 cum
3347 1500 3477 1543 nova

217 1580 386 1636 etiam
414 1594 883 1638 monumentorum
915 1583 1235 1638 'aceessione
1263 1579 1436 1635 διηειὶ
1463 1576 1725 1647 pontiﬁcis
1758 1576 1957 1645 scripta
1985 1577 2150 1630 velint
2170 1576 2453 1631 edorum.
2484 1568 2600 1632 Non
2628 1579 2771 1633 enim
2802 1579 2917 1649 ipse
2945 1586 3187 1636 veterum
3214 1583 3483 1637 recentio-

223 1684 456 1739 rumque
483 1671 802 1741 scriptorum
833 1672 1024 1742 quibus
1050 1673 1196 1725 omni
1226 1668 1770 1740 temporeGallierum
1794 1678 2016 1735 regnum
2042 1662 2350 1732 abundavit,
2370 1676 2421 1721 et
2440 1670 2601 1723 modo
2626 1669 2883 1735 abundat,
2914 1672 3157 1741 exempla
3183 1682 3239 1729 et
3264 1674 3475 1728 metho-

222 1761 356 1817 dum
381 1770 596 1818 secutus
624 1773 725 1829 est,
751 1764 887 1835 quod
912 1765 1145 1818 maxime
1174 1763 1453 1829 dolemus;
1480 1761 1582 1817 sed
1604 1762 1663 1814 in
1686 1774 1780 1815 sua
1807 1758 2130 1814 elaborauds
2152 1760 2397 1815 editione
2424 1763 2750 1819 novitatibus
2776 1773 2831 1818 et
2858 1768 3089 1835 prOpriis
3114 1768 3305 1824 studiis
3332 1784 3474 1824 sem-

222 1870 323 1925 per
348 1858 588 1925 indulsit,
618 1859 668 1913 in
688 1858 1123 1914 contentionibus
1152 1859 1318 1927 magis
1358 1871 1520 1925 quam
1544 1855 1599 1910 in
1632 1854 1871 1911 veritatis
1894 1854 2236 1924 inquisitione
2262 1868 2319 1909 se
2344 1856 2666 1911 exercendo.
2700 1856 2829 1924 Quis
2859 1859 3000 1914 enim
3029 1860 3278 1929 ignorare
3304 1866 3480 1931 potest

222 1959 349 2001 eum
372 1950 688 2004 necessariis
711 1963 814 2003 non
840 1957 1063 2011 tantum,
1094 1947 1188 2002 sed
1214 1947 1429 2016 optimis
1454 1947 1615 2001 etiam
1646 1944 1900 2000 subsidiis
1943 1946 2256 1999 instructum
2282 1944 2486 2000 fuisse?
2513 1947 2645 2001 Cum
2674 1958 2869 2015 praeter
2893 1962 2953 2004 ea
2986 1966 3103 2021 quae
3132 1958 3339 2021 poterat
3366 1967 3479 2007 mu-

212 2037 355 2090 tuari
382 2053 448 2092 ex
475 2038 891 2093 clarissimorum
923 2039 1158 2093 virorum
1185 2038 1443 2108 exemplis
1470 2040 1556 2108 qui
1590 2038 1683 2094 illo
1711 2052 1827 2094 navo
1857 2040 1909 2093 in
1928 2036 2146 2103 Galliis,
2176 2047 2239 2092 nt
2265 2039 2525 2103 diximus,
2552 2041 2834 2107 ﬂorebant,
2862 2043 2948 2111 qui
2976 2044 3324 2113 plurimorum
3351 2061 3477 2099 san-

208 2133 427 2181 ctorum
454 2126 561 2181 PP.
589 2128 915 2184 editionibus
938 2145 1160 2200 operam
1185 2130 1483 2197 dederunt;
1512 2131 1687 2187 adhuc
1709 2147 1770 2187 ex
1798 2131 2200 2186 ﬂorentissimis
2230 2132 2371 2186 illius
2397 2132 2563 2200 Regni
2597 2134 2933 2189 bibliothecis
2963 2138 3155 2193 multos
3186 2148 3237 2203 et
3266 2139 3480 2208 optimm

203 2227 357 2272 none
383 2233 511 2273 mss.
554 2220 711 2275 codd.
739 2221 839 2277 sibi
879 2231 1066 2278 nactus
1092 2232 1197 2278 est.
1228 2223 1423 2293 Viginti
1452 2224 1595 2278 enim
1624 2233 1678 2278 et
1699 2237 1822 2280 octo
1862 2223 2134 2292 epistolas,
2162 2236 2283 2293 qua
2313 2225 2546 2279 nondum
2588 2226 2758 2281 lucem
2805 2238 3143 2297 aSpexerant,
3174 2245 3237 2285 ex
3278 2229 3476 2285 celebri

204 2308 510 2366 Grintaueo
545 2313 732 2368 codice
776 2315 1007 2382 accepit,
1038 2314 1173 2368 alias
1197 2326 1267 2369 ex
1309 2316 1627 2370 collectione
1656 2314 1907 2369 {tonans
1942 2315 2103 2369 Luem
2129 2315 2420 2379 Holsteuii,
2453 2316 2586 2371 alias
2622 2318 2857 2387 denique
2886 2332 2951 2374 ex
2985 2319 3165 2375 Jacobi
3212 2322 3480 2377 Sirmoudi

201 2402 473 2472 operibus
502 2404 752 2473 eductas,
785 2406 842 2460 in
865 2422 1016 2460 suam
1034 2405 1310 2461 transtulit
1332 2406 1647 2473 editionem,
1689 2420 1807 2475 quae
1838 2407 2049 2461 ceteris
2084 2405 2485 2475 locopletionetn
2510 2408 2879 2463 reddiderunt.
2916 2410 3125 2465 Utinam
3158 2421 3333 2467 autem
3358 2427 3479 2467 om-

196 2494 373 2550 nibus
400 2495 522 2551 aliis
550 2496 861 2565 castigatior
884 2497 1210 2567 prodiissetl
1240 2496 1308 2552 At
1334 2498 1413 2551 vir
1451 2497 1749 2551 nccerrimo
1782 2495 1989 2563 pollens
2037 2496 2249 2565 ingenio
2270 2535 2287 2561 ,
2322 2495 2476 2551 valde
2506 2496 2687 2553 facilis
2727 2498 2793 2553 nd
2816 2502 3191 2556 coniectiones
3218 2509 3275 2557 et
3307 2502 3481 2571 iurgia

208 2592 544 2657 excitanda;
591 2593 812 2647 omnino
843 2604 1121 2663 promptus
1162 2596 1227 2647 ad
1269 2594 1720 2663 mquivocationes
1747 2606 1801 2647 et
1832 2594 2065 2649 fallacias
2110 2594 2501 2649 construendae
2528 2634 2542 2659 ,
2584 2595 2744 2650 alium
2776 2596 2874 2651 sibi
2921 2611 3139 2665 scopum
3172 2598 3479 2665 proposuit,

194 2690 413 2752 praeter
448 2683 591 2736 illum
618 2697 775 2753 quem
804 2684 1054 2739 catholici
1091 2684 1294 2749 cuncti,
1320 2692 1380 2739 et
1406 2685 1671 2753 praecipue
1696 2700 1807 2740 sum
1832 2687 2013 2754 gentis
2054 2685 2301 2743 homines
2324 2686 2628 2742 habuerunt
2648 2688 2707 2742 in
2737 2689 3062 2744 edin-nandis
3089 2690 3482 2758 castigandlsve

195 2786 459 2832 veterum
491 2774 595 2830 PP.
622 2776 998 2831 voluminibus.
1028 2776 1149 2846 ipse
1178 2792 1409 2847 namque
1440 2778 1759 2847 quandoque
1782 2778 2009 2832 clariora
2040 2780 2207 2834 sancti
2239 2781 2505 2849 pontillcis
2536 2782 2651 2836 loca
2682 2780 2946 2845 obscuris,
2975 2783 3262 2851 sequit'ocis
3292 2783 3477 2837 falsis-

192 2882 322 2938 que
345 2868 775 2922 annotationibus
813 2868 1054 2938 lmdavit,
1086 2869 1189 2924 alia
1218 2870 1283 2925 ad
1317 2884 1534 2938 prorsus
1571 2871 1833 2925 violentas
1858 2870 2329 2940 interpretationes
2352 2873 2608 2938 detorsit;
2650 2874 2931 2928 veritatem
2970 2874 3192 2930 fallaciis
3210 2877 3481 2943 occuluit,

194 2960 520 3031 oppressit,
550 2967 711 3029 atque
737 2970 995 3030 perpetuo
1024 2970 1284 3029 prmtextu
1334 2961 1667 3031 antiquitatis
1694 2960 2023 3030 inquirendae
2060 2962 2504 3029 etillustrnudc,
2544 2978 2607 3017 es
2645 2971 2933 3033 systematn
2965 2965 3164 3019 sensim
3192 2971 3249 3018 et
3293 2966 3485 3034 ubique

193 3052 455 3109 stabilire
482 3055 673 3123 sategit
705 3070 824 3123 quae
854 3053 1227 3108 haereticorum
1260 3054 1499 3122 partibus
1516 3053 1723 3118 favent,
1751 3062 1806 3108 et
1829 3066 1997 3108 sacrae
2027 3054 2401 3109 ecclesiasticae
2428 3055 2745 3110 hiersrchirc
2772 3055 3010 3124 regimen
3041 3057 3322 3124 dejiciunt,
3350 3071 3486 3125 pene

194 3146 538 3219 quandoque
560 3149 720 3202 etiam
746 3147 981 3213 abolita,
1012 3156 1105 3201 aut
1134 3148 1325 3202 saltem
1354 3146 1662 3212 imminuta,
1687 3146 2054 3201 Romanorum
2096 3148 2407 3217 pontificum
2436 3163 2561 3202 vera
2588 3157 2643 3203 et
2664 3148 2895 3218 legitima
2928 3148 3296 3217 iurisdictione
3325 3162 3485 3219 supra

196 3254 405 3296 omnes
432 3240 567 3295 alias
597 3240 869 3295 Ecclesias
897 3239 1056 3293 etiam
1091 3238 1345 3293 Orientis.
1374 3239 1550 3293 Alium
1579 3238 1795 3293 interim
1825 3246 1998 3292 tamen
2025 3248 2084 3293 se
2112 3252 2233 3293 esse
2253 3238 2537 3293 simulavit.
2564 3239 3006 3309 Quandoquidem
3032 3240 3088 3294 in
3114 3242 3226 3296 suis
3250 3240 3489 3297 scriben-

199 3332 301 3385 dis
347 3328 609 3397 Operibus
633 3370 648 3395 ,
676 3339 728 3383 et
754 3330 803 3382 in
829 3328 1081 3383 Leoniuis
1109 3328 1434 3382 adornandis
1463 3328 1675 3396 scriptis
1701 3368 1716 3393 ,
1748 3327 1915 3382 multo
1942 3327 2231 3383 artiﬁcioso
2254 3338 2445 3384 conatu
2477 3344 2605 3384 usus
2634 3340 2735 3395 est,
2772 3333 3129 3385 reverentiam
3147 3374 3160 3398 ,
3197 3333 3477 3402 pietatem,

200 3422 528 3490 cultumque
550 3435 671 3488 erga
701 3420 973 3475 Romanos
1001 3419 1279 3489 pontiﬁces
1304 3430 1359 3475 et
1385 3419 1731 3487 apostolicam
1770 3418 1955 3474 sedem
1980 3419 2300 3486 affectando,
2326 3430 2389 3474 ut
2416 3422 2655 3476 incautos
2689 3421 2982 3491 deciperet,
3012 3432 3069 3478 et
3096 3423 3288 3478 occulti
3314 3423 3482 3479 hostis

200 3529 378 3584 quam
407 3514 704 3581 saepissime
744 3520 923 3579 partes
954 3512 1181 3581 agendo,
1215 3520 1341 3582 post
1362 3512 1701 3582 splendidum
1743 3511 2024 3567 verborum
2056 3523 2395 3583 apparatum,
2420 3514 2547 3569 illas
2580 3530 2788 3571 veneno
2815 3529 3059 3585 aspersas
3088 3517 3485 3587 propositiones

197 3613 446 3669 eructat,
479 3619 596 3672 qua:
631 3618 858 3659 errones
888 3612 941 3659 et
970 3604 1023 3659 in
1059 3602 1309 3659 omnibus
1339 3603 1702 3660 commentitia
1728 3604 1845 3674 eius
1870 3612 2160 3675 systemata
2202 3604 2337 3660 falso
2379 3606 2561 3677 aliquo
2600 3608 2843 3663 veritatis
2862 3609 3049 3665 colore
3070 3610 3295 3665 induere
3320 3620 3485 3680 posse

197 3696 533 3752 arbitratur.

287 3789 375 3842 Ex
407 3786 492 3842 his
520 3800 649 3857 ergo
674 3794 849 3855 patet,
874 3793 1023 3841 tanto
1048 3786 1353 3856 graviorem
1374 3786 1535 3842 modo
1561 3800 1593 3841 a
1627 3761 1960 3859 quocumque
1994 3788 2353 3846 Leoninorum
2378 3791 2612 3862 Operam
2641 3792 2848 3850 editors
2883 3794 3217 3850 subeundum
3236 3810 3367 3851 esse
3398 3796 3481 3849 la-

200 3882 430 3947 borem,
462 3889 663 3951 quanto
688 3882 864 3949 majus
887 3879 986 3935 luit
1012 3879 1287 3946 Quesnelii
1311 3881 1547 3935 studium
1578 3881 1631 3935 in
1659 3882 2028 3949 pervertendis
2060 3884 2117 3937 S.
2154 3883 2417 3952 pontiﬁcis
2448 3884 2615 3940 nostri
2646 3886 2968 3940 testimoniis
2994 3897 3048 3941 et
3077 3888 3215 3941 illius
3240 3886 3487 3942 sensibus

199 3976 381 4031 aliter
412 3973 851 4043 interpretandis.
896 3973 1005 4028 Nec
1038 3975 1179 4028 enim
1212 3973 1449 4028 laborem
1480 3974 1755 4029 dumtaxat
1785 3974 1945 4030 modo
1974 3974 2028 4027 in
2056 3990 2126 4029 eo
2151 3976 2354 4031 versari
2382 3984 2622 4044 oportet,
2655 3984 2713 4030 ut
2740 3978 3054 4047 primigenio
3081 3979 3235 4032 uitori
3266 3986 3319 4031 et
3344 3978 3484 4032 inte-

197 4068 433 4141 gritati,
476 4078 728 4137 quantum
766 4066 881 4121 ﬁeri
914 4076 1119 4137 potest,
1149 4066 1419 4121 Leoniuus
1452 4076 1629 4121 textus
1656 4067 1985 4122 restituatur.
2030 4067 2183 4134 Quod
2212 4082 2345 4136 Opus
2389 4070 2489 4123 etsi
2519 4083 2680 4138 grave
2704 4070 2805 4135 sit,
2826 4068 2903 4120 ob
2932 4066 3092 4121 falsas
3120 4076 3174 4120 ct
3202 4077 3483 4135 corruptas

197 4159 481 4216 lectiones
504 4156 698 4227 quibus
718 4156 862 4212 edita
886 4156 1215 4225 exemplaria
1238 4163 1470 4221 scatent,
1486 4164 1549 4210 et
1569 4156 1639 4210 ob
1657 4156 1903 4225 antiquas
1922 4170 2183 4225 syuopses
2206 4171 2327 4210 cum
2351 4170 2657 4212 sermonum
2690 4165 2800 4210 tum
2836 4157 3183 4221 epistolarum
3205 4157 3271 4211 ab
3292 4159 3485 4213 eodem

197 4250 542 4324 quandoque
570 4248 811 4303 studiose
833 4247 1144 4311 subductas,
1172 4256 1229 4301 ut
1251 4260 1416 4302 novas
1437 4256 1491 4301 et
1513 4246 1653 4316 stylo
1672 4246 2028 4316 elegantiores
2044 4247 2165 4300 sine
2187 4260 2319 4300 mss.
2340 4245 2499 4301 oodd.
2520 4244 2837 4301 auctoritate
2857 4238 3151 4299 intrudet‘eI
3170 4254 3222 4300 et
3243 4244 3483 4314 inierret,

194 4355 258 4402 et
287 4361 391 4401 eas
426 4343 721 4413 praesertim
752 4358 873 4412 quae
899 4342 1009 4397 suis
1041 4340 1282 4410 partibus
1311 4340 1497 4396 favere
1526 4339 1785 4405 credidit;
1814 4348 1989 4395 tamen
2018 4340 2432 4411 archetyporum
2448 4340 2837 4409 exemplarium
2862 4354 2983 4410 ope,
3015 4340 3205 4409 quibus
3234 4334 3487 4397 Vaticana

193 4438 547 4499 bibliotheca
575 4437 911 4507 potissimum
944 4436 1214 4501 abundat,
1243 4450 1363 4490 cum
1396 4434 1449 4489 id
1472 4434 1581 4503 jam
1609 4434 1815 4504 pridem
1840 4449 1871 4488 a
1901 4435 2082 4489 multis
2112 4434 2265 4489 anuis
2293 4434 2522 4490 assecuti
2544 4448 2792 4489 essemus
2814 4476 2828 4501 ,
2858 4436 3009 4488 novis
3035 4436 3205 4505 typis,
3228 4450 3355 4490 cum
3386 4436 3487 4492 ali-

194 4547 450 4605 quorum
492 4540 961 4585 monumentorum
991 4528 1331 4593 accessione,
1381 4541 1499 4596 qure
1529 4525 1767 4581 nondum
1809 4527 1981 4581 lucem
2028 4536 2379 4597 aspexerunt,
2415 4527 2581 4581 sancti
2606 4525 2882 4593 pontiﬁcis
2914 4517 3089 4595 Opera
3131 4526 3489 4596 potuissemus

195 4626 498 4695 evulgare.
530 4622 911 4678 Verumtamen
946 4622 1093 4675 labor
1116 4620 1340 4675 ulterius
1367 4618 1614 4689 progredi
1642 4618 1845 4687 debuit,
1876 4634 1979 4676 nec
2005 4622 2057 4674 iu
2087 4621 2217 4675 solis
2240 4620 2491 4691 genuinis
2519 4622 2687 4675 sancti
2718 4620 2985 4690 poutilicis
3004 4620 3218 4691 scriptis
3244 4623 3445 4677 versari
3470 4638 3486 4677 :

194 4719 311 4775 sed
348 4716 513 4772 etiam
538 4730 672 4783 opus
698 4713 798 4769 fuit
827 4714 895 4767 ad
919 4728 1144 4769 examen
1172 4727 1428 4767 revocare
1452 4727 1555 4782 qua
1586 4712 1795 4767 ratione
1824 4714 1924 4768 alia
1957 4724 2303 4769 monumenta
2333 4729 2451 4783 quae
2486 4716 2649 4769 nostri
2677 4715 2929 4785 majores,
2952 4728 3091 4770 mss.
3122 4715 3279 4771 cedd.
3310 4726 3492 4770 aucto-

192 4813 439 4870 ritatem
470 4811 672 4873 secuti,
703 4810 823 4863 aliis
856 4807 952 4864 SS.
988 4808 1090 4864 PP.
1123 4806 1524 4876 adjudicaruut;
1557 4806 1744 4875 quales
1768 4814 1894 4861 sunt
1921 4808 2003 4863 vel
2028 4807 2152 4863 libri
2180 4808 2248 4862 de
2277 4806 2567 4863 Vocatione
2595 4807 2830 4862 omnium
2855 4809 3114 4877 gentium,
3142 4809 3229 4863 vel
3258 4822 3490 4876 opuscu-

190 4906 329 4961 lum
367 4898 512 4970 quod
541 4896 846 4952 inscribitur
876 4914 892 4951 :
921 4897 1262 4951 Auctoritates
1293 4895 1426 4949 sedis
1454 4896 1747 4964 apostolicis
1772 4896 1836 4949 de
1852 4897 2024 4968 gratia
2050 4906 2096 4951 sl
2122 4897 2280 4953 libero
2307 4898 2579 4953 voluntatis
2608 4899 2842 4965 arbitrio,
2869 4900 2956 4954 vel
2986 4898 3217 4968 denique
3241 4900 3489 4968 epistola,

188 5010 308 5053 seu
347 4991 565 5048 libellus
591 4989 656 5043 ad
690 4988 1084 5043 Demetriadem
1114 4988 1405 5056 virginem;
1444 5002 1562 5057 quae
1597 4990 1849 5057 opuscula
1879 4990 2003 5045 aliis
2029 5000 2232 5045 asserta
2261 4992 2581 5047 oll'eudimus
2602 5030 2617 5057 ,
2647 5002 2702 5047 et
2731 5008 2849 5063 quae
2872 4991 2990 5047 siue
3021 4992 3338 5047 temeritatis
3365 5002 3490 5048 nota

187 5087 395 5146 Leoni
425 5081 719 5153 adjudicari
746 5079 886 5133 haud
914 5094 1073 5148 posse
1103 5078 1427 5146 Quesnellus
1459 5078 1576 5148 ipse
1606 5079 1780 5136 lassus
1810 5089 1913 5147 est,
1947 5080 2029 5134 Ne
2050 5097 2151 5135 um
2168 5081 2377 5151 quidem
2404 5083 2503 5155 (ait
2530 5082 2666 5152 ipse)
2700 5084 2960 5136 clamante
2988 5082 3180 5144 codice,
3210 5080 3492 5136 animum

186 5182 282 5238 vel
313 5193 473 5242 mss.,
499 5176 655 5228 immo
680 5166 985 5226 redamante
1010 5171 1073 5225 ab
1105 5172 1404 5243 octingentis
1430 5180 1477 5225 et
1499 5171 1722 5243 antplius
1747 5173 1898 5226 armis
1917 5172 2253 5227 conciliorum
2276 5175 2677 5245 scriptorumque
2698 5173 2925 5242 plurium
2944 5174 3266 5239 tastirnonio;
3288 5174 3495 5231 nihilo-

183 5276 411 5332 minus
434 5266 743 5338 bujusmodi
773 5276 933 5336 opera
960 5273 1147 5319 nostro
1172 5263 1338 5319 Leoni
1366 5278 1611 5320 asserere
1639 5264 1829 5320 voluit.
1859 5263 2041 5329 Neque
2064 5278 2194 5320 sane
2223 5264 2359 5319 hanc
2388 5264 2713 5319 temeritatis
2740 5272 2917 5317 notam
2947 5273 3491 5333 praecaverepoterat

185 5368 461 5439 ipsemet
491 5358 813 5430 Quesnellus
842 5375 906 5415 ea
935 5358 1330 5428 supplicatione
1355 5373 1514 5428 quam
1543 5359 1803 5428 subjecit,
1837 5358 2121 5413 scribendo
2154 5375 2168 5411 :
2206 5356 2319 5411 Hoc
2345 5372 2507 5411 unum
2524 5358 2583 5410 in
2614 5356 2850 5426 presenti
2878 5354 3112 5423 postulo,
3148 5364 3202 5409 ut
3220 5356 3494 5426 speratsper-

180 5458 264 5512 ab
298 5454 458 5509 omni
484 5450 786 5524 prazjudt'cio
814 5450 1128 5516 sustineant,
1161 5451 1248 5519 qui
1271 5450 1344 5503 ita
1367 5451 1611 5515 sentiunt,
1633 5464 1791 5520 usque
1811 5450 1935 5503 dum
1961 5450 2415 5517 dissertationesﬁ,
2434 5452 2477 5505 5
2492 5459 2550 5504 et
2570 5451 2624 5514 4,
2644 5448 2837 5518 quibus
2864 5446 3063 5502 σωροὶἅὶ
3086 5448 3253 5502 nostri
3273 5448 3499 5505 rationm

178 5546 578 5614 continentur,
613 5543 933 5617 perlegerim.
965 5536 1190 5598 Interim
1217 5542 1511 5597 temeritatis
1532 5552 1703 5597 nolam
1725 5542 1815 5597 abs
1836 5558 1917 5597 nte
1942 5542 2203 5613 deprecor,
2222 5544 2629 5599 doctissimorum
2651 5541 3500 5613 uirorunmmplomuiuriplo-

176 5642 363 5699 ribus
402 5635 732 5691 celeberrimis
758 5632 1010 5690 nonnulla
1053 5632 1300 5707 opuscula
1331 5647 1396 5689 ea:
1422 5633 1573 5689 unius
1604 5634 1725 5704 styli
1752 5633 2002 5706 suffragio
2029 5635 2317 5702 uindicare,
2342 5649 2407 5689 ac
2434 5633 2728 5689 sub-eorum
2754 5633 2957 5688 notitiae
2972 5633 3241 5705 Munere
3262 5648 3367 5689 non
3392 5634 3497 5689 du-

222 5728 485 5787 itaru‘nl.
690 5758 693 5761 -
2098 5762 2103 5767 -

227 5736 243 5747 '
275 5736 485 5784 arum.
690 5758 693 5761 -
2098 5762 2103 5767 .

176 5736 564 5881 mfPraefatas
591 5826 699 5877 tres
722 5818 1132 5899 dissertationes
1159 5817 1262 5877 viri
1289 5818 1432 5879 docti
1459 5834 1567 5880 non
1590 5820 2013 5878 dissimularunt.
2045 5819 2189 5889 Quos
2218 5819 2355 5876 inter
2382 5816 2484 5875 luit
2504 5815 2704 5889 Ioseph
2730 5816 3029 5878 Autslmius
3043 5857 3060 5889 ,
3089 5820 3183 5890 qui
3204 5833 3327 5878 cum
3350 5820 3504 5877 neua
