3994 6310
482 320 585 374 775
1924 311 2309 369 ΡΠᾹΞΕΑΤΙΟ.
3640 314 3731 372 776

488 431 699 488 ratione
725 430 915 487 adduci
948 431 1207 501 potuisset
1236 435 1292 484 ut
1315 425 1709 498 Qucsnelliana:
1734 426 2099 485 subscriberet
2126 428 2385 499 Opinioni,
2419 428 2606 484 sedulo
2637 428 2875 485 lustratis
2901 429 3201 486 rationibus
3232 431 3284 485 in
3313 428 3501 485 iisdem
3527 440 3708 488 conten

490 525 599 592 tis,
624 532 901 595 tantopere
930 539 959 579 a
991 522 1262 591 Quesnelli
1291 520 1515 577 consilio
1539 520 1897 577 recedendum
1923 534 2045 576 esse
2072 521 2314 587 censuit,
2348 528 2403 574 ut
2430 519 2694 575 calamum
2722 520 2999 577 continere
3028 536 3133 577 non
3162 519 3348 577 valens
3374 534 3511 591 opus
3540 522 3733 579 celebre

476 616 877 688 conscripserit,
905 630 1012 686 quo
1038 614 1349 685 singillatim
1375 614 1553 669 omnia
1581 620 1899 684 argumenta
1924 612 2154 669 viriliter
2180 612 2397 683 rejecit,
2430 621 2488 669 ut
2525 613 2661 669 alios
2686 627 2809 670 esse
2839 613 3032 670 horum
3062 615 3442 685 opusculorum
3472 622 3731 685 auctores,

479 720 677 782 praeter
705 718 949 767 nostrum
993 708 1052 765 S.
1084 708 1353 773 Leonem,
1385 704 1789 762 evidentissime
1817 719 1882 760 ac
1917 703 2337 760 cumulatissime
2366 704 2697 775 probaverit.
2738 703 2909 760 Nimis
2947 704 3185 775 proiecto
3214 702 3433 761 fallaces
3473 719 3595 761 esse
3633 706 3736 762 illas

479 801 818 873 conjecturas
854 814 973 871 quae
1016 814 1080 854 ex
1117 796 1469 869 quarumdam
1500 796 1775 867 phrasium
1818 794 2194 861 similitudine,
2232 795 2356 865 styli
2396 799 2777 865 consonantia,
2810 806 2867 853 et
2905 797 3171 853 sermonis
3209 797 3575 854 modulatione
3611 798 3737 855 colli-

481 902 699 962 guntur,
734 895 905 950 doctis
934 895 1131 965 ubique
1163 894 1318 961 viris,
1345 894 1476 950 satis
1505 908 1773 965 superque
1800 901 2139 963 perspectum
2166 901 2271 957 est,
2303 900 2362 947 ut
2389 892 2443 947 in
2474 907 2715 963 praesens
2741 906 3024 949 necessum
3056 907 3162 948 non
3187 893 3259 949 sit
3283 892 3560 962 explicare
3580 908 3738 964 quem-

484 988 770 1043 admodum
800 988 1068 1044 incassum
1108 989 1429 1044 laboraverit
1460 987 1779 1057 Quesnellus
1810 987 1861 1041 in
1902 985 2273 1056 adjudieandis
2317 985 2490 1040 tribus
2519 986 2627 1041 illis
2661 984 2932 1057 opusculis
2967 995 3154 1040 nostra
3183 986 3371 1055 Magno
3409 983 3596 1040 Leoni.
3627 984 3738 1040 Nam

486 1090 682 1151 praeter
709 1098 771 1138 ea
798 1098 918 1152 quae
945 1083 1162 1152 scripsit
1180 1082 1381 1151 Joseph
1410 1081 1715 1137 Antelmius
1734 1121 1749 1146 ,
1781 1080 1998 1136 dissert.
2035 1080 2086 1133 in
2113 1077 2286 1149 Opera
2317 1079 2375 1135 S.
2411 1078 2608 1135 Leonis
2629 1120 2644 1144 ,
2678 1079 2833 1135 adest
2859 1080 3019 1136 etiam
3052 1079 3418 1136 testimonium
3447 1079 3516 1134 cl.
3549 1077 3740 1134 Joannis

486 1171 696 1228 Salinas
719 1174 963 1229 canonici
996 1174 1258 1244 regularis
1280 1171 1679 1235 Lateranensis,
1705 1170 1965 1241 Stephani
1992 1169 2221 1235 Baluzii,
2253 1169 2611 1240 aliorumque.
2639 1168 2878 1225 Joannes
2900 1168 3131 1235 Salinas,
3163 1169 3401 1241 inquam,
3435 1177 3559 1239 post
3581 1166 3739 1224 Antel-

485 1267 651 1321 mium
680 1266 740 1323 S.
767 1266 1015 1335 Prosperi
1046 1265 1298 1335 Aquitani
1326 1265 1585 1335 opuscula
1618 1264 1759 1319 notis
1789 1271 1844 1317 et
1869 1261 2343 1318 observationibus
2372 1262 2643 1319 illustrare
2681 1264 2937 1332 cupiens,
2967 1261 3256 1319 Vaticanos
3284 1262 3446 1318 codd.
3480 1263 3736 1331 evolvens,

485 1362 719 1432 quinque
746 1358 936 1415 saltem
972 1358 1186 1415 diversa
1215 1359 1434 1428 optimae
1463 1368 1605 1413 notae
1636 1357 1971 1427 exemplaria
2007 1355 2238 1411 offendit
2266 1399 2281 1425 ,
2311 1356 2514 1411 nullum
2546 1363 2727 1412 tamen
2756 1356 2896 1426 quod
2926 1356 3123 1412 Leonis
3156 1370 3353 1412 nomen
3383 1355 3653 1426 praeferret
3676 1362 3739 1414 in-

486 1455 654 1511 venit.
692 1453 871 1521 Quare
908 1452 1125 1508 tandem
1172 1465 1271 1507 nec
1297 1451 1441 1506 inter
1475 1451 1671 1507 Leonis
1698 1449 1877 1520 Opera
1914 1447 2197 1504 referenda
2240 1463 2363 1504 esse
2397 1447 2631 1520 judieat,
2670 1462 2792 1503 cum
2824 1448 2941 1504 ﬁeri
2971 1448 3230 1519 perfacile
3267 1448 3501 1519 potuerit
3528 1458 3587 1505 ut
3617 1450 3738 1507 multi

487 1557 615 1604 tunc
642 1548 899 1619 temporis
920 1589 934 1613 ,
967 1546 1153 1602 Romae
1182 1556 1238 1601 et
1266 1545 1387 1600 aliis
1414 1545 1469 1601 in
1510 1545 1674 1613 locis,
1709 1544 1904 1599 fuerint
1924 1583 1940 1609 ,
1970 1556 2195 1612 quorum
2227 1541 2495 1597 scribendi
2526 1541 2665 1597 ratio
2691 1540 2889 1597 Leonis
2915 1541 3112 1613 stylum
3140 1542 3365 1597 referret
3390 1556 3454 1597 ac
3480 1541 3735 1598 redoleret.

487 1639 712 1707 Praeter,
744 1640 992 1710 inquam,
1032 1639 1243 1695 laudata
1291 1638 1626 1705 testimonia,
1669 1636 1770 1690 alia
1802 1634 2033 1704 plurima
2068 1642 2305 1689 mutuata
2339 1648 2409 1689 ex
2448 1632 2873 1689 Lovaniensibus
2894 1673 2909 1698 ,
2947 1632 3210 1701 Baronio,
3241 1632 3488 1701 Norisio,
3518 1633 3735 1699 Labbeo,

489 1733 797 1800 Sirmondo,
829 1733 1100 1803 Stephano
1127 1732 1361 1798 Baluzio,
1396 1732 1621 1801 aliisque
1651 1730 1789 1786 bene
1816 1729 1998 1784 multis
2040 1728 2243 1785 referre
2270 1742 2582 1799 possemus,
2616 1728 2708 1799 qui
2731 1727 2829 1781 tria
2858 1726 2947 1781 illa
2982 1726 3241 1797 opuscula
3267 1724 3429 1781 modo
3458 1726 3549 1781 nni
3568 1766 3582 1790 ,
3608 1724 3737 1779 modo

490 1827 646 1883 alteri
675 1828 729 1883 in
768 1842 898 1883 mss.
929 1827 1235 1898 archetypis
1270 1825 1432 1881 tribui
1482 1833 1914 1894 conspexerunt,
1947 1824 2073 1893 quin
2107 1822 2389 1893 quisquam
2431 1835 2683 1891 umquam
2718 1820 3024 1891 suspicatus
3063 1817 3253 1885 fuerit,
3286 1816 3375 1873 vel
3402 1817 3454 1871 in
3489 1816 3737 1888 phrasibus

492 1929 654 1990 atque
678 1920 976 1986 sententiis,
1002 1919 1085 1976 vel
1115 1920 1168 1974 in
1196 1919 1591 1975 tractandorum
1624 1931 1802 1973 rerum
1830 1915 2088 1971 methodo
2110 1925 2165 1971 et
2192 1916 2402 1971 ratione
2420 1956 2435 1981 ,
2464 1914 2676 1985 aliquod
2698 1920 3075 1985 argumentum
3101 1926 3366 1982 apparere
3384 1956 3398 1980 ,
3428 1910 3563 1983 quod
3585 1918 3736 1966 aucto-

493 2028 607 2068 rem
644 2012 702 2068 S.
733 2013 968 2068 Leonem
1008 2027 1129 2068 esse
1159 2012 1431 2082 proderet.
1472 2011 1590 2067 Non
1634 2009 1912 2064 inliciabor
1943 2007 2159 2076 quidem
2186 2006 2246 2062 S.
2279 2006 2583 2076 pontiﬁcem
2617 2005 2669 2059 in
2709 2005 2831 2059 aliis
2871 2012 3034 2074 atque
3074 2003 3192 2057 aliis
3221 2002 3545 2058 orationibus
3572 2002 3630 2055 ad
3650 2017 3732 2071 po-

494 2109 679 2180 pulum
708 2110 923 2179 habitis,
957 2118 1013 2164 et
1045 2111 1095 2163 in
1124 2108 1440 2179 quibusdam
1478 2105 1723 2177 epistolis
1753 2107 1935 2171 etiam,
1971 2102 2309 2174 Pelagianos,
2341 2099 2904 2171 Semipelagianosque
2932 2099 3253 2155 insectatum
3287 2096 3467 2163 fuisse,
3487 2096 3725 2166 pestiferas

496 2214 590 2256 eas
619 2200 829 2255 soboles
857 2200 1195 2271 exagitando,
1222 2209 1277 2255 et
1306 2199 1583 2270 magniﬁce
1611 2197 1679 2254 de
1710 2197 1915 2253 Divinas
1938 2198 2126 2267 gratiae
2157 2195 2333 2262 donis,
2354 2195 2505 2265 juxta
2530 2193 2839 2264 apostolica:
2862 2192 3006 2248 sedis
3031 2200 3253 2257 statuta,
3277 2191 3596 2247 disserendo.
3618 2189 3731 2258 Quid

496 2299 675 2348 tamen
717 2308 783 2348 ex
821 2292 953 2361 hoc,
1001 2308 1125 2349 cum
1168 2293 1303 2349 tales
1335 2294 1536 2363 ubique
1565 2291 1859 2349 sententias
1910 2304 2295 2359 sacrarumque
2331 2286 2728 2359 Scripturarum
2767 2286 3237 2356 interpretationes
3280 2286 3530 2342 adhibeat
3562 2302 3662 2358 qua:
3693 2286 3737 2341 in

498 2388 725 2444 aliorum
766 2387 920 2443 libris
950 2388 1171 2445 minime
1209 2389 1450 2460 legenda:
1478 2396 1799 2455 occurrant;
1846 2385 2305 2457 quemadmodum
2349 2384 2620 2441 sexcentis
2649 2382 2913 2453 exemplis
2943 2383 3173 2453 probare
3204 2397 3513 2452 possemus,
3548 2384 3587 2437 si
3614 2395 3740 2452 quam

501 2481 571 2536 ob
598 2496 712 2537 rem
748 2480 916 2536 Leoni
943 2480 1242 2551 adjudicari
1266 2497 1371 2537 non
1398 2480 1653 2550 debeant,
1688 2480 1971 2551 praesentis
1997 2477 2164 2533 nostri
2189 2477 2420 2532 instituti
2450 2476 2588 2531 ratio
2610 2475 2821 2544 longam
2852 2483 3143 2529 contexere
3168 2472 3594 2531 dissertationem
3620 2469 3741 2527 nobis

502 2572 839 2642 permitteret
853 2574 876 2627 ἲ

572 2669 794 2734 Qualem
825 2678 1003 2725 autem
1043 2684 1263 2740 scopum
1294 2670 1395 2726 sibi
1426 2672 1794 2726 constituisset
1823 2669 2142 2737 Quesnellus
2176 2670 2229 2725 in
2262 2668 2629 2740 adjudicandis
2670 2668 2727 2725 S.
2759 2667 2925 2723 Leoni
2957 2667 3229 2736 opusculis
3264 2664 3330 2721 iis
3359 2677 3499 2736 quae,
3530 2675 3646 2717 mss.
3668 2674 3741 2713 au-

503 2759 750 2815 ctoritate
778 2768 833 2815 et
861 2760 1193 2815 eruditorum
1223 2760 1501 2831 suffragio,
1528 2761 1613 2817 vel
1642 2760 1960 2827 Ambrosio,
2008 2761 2091 2817 vel
2131 2760 2336 2815 Hilario
2378 2769 2433 2815 et
2460 2760 2761 2817 Cwlestino
2797 2759 3199 2825 asserebantur,
3244 2758 3517 2813 neminem
3560 2753 3745 2809 arbitror

504 2846 692 2910 latere.
741 2854 1148 2924 Amplissimum
1182 2855 1327 2911 enim
1356 2870 1605 2925 campum
1634 2856 1739 2912 sibi
1770 2856 1986 2925 aperire
2017 2856 2223 2924 statuit,
2259 2857 2310 2911 in
2342 2871 2449 2927 quo
2476 2871 2597 2911 cum
2628 2870 2727 2911 suo
2752 2857 2821 2912 de
2850 2856 3029 2911 divina
3053 2855 3220 2926 gratia
3251 2862 3544 2925 systemate
3570 2847 3744 2921 spatiari

504 2956 720 3017 posset,
770 2947 894 3004 hinc
933 2957 989 3004 et
1029 2948 1200 3017 illinc,
1235 2948 1523 3003 multarum
1551 2948 1959 3003 annotationum
1991 2962 2095 3019 ope
2124 2956 2181 3004 et
2206 2946 2468 3014 subsidio,
2500 2946 2905 3003 disseminando
2938 2954 3016 3001 tot
3041 2954 3328 3014 tantasque
3368 2941 3747 3014 propositiones,

506 3040 588 3095 vel
612 3040 799 3095 iisdem
826 3040 1172 3110 praeludendo
1193 3057 1313 3113 quae
1341 3041 1679 3112 postmodum
1708 3041 2019 3112 apostolicae
2046 3041 2190 3097 sedis
2213 3036 2556 3097 anathematé
2579 3041 2798 3096 fuerunt
2821 3041 3156 3121 proscripta.
3188 3038 3336 3094 Inter
3361 3048 3585 3094 caeteros
3604 3045 3748 3090 autem

507 3134 596 3201 qui
627 3132 763 3188 hanc
788 3147 1009 3203 pravam
1041 3144 1097 3189 et
1123 3133 1405 3189 subdolam
1433 3134 1709 3201 Quesnelli
1739 3132 1935 3203 agendi
1962 3135 2225 3189 rationem
2258 3142 2544 3201 notarunt,
2572 3148 2717 3188 unus
2747 3133 2843 3187 fuit
2870 3132 3116 3187 laudatus
3145 3133 3204 3187 P.
3232 3131 3475 3187 Joannes
3499 3129 3685 3185 Salinas
3709 3128 3749 3181 in

508 3222 632 3279 Vita
659 3222 721 3280 S.
751 3221 1008 3292 Prosperi
1035 3222 1320 3293 Aquitani,
1352 3223 1537 3279 Romae
1566 3223 1745 3289 edita;
1790 3224 1881 3294 qui
1908 3223 2185 3280 oﬂ’endens
2211 3222 2456 3295 quaedam
2486 3224 2665 3279 brevia
2694 3224 3080 3279 commentaria
3112 3222 3178 3279 ad
3209 3222 3501 3279 secundam
3530 3221 3753 3277 disserta-

511 3316 732 3379 tionem,
761 3315 860 3370 sub
884 3330 1034 3369 num.
1058 3314 1130 3370 28
1157 3323 1211 3369 et
1236 3314 1307 3369 29
1334 3315 1605 3386 apposita,
1633 3324 1903 3385 tamquam
1934 3316 2285 3372 inconcinnas
2316 3324 2371 3371 et
2398 3328 2654 3371 erroneas
2676 3315 2795 3371 illas
2824 3323 2969 3371 taxat
2998 3316 3396 3387 propositiones
3421 3315 3599 3386 quibus
3623 3326 3753 3367 suum

420 3404 423 3408 ’
510 3410 579 3464 de
607 3409 783 3462 divina
810 3408 978 3477 gratia
1008 3416 1246 3480 systema
1279 3416 1566 3463 annotator
1594 3408 1836 3464 stabilire
1878 3414 1949 3465 et
1980 3424 2322 3481 propugnare
2350 3409 2601 3469 intendit.
2650 3409 2801 3477 Quod
2830 3410 2939 3480 jam
2970 3410 3176 3481 pridem
3207 3425 3239 3465 a
3272 3410 3454 3465 multis
3481 3405 3757 3465 clarissimis

513 3500 943 3571 doctissimisque
963 3500 1093 3556 viris
1118 3502 1317 3557 factum
1346 3500 1533 3567 fuisse,
1557 3516 1720 3557 nemo
1745 3501 1946 3571 estqui
1973 3502 2203 3573 ignoret.
2242 3502 2356 3557 Non
2382 3504 2563 3574 itaque
2583 3502 2931 3572 Quesnellus,
2958 3502 3318 3575 undequaque
3340 3504 3443 3559 suis
3463 3499 3751 3570 conjecturis

515 3593 753 3652 subsidia
789 3609 1068 3665 quaerens,
1109 3609 1429 3665 quemquam
1463 3594 1667 3650 invenit
1698 3596 1790 3665 qui
1837 3597 1887 3649 ei
1932 3594 2166 3651 voluerit
2194 3596 2496 3663 suffragari.
2550 3596 2661 3651 Nisi
2702 3595 2841 3652 forte
2883 3597 3133 3652 arbitrari
3174 3597 3397 3652 velimus
3430 3592 3754 3665 Augustinum

516 3687 748 3756 Savioli,
786 3688 1045 3759 venetum
1077 3686 1490 3758 typographum,
1524 3687 1681 3742 aliter
1706 3687 2003 3758 judicasse,
2043 3703 2188 3757 cum,
2222 3689 2501 3757 expunctis
2529 3689 2707 3758 pravis
2733 3688 3091 3759 violentisque
3119 3686 3560 3744 commentariolis
3586 3684 3763 3755 quibus

519 3780 836 3850 Quesnellus
871 3781 970 3833 tria
1001 3779 1088 3834 illa
1121 3778 1377 3849 opuscula
1408 3777 1703 3834 fmdaverat
1745 3786 1908 3850 atque
1949 3788 2291 3851 corruperat,
2336 3778 2524 3834 eadem
2570 3778 2737 3834 Leoni
2778 3794 3020 3835 asserere
3060 3779 3251 3834 maluit
3290 3794 3450 3851 quam
3488 3776 3761 3843 Ambrosio,

521 3873 785 3943 Prospero
816 3872 1082 3943 Aquitano
1122 3880 1176 3927 et
1204 3870 1500 3927 Caelestino
1529 3871 1771 3941 pontiﬁci
1802 3872 2130 3943 adjudicare.
2162 3870 2305 3929 Idem
2337 3873 2481 3928 enim
2513 3874 2566 3928 in
2593 3887 2746 3929 suam
2777 3874 2981 3944 pariter
3010 3873 3270 3930 Venetam
3299 3873 3587 3930 editionem
3617 3882 3767 3927 trans-

524 3964 644 4019 tulit
685 3972 794 4019 tres
834 3963 952 4019 illas
982 3963 1279 4019 recensitas
1304 3962 1582 4030 Quesnelli
1609 3963 2042 4034 dissertationes,
2086 3964 2230 4020 nulla
2264 3975 2442 4021 tamen
2481 3965 2621 4021 facta
2668 3966 2909 4021 auctoris
2952 3966 3246 4022 mentione.
3293 3965 3378 4022 Ad
3418 3967 3567 4037 cujus
3603 3962 3767 4035 agendi

524 4057 785 4113 rationem
816 4071 938 4113 cum
968 4071 1068 4128 ego
1096 4054 1467 4123 attendissem,
1494 4057 1728 4112 maxime
1758 4056 1991 4113 hominis
2016 4056 2291 4128 ingenium
2322 4071 2438 4111 sum
2466 4054 2786 4124 admiratus,
2815 4069 2922 4126 quo
2953 4064 3104 4126 pacto
3132 4056 3337 4112 scilicet
3371 4056 3417 4112 is
3453 4057 3768 4128 quaestionem

524 4153 727 4210 tamdiu
756 4154 856 4209 sub
880 4152 1061 4223 judice
1090 4160 1421 4219 manentem,
1452 4168 1610 4223 quam
1643 4155 1866 4210 minime
1896 4154 2125 4210 definire
2161 4154 2277 4209 ausi
2307 4163 2433 4210 sunt
2472 4153 2563 4225 qui
2605 4169 2703 4224 pro
2745 4162 2974 4224 utraque
3013 4164 3163 4225 parte
3192 4154 3481 4222 Antelmii,
3530 4150 3770 4223 Quesnelli

525 4250 859 4319 aliorumque
886 4238 1307 4303 clarissimorum
1333 4248 1573 4302 virorum
1604 4246 1846 4304 rationes
1872 4246 1939 4302 ad
1972 4247 2229 4303 trutinam
2260 4245 2633 4312 adduxerunt,
2683 4254 2790 4317 tam
2831 4245 2988 4301 facile
3028 4245 3285 4317 expedire
3329 4247 3595 4316 potuerit,
3646 4245 3776 4301 nullis

526 4340 773 4397 indicatis
795 4340 1081 4395 momentis
1103 4354 1222 4409 quae
1243 4338 1419 4409 ipsum
1441 4339 1509 4395 ad
1532 4340 1693 4396 talem
1718 4340 1931 4395 firmum
1954 4339 2406 4411 interponendum
2429 4339 2687 4410 judicium
2712 4339 3070 4396 induxissent.
3105 4340 3219 4412 Ego
3240 4349 3420 4397 tamen
3446 4342 3609 4398 malui
3631 4340 3779 4396 adhuc

528 4444 823 4499 suspensus
849 4431 1074 4495 haerere,
1098 4431 1269 4501 iisque
1296 4430 1453 4486 ﬁdem
1481 4429 1739 4487 adhibere
1764 4431 1855 4502 qui
1880 4430 1992 4501 jam
2022 4430 2232 4502 pridem
2261 4430 2593 4501 scripserunt
2620 4431 2821 4487 nullam
2845 4431 3209 4503 conjecturam
3234 4431 3415 4490 afferri
3442 4449 3601 4505 posse
3624 4442 3677 4489 ut
3698 4432 3777 4488 tria

529 4521 623 4580 illa
653 4521 905 4590 opuscula
930 4521 1099 4577 Leoni
1127 4522 1522 4592 adjudicentur.

604 4613 767 4667 Multo
804 4612 980 4667 minus
1008 4622 1185 4669 tamen
1212 4613 1534 4681 Quesnello,
1565 4623 1658 4669 aut
1686 4615 1965 4685 quibusvis
1996 4615 2147 4682 aliis,
2181 4616 2229 4673 si
2257 4618 2347 4689 qui
2378 4626 2533 4682 sunt.
2566 4619 2816 4675 assentiri
2848 4620 2994 4691 potui
3026 4627 3084 4673 ut
3114 4619 3373 4675 Romana:
3401 4617 3658 4676 Ecclesia:
3681 4631 3784 4673 cen-

534 4705 732 4761 suerim
777 4705 1128 4761 asserendum
1172 4706 1320 4761 illum
1361 4720 1627 4761 canonum
1672 4706 1915 4763 codicem
1957 4723 1986 4761 a
2017 4723 2123 4778 quo
2152 4708 2269 4779 ipse
2301 4709 2575 4765 Parisinus
2604 4710 2835 4781 scriptor
2861 4710 3157 4766 secundum
3186 4709 3553 4766 Leoninornm
3582 4709 3783 4781 Operam

536 4807 739 4855 tomum
769 4812 924 4853 orsus
953 4806 1056 4853 est.
1098 4796 1198 4852 Cui
1224 4797 1495 4853 sexdecim
1525 4798 1753 4867 subjecit
1776 4798 2190 4857 dissertationes
2230 4800 2472 4856 studiose
2510 4801 2799 4856 admodum
2844 4801 3170 4867 elaboratas,
3212 4810 3480 4871 praetextu
3507 4798 3789 4873 expiscandi

535 4901 698 4964 atque
729 4890 1030 4947 illustrandi
1055 4890 1330 4961 antiquam
1357 4891 1715 4947 Ecclesiarum
1746 4891 2075 4961 doctrinam,
2110 4901 2165 4950 et
2192 4893 2354 4963 hujus
2384 4893 2572 4966 agendi
2603 4894 2889 4959 rationem,
2924 4905 3036 4949 tum
3068 4895 3120 4949 in
3152 4892 3452 4951 haeresihus
3483 4892 3790 4955 evertendis,

536 4999 591 5044 et
615 4987 893 5045 catholicis
921 4986 1260 5057 dogmatibus
1286 4985 1636 5055 deﬁniendis;
1670 4997 1782 5043 tum
1810 4988 1866 5044 in
1896 4988 2117 5061 synodis
2150 4989 2426 5061 cogendis,
2460 4990 2910 5061 appellationibus
2942 4991 3321 5062 episcoporum
3348 4990 3435 5047 vel
3466 4990 3692 5049 aliorum
3718 5005 3792 5045 ex-

536 5077 828 5147 cipiendis;
872 5086 927 5133 et
954 5077 1096 5148 quod
1126 5087 1333 5148 spectat
1376 5080 1431 5134 in
1469 5079 1660 5136 ordine
1708 5079 1776 5136 ad
1816 5080 1949 5136 illud
1989 5094 2200 5136 sacrum
2229 5082 2658 5138 ecclesiasticum
2691 5083 2933 5156 regimen
2973 5099 3001 5139 a
3029 5084 3247 5141 Christo
3285 5085 3521 5140 Domino
3566 5086 3620 5140 in
3661 5080 3798 5139 terris

538 5170 855 5239 stabilitum,
884 5169 951 5224 ad
976 5183 1077 5225 nos
1106 5184 1272 5240 usque
1305 5185 1398 5241 per
1429 5173 1700 5241 apostolos
1732 5171 2034 5243 horumque
2074 5187 2420 5230 successores
2448 5173 2775 5230 derivatum.
2816 5174 2885 5230 Et
2912 5176 2965 5231 in
2995 5176 3185 5246 primis
3214 5175 3358 5247 quod
3388 5178 3587 5233 attinet
3613 5174 3675 5231 ad
3700 5174 3798 5230 lau-

538 5262 723 5317 datum
764 5274 1030 5316 canonum
1068 5259 1330 5327 codicem,
1373 5261 1502 5316 mihi
1532 5262 1619 5317 vix
1658 5261 1836 5319 locum
1868 5278 2155 5335 superesse
2183 5266 2422 5320 arbitror
2449 5275 2508 5319 ut
2536 5266 2605 5321 de
2633 5280 2699 5321 eo
2731 5266 2902 5322 multa
2929 5268 3094 5323 verba
3128 5266 3320 5323 faciam
3341 5313 3356 5338 ,
3404 5284 3475 5325 ne
3515 5282 3727 5325 manum
3762 5266 3805 5319 in

538 5356 765 5410 aliorum
795 5369 1026 5411 messem
1055 5355 1268 5411 mittere
1291 5354 1432 5412 velle
1458 5355 1660 5413 videar.
1693 5358 1827 5413 Cum
1864 5358 1976 5429 jam
2005 5358 2213 5415 duobus
2242 5359 2439 5415 abhinc
2468 5360 2622 5415 annis
2666 5359 2798 5416 mihi
2829 5361 3127 5417 innotuerit
3154 5361 3294 5419 duos
3317 5362 3658 5419 clarissimos
3683 5361 3807 5415 viros

539 5447 596 5504 in
622 5449 882 5519 optimum
913 5448 1196 5505 consilium
1228 5450 1484 5506 incidisse
1512 5450 1753 5507 codicem
1792 5451 1935 5508 hunc
1969 5455 2127 5509 novis
2161 5454 2307 5510 curis
2336 5454 2633 5524 adornare,
2673 5465 2735 5511 ut
2774 5472 2883 5512 non
2911 5465 3126 5513 tantum
3158 5458 3211 5512 in
3238 5459 3611 5530 cognitionem
3641 5455 3807 5513 venire

541 5543 751 5612 possint
777 5544 1015 5600 auctoris
1039 5544 1130 5614 qui
1160 5557 1255 5600 eos
1280 5558 1515 5601 canones
1554 5554 1609 5601 et
1649 5554 1996 5602 monumenta
2016 5547 2250 5619 collegit,
2277 5548 2385 5604 sed
2416 5549 2581 5605 etiam
2613 5549 2939 5622 investigare
2965 5552 3051 5608 vel
3081 5551 3310 5608 delinire
3334 5566 3436 5621 pro
3464 5566 3696 5625 quarum
3724 5546 3812 5602 Ec-

546 5636 834 5694 clesiarum
864 5654 963 5694 usu
992 5639 1354 5696 inservirent:
1389 5639 1531 5710 quod
1564 5649 1622 5695 ut
1655 5639 1862 5696 facilius
1899 5647 2059 5709 atque
2094 5640 2305 5697 felicius
2340 5643 2551 5712 assequi
2598 5651 2847 5712 possent,
2895 5643 3086 5697 horum
3132 5642 3271 5699 alter
3308 5642 3541 5700 Romam
3582 5640 3812 5699 veniens,

549 5726 869 5796 insigniores
896 5729 1058 5799 hujus
1085 5732 1232 5786 urbis
1261 5730 1615 5787 bibliothecas
1640 5731 2018 5801 frequentavit,
2048 5741 2103 5787 et
2132 5732 2373 5789 lustratis
2402 5732 2636 5804 antiquis
2669 5749 2799 5789 mss.
2829 5733 3228 5803 exemplaribus
3256 5714 3401 5791 hunc
3428 5734 3677 5791 codicem
3705 5744 3818 5789 con-

556 5818 871 5885 tinentibus,
903 5822 1157 5889 quidquid
1190 5825 1241 5877 in
1274 5822 1388 5890 ejus
1416 5823 1578 5878 studii
1609 5839 1831 5893 scopum
1871 5825 2115 5881 conferre
2155 5836 2337 5896 posset
2376 5827 2623 5897 excepit;
2674 5840 2795 5882 cum
2837 5825 3018 5897 itaque
3060 5841 3088 5881 a
3132 5824 3370 5897 pluribus
3411 5825 3515 5884 tide
3559 5825 3737 5897 dignis
3774 5818 3817 5875 id
