3994 6310
252 344 355 399 777
1683 338 2070 397 PREFATIO.
3415 345 3520 401 πε

251 461 526 526 audierim,
563 475 777 532 prorsus
807 454 1164 518 necessarium
1199 458 1322 514 duxi
1366 471 1451 513 me
1489 457 1556 512 ab
1600 457 1700 510 hoc
1749 456 1931 510 labore
1973 454 2024 509 in
2075 466 2311 523 praesens
2341 454 2636 523 abstinere;
2682 466 2736 512 et
2781 456 2941 513 modo
2986 457 3199 514 silentio
3240 457 3521 528 praeterire

248 554 593 625 gravissimas
623 569 714 610 eas
738 555 969 610 rationes
996 568 1114 624 qum
1142 552 1400 608 hactenus
1431 565 1518 606 me
1549 560 1832 604 moverunt
1859 559 1912 603 ut
1935 548 2332 615 Quesnellianze
2361 548 2594 616 opinioni
2623 565 2841 617 prorsus
2867 566 3249 622 repugnarem.
3280 551 3515 619 Quarum

247 649 544 714 nonnulla},
586 649 686 704 etsi
727 647 778 702 in
822 647 976 717 hujus
1017 645 1196 717 operis
1225 646 1457 700 decursu
1502 642 1691 698 leviter
1722 641 2006 696 dumtaxat
2037 656 2064 694 a
2098 656 2185 695 me
2216 639 2465 695 indicata:
2496 640 2718 704 fuerint,
2761 644 2892 698 alias
2933 655 3108 700 tamen
3148 646 3424 716 graviores
3465 653 3519 699 et

247 744 577 811 urgentiores
607 744 789 799 reticui
810 785 825 811 ,
859 759 926 800 ne
962 754 1114 798 extra
1147 741 1452 813 prepositos
1482 740 1611 794 mihi
1644 739 1844 793 limites
1874 737 2058 808 vagari
2088 736 2339 802 viderer;
2385 735 2515 790 satis
2547 735 2757 791 interim
2789 738 3009 804 habens,
3045 740 3258 805 sapiens
3289 738 3515 792 aliorum

242 832 499 903 judicium
533 835 850 904 praestolari.

318 923 549 980 Gradum
580 940 707 996 ergo
738 925 992 980 faciamus
1023 925 1087 980 ad
1115 926 1231 981 illas
1259 924 1668 980 dissertationes
1700 924 1879 978 fucato
1905 924 2089 978 colore
2119 922 2504 978 ecclesiasticae
2537 921 2837 976 traditionis
2881 932 2932 976 et
2960 921 3213 976 Leoninaa
3253 923 3512 977 doctrina:

246 1015 572 1072 illustrandae
594 1032 622 1071 a
651 1017 937 1074 Paschasio
963 1017 1254 1085 Quesnello
1281 1017 1638 1086 conscriptas,
1661 1029 1794 1086 quas
1826 1016 1965 1070 inter
1990 1015 2286 1084 principem
2321 1014 2496 1068 locum
2531 1013 2693 1067 habet
2725 1013 2812 1066 illa
2842 1030 2852 1063 :
2881 1011 2954 1064 De
2985 1013 3086 1064 vita
3113 1022 3155 1063 et
3189 1012 3332 1064 rebus
3363 1015 3512 1081 gestia

247 1108 408 1162 sancti
431 1108 616 1163 Leonis
639 1108 822 1181 Magni
849 1108 962 1162 PP.
995 1109 1176 1164 Multis
1203 1109 1476 1164 fraudibus
1503 1108 1669 1171 enim,
1695 1107 1845 1176 nugis
1873 1116 2032 1176 atque
2059 1106 2382 1160 commentis
2413 1114 2576 1159 totam
2602 1105 2739 1159 hanc
2761 1104 3192 1158 dissertationem
3219 1115 3271 1156 et
3292 1115 3514 1160 (‘J‘leras

243 1200 631 1269 subsequentes
657 1217 778 1256 esse
809 1202 1054 1268 refertas,
1085 1201 1171 1254 vix
1204 1202 1502 1269 intelligere
1535 1201 1862 1269 potuissem,
1911 1200 1955 1253 si
2002 1199 2056 1253 in
2101 1200 2205 1253 illis
2249 1197 2626 1268 percurrendis
2669 1214 2883 1266 semper
2912 1198 2976 1252 ad
3017 1199 3188 1267 ipsum
3221 1199 3508 1254 Leoninum

245 1301 448 1347 textum
478 1309 581 1347 nun
613 1307 1006 1363 provocassem,
1041 1304 1095 1346 ut
1124 1307 1303 1347 rerum
1340 1293 1615 1346 veritatem
1649 1293 1995 1359 inspicerem.
2032 1293 2099 1344 At
2128 1305 2248 1345 cum
2281 1299 2427 1345 tanto
2459 1290 2690 1344 artificio
2722 1290 2835 1357 ipse
2867 1291 2938 1344 uti
2971 1290 3172 1355 soleat,
3219 1297 3278 1342 ut
3317 1293 3512 1342 sensim

241 1385 471 1441 lectores
509 1385 670 1440 etiam
702 1385 898 1454 probos
937 1394 991 1439 et
1027 1385 1259 1454 Optimos
1302 1385 1352 1438 in
1395 1399 1584 1454 pravas
1630 1397 1757 1439 snas
1797 1385 2078 1454 Opiniones
2111 1385 2424 1452 pertrahere
2468 1385 2666 1452 possit,
2713 1383 2917 1452 hosque
2964 1384 3144 1438 multis
3187 1383 3512 1452 praejudiciis

242 1476 512 1543 imbuere,
561 1476 851 1545 plurimum
901 1477 1029 1530 mihi
1080 1477 1432 1532 laborandum
1486 1479 1650 1532 fuisse
1706 1492 1943 1546 praesens
2001 1477 2098 1530 hoc
2159 1492 2291 1547 opus
2333 1476 2609 1531 indicabit.
2664 1476 2759 1530 Vix
2807 1476 2948 1532 enim
2993 1493 3246 1532 enarrare
3295 1492 3512 1546 possum

239 1568 476 1622 studium
529 1569 826 1624 adhibitum
883 1571 934 1624 in
986 1573 1355 1641 exaggeranda
1412 1585 1506 1624 sua
1566 1586 1688 1639 erga
1744 1571 1798 1625 S.
1846 1569 2080 1624 Leonem
2136 1579 2188 1622 et
2241 1570 2592 1638 apostolicam
2649 1570 2830 1624 scdem
2876 1569 3198 1635 devotione,
3243 1569 3514 1640 animique

241 1660 462 1728 pietate,
505 1676 660 1730 quam
705 1663 886 1716 testari
931 1676 990 1716 se
1031 1663 1249 1717 simulat
1287 1671 1470 1717 ornata
1513 1662 1746 1732 quadam
1790 1661 2056 1728 oratione,
2105 1661 2185 1715 vel
2231 1661 2282 1715 in
2324 1662 2480 1731 hujus
2521 1663 2706 1718 Iaudes
2749 1662 3106 1726 excurrendo,
3144 1662 3226 1717 vel
3272 1662 3510 1717 Lconina

241 1761 388 1820 gesta
431 1764 586 1824 atque
625 1763 816 1810 statuta
856 1769 976 1808 cum
1015 1755 1240 1810 aliorum
1274 1755 1645 1824 episcoporum
1679 1753 1956 1820 doctrina,
2009 1755 2239 1822 pietate,
2285 1755 2543 1824 religione
2589 1755 3008 1810 clarissimorum
3053 1753 3309 1824 operibus
3352 1755 3509 1809 simul

242 1848 626 1914 comparando;
674 1849 754 1902 vel
797 1849 848 1902 in
889 1849 1121 1903 medium
1162 1848 1372 1904 interim
1417 1847 1731 1902 adducendo
1772 1846 2130 1918 quorumdam
2178 1849 2580 1916 particularium
2628 1849 2955 1918 synodorum
2999 1849 3212 1919 regulas
3242 1864 3361 1919 qua:
3387 1857 3512 1902 ante

239 1937 433 1991 Leonis
471 1954 640 1993 arvum
678 1940 870 1995 alicubi
919 1940 1300 2006 obtinuerunt,
1359 1940 1549 2010 quibus
1596 1940 1819 1994 subesse
1875 1947 1930 1994 et
1984 1939 2235 1995 insistere
2280 1940 2338 1994 S.
2389 1941 2447 1993 P.
2491 1939 2743 1994 debuisse
2787 1949 3082 1994 asseverat.
3140 1939 3280 2006 Quid
3322 1938 3512 1994 enim?

233 2027 535 2096 Aliquando
587 2030 743 2086 talem
794 2041 1102 2101 tantumque
1151 2033 1469 2087 eruditionis
1515 2042 1829 2103 apparatum
1884 2033 1951 2087 ad
2013 2048 2139 2089 suos
2197 2034 2427 2089 lectores
2479 2033 2826 2090 delectandos
2877 2034 3214 2101 construxit,
3269 2034 3509 2102 sensim,

229 2117 602 2187 susquedeque
645 2121 890 2189 antiquas
939 2121 1200 2178 Ecclesia:
1251 2139 1338 2178 res
1388 2124 1588 2188 vertit,
1647 2124 2021 2192 perturbavit,
2077 2126 2334 2190 miscuit,
2391 2136 2444 2178 ut
2491 2141 2558 2180 ne
2604 2127 2691 2180 vix
2743 2126 2956 2196 quidem
3007 2136 3300 2195 appareant
3349 2126 3509 2180 illicia

241 2209 423 2279 ;uibus
473 2226 598 2266 usus
645 2223 726 2268 est
773 2214 840 2269 ad
888 2231 1050 2284 prava
1097 2231 1190 2270 sua
1240 2225 1530 2288 systemata
1578 2215 1894 2272 insinuanda
1940 2228 2099 2288 atque
2146 2219 2446 2283 firmanda;
2504 2219 2604 2273 sibi
2655 2219 2791 2274 forte
2835 2218 3191 2283 blandiendo,
3240 2220 3292 2273 in
3339 2219 3510 2273 sacris

229 2310 287 2355 et
335 2305 710 2361 ecclesiasticis
753 2308 916 2362 rebus
958 2310 1390 2380 pertractandis,
1439 2309 1714 2363 hominum
1762 2310 2013 2380 ingenia,
2075 2320 2130 2366 et
2177 2311 2389 2366 dicendi
2444 2321 2598 2380 arte,
2654 2323 2708 2366 et
2758 2311 3146 2381 philosophicis
3185 2310 3510 2380 conjecturis

225 2398 408 2464 potius
435 2415 592 2465 quam
617 2416 795 2456 rerum
821 2402 1046 2456 veritate
1076 2411 1130 2458 et
1159 2403 1422 2457 rationum
1448 2403 1684 2472 pondere
1709 2403 2021 2474 persuaderi
2047 2419 2224 2475 posse.
2243 2406 2429 2472 Qualis
2445 2415 2622 2460 autem
2641 2416 2946 2476 quantaque
2961 2406 3233 2476 diligentia
3261 2415 3313 2462 et
3341 2406 3507 2460 animi

223 2492 456 2545 attentio
491 2507 557 2547 ne
599 2494 879 2564 deciperer
920 2495 1221 2551 adhibenda
1255 2495 1382 2550 mihi
1425 2496 1580 2551 fuerit
1621 2497 1674 2552 in
1709 2497 2074 2566 percurrenda
2113 2497 2213 2553 hac
2242 2497 2468 2569 aliisque
2508 2497 2780 2564 Quesnelli
2827 2497 3316 2563 dissertationibus,
3349 2511 3509 2552 nemo

217 2583 384 2640 facile
424 2589 618 2656 poterit
648 2589 978 2660 intelligere,
1007 2591 1105 2645 nisi
1135 2590 1168 2644 ii
1199 2590 1332 2645 forte
1363 2590 1450 2660 qui
1477 2591 1528 2644 in
1568 2591 1970 2647 conscribendis
2013 2591 2393 2647 eruditissimis
2438 2593 2837 2649 commentariis
2883 2594 2949 2646 ad
2981 2593 3376 2649 ecclesiasticas
3422 2602 3510 2645 res

219 2681 636 2747 pertinentibus,
662 2697 746 2738 me
774 2693 1181 2753 praecesserunt.
1209 2683 1669 2750 Quemadmodum
1705 2684 2000 2740 novissime
2026 2685 2224 2740 factum
2263 2686 2428 2740 fuisse
2459 2701 2488 2739 a
2522 2687 2591 2740 cl.
2619 2684 2746 2741 Viro
2783 2685 2991 2742 Joanne
3017 2685 3253 2740 Antonio
3285 2683 3510 2739 Bianchi

217 2769 250 2822 ii
285 2780 492 2825 norunt
533 2773 620 2842 qui
667 2773 907 2842 ejusdem
949 2789 1041 2828 sex
1086 2774 1357 2828 volumina
1400 2775 1466 2828 de
1504 2773 1759 2828 Ecclesiae
1791 2783 2054 2843 potestate
2085 2776 2440 2830 aestimarunt.
2474 2774 2524 2830 ls
2573 2777 2716 2832 enim
2751 2778 2802 2831 in
2835 2776 3187 2832 familiaribus
3225 2775 3509 2844 colloquiis
3579 2787 3589 2795 '

214 2861 368 2916 inter
398 2879 496 2919 nos
518 2863 713 2919 habitis
741 2880 844 2919 non
877 2866 1041 2920 semel
1066 2875 1291 2921 testatus
1317 2875 1400 2920 est
1426 2867 1586 2919 alium
1619 2882 1905 2934 numquam
1931 2869 2250 2936 scriptorem
2279 2869 2472 2937 legisse
2501 2870 2589 2938 (ιυί
2617 2878 2695 2923 tot
2722 2869 3158 2924 simulationibus
3185 2854 3237 2924 et
3267 2868 3509 2921 artificiis

214 2963 464 3008 uteretur
487 2964 677 3024 prreter
697 2955 1064 3022 Qnesnellum.
1085 2957 1292 3026 Quippe
1315 2958 1404 3026 qui
1430 2971 1554 3010 cum
1581 2957 1871 3026 aliquando
1897 2969 1957 3012 se
1989 2957 2144 3012 facile
2175 2959 2460 3028 perstringi
2488 2968 2542 3013 et
2573 2960 2803 3029 jugulari
2832 2974 2990 3028 posse
3014 2960 3302 3028 persensit,
3329 2959 3506 3011 statim

209 3044 373 3114 quasi
403 3047 586 3114 anguis
625 3045 883 3110 elabitur;
910 3055 995 3112 et,
1029 3060 1094 3100 ex
1141 3061 1244 3100 una
1294 3045 1359 3099 ad
1400 3045 1562 3100 aliam
1595 3047 1679 3100 vel
1723 3046 1902 3115 plures
1931 3049 2259 3116 quaestiones
2291 3048 2639 3118 progrediens
2663 3092 2676 3116 ,
2712 3065 2836 3104 vera
2880 3051 3098 3106 incertis
3138 3062 3191 3104 et
3223 3049 3509 3118 mquivocis

207 3137 541 3204 admiscuit;
568 3150 619 3194 et
642 3153 827 3193 rursus
859 3137 988 3193 falsa
1011 3147 1066 3194 et
1089 3152 1320 3193 erronea
1347 3137 1523 3192 dubiis
1547 3145 1600 3193 et
1632 3137 1998 3208 probabilibus
2025 3139 2297 3194 interserit
2319 3149 2371 3194 et
2402 3139 2662 3209 implicat,
2681 3150 2738 3193 ut
2758 3139 2824 3194 ad
2851 3139 2955 3194 sibi
2979 3140 3260 3208 praefixum
3285 3153 3506 3207 scopum

212 3229 520 3298 perveniat.
550 3228 663 3283 Non
690 3229 850 3299 igitur
874 3227 939 3283 ad
971 3228 1295 3284 eliminanda
1326 3243 1354 3282 e
1384 3227 1580 3283 Leonis
1603 3227 1868 3298 Operibus
1897 3237 1972 3285 tot
1997 3239 2324 3298 commenta,
2352 3229 2611 3296 fallacias,
2646 3240 2806 3301 atque
2837 3246 3024 3301 nugas,
3044 3241 3100 3288 et
3123 3231 3190 3286 ad
3215 3230 3505 3286 asserenda

208 3323 325 3378 sedi
371 3323 679 3394 apostolicre
717 3337 812 3377 sua
862 3323 1095 3393 legitima
1137 3322 1258 3392 jura
1311 3321 1560 3378 sufficere
1610 3332 1822 3394 poterat
1862 3324 2076 3380 illorum
2125 3334 2334 3381 textum
2376 3325 2576 3380 nudum
2625 3335 2679 3381 et
2718 3329 2988 3382 sincerum
3038 3325 3396 3396 undequaqne
3439 3325 3507 3381 ab

210 3417 474 3473 omnibus
499 3418 725 3485 mendis,
758 3417 1048 3487 :equivocis
1067 3426 1122 3473 et
1147 3416 1293 3472 falsis
1322 3416 1856 3488 interpretationibus
1877 3427 2228 3490 expurgatum
2257 3419 2533 3486 exhibere,
2565 3434 2756 3475 verum
2785 3420 2944 3476 etiam
2967 3434 3100 3490 opus
3122 3429 3239 3476 erat
3259 3420 3503 3476 ordinata

209 3512 477 3568 metltodo
503 3511 759 3582 quasdam
791 3513 1208 3566 exercitationes
1236 3512 1602 3580 conscribere,
1637 3511 1834 3582 quibus
1863 3513 2005 3568 haud
2031 3514 2277 3584 exiguum
2309 3514 2488 3569 lumen
2520 3511 2774 3568 Leoninis
2802 3518 2985 3584 gestis,
3020 3513 3329 3584 apostolicae
3359 3512 3504 3568 sedis

203 3604 455 3674 juribus,
489 3614 542 3660 et
568 3604 918 3661 ecclesiastici
960 3606 1236 3673 regiminis
1267 3603 1454 3660 forma:
1495 3614 1549 3661 et
1580 3605 1753 3661 ordini
1786 3605 1978 3662 afferre
2011 3622 2309 3676 possemus.
2342 3606 2506 3663 Nobis
2549 3607 2746 3677 placuit
2774 3608 2826 3662 in
2861 3607 2959 3662 hac
3001 3609 3152 3678 parte
3199 3608 3398 3664 imitari
3429 3607 3499 3663 cl.

206 3697 393 3752 virum
426 3694 788 3751 marchionem
820 3695 1079 3750 Joannem
1115 3695 1293 3751 Poleni
1315 3737 1328 3762 ,
1365 3694 1673 3751 Matheseos
1700 3707 1754 3752 et
1785 3698 2044 3752 naturalis
2072 3698 2425 3768 philosOphim
2463 3697 2517 3752 in
2548 3699 2898 3754 celeberrima
2925 3699 3177 3755 Patavina
3206 3698 3496 3755 Academia

206 3788 601 3857 professorem.
627 3787 727 3854 Qui
759 3795 1038 3856 postquam
1070 3786 1408 3842 V’itruvianos
1433 3786 1602 3843 libros
1632 3787 1983 3844 illustrandos
2005 3788 2314 3859 assumpsit,
2341 3793 2423 3846 cui
2455 3804 2554 3846 nos
2587 3806 2799 3861 quoque
2825 3807 2885 3846 ea
2915 3791 3160 3846 subsidia
3191 3791 3494 3857 attulimus,

204 3895 442 3948 quorum
467 3893 561 3933 sua
592 3878 916 3949 benignitate
946 3877 1069 3933 facit
1099 3879 1460 3947 mentionem,
1489 3879 1556 3934 ad
1587 3879 1690 3934 sibi
1720 3880 1999 3948 praefixum
2029 3896 2250 3950 scopum
2283 3881 2563 3950 pervenire
2594 3896 2698 3936 non
2733 3897 2891 3951 posse
2922 3882 3214 3937 arbitratus
3245 3891 3356 3946 est,
3394 3881 3496 3936 nisi

203 3972 464 4028 omnibus
511 3972 784 4027 industria:
823 3971 1000 4025 nervis
1035 3973 1417 4036 contenderet,
1459 3981 1515 4027 et
1563 3987 1782 4041 operam
1825 3976 2180 4030 constitueret
2213 3976 2264 4029 in
2304 3975 2622 4045 quibusdam
2661 3975 2984 4029 Vitruvianis
3016 3974 3498 4030 exercitationibus

201 4061 582 4119 contexendis.
612 4061 950 4118 Gravissimis
975 4070 1152 4116 autem
1184 4062 1249 4116 de
1278 4061 1456 4116 causis
1484 4061 1549 4116 ad
1582 4061 1634 4115 id
1665 4065 1876 4118 consilii
1907 4065 2195 4119 adductum
2229 4065 2411 4133 fuisse,
2440 4067 2490 4120 in
2530 4067 2642 4120 suis
2673 4065 3076 4134 priefationibus
3108 4073 3354 4119 testatur.
3387 4061 3497 4119 Sed

199 4164 254 4210 et
280 4170 309 4208 a
346 4154 612 4209 similibus
637 4169 731 4208 nos
759 4162 930 4207 motos
962 4166 1083 4207 esse
1122 4151 1160 4206 ii
1192 4150 1542 4220 judicabunt,
1588 4152 1675 4222 qui
1708 4162 1905 4210 nostra:
1933 4154 2287 4209 mediocritati
2316 4155 2526 4209 veniam
2557 4155 2686 4208 dare
2728 4153 2992 4222 volentes,
3021 4153 3218 4208 bonum
3251 4161 3496 4210 nostrum

198 4246 496 4301 consilium
525 4246 692 4316 magis
722 4261 878 4316 quam
909 4246 1210 4313 insnmptos
1242 4243 1457 4298 labores
1487 4244 1717 4314 probare
1740 4253 1832 4298 aut
1857 4259 1962 4300 non
1996 4247 2298 4314 improbare
2335 4246 2525 4300 saltem
2551 4246 2932 4316 dignabuntnr.

273 4338 334 4392 In
363 4338 447 4393 his
471 4353 597 4409 ergo
618 4335 1096 4393 exercitationibus
1118 4334 1529 4390 conscribendis
1553 4335 1895 4390 occasionem
1919 4336 2155 4391 maxime
2181 4336 2319 4390 nacti
2345 4349 2532 4391 sumus
2559 4351 2588 4390 a
2617 4344 2848 4405 quatuor
2877 4335 3163 4405 praecipuis
3194 4334 3494 4394 haeresibus

196 4443 327 4500 qua:
357 4444 392 4484 a
421 4438 661 4501 tempore
684 4445 790 4500 quo
815 4429 873 4484 S.
892 4428 1002 4485 Leo
1029 4427 1096 4482 ad
1127 4441 1393 4482 summum
1425 4427 1794 4498 pontificatum
1820 4427 1914 4481 fuit
1942 4438 2245 4498 assumptus
2267 4469 2280 4494 ,
2303 4429 2368 4484 ad
2397 4428 2518 4484 vitae
2548 4429 2712 4499 ipsius
2747 4427 2946 4485 exitum
2991 4443 3180 4499 usque,
3214 4429 3494 4488 catholica:

191 4524 460 4594 religioni
493 4526 600 4578 vim
630 4523 946 4587 intulerunt,
972 4529 1028 4576 et
1056 4519 1402 4575 Occidentem
1451 4528 1608 4591 atque
1639 4520 1914 4576 Orientem
1957 4520 2295 4578 infestarunt.
2332 4521 2622 4592 Propterea
2655 4531 2711 4578 ut
2741 4538 2958 4578 suorum
2996 4537 3279 4579 munerum
3312 4532 3492 4594 partes

192 4615 482 4686 impleret,
519 4625 573 4672 et
601 4615 961 4671 Christianam
993 4612 1152 4668 fidem
1191 4611 1506 4678 custodiret,
1535 4626 1694 4668 omne
1723 4611 1956 4667 studium
1995 4624 2049 4669 et
2076 4614 2315 4670 laborem
2350 4630 2469 4670 eum
2506 4616 2816 4686 impendere
2859 4617 3096 4686 oportuit
3122 4619 3189 4673 ad
3224 4617 3492 4676 sedandas

188 4708 531 4763 smvissimas
561 4715 902 4778 tempestates
941 4721 1060 4778 qua:
1101 4705 1367 4760 diabolico
1400 4705 1583 4762 furore
1627 4708 1927 4764 bacchante
1969 4709 2092 4765 fidei
2139 4710 2363 4766 exitium
2417 4711 2833 4781 promovebant,
2863 4710 3062 4768 Christi
3103 4712 3387 4784 imperium
3437 4725 3492 4771 et

187 4799 503 4858 Romanam
535 4801 828 4858 Ecelesiam
857 4801 1143 4866 vexabant,
1172 4799 1240 4856 de
1270 4801 1463 4871 quibus
1491 4802 1746 4858 omnibus
1777 4817 1868 4858 eas
1897 4803 2152 4858 victorias
2186 4803 2300 4873 ipse
2339 4818 2580 4860 summus
2612 4805 2850 4874 pontifex
2883 4808 3179 4876 reportavit
3205 4823 3337 4878 quas
3365 4808 3489 4866 divo

184 4895 363 4950 Petro
409 4897 667 4966 hujusque
706 4893 1108 4949 successoribus
1157 4892 1404 4948 Christus
1451 4894 1711 4949 Dominus
1760 4894 1816 4949 in
1865 4895 2155 4966 Scripturis
2204 4897 2544 4965 promiserat.
2593 4896 2792 4952 Harum
2844 4898 3110 4954 hmresum
3163 4899 3334 4967 prima
3388 4897 3490 4953 fuit

182 4989 618 5045 Manichaeorum
649 5033 663 5057 ,
696 4989 904 5044 caeteris
935 4987 1148 5058 quidem
1183 4987 1452 5056 antiquior
1475 5031 1487 5052 ,
1524 4998 1576 5041 et
1609 4989 1744 5043 forte
1792 4990 2117 5058 pertinacior
2145 4990 2312 5058 facta,
2343 5005 2463 5058 qua:
2495 4990 2738 5059 quamvis
2770 4989 2820 5044 in
2855 4988 3034 5044 Africa
3078 4988 3275 5043 multas
3303 4987 3486 5044 clades

177 5083 582 5149 sustinuisset,
613 5079 980 5138 vehementior
1007 5081 1059 5134 in
1101 5078 1247 5134 Italia
1269 5121 1282 5145 ,
1312 5089 1365 5133 et
1410 5079 1460 5134 in
1494 5081 1606 5150 ipsa
1650 5080 1796 5136 Urbe
1836 5080 2172 5149 potissimum
2214 5081 2578 5151 grassabatur.
2613 5079 2913 5148 Quamdam
2947 5079 3268 5148 peculiarem
3296 5077 3486 5148 judicii

176 5178 428 5234 formam
460 5187 699 5232 nostrum
726 5173 1030 5246 pontificem
1065 5171 1373 5228 adhibuisse
1397 5173 1449 5227 in
1485 5173 1903 5228 Manichaeorum
1934 5172 2207 5244 nequitiis,
2233 5173 2333 5228 sub
2355 5173 2744 5230 catholicorum
2776 5171 2992 5228 nomine
3027 5169 3480 5237 delitescentium,

171 5269 535 5340 detegendis,
570 5267 801 5340 produnt
831 5263 989 5333 hujus
1016 5261 1287 5318 orationes
1319 5263 1385 5316 ad
1417 5264 1696 5332 pepulum,
1727 5272 1781 5318 et
1819 5263 2062 5334 epistola:
2096 5262 2163 5318 ad
2200 5263 2482 5333 episcopos
2521 5261 2685 5317 Italia:
2717 5259 3059 5330 conscriptm.
3093 5257 3226 5313 Cum
3259 5273 3386 5330 ergo
3415 5259 3487 5316 de

171 5363 287 5418 hac
331 5363 529 5418 haeresi
561 5360 720 5416 verba
749 5358 908 5422 fecit,
953 5354 1096 5411 clare
1136 5354 1390 5410 indicavit
1427 5356 1542 5425 ejus
1592 5355 1890 5426 originem,
1930 5364 2178 5426 tempus,
2215 5363 2466 5412 auctores
2495 5395 2510 5420 ,
2551 5352 2874 5422 discipulos,
2918 5351 3164 5422 dogmata
3188 5391 3203 5418 ,
3251 5351 3480 5408 nefanda

166 5455 478 5528 mysteria,
507 5462 561 5511 et
586 5453 750 5510 multa
781 5453 881 5509 alia
913 5451 978 5505 ad
1010 5451 1131 5521 ejus
1158 5454 1545 5507 incrementum
1576 5463 1626 5508 et
1659 5452 2101 5522 propagationem
2133 5451 2486 5522 pertinentia;
2520 5447 2787 5517 simulque
2816 5447 2931 5515 ipse
2959 5446 3016 5502 S.
3044 5445 3280 5516 pontifex
3314 5447 3481 5503 multa

163 5551 534 5607 sanctissima
567 5549 778 5605 decreta
811 5547 978 5604 edidit
1007 5547 1072 5602 ad
1105 5547 1296 5604 horum
1344 5546 1617 5601 hominum
1668 5547 1960 5618 nequitiam
2008 5546 2515 5618 deprehendendam
2542 5584 2558 5610 ,
2589 5545 2723 5600 ritus
2765 5542 3082 5609 abolendos,
3118 5541 3349 5598 latebras
3379 5544 3484 5601 sub

159 5645 394 5715 quibus
423 5641 734 5697 delitescere
771 5643 1103 5698 conabantur
1150 5637 1495 5709 inquirendas
1523 5647 1576 5693 et
1611 5638 1959 5709 retegendas;
1994 5639 2192 5695 idcirco
2232 5639 2284 5694 in
2329 5638 2414 5694 his
2439 5633 2813 5707 similibusque
2845 5634 2967 5689 aliis
2999 5647 3157 5704 posse
3197 5643 3250 5688 et
3281 5633 3479 5690 debere

156 5739 413 5810 priores
447 5750 594 5792 meas
630 5735 1046 5792 exercitationes
1071 5732 1272 5789 versari
1302 5772 1316 5797 ,
1351 5746 1457 5786 non
1488 5732 1840 5802 incongruum
1865 5732 2208 5800 existimavi;
2241 5746 2362 5788 cum
2411 5728 2578 5786 multa
2610 5743 2681 5788 ex
2719 5727 2907 5785 eodem
2942 5726 3000 5783 S.
3034 5725 3218 5782 Leone
3249 5726 3477 5784 dicenda

149 5839 662 5900 occurrant,quae
704 5827 911 5883 illorum
951 5837 1252 5900 temporum
1285 5824 1711 5884 ecclesiasticam
1746 5824 2083 5898 disciplinam
2114 5834 2169 5884 et
2209 5825 2578 5885 Romanorum
2629 5823 2948 5902 pontificum
2993 5820 3185 5895 agendi
3215 5820 3477 5882 rationem

526 5924 804 5986 Panos.
848 5920 980 5984 LV.
2032 5916 2039 5921 ’
2401 5937 2425 5974 ft
2587 5945 2607 5983 ε.
2909 5915 2992 5981 ‘25

2485 6015 2488 6018 -
2559 6003 2607 6024 ari!
