3994 6310
225 236 325 294 78!
1661 230 2049 289 ΡΗᾸΕΓΑΊῚΟ.
3387 228 3496 291 781

228 346 688 424 Constantinopoli
712 358 905 421 ortam,
927 349 1081 422 cujus
1105 347 1389 422 originem,
1420 345 1845 419 progressioncs,
1867 344 2126 429 facinora,
2154 340 2517 402 Ecclesiarum
2547 343 2947 419 subversiones,
2968 349 3245 418 scandala,
3269 349 3509 406 fautores

227 443 519 515 principes,
549 454 992 516 propugnatores,
1018 452 1072 500 et
1094 442 1355 505 vindices.
1381 448 1435 496 et
1461 447 1656 496 ctetera
1678 439 1839 503 mala,
1872 450 1991 508 quae
2018 438 2071 491 in
2091 434 2293 492 Christi
2313 434 2587 506 religionis
2602 435 2784 493 odium
2805 445 2965 511 atque
2984 446 3351 513 contemptum
3378 452 3510 495 con-

227 538 481 608 tigerunt,
506 538 560 592 in
590 538 799 593 duobus
826 538 1109 609 postremis
1136 537 1325 591 harum
1358 543 1662 591 nostrarum
1693 531 2145 587 Exercitatiouum
2176 528 2349 593 libris,
2376 542 2474 598 pro
2503 532 2668 586 nostri
2700 532 2904 602 ingenii
2932 537 3208 603 tenuitate,
3264 550 3333 591 ex
3372 532 3510 588 Leo-

226 632 367 687 niuis
388 632 603 700 scriptis
631 633 1013 703 expressimus.
1032 630 1087 686 In
1107 630 1189 685 his
1210 644 1373 702 porro
1393 628 1547 683 libris
1568 623 2344 696 conscribendispotissimum
2374 621 2531 678 nobis
2547 624 2818 694 agendum
2845 625 2942 681 fuit
2956 628 3022 685 de
3050 628 3219 685 forma
3240 639 3293 685 et
3310 626 3502 682 ordine

220 723 544 796 iudiciorum
584 724 959 779 canonicorum
1002 723 1257 779 Ecclesiae
1282 766 1297 791 ,
1350 737 1468 793 quae
1504 719 1743 777 haeretici
1784 727 1839 774 et
1879 718 2176 773 novitatum
2212 723 2482 771 amatores
2516 715 2766 772 omnibus
2807 720 3085 776 conatibus
3125 730 3367 777 evertere
3404 717 3507 773 nisi

221 826 370 885 sunt,
404 828 462 871 ut
502 818 852 873 universalem
903 817 1240 887 potissimum
1272 816 1581 887 apostolicae
1607 814 1751 868 sedis
1778 812 2151 867 auctoritatem
2180 819 2237 866 et
2285 808 2647 878 maiestatem,
2680 820 2774 865 aut
2817 826 3033 880 prorsus
3076 814 3391 884 dejicerent,
3417 819 3510 866 aut

222 907 413 962 saltem
436 907 725 963 elevarent.
758 907 1021 976 Quoniam
1049 921 1175 961 vero
1196 908 1423 963 istorum
1445 905 1718 961 hominum
1753 902 1948 974 agendi
1980 902 2117 957 ratio
2140 916 2200 957 ea
2227 900 2327 955 fuit
2354 915 2591 970 semper,
2614 902 2666 956 in
2700 904 2814 957 suis
2843 905 3303 975 congressionibus
3326 905 3505 961 omnia

223 998 594 1069 susquedeque
620 1009 847 1065 vertere,
872 1000 938 1053 ad
966 998 1201 1053 fallacias
1229 1006 1284 1053 et
1309 996 1765 1067 aaquivocationes
1791 1009 2107 1065 provocare,
2137 1003 2192 1050 et
2218 1008 2282 1049 ea
2303 1008 2424 1063 qua:
2450 1004 2574 1048 sunt
2594 992 2725 1064 juris
2756 1005 2811 1049 et
2829 994 2952 1050 facti
2979 996 3138 1051 simul
3155 997 3505 1062 confundere,

224 1102 282 1149 ut
308 1108 497 1148 novam
522 1093 749 1148 formam
773 1100 830 1148 et
852 1093 1093 1147 ordinem
1116 1091 1466 1147 ecclesiastici
1500 1089 1779 1160 regiminis
1800 1088 2153 1152 constituant,
2176 1095 2375 1156 praeter
2406 1101 2524 1142 eam
2548 1101 2707 1155 quam
2730 1086 2978 1143 Christus
3002 1088 3255 1142 Dominus
3277 1090 3328 1143 in
3352 1090 3508 1144 terris

224 1187 476 1252 ﬁrmavit,
508 1200 775 1255 quamque
805 1186 1033 1256 apostoli
1080 1195 1133 1239 et
1166 1184 1359 1238 horum
1386 1195 1731 1238 successores
1759 1189 2146 1247 servaverunt;
2194 1178 2397 1233 idcirco
2442 1177 2507 1233 ad
2538 1192 2672 1233 nova
2702 1187 2757 1233 et
2783 1180 3060 1250 peregrina
3087 1180 3311 1233 aliorum
3340 1190 3511 1251 syste-

226 1287 369 1333 mata
398 1276 691 1331 refellenda
723 1285 779 1330 et
801 1275 1091 1331 evertenda
1125 1275 1258 1330 nihil
1285 1274 1559 1330 efﬁcacius
1602 1273 1788 1328 haberi
1825 1272 2148 1338 existimavi,
2188 1286 2345 1342 quam
2372 1269 2701 1340 pedetentim
2730 1280 2785 1325 et
2813 1269 3122 1342 diligentius
3165 1270 3509 1328 Orientalium

226 1370 600 1442 episcoporum
633 1376 689 1421 et
715 1367 821 1421 divi
844 1366 1042 1421 Leonis
1070 1374 1219 1437 gesta
1254 1367 1530 1437 prosequi,
1562 1364 1627 1420 ad
1662 1365 1828 1419 tutius
1860 1373 1915 1419 et
1942 1364 2162 1419 uberius
2190 1377 2369 1419 rerum
2401 1362 2653 1417 veritates
2678 1363 2963 1417 eruendas.

298 1465 373 1519 Ex
399 1477 563 1533 scopo
592 1463 751 1533 igitur
778 1478 938 1533 quem
973 1464 1026 1516 in
1057 1462 1203 1517 hisce
1225 1461 1433 1517 duobus
1455 1460 1605 1516 libris
1632 1458 2038 1516 conscribendis
2066 1456 2193 1513 mihi
2227 1456 2503 1526 proposui.
2529 1456 2640 1526 jam
2670 1464 2799 1526 puto
2824 1457 3095 1513 neminem
3126 1456 3258 1513 mihi
3286 1470 3513 1515 succen-

224 1571 349 1613 sere
377 1570 556 1626 posse,
591 1558 633 1609 si
658 1555 726 1609 ad
756 1556 1013 1610 trutinam
1059 1556 1306 1610 revocavi
1336 1554 1756 1625 quamplurimas
1782 1568 1847 1608 ex
1877 1553 1944 1608 iis
1966 1550 2353 1623 quaestionibus
2378 1564 2511 1621 quas
2532 1550 2643 1620 jam
2674 1550 2878 1621 pridem
2909 1550 2997 1607 alii
3022 1553 3314 1623 scriptores
3357 1553 3514 1609 insti-

224 1658 469 1713 tuerunt,
520 1664 745 1720 qumque
788 1649 1105 1719 quibusdam
1138 1649 1308 1704 nostri
1355 1649 1455 1703 aevi
1484 1648 1665 1704 sciolis
1694 1648 1780 1702 le
1811 1660 1999 1702 earum
2031 1654 2471 1715 argumentorum
2499 1657 2738 1700 summas
2784 1643 3085 1715 legentibus
3132 1643 3254 1701 ideo
3293 1645 3516 1704 omnino

226 1747 453 1817 ingratae
480 1754 620 1810 sunt,
645 1745 726 1799 vel
757 1742 879 1813 quia
921 1752 1223 1798 nostrorum
1245 1741 1676 1797 adversariorum
1710 1739 2077 1811 przejudicatis
2099 1748 2154 1794 et
2198 1738 2345 1794 falsis
2370 1738 2715 1810 opinionibus
2735 1738 2845 1808 jam
2879 1738 3117 1794 tenacius
3146 1737 3511 1806 adheserunt,

226 1838 316 1893 Vel
347 1836 466 1906 quia
498 1848 642 1888 arma
672 1834 770 1888 sibi
814 1836 1024 1904 prazripi
1061 1840 1394 1902 cognoscunt
1430 1831 1495 1887 ad
1533 1846 1698 1888 novas
1738 1845 1825 1887 res
1875 1840 2065 1887 contra
2094 1828 2278 1886 sedem
2305 1830 2679 1902 apostolicam,
2713 1838 2769 1886 et
2794 1830 2948 1885 istius
2969 1830 3291 1901 iudiciorum
3319 1846 3513 1902 genera

222 1928 545 1985 molieiidas.
575 1927 685 1981 Nec
703 1927 845 1981 enim
877 1925 1179 1995 huiusmodi
1205 1926 1531 1996 quaestiones
1560 1925 1839 1997 prreterire
1864 1933 2126 1996 poteram,
2160 1933 2215 1980 et
2243 1923 2297 1979 in
2323 1922 2387 1979 iis
2412 1920 2803 1994 pertractandis
2822 1935 2915 1978 eas
2947 1923 3355 1993 congressiones
3383 1939 3514 1995 prm-

216 2034 434 2083 cavere,
465 2019 546 2075 vel
570 2018 636 2073 ab
667 2019 731 2072 iis
758 2017 950 2074 saltem
984 2018 1218 2086 resilire,
1249 2033 1370 2089 quae
1395 2034 1458 2075 ex
1486 2017 1727 2074 Leonino
1752 2025 1902 2073 textu
1930 2025 1985 2073 et
2014 2018 2184 2088 gestis
2204 2016 2473 2073 violenter
2494 2024 2551 2072 et
2576 2016 2713 2072 falso
2741 2031 2771 2071 a
2794 2014 3113 2087 quibusdam
3142 2017 3512 2088 interpretatis

219 2116 553 2171 oriebantur.
585 2111 896 2182 Cuiusmodi
917 2122 1046 2168 sunt
1074 2113 1183 2168 illa!
1208 2128 1332 2184 qua:
1372 2113 1439 2168 de
1468 2111 1880 2185 provincialium
1908 2111 1993 2166 vel
2033 2111 2392 2182 generalium,
2428 2110 2757 2181 synodorum
2787 2112 3109 2168 auctoritate
3138 2111 3511 2178 instituuntur,

216 2222 347 2278 quin
376 2205 764 2276 appellationes
792 2205 859 2259 ad
890 2205 1241 2276 apostolicam
1266 2206 1449 2262 sedem
1483 2206 1649 2260 factas
1679 2205 1963 2277 perspicue
1988 2200 2338 2274 patefaciunt,
2378 2216 2498 2272 qum
2524 2200 2592 2259 de
2619 2216 2895 2259 sacrorum
2931 2214 3199 2257 canonum
3226 2200 3511 2258 conﬁrma-

224 2299 403 2368 tione,
444 2297 853 2354 conservatioue
888 2307 943 2353 et
969 2298 1461 2371 dispensatiouibus
1491 2306 1909 2369 pertractantur,
1943 2312 2061 2367 quae
2090 2294 2158 2352 de
2188 2295 2460 2351 canonicis
2480 2296 2655 2367 poenis
2685 2306 2739 2351 et
2774 2296 2960 2351 harum
2990 2295 3411 2353 relaxationibus
3433 2312 3514 2370 vel

219 2386 690 2446 rescrvationibus
718 2399 1090 2457 recensentur,
1121 2406 1243 2461 quae
1274 2391 1488 2446 tandem
1517 2404 1769 2460 suprema
1789 2389 2099 2460 apostolica:
2140 2389 2286 2444 sedis
2311 2388 2491 2443 divina
2511 2398 2567 2445 et
2591 2389 2956 2445 ecclesiastica
2983 2389 3122 2460 jura,
3155 2398 3436 2462 tantopere
3462 2391 3515 2445 in

211 2484 567 2555 generalibus
596 2483 817 2554 synodis
850 2493 1121 2548 venerata,
1153 2494 1210 2540 et
1230 2499 1435 2540 summa
1459 2494 1767 2541 sanctorum
1798 2484 2016 2539 Palmm
2050 2483 2412 2539 consensione
2445 2481 2755 2553 praedicata,
2791 2482 2864 2537 ita
2886 2481 3121 2552 produnt
3146 2492 3198 2538 et
3224 2482 3514 2552 explicant,

210 2587 274 2633 ut
302 2578 359 2633 in
385 2578 601 2634 dubium
632 2593 661 2631 a
693 2593 837 2634 sanre
868 2578 1062 2632 mentis
1091 2576 1395 2633 hominibus
1424 2580 1665 2634 revocari
1697 2594 1803 2635 non
1837 2580 2066 2650 possint.
2094 2579 2253 2635 Certe
2281 2578 2479 2634 Leonis
2506 2587 2654 2649 gesta
2683 2593 2749 2633 ex
2775 2576 3126 2633 Orientalium
3157 2578 3515 2635 Ecclesiarum

212 2672 405 2727 causis
439 2670 788 2742 Eutyeliianaa
821 2672 1091 2725 hereseos
1122 2673 1403 2727 occasione
1448 2671 1728 2740 derivatis,
1780 2681 1930 2728 tanto
1973 2673 2187 2729 caeteris
2226 2681 2489 2744 prastare
2530 2672 2785 2741 arbitror,
2817 2679 3017 2741 quanto
3057 2672 3112 2726 in
3142 2671 3518 2729 ecclesiasticis

210 2763 394 2817 rebus
416 2759 854 2816 administrandis
884 2761 1052 2828 ipsius
1077 2774 1421 2818 successores
1462 2774 1733 2834 tamquam
1776 2765 2185 2835 antesignanum
2230 2765 2381 2821 illum
2412 2779 2627 2835 semper
2657 2764 2961 2819 habuerunt
2992 2772 3047 2820 et
3074 2763 3275 2819 imitari
3302 2766 3516 2821 studueo

212 2862 389 2918 runt;
415 2850 483 2906 ab
510 2852 626 2922 ipso
654 2852 901 2907 videlicet
941 2850 1286 2907 desumeutes
1315 2867 1379 2908 ea
1410 2852 1762 2923 fortitudinis,
1790 2856 2070 2926 sapientiae
2097 2864 2153 2911 et
2183 2855 2485 2927 prudentiae
2524 2854 2798 2923 exempla,
2828 2853 3022 2924 quibus
3052 2861 3107 2908 et
3149 2852 3518 2913 haereticorum

208 2948 539 3016 frangerent
568 2945 939 3015 pertinaciam,
968 2944 1155 2998 saaculi
1187 2952 1485 3013 potestates
1514 2947 1568 3000 in
1597 2945 1857 3001 Ecclesiae
1889 2946 2199 3016 praesidium
2238 2954 2546 3016 quaererent
2578 2953 2633 2999 et
2666 2951 2947 3009 vocarent,
2974 2951 3035 2998 ut
3061 2945 3255 2999 amotis
3274 2944 3521 2999 omnibus

210 3038 489 3111 periculis
517 3044 572 3092 et
590 3036 1023 3103 adversitatibus,
1051 3037 1354 3106 expeditius
1379 3038 1448 3094 de
1480 3037 1603 3094 ﬁdei
1633 3047 1686 3093 et
1715 3038 2073 3093 Ecclesiarum
2104 3040 2334 3109 negotiis
2380 3038 2705 3106 iudicarent.
2741 3037 2866 3091 Haec
2894 3051 3023 3107 ergo
3047 3045 3176 3092 sunt
3222 3038 3291 3093 de
3334 3038 3523 3107 quibus

206 3128 265 3183 in
303 3129 508 3184 horum
535 3143 629 3183 sex
652 3128 908 3183 librorum
938 3128 1202 3183 vestibulo
1227 3143 1310 3184 me
1340 3129 1554 3199 praefari
1583 3130 1821 3201 oportuit
1843 3130 1909 3186 ad
1937 3138 2176 3185 nostrum
2203 3130 2458 3187 lectorem
2481 3131 2899 3187 admonendum.
2928 3130 3032 3187 Sed
3057 3132 3270 3187 interim
3300 3131 3521 3186 tandem

158 3238 163 3241 ·
212 3220 280 3275 ad
312 3236 390 3276 ea
420 3220 717 3290 recogitans
739 3235 855 3291 quae
886 3222 935 3274 in
970 3219 1118 3275 hisce
1148 3235 1239 3276 sex
1274 3221 1429 3276 libris
1456 3228 1727 3294 congessi,
1761 3223 1891 3277 mihi
1926 3223 2224 3293 persuadeo
2260 3224 2482 3279 minime
2522 3225 2802 3281 defuturos
2828 3224 3039 3293 aliquos
3077 3223 3191 3294 qui,
3221 3223 3381 3279 nimis
3410 3224 3520 3279 fre-

211 3320 492 3383 quentem
524 3310 683 3382 hujus
706 3311 874 3367 nostri
906 3312 1169 3381 temporis
1199 3312 1413 3368 critices
1450 3325 1617 3369 artem
1660 3320 1968 3385 sequentes,
2010 3324 2066 3370 et
2112 3329 2208 3370 eos
2238 3314 2577 3383 potissimum
2607 3314 2699 3385 qui
2729 3330 2910 3371 rerum
2938 3314 3222 3386 speciebus
3249 3314 3524 3370 dumtaxat

209 3404 535 3469 adhaerent,
582 3406 721 3459 male
745 3405 812 3459 de
859 3404 961 3460 hoc
996 3414 1180 3462 nostro
1211 3407 1587 3479 qualicumque
1632 3409 1816 3465 labore
1844 3408 2186 3478 judicabuut.
2238 3409 2371 3478 Quia
2413 3425 2516 3465 non
2549 3410 2727 3465 omnia
2760 3409 2819 3465 S.
2853 3410 3123 3478 pontificis
3164 3417 3314 3479 gesta
3342 3410 3393 3465 in
3424 3408 3524 3465 hoc

208 3498 510 3552 volumine
534 3496 802 3567 explicata
832 3507 981 3563 sunt,
1016 3514 1136 3554 cum
1162 3501 1327 3555 multa
1359 3501 1533 3557 adhuc
1564 3502 1939 3558 desiderentur
1961 3519 2083 3573 qua:
2111 3503 2178 3558 ad
2209 3503 2567 3559 Ecclesiarum
2596 3503 2947 3569 Mauritaniae,
2980 3503 3292 3569 Galliarum,
3322 3501 3524 3559 Narbo-

207 3587 421 3643 nensis
450 3586 720 3651 videlicet,
744 3597 798 3642 et
826 3587 1176 3657 Arelatensis,
1211 3592 1293 3645 vel
1321 3592 1534 3659 Sicilia»,
1585 3602 1640 3648 et
1662 3594 1826 3648 italia:
1858 3608 1947 3650 res
1969 3596 2262 3665 pertinent,
2312 3611 2538 3664 quorum
2568 3596 2912 3667 disciplinam
2940 3596 3232 3665 collapsam
3268 3597 3383 3665 ipse
3411 3598 3524 3655 suis

205 3678 471 3734 decretis
500 3692 750 3747 reparare
779 3688 938 3749 atque
970 3680 1183 3737 firmare
1214 3682 1365 3738 uisus
1393 3692 1511 3750 est;
1544 3699 1633 3739 eas
1671 3702 1862 3756 pravas
1888 3687 2309 3743 consuetudines
2336 3688 2730 3757 proscribendo
2760 3706 2879 3758 quae
2909 3690 3182 3745 canonicis
3214 3689 3411 3760 regulis
3441 3705 3524 3743 re-

203 3775 565 3847 pugnabant,
596 3784 648 3829 et
676 3774 729 3829 in
760 3775 991 3831 dedecus
1022 3776 1314 3834 Christiani
1338 3780 1594 3847 nominis,
1620 3796 1900 3837 sacrorum
1928 3783 2129 3838 rituum
2160 3792 2553 3855 contemptum,
2592 3794 2646 3839 et
2675 3784 2941 3840 clericalis
2972 3784 3202 3850 militiae,
3238 3792 3294 3838 et
3319 3783 3523 3838 ordinis

200 3858 615 3925 contumeliam
645 3882 865 3938 prorsus
895 3869 1281 3925 redundabant.
1331 3871 1402 3926 At
1440 3872 1650 3941 culpam
1692 3875 1938 3942 procula
1977 3890 2063 3930 me
2101 3889 2224 3931 esse
2264 3874 2365 3930 hac
2391 3876 2507 3930 sola
2549 3874 2618 3930 de
2659 3889 2846 3943 causa,
2882 3886 2990 3929 tum
3022 3872 3306 3928 voluminis
3337 3872 3521 3928 titulus

199 3961 567 4017 sufficienter
592 3958 846 4024 ostendit,
871 3967 981 4014 tum
1005 3960 1428 4017 clarissimorum
1458 3964 1696 4018 virorum
1727 3963 1974 4037 exempla
2015 3965 2360 4035 patefaciunt.
2397 3965 2520 4021 Htec
2547 3965 2689 4020 enim
2721 3966 2788 4019 ad
2815 3964 2958 4019 aliud
3002 3965 3169 4019 otium
3200 3963 3521 4017 reservanda

198 4067 336 4110 esse
372 4051 617 4118 credidi,
647 4065 711 4105 ne
739 4058 884 4106 extra
915 4053 1218 4122 propositos
1237 4064 1465 4122 quatuor
1490 4054 1699 4109 illarum
1727 4055 1993 4111 haeresum
2012 4055 2213 4113 limites
2241 4072 2482 4127 vagarer.
2508 4060 2746 4126 Quorum
2769 4059 2974 4127 pariter
2994 4072 3275 4113 censuram
3301 4056 3520 4113 minime

196 4148 357 4205 forte
396 4156 589 4220 potero
617 4145 870 4215 effugere,
903 4146 945 4200 si
978 4147 1235 4216 quasdam
1267 4148 1495 4217 phrases
1543 4160 1598 4201 et
1635 4150 1887 4218 loquendi
1930 4150 2120 4204 modos
2148 4149 2446 4215 offendant,
2494 4164 2629 4220 quas
2661 4150 2784 4219 ipsi,
2811 4159 3085 4218 tamquam
3113 4147 3518 4204 delicatioribus

197 4244 451 4298 auribus
482 4241 745 4311 instructi,
794 4242 972 4298 minus
1003 4250 1155 4312 aptas
1182 4241 1238 4295 in
1276 4238 1425 4295 hisce
1455 4240 1589 4295 meis
1623 4241 1864 4311 legendis
1896 4241 2391 4299 Exercitationibus
2434 4244 2711 4309 taxabnnt,
2744 4243 2827 4297 vel
2859 4244 2903 4297 si
2936 4243 3067 4297 mihi
3095 4242 3521 4312 adjudicavcrint

195 4335 477 4407 qua‘dam
512 4333 907 4405 typographicae
934 4331 1065 4388 artis
1109 4340 1309 4399 errata,
1351 4346 1471 4403 quae
1502 4333 1822 4403 quandoque
1848 4334 1902 4389 in
1929 4348 2023 4390 eas
2054 4336 2405 4406 irrepserunt.
2453 4335 2562 4391 llos
2593 4344 2769 4391 autem
2802 4336 2940 4391 scire
2980 4335 3249 4406 volumus,
3284 4352 3383 4393 nos
3410 4352 3516 4392 non

195 4427 512 4485 rhetorum
558 4427 866 4483 methodum
893 4434 947 4482 et
990 4434 1161 4482 artem
1191 4442 1313 4483 esse
1342 4436 1580 4497 secutos,
1612 4427 1706 4482 sed
1740 4429 1869 4483 illud
1900 4428 2172 4486 scribendi
2211 4445 2378 4500 genus
2405 4431 2550 4503 quod
2596 4432 2649 4487 in
2678 4431 3029 4487 familiaribus
3060 4432 3514 4502 disputationibus

194 4524 499 4581 habendis
525 4538 677 4577 usum
708 4522 969 4588 obtinuit;
1016 4530 1179 4590 atque
1210 4536 1239 4576 a
1269 4522 1544 4591 prmierito
1569 4520 1749 4578 hieme
1783 4523 1844 4578 ad
1875 4523 1976 4577 hoc
2004 4531 2216 4595 tempus
2245 4537 2415 4595 usque
2453 4525 2681 4594 quadam
2710 4524 2986 4579 oculorum
3021 4524 3336 4595 lippitudine
3366 4526 3514 4581 labo-

189 4633 393 4687 raSse,
428 4631 537 4689 qua
565 4616 777 4673 adducti
808 4616 1003 4671 fuimus
1048 4615 1274 4671 aliorum
1305 4630 1464 4687 opera
1493 4627 1546 4671 et
1588 4615 1849 4673 industria
1876 4619 1951 4674 utl
1978 4632 2098 4673 cum
2127 4619 2179 4673 in
2205 4619 2576 4675 exscribendis
2604 4635 2723 4691 quae
2752 4620 2806 4674 in
2836 4619 2940 4675 hoc
2968 4620 3239 4677 volumine
3260 4632 3513 4692 congesta

187 4724 359 4777 sunt,
407 4720 527 4767 tum
562 4710 615 4765 in
646 4709 835 4765 horum
868 4708 1006 4782 typis
1035 4706 1483 4779 recognoscendis
1510 4716 1565 4764 et
1594 4708 1941 4777 castigandis.
1987 4708 2373 4767 Verumtamen
2403 4712 2457 4767 in
2502 4713 2567 4767 iis
2602 4712 2851 4767 omnibus
2888 4712 3082 4782 quibus
3112 4712 3370 4769 lectorum
3401 4716 3516 4770 ani-

187 4822 359 4861 mum
383 4802 614 4872 explere
642 4802 899 4857 hactenus
922 4801 1059 4855 haud
1084 4802 1251 4872 potui,
1274 4802 1483 4855 veniam
1502 4801 1643 4855 mihi
1670 4801 1785 4856 dari
1808 4810 1997 4869 oro,et
2014 4804 2277 4874 obtestor,
2309 4820 2532 4875 sperans
2552 4806 2927 4878 opportuniori
2957 4806 3071 4861 otio
3092 4822 3307 4862 manum
3326 4810 3507 4863 statim

183 4909 326 4968 post
379 4898 510 4951 hinc
539 4894 829 4950 admovere
857 4894 922 4949 ad
953 4893 1262 4949 excutienda
1303 4896 1481 4950 omnia
1511 4894 1567 4950 S.
1603 4895 1874 4965 pontificis
1900 4897 2119 4966 scripta,
2148 4906 2203 4953 et
2229 4897 2433 4968 reliqua
2466 4908 2809 4956 monumenta
2850 4897 2916 4953 ad
2948 4900 3122 4971 ipsum
3167 4883 3513 4970 pertinentia,

182 5005 323 5061 quae
349 4989 483 5059 jam
514 4984 722 5058 pridem
754 4985 963 5053 collegi,
990 4994 1044 5041 et
1066 4986 1131 5041 ad
1156 4987 1300 5041 varia
1333 5003 1464 5043 mss.
1492 4998 1546 5044 et
1570 4988 1714 5044 edita
1738 4990 2063 5060 exemplaria
2090 4990 2499 5062 diligentissime
2523 4993 2698 5064 exegi.
2746 4992 3005 5061 Quaenam
3036 4994 3252 5047 tandem
3279 5000 3334 5046 et
3356 4990 3510 5060 cujus

177 5082 444 5154 generis
473 5082 581 5136 sint
608 5094 745 5136 nova
772 5079 861 5135 illa
895 5090 1236 5137 monumenta
1259 5097 1379 5153 quae
1406 5082 1606 5152 publici
1623 5082 1761 5153 juris
1786 5082 1968 5141 facere
1986 5085 2260 5155 polliceor,
2280 5087 2365 5142 vel
2384 5101 2448 5143 ex
2472 5088 2667 5157 quibus
2696 5087 2932 5143 fontibus
2962 5086 3053 5142 illa
3079 5085 3267 5141 hausta
3292 5084 3509 5150 fuerint,

176 5176 537 5233 rationabili
570 5176 871 5234 teconomia
892 5178 945 5233 in
968 5192 1204 5248 prmaens
1230 5179 1490 5247 reticebo,
1516 5179 1584 5236 de
1610 5178 1822 5245 iisdem,
1847 5180 1957 5236 Deo
1980 5180 2295 5251 opitulante,
2325 5182 2378 5236 in
2404 5180 2623 5238 alterius
2655 5180 2785 5235 tomi
2814 5178 3129 5251 praefatione
3152 5176 3314 5233 verba
3343 5175 3514 5231 factu-

173 5284 310 5325 rus.
361 5266 643 5337 Spondeo
669 5267 773 5323 hoc
809 5284 971 5324 unum
1002 5269 1306 5336 dumtaxat,
1335 5270 1481 5325 omni
1513 5285 1681 5341 Opera
1719 5280 2032 5327 curaturum
2064 5279 2123 5327 ut
2149 5279 2390 5342 tempore
2416 5281 2473 5327 et
2497 5271 2680 5337 labore
2701 5285 2821 5340 qum
2859 5267 3047 5325 Graece
3073 5277 3131 5323 et
3154 5267 3344 5323 Latine
3373 5266 3512 5339 typis

173 5362 339 5418 mihi
374 5362 783 5419 committenda
812 5371 1123 5434 supersunt,
1153 5362 1359 5433 absque
1390 5362 1501 5418 ullo
1525 5363 1657 5420 vitio
1686 5364 1858 5421 lucem
1883 5364 2163 5435 aspiciant.
2206 5364 2323 5432 Qua
2350 5362 2621 5433 diligentia
2649 5362 2847 5416 saltem
2885 5374 3049 5431 spero
3071 5360 3191 5419 fore
3225 5368 3285 5417 ut
3308 5358 3511 5416 ﬂuat

164 5452 536 5517 censoriam
563 5464 745 5515 notam
772 5470 932 5530 quam
962 5455 1100 5515 forte
1129 5457 1199 5513 ob
1229 5457 1392 5514 hasce
1414 5453 1848 5513 Exercitationes
1875 5455 2231 5514 inclementer
2256 5456 2400 5528 apud
2429 5455 2641 5526 aliquos
2665 5451 2941 5510 subiturus
2966 5451 3093 5509 sim.

3142 5676 3174 5726 Ἀ

1613 5720 2136 5747 ψ
