3988 6314
520 262 626 365 733

1102 311 1160 367 P.
1203 310 1521 371 CACCIARI
1560 310 2160 369 EXERCITATIONES
2198 312 2264 369 IN
2305 314 2361 370 S.
2406 311 2653 369 LEONIS
2694 310 2905 370 MAGNI
2946 311 3193 369 OPERA.
3685 314 3767 370 78f

3427 441 3451 450 σ-

521 441 3767 482 W

889 590 1033 739 DE
1144 586 2001 742 MANICHlEfJRUM
2109 586 2535 740 IUERESI
2644 591 2786 741 ET
2896 590 3441 745 HISTORIA

1824 827 2134 909 LIBRI
2206 828 2493 909 DUO.

1569 1114 2049 1222 LIBER
2128 1114 2749 1223 PRIMUS.

1090 1281 1402 1352 PROLOQU
1412 1283 1427 1337 l
1436 1282 1473 1338 U
1482 1282 1547 1335 Μ.

612 1418 1381 1494 ιλΑὺςᾳιυιρ-ρτωῑθινῃοτυηι
1439 1429 1696 1494 annorum
1748 1414 1963 1494 labore,
1996 1428 2114 1494 cum

537 1485 749 1563 dithius
778 1485 1223 1559 aliquid'aggredi
1253 1496 1436 1543 nostra
1474 1487 1722 1563 voluntas
1757 1485 1949 1563 ferret,
1982 1485 2118 1563 mulf

536 1557 697 1632 taque
733 1563 784 1615 in
811 1557 987 1632 rerum
1019 1557 1291 1615 sacrarum
1325 1558 1587 1632 memoria
1599 1557 1839 1632 illustria
1869 1560 2119 1611 occurre;

538 1628 691 1694 rent,
722 1632 775 1686 in
813 1631 1005 1700 quibus
1032 1646 1193 1701 opera
1224 1632 1478 1701 praeclare
1508 1628 1759 1701 collocari
1790 1636 2008 1701 posset,
2061 1635 2121 1680 ut

538 1704 606 1759 ad
647 1700 1421 1771 Manichaeorum’potiSSimum
1450 1700 1725 1771 historiam
1759 1700 1993 1771 animum
2023 1711 2120 1766 ap-

538 1775 895 1844 pelleremus,
928 1774 1037 1842 ipsa
1071 1768 1170 1828 nos
1206 1773 1498 1827 amicorum
1528 1770 1756 1844 consilia
1788 1778 1841 1844 et
1868 1768 2120 1844 cohorta-

543 1840 717 1901 tiones
770 1840 1114 1914 impulerunt.
1165 1844 1299 1899 Cum
1353 1844 1498 1898 enim
1538 1842 1603 1914 ad
1648 1840 2029 1914 ecclesiastica;
2068 1848 2122 1894 et

539 1910 860 1973 Christianae
889 1915 1199 1984 reipublicae
1228 1914 1506 1969 utilitatem
1542 1913 1719 1984 plures
1748 1910 2031 1966 clarissimi
2064 1918 2118 1984 et

541 1986 842 2043 eruditione
882 1980 1306 2056 praestantissimi
1354 1984 1498 2050 viri,
1546 1980 1708 2056 modo
1735 1996 1926 2056 unam,
1960 1980 2121 2035 modo

546 2060 768 2113 alteram
810 2053 1183 2112 hzeretieorum
1241 2055 1656 2124 conscripserint
1697 2053 2010 2117 historiam,
2056 2066 2119 2106 ex

547 2128 742 2198 quibus
776 2128 894 2183 luce
923 2127 1121 2183 clarius
1148 2127 1382 2182 emicant
1422 2140 1697 2198 sacrorum
1728 2132 1998 2198 pastorum
2030 2138 2124 2198 au-

546 2194 797 2263 ctoritas,
838 2198 1003 2253 animi
1035 2199 1218 2265 robur,
1250 2197 1594 2267 mulierisque
1626 2194 1929 2267 praestantia
1977 2194 2029 2267 in
2059 2194 2124 2248 iis

546 2269 879 2336 exagitandis
901 2279 954 2323 et
976 2268 1301 2333 refellendis,
1323 2283 1439 2324 eam
1462 2265 1522 2321 iu'
1538 2267 1842 2336 opinionem
1867 2265 2119 2329 ducebar,

547 2356 635 2395 me
654 2337 952 2395 lectoribus
974 2349 1027 2395 et
1044 2340 1259 2409 optimae
1279 2340 1491 2395 critices
1508 2337 1762 2393 studiosis
1783 2351 1896 2409 rem
1918 2345 2121 2409 gratam

545 2411 841 2477 facturum,
873 2412 919 2466 si
955 2411 1021 2466 ad
1065 2406 1205 2466 hanc
1229 2410 1559 2467 subeundam
1589 2406 2125 2479 provinciamconsi-

544 2482 675 2537 lium
716 2490 771 2536 et
797 2482 1032 2537 laborem
1078 2488 1471 2537 converterent.
1512 2478 1620 2536 Nec
1644 2495 1772 2535 vero
1801 2494 1886 2532 me
1926 2478 2125 2533 latebat

545 2553 712 2607 multa
744 2552 811 2607 de
832 2552 930 2607 hac
952 2551 1142 2608 haeresi
1168 2554 1289 2609 hinc
1317 2551 1569 2624 illincque
1591 2552 1643 2606 in
1665 2551 1892 2624 aliorum
1914 2548 2125 2624 scriptis

546 2638 734 2693 sparsa
764 2624 985 2692 legenda
1012 2639 1318 2681 occurrere.
1346 2619 1547 2692 Qum'si
1580 2622 1899 2691 quandoque
1938 2619 2005 2673 ad
2030 2634 2120 2693 ve-_

547 2690 721 2750 ritatis
760 2690 942 2763 apices
966 2694 1154 2750 librata
1185 2690 1578 2765 redigerentur,
1604 2690 1663 2749 et
1690 2694 1742 2765 in
1769 2706 1932 2747 unum
1960 2690 2124 2765 veluti

548 2781 746 2834 corpus
767 2762 1028 2820 adornata
1052 2762 1517 2830 contraherentur,
1541 2764 1696 2819 facile
1726 2764 1983 2817 lectorum
2012 2762 2127 2815 anl-

550 2852 672 2893 mus
716 2852 745 2892 a
794 2846 871 2892 tot
914 2838 1179 2906 tantisque
1223 2837 1480 2893 molestiis
1516 2836 1653 2892 liber
1681 2834 1953 2906 evaderet,
1995 2847 2127 2901 quas

550 2908 710 2962 modo
757 2908 939 2963 subire
981 2905 1207 2977 cogitur,
1239 2923 1358 2963 cum
1399 2910 1449 2963 in
1487 2909 1774 2962 multorum
1807 2905 2125 2977 scriptorum

550 2978 913 3034 voluminibus
951 2974 1289 3044 evolvendis,
1325 2988 1433 3034 tum
1475 2981 1543 3034 ob
1573 2977 1751 3032 varias
1792 2990 1880 3030 res
1923 2974 2128 3042 indige-

550 3058 682 3122 stas,
716 3050 1003 3122 multisque
1029 3050 1434 3122 difficultatibus
1476 3050 1764 3122 implexas,
1797 3061 1915 3122 qua:
1941 3046 1991 3099 in
2028 3045 2129 3098 hoc

552 3121 851 3177 disserendi
887 3117 1264 3191 scribendique
1294 3136 1492 3192 genere
1523 3118 1719 3192 ofl‘endi
1746 3117 1949 3180 solent;
1983 3132 2131 3184 qua:-

552 3194 1023 3264 queipotissimum
1046 3193 1253 3262 ingenia
1277 3191 1547 3264 terquem,
1584 3204 1637 3247 ct
1664 3191 1714 3264 in
1739 3202 1948 3264 errores
1970 3200 2127 3257 quam

554 3258 1045 3339 facillimetrabere
1073 3258 1487 3339 consueveriint.
1521 3264 1634 3339 Non
1684 3258 2007 3339 ignorabam
2033 3271 2129 3339 pa-

554 3334 686 3389 riter
723 3334 1043 3388 catholicum
1072 3335 1243 3389 virum
1296 3334 1346 3389 .l.
1379 3326 1728 3396 Beausobref
1760 3330 1965 3385 Gallico
1996 3326 2131 3382 idio-

555 3413 698 3458 mate
747 3405 1161 3459 Manichaeorum
1193 3404 1471 3459 historiam
1491 3450 1505 3473 ,
1538 3406 1651 3460 suis
1676 3402 1916 3473 partibus
1956 3399 2131 3473 potids

557 3488 715 3543 quam
748 3474 957 3528 veritati
980 3490 1292 3539 censoriam,
1322 3469 1725 3543 conscripsisse,
1754 3486 1910 3543 quam
1939 3469 2133 3543 deinde

558 3540 703 3598 anno
734 3543 870 3599 1734
894 3546 1030 3614 typis
1054 3544 1311 3599 Friderici
1334 3540 1568 3599 Bernard
1592 3541 1995 3599 Amstelodamii
2019 3540 2133 3614 pln-

558 3614 708 3669 ribus
735 3616 878 3684 notis
901 3611 1142 3669 ornatam
1172 3615 1485 3683 publicavit.
1514 3615 1618 3670 Sed
1642 3629 1759 3684 quae
1783 3621 1835 3666 et
1854 3619 2049 3681 quanta
2080 3611 2131 3664 in

559 3685 847 3766 catholicas
861 3683 985 3767 ﬁdei
1005 3686 1185 3765 odium
1205 3694 1363 3755 atque
1381 3683 1672 3767 perniciem
1698 3686 1741 3737 is
1768 3692 1954 3763 auctor
1974 3694 2136 3735 ausus

560 3755 631 3826 sit
656 3756 1019 3823 comminisci,
1053 3757 1142 3810 vix
1169 3766 1219 3811 et
1250 3752 1317 3810 ne
1346 3752 1429 3810 vix
1453 3756 1666 3826 quidem
1706 3771 1734 3808 a
1762 3752 2011 3826 quopiam
2042 3767 2137 3807 ex-

564 3825 862 3893 plicabitur,
892 3842 1013 3881 cum
1055 3827 1357 3881 censorium
1388 3825 1584 3897 stylum
1624 3827 1780 3897 unice
1809 3825 1861 3879 in
1887 3832 2136 3897 vetustos

561 3905 775 3951 sanctos
800 3897 1004 3965 Patres,
1024 3898 1075 3952 in
1092 3897 1350 3951 Romanae
1366 3894 1507 3953 sedis
1524 3896 1802 3968 pontifices
1817 3894 1937 3968 etin
1955 3907 2136 3948 sacras

561 3968 795 4037 synodos
826 3968 981 4038 hujus
1010 3969 1279 4024 haereseos
1300 3965 1580 4025 occasione
1606 3977 1820 4023 coactas
1840 3965 2134 4032 strinxerit;

2142 1278 2196 1340 Α
2223 1280 2438 1355 quidem
2474 1281 2668 1355 libellis
2698 1283 3104 1355 componendis,
3154 1284 3315 1340 nullis
3346 1286 3575 1355 partium
3618 1289 3771 1343 studiis

2222 1365 2251 1404 a
2274 1352 2467 1421 quibus
2488 1354 2697 1407 animus
2716 1353 2998 1479 scrigtoris
3019 1370 3237 1425 prorsus
3258 1352 3464 1413 alienus
3486 1372 3608 1413 esse
3624 1358 3767 1422 debet,

2222 1436 2308 1477 me
2338 1424 2674 1478 adhmsurum
2717 1439 2813 1479 pro
2857 1435 2989 1479 teor.
3019 1442 3139 1479 cum
3166 1429 3334 1479 solam
3366 1430 3645 1479 veritatem
3668 1431 3767 1479 mihi

2219 1424 2674 1494 ntedadluesurum
2717 1424 2989 1494 profiteor,
3019 1424 3139 1481 eum
3166 1429 3334 1482 solam
3366 1430 3645 1483 veritatem
3668 1431 3768 1484 mihi

2220 1490 2273 1545 in
2320 1492 2404 1565 his
2430 1495 2655 1564 aliisque
2687 1490 3135 1565 subsequentibus
3178 1500 3661 1555 concertationibus
3695 1517 3765 1565 pro

2219 1564 2422 1620 viribus
2461 1567 2789 1635 sequendam
2831 1564 2884 1622 et
2930 1571 3371 1639 propugnandam
3407 1573 3761 1641 proposuerim.

2738 1700 2964 1759 CAPUT
3003 1703 3285 1779 PRIMUM.
3614 1764 3617 1767 λ

2336 1794 2414 1850 De
2454 1795 2727 1867 prazcipuis
2758 1795 3165 1853 Manichrzorum
3198 1806 3350 1854 secta:
3384 1801 3681 1856 auctoribus.

2296 1908 2710 1983 Manichaeorum
2752 1910 3002 1978 haeresis,
3035 1912 3102 1967 ab
3130 1928 3237 1968 uno
3277 1913 3606 1982 potissimum
3635 1914 3759 1983 hujus

2225 1981 2457 2037 nominis
2479 1982 2698 2053 homine
2722 1982 2797 2037 sic
2821 1993 3145 2053 nuncupata,
3170 1981 3290 2039 tres
3303 1986 3589 2053 praecipuos
3607 1981 3756 2040 habuit

2224 2064 2491 2126 auctores.
2511 2050 2612 2126 Sed
2645 2053 2733 2121 qui
2760 2050 3223 2126 omnium'primus
3245 2050 3390 2110 illius
3407 2050 3749 2126 nefarizrsecta:

2224 2124 2567 2178 fundamenta
2591 2122 2751 2191 jecit,
2784 2134 2944 2191 atque
2974 2122 3243 2194 palmares
3272 2142 3477 2181 errores
3499 2125 3741 2181 confirma-

2223 2195 2322 2269 vit,
2339 2194 2447 2269 fuit
2466 2194 2692 2269 quidam
2706 2196 3024 2269 Saracenus,
3056 2197 3379 2269 Scythianus
3400 2197 3676 2266 appellatus,
3692 2212 3744 2251 ex

2226 2265 2461 2321 Arabum
2493 2275 2650 2335 gente
2680 2266 2735 2320 in
2780 2266 3075 2323 Palaestina:
3120 2265 3369 2323 confiniis
3404 2268 3658 2331 educatus,
3680 2269 3753 2336 qui

2227 2337 2537 2392 Graecorum
2566 2336 2752 2408 litteris
2782 2352 2900 2391 eum
2934 2354 3149 2408 operam
3177 2339 3430 2405 dedisset,
3458 2338 3654 2394 easdem
3685 2353 3759 2408 ορ·

2226 2408 2356 2463 time
2386 2410 2599 2475 quidem
2630 2407 2722 2464 fuit
2760 2407 3057 2464 assecutus.

2300 2482 2351 2533 1.
2385 2480 2434 2533 ls
2477 2494 2605 2548 ergo
2640 2482 2810 2549 primo
2841 2492 3193 2535 mercaturam
3226 2496 3517 2544 exercens,
3550 2480 3613 2535 ad
3636 2480 3763 2535 Indos

2230 2550 2501 2620 profectus
2527 2560 2630 2615 est,
2660 2558 2715 2605 et
2738 2552 2881 2621 brevi
2907 2562 3107 2606 tantam
3132 2551 3438 2606 divitiarum
3465 2553 3661 2621 copiam
3687 2550 3763 2605 sibi

2229 2622 2604 2689 comparavit,
2680 2631 2734 2674 ut
2789 2620 2983 2677 deinde
3051 2622 3424 2677 Alexandriam
3486 2620 3761 2683 adveniens,

2230 2705 2301 2764 se
2337 2702 2503 2764 tntum
2530 2691 2905 2764 philosophia:
2949 2694 3125 2748 studio
3152 2702 3203 2747 et
3240 2693 3611 2764 Egyptiorum
3638 2694 3764 2745 disci-

2230 2762 2390 2832 plinis
2430 2762 2736 2829 tradiderit,
2778 2774 2937 2833 atque
2964 2774 3262 2819 mercatura
3294 2762 3509 2828 relicta,
3545 2766 3767 2819 Aristote-

2230 2833 2385 2887 licam
2428 2836 2588 2905 vitam
2626 2833 2818 2888 imitari
2851 2836 3096 2890 voluerit.
3137 2835 3429 2890 Abundans
3464 2836 3637 2905 itaque
3681 2834 3765 2905 otio

2231 2910 2390 2976 atque
2416 2904 2637 2976 divitiis,
2673 2906 2779 2959 acri
2805 2906 2961 2976 simul
2990 2907 3193 2976 pollens
3222 2905 3437 2976 ingenio
3462 2950 3475 2971 ,
3508 2902 3668 2968 nova,
3692 2902 3767 2957 scd

2232 2974 2497 3046 paradoxa
2528 2974 2774 3040 dogmata
2803 2975 2856 3030 in
2889 2974 3071 3031 orbem
3106 2974 3357 3032 inducere
3386 2993 3567 3033 secum
3594 2983 3767 3046 reputa-

2231 3045 2325 3100 vit.
2354 3044 2519 3114 Cujus
2541 3046 2737 3116 quippe
2757 3046 3007 3103 desiderii
3036 3063 3215 3115 causa,
3249 3049 3606 3117 Empedoclis,
3627 3044 3765 3111 aiunt,

2233 3122 2548 3172 sententiam
2591 3125 2840 3185 secutus,
2875 3118 2981 3172 duo
3022 3134 3200 3173 rerum
3237 3120 3496 3188 principia
3540 3130 3771 3188 coaeterna

2232 3197 2565 3242 commentus
2592 3197 2699 3242 est:
2728 3204 2890 3243 unum
2917 3189 3136 3255 bonum,
3166 3186 3362 3245 malum
3394 3186 3644 3253 alterum;
3669 3186 3772 3240 illud

2236 3258 2401 3313 Deum
2425 3274 2487 3313 ac
2510 3258 2704 3323 lucem,
2732 3260 2831 3313 hoc
2852 3262 3128 3314 materiam
3153 3270 3205 3315 et
3228 3261 3477 3315 tenebras
3499 3257 3771 3329 appellavit;

2234 3330 2322 3401 qui
2352 3345 2504 3385 error
2536 3329 2629 3383 fuit
2660 3346 2820 3385 unum
2860 3344 2925 3385 ex
2977 3331 3299 3401 palmaribus
3339 3328 3667 3401 dogmatibus
3691 3328 3777 3401 va-

2234 3397 2644 3456 lentinianorum
2688 3411 2741 3455 et
2772 3397 3201 3456 Marcionitarum
3222 3447 3235 3470 ,
3267 3397 3502 3458 secundo
3548 3397 3778 3470 Ecclesia

2237 3472 2433 3526 szrculo
2449 3472 2763 3543 catholicam
2786 3472 2982 3527 Christi
3011 3468 3321 3543 religionem
3345 3474 3655 3543 vexantium.
3676 3468 3778 3523 Alia

2236 3557 2447 3612 quoque
2503 3542 2751 3609 figmenta
2781 3559 2843 3597 ex
2876 3543 3191 3613 Pythagorae
3221 3545 3487 3613 principiis
3520 3542 3776 3613 derivata,

2237 3610 2343 3667 non
2364 3610 2547 3667 'solum
2573 3615 2751 3667 animo
2773 3610 3104 3680 revel'veba't,
3131 3624 3184 3668 et
3213 3610 3265 3669 in
3291 3610 3464 3683 vulgus
3482 3610 3774 3681 spargebat;

2238 3684 2330 3738 sed
2384 3694 2436 3738 et
2478 3685 2679 3753 scripto
2725 3685 3073 3752 consignavit.
3124 3686 3259 3739 Cum
3291 3684 3518 3740 videlicet
3560 3690 3780 3751 quatuor

2238 3756 2559 3824 conscriptis
2587 3755 2973 3821 voluminibus,
3008 3756 3170 3812 meris
3196 3757 3383 3811 fabulis
3408 3752 3785 3824 mendaciisque

2239 3821 2471 3887 refertis,
2504 3840 2563 3880 ea
2598 3827 2843 3895 nequitia:
2873 3836 2928 3881 et
2950 3826 3236 3895 impietatis
3256 3842 3354 3881 ova
3381 3826 3559 3889 edidit,
3581 3839 3648 3878 ex
3676 3821 3783 3895 qui-

2240 3898 2359 3963 bus,
2390 3897 2598 3951 Manete
2626 3893 2966 3967 postmodum
2998 3893 3226 3953 cubante
3248 3942 3261 3963 ,
3291 3906 3373 3952 tot
3420 3907 3658 3966 tantaque
3690 3893 3788 3967 dia-

2241 3968 2412 4024 bolica
2452 3963 2689 4035 germina
2727 3968 3059 4038 prodierunt.
3095 3970 3329 4035 Singulis
3366 3978 3541 4023 autem
3568 3963 3787 4021 conscri-

562 4049 618 4094 ut
648 4040 897 4094 nimirum
945 4040 1133 4096 horum
1156 4040 1425 4095 scribendi
1455 4038 1741 4110 dicendive
1763 4038 2055 4103 rationem,
2082 4047 2135 4093 et
2160 4040 2205 4102 C
2239 4039 2342 4110 ptis
2370 4038 2724 4110 vo_luminibus
2754 4053 2946 4094 nomen
2971 4040 3244 4110 imposuit.
3269 4048 3427 4110 atque
3459 4039 3679 4110 primum
3706 4047 3786 4110 vo-

560 4110 751 4178 agendi
796 4112 1171 4176 (economiam,
1220 4111 1366 4167 falsis
1398 4109 1828 4166 annotationibus
1861 4116 2130 4178 carperet,

560 4183 879 4253 penitusque
910 4183 1184 4252 dejiceret,
1218 4192 1307 4237 aut
1335 4186 1386 4236 in
1416 4198 1632 4251 pravam
1660 4182 1845 4253 saltem
1870 4178 2136 4253 significa-

562 4250 760 4308 tionem
789 4250 1151 4323 detorqueret.
1177 4254 1353 4322 Quare
1374 4250 1531 4307 etiam
1563 4254 1614 4308 in
1652 4252 1807 4321 hujus
1832 4250 2012 4321 operis
2046 4266 2135 4305 ve-

560 4324 760 4377 stibulo
815 4340 899 4380 me
956 4322 1191 4395 Oportuit
1227 4323 1691 4391 animadvertere,
1734 4323 1981 4395 molestis
2006 4322 2135 4376 satis

562 4395 908 4463 orerosisqne
933 4393 1418 4451 concertationibus
1440 4396 1675 4449 animum
1698 4407 1817 4449 esse
1837 4393 2137 4459 implicatu-

562 4480 704 4527 rum,
736 4465 778 4517 si
802 4464 899 4519 hos
922 4465 1347 4521 Beausobrianos
1378 4466 1563 4531 libros,
1592 4479 1726 4535 quos
1752 4463 1965 4518 nonnisi
1988 4478 2131 4530 sero,

564 4545 617 4586 et
651 4544 926 4607 postquam
943 4536 1135 4607 decem
1176 4545 1231 4591 et
1256 4545 1459 4606 septem
1491 4537 1648 4607 hujus
1689 4535 1925 4607 historiae
1960 4536 2134 4607 capita

564 4605 909 4670 Scripseram,
941 4606 1083 4661 inter
1103 4622 1301 4676 manus
1321 4605 1527 4661 habere
1559 4605 1729 4676 potui,
1761 4605 2006 4673 rejiccre,
2043 4606 2138 4659 Ito-

564 4688 792 4742 rumque
834 4689 1043 4730 errores
1082 4675 1286 4732 diluere
1324 4675 1636 4732 statuerem.
1674 4676 1869 4729 Verum
1915 4691 2034 4727 cum
2085 4676 2136 4729 in

566 4746 941 4811 percurrendis
995 4746 1275 4802 acatholiei
1324 4748 1421 4803 viri
1460 4748 1610 4801 libris
1641 4749 1917 4800 innumera
1966 4745 2137 4800 ofl‘eu-

563 4815 764 4869 dissem
812 4831 931 4884 quae
969 4825 1023 4871 et
1059 4818 1270 4872 veritati
1316 4828 1369 4873 et
1412 4818 1547 4872 meis
1586 4816 2139 4871 auimadversionibus

563 4885 931 4971 repugnabant
948 4887 1194 4971 ,‘idcirco
1216 4904 1338 4971 qua:
1362 4889 1693 4971 jampridem.
1711 4886 2136 4971 conscripseram

563 4956 632 5011 ad
671 4959 827 5012 aliatn
860 4957 1167 5013 methodum
1198 4956 1561 5015 disser’endive
1596 4959 1856 5014 rationem
1899 4956 2139 5027 redigere

562 5030 712 5083 nisus
737 5044 885 5094 sum,
928 5044 997 5085 ne
1023 5029 1089 5085 de
1117 5029 1458 5086 Manichaicis
1496 5032 1656 5085 rebus
1694 5030 1841 5100 quasi
1874 5028 2056 5099 jejune
2086 5037 2141 5085 et

561 5100 775 5155 exiliter
800 5101 851 5172 2
884 5100 1187 5170 disputasse
1232 5102 1463 5157 viderer.
1505 5102 1666 5171 Igitur
1706 5100 1803 5172 ubi
1821 5110 2035 5172 tempus
2071 5115 2138 5155 ex

560 5170 888 5240 quotidianis
912 5172 1210 5228 studiorum
1237 5170 1733 5236 exercitationibus,
1760 5170 1988 5239 aliisque
2023 5186 2140 5225 mu-

560 5242 782 5298 neribus
810 5242 1003 5314 quibus
1024 5287 1039 5311 ,
1072 5243 1157 5299 vel
1186 5245 1238 5298 in
1270 5244 1511 5299 claustris
1532 5287 1546 5310 ,
1586 5243 1667 5297 vel
1695 5254 1842 5297 extra
1873 5243 2100 5314 claustra
2122 5284 2136 5309 ,

559 5327 781 5383 operam
811 5313 939 5370 dare
967 5314 1160 5385 debeo,
1200 5314 1330 5369 mihi
1358 5328 1642 5383 superesse
1674 5315 1876 5382 potuit,
1899 5330 2004 5367 non
2044 5313 2141 5367 fuit

558 5386 839 5457 consilium
859 5386 1101 5441 socordia
1138 5394 1298 5457 atque
1324 5385 1529 5457 desidia
1553 5385 1751 5457 bonum
1773 5386 1938 5439 otium
1964 5396 2142 5439 conte-

557 5470 711 5528 rere;
743 5456 839 5512 sed
869 5471 1077 5512 mecum
1110 5472 1172 5513 ea
1200 5456 1514 5528 reputabam
1540 5472 1663 5528 quae
1691 5456 1743 5511 in
1771 5470 2058 5512 commune
2087 5466 2140 5528 et

556 5526 831 5583 litterariae
846 5528 924 5582 rei
944 5528 1163 5595 bonum,
1187 5538 1241 5585 et
1257 5526 1631 5585 ecclesiastica:
1652 5527 1888 5581 historia:
1904 5526 2142 5581 conscri-

556 5596 750 5671 bendas
772 5597 1007 5655 conferri
1036 5607 1277 5671 possent.
1309 5600 1471 5671 Igitur
1496 5601 1563 5654 de
1590 5606 1699 5653 tota
1729 5596 2141 5671 hianjcbaaorum

557 5668 783 5727 historia
811 5686 972 5742 quam
1001 5666 1282 5729 verissime
1310 5666 1577 5727 disserere
1617 5669 1801 5725 statui.
1846 5668 1902 5723 ln
1951 5666 2143 5737 quibus

629 5804 710 5881 (α)
737 5804 1055 5864 Guillelmus
1087 5806 1315 5876 Caveus,
1344 5804 1541 5863 saeculo
1566 5802 1881 5873 Novatiano,
1903 5815 2024 5876 pag.
2048 5801 2140 5863 90.

2238 4106 2376 4165 cavit
2405 4108 2767 4179 Evangelium,
2801 4109 3025 4164 alterum
3052 4106 3263 4179 Capita,
3298 4106 3511 4165 tertium
3539 4106 3789 4179 Mysteria,

2236 4191 2479 4251 quartum
2510 4178 2811 4233 Tltesauros.

2310 4252 2403 4305 llis
2450 4265 2585 4321 ergo
2617 4250 2879 4318 praesidiis
2906 4250 3118 4321 adjutus
3152 4252 3389 4307 Judtram
3435 4250 3793 4321 proficiscitur,

2237 4337 2357 4377 cum
2388 4322 2519 4390 legis
2545 4320 2788 4375 Mosaicze
2816 4320 3114 4376 senioribus
3142 4320 3532 4390 disputatnrus.
3561 4322 3664 4377 Sed
3690 4332 3793 4373 cum

2237 4395 2304 4448 ab
2332 4393 2542 4457 iisdem,
2575 4392 2874 4469 divinarum
2901 4393 3291 4469 Scripturarum
3312 4393 3598 4469 subsidio,
3630 4391 3798 4469 fuisset

2238 4473 2537 4537 superatus,
2568 4462 2907 4537 verecundiae
2937 4472 2989 4517 et
3014 4461 3567 4537 {Attrpitudinisnotam
3599 4461 3798 4537 magicis

2240 4535 2690 4589 incantationibus
2718 4535 2898 4606 delere
2925 4534 3161 4599 studuit,
3209 4544 3262 4589 et
3315 4534 3800 4606 Hierosolymitanis

2238 4606 2438 4661 Judzeis
2464 4606 2746 4674 prmstigiis
2772 4604 2994 4660 illudere
3015 4616 3236 4660 conatus
3261 4616 3365 4659 est.
3392 4604 3617 4675 Magicis
3644 4605 3802 4673 itaque

2239 4677 2441 4731 artibus
2471 4690 2599 4747 usus
2628 4691 2759 4747 quas
2794 4676 2920 4731 olim
2946 4676 2996 4729 in
3026 4675 3257 4747 Egypto
3279 4685 3333 4730 et
3356 4676 3505 4730 lndia
3536 4675 3803 4747 didicerat,

2240 4747 2514 4817 Cuiusdam
2574 4743 2765 4801 domus
2813 4755 3011 4801 tectum
3058 4743 3397 4813 conscendit,
3433 4762 3501 4802 ex
3544 4762 3653 4817 quo
3682 4743 3805 4817 vela

2242 4814 2353 4872 Deo
2382 4831 2688 4886 percussus,
2722 4817 2809 4871 vel
2840 4828 3017 4872 mente
3066 4819 3326 4873 alienatus
3348 4863 3361 4885 ,
3406 4826 3460 4871 ut
3502 4814 3809 4888 SICyrillus

2242 4888 2595 4959 Hierosolymi
2606 4898 2652 4942 ta
2662 4903 2761 4943 nus
2775 4888 2979 4959 scribit,
2994 4903 3053 4943 se
3066 4890 3393 4958 prazcipitem
3408 4888 3585 4953 dedit,
3600 4898 3812 4955 suasque

2242 4958 2520 5015 facultates
2567 4971 2621 5013 et
2667 4958 2907 5013 laudatos
2944 4959 3109 5013 libros
3152 4959 3477 5013 Terebintho
3510 4973 3677 5014 servo
3701 4969 3811 5016 suo.

2242 5046 2399 5098 quem
2448 5030 2719 5085 hmredem
2750 5031 3121 5097 constituerat,
3150 5030 3383 5100 reliquit.
3420 5029 3550 5083 Haec
3595 5030 3667 5085 de
3706 5027 3818 5096 Scy-

2244 5102 2408 5155 thiani
2438 5102 2632 5172 patria,
2686 5101 2941 5167 moribus,
2976 5100 3102 5168 vita,
3130 5102 3385 5155 institutis
3408 5109 3461 5155 et
3490 5100 3683 5172 libris,
3715 5110 3818 5172 (11m

2243 5167 2483 5237 veteres,
2512 5182 2622 5227 tum
2652 5172 2979 5226 recentiores
3009 5167 3301 5240 scriptores
3332 5171 3703 5227 tradiderunt.
3730 5167 3822 5240 llo

2243 5258 2362 5297 rum
2400 5244 2579 5298 nullus
2610 5252 2789 5296 tamen
2822 5242 2949 5295 illud
2977 5238 3187 5311 tempus
3222 5256 3329 5311 quo
3353 5242 3485 5296 vixit
3522 5251 3721 5297 exacte
3743 5238 3825 5293 de-

2245 5313 2439 5367 finivit.
2471 5313 2536 5367 Et
2576 5314 2823 5383 quamvis
2868 5312 3199 5381 Epiphanius
3236 5311 3412 5382 (liter.
3456 5311 3553 5382 66)
3605 5312 3827 5383 indicare

2246 5386 2489 5440 videatur
2516 5380 2635 5441 eum
2675 5384 2816 5438 circa
2848 5380 3208 5449 apostolorum
3243 5380 3484 5452 tempora
3520 5380 3830 5450 Hierosoly~

2166 5431 2221 5492 Ῑ)
2248 5431 2733 5525 mam'profectum,
2762 5431 3026 5525 tamen'in
3066 5431 3262 5525 laxior].
3289 5431 3835 5525 sigﬁtibuti'dne'ejds

2248 5529 2409 5581 verba
2419 5520 2731 5596 accipienda
2748 5540 2867 5580 esse
2885 5523 3199 5580 Guillelmus
3210 5520 3415 5596 Caveus
3432 5526 3725 5581 contendit
3745 5520 3833 5596 (α),

2251 5594 2569 5652 affirmando
2592 5598 2843 5651 nimirum
2865 5611 2925 5651 ea
2949 5610 3068 5652 esse
3089 5595 3399 5665 explicanda
3427 5596 3519 5667 :3
3550 5596 3635 5651 De
3660 5594 3837 5667 stt-cuto

2250 5684 2411 5725 (ovum
2436 5670 2773 5741 apostolicum
2797 5667 3026 5742 proxime
3045 5664 3237 5739 secuto,
3270 5668 3400 5723 adeo
3424 5664 3757 5745 ut'vergente
3780 5664 3842 5721 ad
