3988 6314
250 333 357 390 785

1025 326 1113 384 DE
1152 327 1678 384 MANICHASORUM
1720 326 2000 387 IIERESI
2046 330 2136 388 ΕΤ
2174 332 2488 393 HISTORIA
2528 339 2656 395 LIB.
2702 340 2741 396 I.

3418 348 3521 407 786

246 454 439 536 exitum
460 454 650 541 tta-culo
665 451 889 507 secundo
910 450 1252 533 Scythianum
1274 450 1407 503 diem
1428 448 1635 519 fatalem
1655 447 1835 503 abiisse
1860 447 1914 507 A
1942 462 2130 541 parum
2151 492 2165 513 ,
2195 530 2208 541 ⁸
2227 450 2517 541 n‘ilhilpmve
2564 456 2657 541 ad.
2680 470 2793 539 rem
2844 462 3080 541 nostram
3128 460 3496 541 spectantibus

245 526 439 578 censeri
464 526 637 589 possit.

321 595 616 664 Epiphanio
661 606 837 648 tamen
872 604 921 649 et
964 592 1140 649 Caveo
1188 592 1493 647 Beausobre
1532 591 1827 661 refragatus

241 678 347 721 est
381 667 477 735 Qui
509 667 575 721 de
614 665 886 738 Scythiani
916 675 967 721 et
995 664 1309 738 Manichaici
1339 664 1600 738 dogmatis
1621 665 1825 730 origine

243 738 408 792 verba
437 734 994 802 faciensfnoluiscum
1043 737 1256 806 quidem
1301 751 1367 789 ex
1412 734 1672 806 Arabum,
1720 749 1824 789 non

241 808 563 878 Scytharum
593 819 769 876 gente,
804 804 1151 877 Scythianum
1180 814 1362 860 natum
1386 819 1509 878 esse
1547 804 1780 878 affirmat
1806 822 1820 860 :

238 876 335 934 sed
367 880 525 933 variis
574 876 894 947 incertisque
936 878 1257 946 coniecturis
1296 877 1567 935 insistens.
1616 876 1680 929 ad
1719 886 1822 930 ter-

241 950 376 1001 tium
407 966 573 1001 usuue
609 951 863 1001 smculutu
914 949 1070 1001 huius
1115 949 1305 1001 natalis
1343 947 1484 1001 diem
1539 947 1818 1001 protrahit.

1538 948 1818 1017 protrahit,

241 950 376 1004 tium
407 966 573 1019 usque
609 951 863 1004 saeculum
914 949 1070 1019 hujus
1115 949 1305 1003 natalis
1343 947 1484 1002 diem

238 1018 707 1091 eumque'Maneti
752 1022 918 1075 fuisse
968 1035 1206 1077 comvmn
1248 1019 1528 1088 confingit;
1564 1034 1629 1072 eo
1660 1018 1823 1091 dum-

238 1089 397 1145 taxat
428 1093 664 1147 admisso
708 1092 1058 1156 discrimine,
1108 1091 1246 1161 quod
1296 1091 1385 1145 ille
1436 1089 1822 1159 provectiorem

237 1172 471 1227 tetatem,
500 1164 546 1218 is
583 1179 709 1218 vero
734 1163 997 1231 juniorem
1030 1172 1243 1231 ageret;
1290 1175 1490 1228 eosque
1530 1161 1669 1215 inter
1710 1162 1824 1229 epi-

238 1234 496 1289 Stolarum
519 1235 679 1289 etiam
709 1233 1146 1289 consuetudinem
1176 1232 1564 1287 intercessisse.
1591 1231 1670 1286 An
1693 1245 1821 1287 vero

238 1303 322 1359 hic
354 1306 713 1366 ratiocinandi
757 1304 947 1358 modus
976 1314 1179 1373 tempus
1218 1300 1323 1373 quo
1352 1301 1510 1369 hujus
1553 1301 1820 1357 hmreseos

240 1376 490 1456 princeps
516 1376 695 1456 floruit
714 1386 862 1430 certo
878 1375 1350 1456 definiat,_an_vera
1374 1374 1456 1456 vel
1484 1374 1817 1456 supposuit?

234 1447 306 1516 sit
334 1444 443 1500 illa
468 1448 815 1516 epismlarum
839 1446 1186 1509 consuetudo,
1211 1446 1377 1499 lector
1411 1445 1523 1513 ipse
1540 1444 1817 1513 judicabit.

233 1515 343 1571 Nos
374 1515 588 1572 interim
624 1518 865 1573 laudatas
897 1517 1194 1572 Beausobre
1220 1516 1555 1585 conjecturas
1602 1530 1817 1583 prorsus

235 1588 422 1643 labare
446 1588 840 1654 contendimus,
872 1587 975 1643 hoc
1004 1603 1163 1643 unum
1193 1587 1697 1652 animadvertentes,
1728 1600 1816 1640 ve-

236 1666 381 1712 teres
405 1659 646 1714 videlicel
673 1660 962 1725 scriptorcs
983 1660 1033 1712 in
1053 1657 1394 1727 designandis
1415 1657 1479 1711 iis
1494 1656 1813 1711 Christianis

234 1728 365 1782 viris
391 1731 479 1794 qui
511 1730 745 1784 secundo
774 1730 984 1785 labente
1006 1729 1257 1783 Ecclesiae
1280 1730 1475 1781 saeculo
1498 1728 1807 1794 floruerunt,

236 1814 346 1852 non
374 1800 644 1855 absimiles
686 1800 929 1869 loquendi
977 1800 1229 1852 formulas
1278 1797 1616 1869 adhibuisse;
1650 1808 1701 1851 et
1733 1798 1810 1852 id-

234 1869 382 1939 circo
413 1868 763 1939 Epiphanium
792 1873 839 1923 iu
868 1872 1069 1924 crimen
1104 1870 1277 1924 vocari
1311 1868 1451 1921 haud
1483 1883 1640 1935 posse
1666 1869 1807 1938 quod

226 1938 579 2010 affirmaverit
608 1940 945 2010 Scythianum
974 1940 1116 1993 tirca
1160 1939 1525 2008 apostolorum
1568 1949 1807 2009 tempora

224 2007 873 2080 Ilierosolytnam'fuisse
923 2007 1238 2079 profectum.
1300 2011 1376 2064 Eo
1422 2010 1563 2064 enim
1610 2007 1807 2066 smculo

218 2076 805 2151 labentefmultiapud
846 2076 1266 2151 Hierosolymam
1305 2081 1668 2150 apostolorum
1714 2098 1809 2135 au-

214 2146 426 2221 ditores
453 2151 629 2207 adhuc
646 2146 800 2206 erant
838 2146 1169 2220 superstites,
1196 2146 1504 2221 quos'inter
1536 2168 1673 2207 unus
1712 2153 1808 2208 fuit

213 2220 453 2293 celebris
486 2222 845 2293 llegesippus;
879 2224 931 2277 in
972 2225 1093 2278 Asia
1127 2220 1253 2278 vero
1293 2224 1593 2289 Quadratus
1623 2235 1677 2279 et
1708 2225 1808 2277 Po-

212 2289 491 2361 lyearpus,
526 2289 658 2363 quos
680 2289 773 2349 'vel
806 2298 1075 2363 apostolos
1099 2295 1393 2363 appellatus
1432 2297 1698 2359 novimus,
1722 2295 1805 2350 vel

211 2364 550 2432 aposmlicos
576 2368 742 2429 viros,
776 2369 897 2431 quia
928 2367 993 2420 ab
1022 2366 1388 2432 apostolorum
1421 2365 1672 2421 institutis
1705 2381 1805 2422 nec

211 2430 671 2509 Ieviter__rcsilire
724 2437 1010 2509 audebant.
1061 2430 1139 2509 '(u)
1193 2436 1246 2509 Id
1312 2451 1443 2509 pene
1513 2438 1805 2509 innumeris

207 2502 353 2556 locis
394 2504 683 2560 affirmavit
730 2508 1009 2567 Eusebius,
1044 2502 1130 2577 (ιἰιί
1164 2502 1322 2562 etiam
1354 2507 1421 2560 dc
1463 2519 1649 2561 sancto
1682 2508 1804 2563 Ire—

204 2589 333 2626 nmo
362 2577 521 2630 verba
548 2577 767 2644 faciens,
798 2594 921 2650 cum
954 2580 1218 2650 apostolici
1256 2578 1524 2645 cuiusdam
1547 2579 1647 2650 viri
1686 2595 1803 2634 scr-

202 2659 409 2720 mones
441 2649 749 2720 memoriter
776 2649 1025 2703 didicisse
1054 2659 1457 2704 commemorat.
1512 2649 1626 2702 Non
1672 2666 1800 2720 ergo

200 2716 413 2793 mirum
444 2718 592 2793 quod
616 2719 943 2791 Epiphanius
983 2720 1327 2790 Scythianum
1373 2716 1795 2793 Hierosolymam

199 2788 358 2840 circa
390 2788 750 2860 apostolorum
786 2800 1019 2860 tempora
1051 2788 1345 2859 profectum
1386 2788 1672 2847 arbitratus
1702 2794 1794 2859 sit,

197 2872 327 2911 cum
368 2856 547 2931 divina
575 2856 919 2930 dispositione
953 2856 1145 2917 factum
1179 2862 1511 2916 inveniamus
1538 2856 1797 2931 quosdam

194 2930 541 2996 apostolicos
575 2934 737 2993 viros,
766 2932 961 2986 Christi
991 2934 1353 3002 apostolorum
1384 2932 1675 2996 auditores,
1708 2948 1798 2987 ns-

194 3015 308 3068 que
346 3001 417 3053 ad
450 3002 587 3055 tertii
616 3003 796 3057 saeculi
840 3001 1047 3057 initium
1084 3004 1135 3057 in
1176 3006 1309 3058 vivis
1336 3004 1628 3056 exSIitisse.
1659 3004 1797 3057 Pho-

195 3072 308 3125 tius
347 3086 483 3125 sane
515 3073 589 3143 (b)
619 3074 697 3128 vir
728 3076 872 3128 naris
899 3075 1266 3137 emunctioris,
1299 3089 1457 3136 quem
1488 3074 1599 3141 ipse
1628 3074 1798 3127 Beau-

190 3142 377 3197 sobre
423 3144 719 3211 saepissime
768 3145 975 3208 laudat,
1028 3145 1224 3215 quique
1266 3144 1549 3213 Epiphanii
1598 3146 1795 3214 scripta

1939 507 2214 599 dumtasat
2243 521 2581 599 Manichaicte
2603 507 3110 599 Bisibiig'ééiiﬁiiir
3128 507 3517 590 'ﬁiéiéiii'i'éé'd

1931 588 1999 672 de
2029 592 2261 672 Arabum
2299 594 2577 672 _religioue
2603 596 2783 672 _verba
2823 588 3043 664 faciens,
3091 601 3382 672 arbitratus
3426 588 3512 661 est

1930 661 2129 741 diutius
2173 664 2312 733 apud
2362 679 2455 741 eos
2502 666 2968 741 purioremquam
3008 661 3144 739 apud
3168 671 3386 729 Judmos
3417 675 3516 730 Ilo-

1929 736 2131 814 ruisse;
2169 736 2463 814 prmsertim
2492 752 2610 790 cum
2643 736 2916 814 Israelitae,
2940 741 3008 814 ob
3030 736 3204 796 varias
3226 743 3514 814 Egyptia-

1929 818 2044 856 rum
2064 803 2119 878 4
2134 807 2560 872 superstitiones,
2576 822 2735 876 quam
2752 810 3042 878 smpissime
3059 827 3087 866 a
3102 829 3228 867 vero
3254 803 3351 870 DEi
3364 803 3509 874 cultu

1930 876 2184 949 recedere
2211 878 2328 949 ausi
2358 878 2576 941 fuerint,
2610 876 2892 933 Mosaicam
2932 880 3100 949 legem
3142 884 3288 940 falsis
3320 888 3509 945 ritibus

1928 944 2317 1023 labefactanda.
2371 949 2477 1023 Sed
2525 950 2746 1003 ulterius
2810 944 3191 1019 progrediens.
3235 944 3511 1023 prannittit

1928 1016 2159 1091 primum
2191 1020 2476 1087 quamdam
2509 1016 2963 1091 comparatiOnem
2993 1016 3336 1091 Scythianum
3368 1016 3508 1089 inter

1926 1094 1983 1140 et
2010 1088 2388 1170 Mahometem,
2422 1092 2606 1146 ambos
2636 1088 2930 1170 ’harreseon
2976 1100 3029 1170 et
3066 1088 3348 1170 pravorum
3378 1088 3508 1170 dog-

1926 1168 2130 1233 matum
2160 1160 2501 1228 architectos,
2534 1178 2597 1217 ex
2645 1162 2843 1217 Arabia
2886 1160 3084 1231 pariter
3121 1165 3406 1233 profectos.
3443 1160 3508 1227 Et

1924 1244 1993 1283 ne
2017 1229 2248 1287 lectores
2275 1234 2378 1288 sibi
2404 1233 2662 1288 suadeant
2691 1233 2861 1288 malos
2888 1229 3164 1289 daemones
3197 1245 3250 1288 et
3278 1240 3502 1294 menda-

1924 1300 2132 1355 ciorum
2162 1304 2382 1369 spiritus
2432 1304 2573 1358 illius
2624 1313 2781 1358 terra:
2828 1304 3017 1360 incolis
3064 1305 3356 1368 dominari,
3402 1310 3507 1368 illis

1922 1371 2109 1447 objicit
2138 1373 2379 1447 Moysen,
2411 1375 2690 1447 adsummi
2716 1375 2806 1428 Dei
2831 1376 3127 1430 ministeria
3148 1390 3502 1447 assumptum,

1922 1454 2046 1495 cum
2096 1444 2147 1497 in
2194 1444 2404 1499 Arabiae
2450 1444 2853 1500 Madianitarum
2884 1446 3225 1501 solitudinem
3265 1444 3505 1508 se'rece;

1920 1520 2091 1588 perat,
2125 1529 2188 1569 eo
2221 1524 2463 1588 tempore
2486 1516 2731 1571 videlicet
2760 1531 2864 1585 quo
2893 1516 2943 1570 in
2990 1516 3279 1588 Egyptum
3329 1520 3503 1579 fuerat

1919 1583 2115 1665 missus
2156 1595 2215 1639 ut
2241 1583 2419 1641 divina
2453 1587 2718 1657 legatione
2750 1583 3150 1658 fungeretur'ad
3182 1589 3501 1649 idololatria:

1914 1664 2157 1709 exutum.

1988 1724 2081 1803 His
2113 1728 2288 1797 itaque
2314 1728 2539 1803 aliisque
2567 1729 2833 1785 similibus
2860 1745 2889 1784 a
2917 1730 3220 1803 Beausobre
3251 1735 3497 1803 praemis-

1842 1827 1885 1886 Β
1913 1795 2083 1886 slisad
2109 1795 2489 1886 inugas‘potiuls
2515 1815 2672 1869 quam
2714 1818 2894 1886 veram
2926 1795 3281 1886 eruditionem
3312 1817 3497 1886 osten-

1914 1867 2163 1944 dendam,
2197 1867 2373 1944 Statim
2406 1871 2471 1924 ad
2511 1867 2932 1944 geographorum
2966 1885 3220 1942 provocat
3258 1875 3491 1944 tabulas,

1912 1946 1964 2014 et
1999 1941 2251 2014 Arabiam
2292 1942 2342 2014 in
2388 1941 2525 2014 suas
2564 1951 2741 2009 partes
2788 1941 3015 2006 dividit,
3059 1944 3385 2014 subjungens
3434 1941 3495 2003 se

1912 2008 2068 2063 facile
2094 2013 2341 2066 arbitrari
2374 2013 2606 2081 potuisse
2648 2013 2995 2083 Scythianum
3024 2031 3089 2069 ex
3118 2008 3309 2069 Arabia
3344 2033 3496 2072 mon-

1913 2086 2225 2153 tosaurtum
2262 2084 2531 2137 habuisse.
2563 2084 2661 2138 Cui
2696 2084 2910 2153 quidem
2960 2086 3196 2153 opinioni
3240 2086 3494 2144 Archelai

1912 2160 1964 2226 et
2019 2152 2299 2226 Epiphanii
2362 2155 2664 2226 testimonia
2714 2152 3009 2226 suffragari
3057 2156 3323 2210 videntur.
3390 2160 3491 2226 Qui

1908 2222 2136 2298 obscure
2192 2225 2381 2278 saltem
2433 2224 2667 2298 indicant
2713 2222 3061 2296 Scythianum
3114 2222 3486 2298 Egyptiacam

1916 2291 2165 2350 habuisse
2208 2311 2450 2362 uxorem,
2504 2297 2746 2366 hancque
2774 2291 3032 2365 originem
3066 2291 3314 2352 habuisse
3344 2301 3394 2353 in
3425 2316 3485 2355 ea

1910 2366 2128 2440 Arabia;
2158 2376 2306 2433 parte
2344 2381 2518 2440 quam
2545 2367 2823 2440 Desertam
2860 2370 3152 2440 appellant.
3187 2370 3277 2423 llis
3306 2372 3491 2440 conje-

1908 2435 2073 2509 cturis
2099 2436 2288 2491 ductus
2310 2479 2323 2503 ,
2364 2435 2603 2492 credidit
2652 2435 2953 2494 Iieausobre
2983 2440 3331 2493 Maniclircum
3364 2435 3488 2509 pre-

1907 2505 2181 2579 sbytcratn
2213 2510 2375 2563 fuisse
2406 2510 2735 2579 insignitum,
2780 2525 2950 2579 eoque
2982 2526 3203 2564 munere
3252 2505 3489 2567 functum

1903 2575 2274 2647 in‘provincia
2324 2575 2582 2647 diuinas,
2636 2582 2688 2635 in
2740 2575 2997 2649 qua'lnic
3043 2582 3275 2649 illucque
3325 2584 3486 2638 etiam

1905 2664 2063 2721 prava
2096 2666 2189 2705 sua
2221 2650 2468 2719 dogmata
2498 2652 2797 2721 spargendo
2828 2652 3071 2705 docebat.
3106 2653 3180 2705 Ex
3212 2654 3300 2706 tali
3326 2669 3489 2721 porro

1903 2720 1975 2789 (ε)
2002 2730 2373 2790 tantarumque
2396 2738 2573 2776 rerum
2597 2722 2747 2788 copia
2776 2725 2888 2790 ipse
2909 2722 3231 2785 Beausobre,
3256 2720 3486 2778 aliorum

1905 2792 2225 2847 testimoniis
2274 2794 2526 2858 rejectis,
2576 2793 2830 2860 colligere
2887 2808 2945 2846 se
2992 2807 3145 2859 posse
3194 2793 3487 2849 arbitratur

1901 2860 2250 2930 Scythianum
2296 2866 2434 2916 inter
2479 2872 2531 2915 et
2580 2863 2927 2917 Manichteum
2978 2862 3199 2931 aliquod
3234 2865 3488 2930 epistola-

1902 2946 2018 2983 rum
2047 2933 2428 2986 commercium
2451 2933 2842 2996 intercessisse,
2867 2932 3008 2999 quod
3030 2944 3346 3001 argumento
3368 2949 3488 2990 esse

1902 3009 2077 3068 potest
2130 3003 2483 3074 Scythianum
2538 3005 2720 3074 serius
2756 3002 3034 3062 floruisse,
3088 3012 3246 3074 atque
3292 3003 3487 3058 Maneti

1900 3084 2161 3126 comvum.
2198 3071 2311 3126 Duo
2335 3087 2433 3142 pro
2461 3071 2562 3126 hac
2604 3073 2911 3138 conjectura
2954 3072 3301 3140 epistularum
3347 3075 3490 3143 frag-

1902 3151 2078 3197 menta
2126 3142 2350 3197 laudat:
2385 3144 2610 3198 alterum
2657 3143 2800 3197 illius
2846 3143 3086 3211 epistola:
3140 3159 3297 3209 quam
3339 3142 3474 3213 Scyl-

192 3228 308 3268 non
376 3208 545 3269 semel
592 3216 867 3275 lustravit.
926 3216 979 3269 in
1029 3208 1168 3270 hunc
1216 3208 1395 3271 invehi
1443 3215 1644 3269 veritus
1691 3208 1791 3270 est.
1822 3208 1865 3270 C
1902 3213 2115 3268 thianus
2140 3214 2410 3269 Saraceno
2431 3214 2673 3267 Coudato
2694 3208 3184 3280 dederat,alterum
3208 3208 3485 3282 cujusdam

192 3283 386 3356 Immo
433 3296 615 3339 contra
658 3286 980 3341 Maniclimos
1028 3288 1289 3351 scribens,
1333 3301 1455 3341 cum
1506 3284 1572 3339 ad
1618 3285 1800 3356 Cyrilli

193 3355 727 3429 IIicrosplymitani,
780 3370 887 3411 tum
948 3358 1011 3411 ad
1066 3357 1346 3429 Epiphanii
1407 3356 1573 3429 libros
1609 3355 1800 3429 contra

192 3426 347 3481 hanc
404 3426 649 3483 hmiesim
700 3430 952 3497 scriptos,
996 3426 1197 3496 absque
1246 3429 1351 3482 ulla
1406 3427 1649 3481 falsitatis
1698 3429 1800 3484 levi

189 3499 523 3566 suSpicioue
554 3509 823 3569 provocat,
858 3510 909 3554 et
940 3504 1116 3570 ipsum
1155 3498 1510 3570 Epiphanium
1540 3500 1801 3556 miraculis

191 3584 466 3640 magnum
496 3571 748 3640 appellat.

271 3586 466 3694 tignum
496 3586 748 3640 appellat.

327 3641 575 3713 gplicato
602 3642 779 3712 itaque
808 3643 1089 3713 Epiphanii
1127 3640 1377 3713 loquendi
1409 3640 1585 3705 modo,
1625 3640 1799 3697 adhuc

189 3711 353 3766 aliud
392 3711 1087 3784 Beattsobrecommentum
1139 3711 1475 3784 eripiendum
1523 3713 1793 3784 estilLib.

187 3798 233 3855 t_,_
255 3799 309 3837 c.
346 3784 375 3836 1
396 3782 465 3852 l).
491 3782 835 3855 Scythianum
860 3786 1105 3839 videlicet
1130 3782 1322 3839 Maneti
1347 3798 1584 3838 comvum
1611 3783 1792 3839 fuisse.

191 3852 263 3909 Ut
291 3868 440 3908 vero
468 3852 664 3909 sensim
693 3855 743 3909 id
770 3856 1055 3910 lectoribus
1081 3856 1400 3924 persuadere
1436 3864 1634 3923 posset,
1662 3870 1799 3923 prm-

183 3926 505 3992 judicatam
538 3927 709 3995 primo
737 3926 1044 3981 Grccmirum
1073 3934 1125 3981 et
1150 3926 1456 3981 Latinorum
1489 3926 1794 3993 opinionem

190 3997 405 4057 refert,
443 4012 543 4064 qua
574 3997 806 4051 Arabum
852 4013 1051 4061 mores,
1093 3998 1291 4051 cultum
1322 4006 1377 4051 et
1406 3996 1794 4065 philosophiam

188 4067 478 4122 damnare
519 4069 714 4131 solent,
761 4070 956 4137 quique
1000 4083 1120 4122 cum
1165 4067 1375 4122 deserta
1432 4069 1544 4119 loca
1584 4066 1797 4137 inhabi-

186 4148 340 4203 teni,
380 4141 540 4207 vulgo
570 4136 913 4194 barbararum
944 4140 1159 4193 nomine
1190 4138 1361 4191 vocati
1389 4145 1531 4191 sunt.
1566 4136 1635 4190 At
1667 4145 1797 4191 Ara-

189 4208 296 4262 bes
360 4210 707 4263 scientiarum
751 4221 804 4264 et
860 4211 1114 4264 bonarum
1168 4210 1358 4262 artium
1406 4207 1586 4261 studio
1638 4217 1797 4277 atque

184 4281 382 4334 cultui
431 4280 637 4335 deditos
684 4281 884 4345 fuisse,
936 4281 1132 4351 reginae
1182 4279 1337 4334 Saba:
1388 4278 1681 4351 Jerusalem
1730 4278 1796 4334 ad

186 4351 563 4407 Salomouem
616 4346 1022 4419 proficiscentis
1045 4352 1292 4420 exemplo
1323 4350 1550 4419 probare
1576 4346 1798 4403 conten-

184 4422 273 4476 dit
311 4441 326 4475 :
371 4433 486 4475 ttnn
516 4423 826 4493 Pythagora:
855 4422 1102 4475 studendi
1133 4419 1358 4484 ratione,
1391 4421 1478 4489 qui
1511 4430 1630 4493 post
1653 4419 1794 4493 noti-

181 4498 330 4549 tiam
371 4490 719 4548 scientiarum
753 4495 802 4548 iu
836 4494 1069 4565 Egypto
1100 4494 1411 4565 acquisitam
1460 4493 1525 4565 ad
1558 4490 1793 4565 Arabum

180 4567 446 4654 populos
468 4580 678 4647 quoque
717 4580 784 4654 se.
823 4561 1116 4654 transtulit,
1149 4561 1207 4654 ut
1235 4564 1449 4654 plenius
1486 4561 1681 4654 deinde
1702 4562 1794 4654 Lab
1822 4594 1875 4654 Β

180 4631 413 4691 Italum
470 4631 606 4704 rege'
640 4637 1023 4691 institueretur.
1075 4634 1208 4701 Quid
1235 4631 1449 4703 'plura?
1491 4631 1795 4688 Beausubre

180 4706 412 4776 (Ibid.,
442 4724 493 4775 p.
521 4707 611 4777 ‘20)
638 4706 885 4830 quirdam
928 4708 1073 4760 varia
1104 4707 1273 4775 elogia
1306 4706 1371 4759 de
1400 4704 1607 4784 Arabia!
1636 4712 1794 4785 gente

180 4781 236 4830 in
271 4777 612 4830 Mahometis
685 4780 751 4830 ita
779 4779 1041 4830 descrinta
1072 4779 1122 4829 in
1151 4792 1299 4830 suam
1335 4774 1601 4829 transtulit
1630 4775 1794 4829 insto-

177 4774 236 4833 in
271 4774 612 4832 Mahdmetis
638 4774 751 4832 Vita
779 4779 1041 4846 descripta
1072 4779 1122 4829 in
1151 4774 1299 4831 suam
1335 4774 1601 4829 transtulit
1630 4775 1794 4829 histo-

170 4850 362 4909 riam.
406 4857 463 4902 ut
490 4849 681 4902 exinde
716 4849 932 4918 colligat
969 4848 1308 4902 vernaculam
1342 4846 1529 4901 horum
1559 4846 1790 4912 linguam

169 4920 462 4976 omnibus
489 4921 728 4976 numeris
754 4935 874 4975 esse
900 4920 1140 4983 mollem,
1164 4926 1321 4987 atque
1339 4932 1579 4981 suavem,
1601 4932 1793 4985 magna

168 4991 518 5061 eloquentia
559 5000 611 5044 et
643 4996 847 5060 poetica
896 4999 1008 5044 arte
1053 4999 1328 5061 ornatam;
1380 4988 1622 5061 homines
1669 5002 1795 5061 vero

162 5058 424 5119 caeteris
447 5060 565 5116 aliis
591 5058 847 5131 praestare
871 5062 1107 5129 ingenio,
1141 5070 1195 5114 et
1225 5060 1478 5114 facilitate
1501 5058 1790 5128 cogitandi,

161 5132 590 5203 quorumrvitm
622 5134 1014 5188 institutionem
1065 5132 1221 5203 multa
1264 5131 1606 5203 simplicitate
1635 5144 1663 5183 a
1696 5144 1793 5203 pa-

160 5199 378 5262 tribus
438 5202 759 5258 familiarum
811 5204 877 5258 ad
908 5218 1103 5273 pueros
1151 5202 1289 5273 filios
1333 5199 1648 5273 derivatam,
1679 5199 1795 5273 pol-

156 5280 323 5345 lere,
394 5287 726 5345 compertum
776 5271 1184 5330 csse’aflirmat.
1238 5272 1419 5343 Neque
1449 5271 1595 5327 hisce
1634 5271 1794 5327 rebus

238 5421 335 5495 (a)
368 5418 612 5495 gensule
631 5416 938 5495 Eusebium,
957 5414 1049 5470 lib.
1074 5428 1124 5468 iv
1143 5413 1280 5469 Ilist.
1308 5411 1646 5478 Ecclesiast.,
1662 5424 1781 5482 cap.

150 5488 333 5552 ιδ’οὶ
359 5489 443 5544 22
467 5506 481 5554 ;
507 5489 600 5543 lib.
624 5505 677 5552 v,
710 5504 827 5556 cap.
859 5488 912 5542 8.

236 5564 335 5638 (b)
379 5551 602 5615 Photius
633 5551 1559 5638 lib._i'_IIist._-Maniehteorum,cap.
1728 5551 1788 5635 Si

145 5623 259 5709 ηιιῖ
287 5623 493 5689 autem
527 5647 558 5709 ᾳ
584 5631 841 5709 principio
874 5629 1027 5709 velint
1058 5643 1229 5709 eorum
1258 5625 1563 5709 impietatem
1581 5623 1788 5709 Δ(Μῖξηί-

143 5694 484 5765 éhmorttm
510 5694 782 5769 videlicet)
814 5710 861 5753 et
895 5701 1026 5753 unde
1063 5699 1227 5766 prima
1254 5694 1447 5769 semina
1479 5697 1627 5769 jocta
1674 5694 1786 5769 fue-

141 5784 271 5837 rint
311 5777 647 5841 conspicere,
684 5765 925 5841 Cyrillus,
959 5770 1039 5824 cui
1065 5765 1225 5841 isaorte
1266 5766 1416 5822 Urbis
1445 5765 1787 5841 gubernacula

139 5836 351 5923 fuere,
390 5836 517 5914 ipsis
548 5846 598 5898 in
628 5836 886 5896 historiam
913 5836 1036 5895 'dttx
1073 5840 1196 5905 erit;
1242 5852 1480 5921 necnon
1526 5836 1784 5891 miraculis

1907 3284 2147 3355 epistolae
2170 3300 2326 3355 quam
2354 3284 2535 3339 Manes
2563 3284 2854 3355 Scythiauo
2881 3285 3169 3353 inscripsit,
3201 3300 3319 3355 qua:
3346 3285 3486 3339 Plio-

1909 3354 2013 3408 tius
2065 3356 2219 3410 nobis
2273 3356 2593 3419 asservavit,
2638 3354 2703 3409 ut
2745 3356 2929 3410 videre
2957 3366 3039 3410 est
3076 3354 3215 3425 apud
3257 3355 3483 3411 Fabricii

1905 3426 2141 3481 Grmcam
2168 3426 2550 3481 Bibliothecam
2580 3425 2674 3479 lib.
2703 3442 2756 3493 v,
2790 3441 2909 3497 pag.
2941 3426 3069 3481 284.

1978 3497 2100 3551 Haec
2145 3500 2320 3567 itaque
2368 3506 2491 3552 sunt
2534 3497 2845 3567 gravissima
2904 3498 2989 3551 illa
3041 3507 3310 3552 momenta
3360 3512 3480 3567 qua:

1904 3567 2207 3640 I}cansobre
2254 3569 2489 3623 animum
2534 3583 2750 3624 movere
2799 3578 3087 3640 potuerunt
3135 3577 3213 3631 ut,
3268 3569 3481 3640 rejectis

1901 3637 2109 3722 gyrilli,
2137 3637 2866 3722 llierosolymitaniepiscopi
2899 3637 3337 3722 (d),.Epiphanii,'
3374 3639 3479 3722 Titi

1902 3698 2282 3767 Bostreuorum
2315 3698 2572 3782 episcopi,
2620 3698 2924 3782 Heracliau‘i
2955 3698 3291 3780 aliorumque
3318 3698 3477 3765 iesti-

1903 3783 2116 3848 muniis,
2150 3780 2648 3837 comminisceretur
2673 3780 2937 3852 ejusmodi
2960 3783 3305 3851 epistolarum
3335 3796 3481 3836 eom-

1902 3854 2178 3923 mercium.
2213 3854 2283 3909 At
2328 3855 2447 3923 quis
2494 3867 2743 3922 umquam
2794 3852 3099 3923 affirmavit
3126 3852 3478 3922 Scythianum

1902 3921 2049 3976 illum
2088 3923 2155 3977 ad
2203 3921 2360 3992 quem
2412 3921 2612 3978 Manes
2646 3924 2928 3992 epistolam
2983 3922 3130 3976 dedit
3158 3921 3256 3992 (εἰ
3304 3930 3481 3992 tamen

1902 3940 2049 3976 mum
2088 3940 2155 3977 au
2241 3940 2360 3979 uem
2412 3940 2594 3978 manes
2646 3940 2928 3992 episwtam
2983 3940 3130 3976 aeau
3179 3940 3256 3990 (SI
3304 3940 3481 3977 tamen

1898 3994 2129 4060 genuina
2160 3940 2274 4063 sill),
2306 3993 3073 4063 eumhominemSaracenum
3096 3991 3259 4063 fuisse
3286 3990 3353 4063 de
3373 4005 3481 4058 quo

1901 4065 1950 4115 in
1982 4060 2448 4132 prmsens'agitur?
2480 4064 2531 4117 Id
2556 4078 2686 4116 sane
2716 4062 2936 4115 Photius
2960 4060 3308 4132 reticuit,_q_u_i
3337 4065 3476 4125 prae-

1900 4133 2201 4186 cedentium
2236 4128 2451 4186 Patrum
2495 4132 2747 4186 historias
2780 4140 3013 4194 secutus,
3063 4132 3155 4183 has
3186 4128 3479 4183 falsitatem

1900 4203 2151 4257 subolere
2179 4203 2316 4255 haud
2342 4202 2612 4257 indicavit.
2644 4201 2936 4255 Indicasset
2967 4209 3167 4263 tamen,
3196 4198 3241 4252 si
3262 4197 3481 4269 aliquid

1900 4288 1928 4326 a
1962 4272 2186 4327 veritate
2216 4273 2448 4326 alienum
2480 4272 2532 4326 in
2566 4272 2631 4326 iis
2661 4270 2991 4326 offendisset.
3039 4270 3101 4323 Et
3148 4268 3379 4336 quidem
3402 4269 3481 4323 al-

1902 4353 2072 4399 terum
2124 4344 2393 4398 hominem
2450 4343 2753 4405 exstitisse,
2806 4342 2894 4410 qui
2951 4341 3107 4410 vulgo
3156 4337 3479 4410 Scythianus

1899 4415 2285 4485 appellabatur,
2318 4424 2370 4468 et
2395 4416 2459 4467 ad
2491 4428 2647 4485 quem
2690 4410 3166 4485 Maneslaudatam
3193 4410 3477 4485 epistolam

1897 4481 2133 4556 scripsit,
2162 4495 2346 4540 auctor
2368 4493 2453 4541 est
2478 4483 2850 4556 Tillemonti‘u‘s
2878 4482 2972 4556 (e),
3006 4484 3093 4554 qui
3138 4481 3351 4553 quidem
3378 4481 3480 4556 mi-

1901 4552 2043 4613 nime
2072 4557 2168 4612 sibi
2209 4557 2379 4626 potuit
2412 4556 2731 4625 persuadere
2776 4552 3120 4626 ManiChaica:
3160 4552 3321 4608 Secta:
3365 4552 3485 4621 prie

1904 4644 2047 4684 mum
2089 4625 2363 4698 parentem
2409 4628 2756 4699 Scythianum
2804 4625 2977 4680 adhuc
3019 4626 3178 4681 tertio
3226 4634 3479 4699 currente

1903 4694 2158 4755 Ecclesiae
2179 4699 2379 4754 saeculo
2406 4699 2458 4753 in
2481 4694 2625 4753 vivis
2656 4708 2865 4753 exstare
2897 4699 3152 4765 pomisse,
3184 4694 3269 4749 cui
3299 4694 3481 4749 Manes

1902 4771 2163 4834 ejusmodi
2197 4771 2474 4839 epistolam
2507 4769 2693 4831 daret;
2728 4770 3021 4839 praesertim
3054 4782 3173 4820 cum
3208 4766 3250 4839 is
3280 4766 3345 4839 de
3373 4780 3480 4839 quo

1901 4844 2129 4913 agimus,
2157 4836 2439 4912 antequam
2461 4842 2598 4895 mala
2624 4836 3040 4913 morte_periret,
3059 4838 3166 4907 jam
3189 4836 3255 4889 ab
3269 4836 3480 4889 Arabiae

1899 4908 2145 4967 confiniis
2168 4908 2486 4978 recesserat,
2509 4927 2671 4983 seque
2701 4911 2753 4983 in
2784 4908 3021 4983 Judaeam
3051 4915 3353 4983 receperat,
3386 4919 3478 4957 va-

1899 4985 2005 5038 rias
2032 5000 2153 5039 cum
2186 4978 2601 5056 Mosaicmglegisj
2633 4980 2952 5056 senioribus
2980 4978 3163 5031 habuit
3201 4985 3479 5056 concerta-

1900 5057 2113 5121 tiones,
2173 5055 2260 5109 ubi
2315 5049 2541 5125 magicis
2587 5049 3139 5125 inca_ntationibus_et
3197 5049 3478 5114 praestigiis

1901 5118 2637 5197 llierosOlymitﬁanis’ludreis
2658 5121 2885 5197 illudere
2913 5118 3228 5197 conabatur.
3267 5184 3278 5197 .

1972 5185 2409 5265 Quare'laudatus
2437 5190 3031 5265 Tillemongtius‘merito
3064 5186 3201 5265 duos
3232 5185 3471 5265 ejusdem

1900 5256 2130 5324 nominis
2159 5268 2303 5322 viros
2328 5266 2655 5334 distinguere
2676 5260 2882 5327 debuit,
2910 5272 2978 5313 ne
3007 5258 3061 5312 in
3089 5256 3283 5311 malam
3318 5256 3476 5312 fidem

1895 5424 2109 5480 magnus
2138 5406 2467 5480 Eeirhacus-
2589 5470 2603 5480 .
2653 5478 2658 5480 Α
2702 5469 2737 5480 ..
2915 5479 2918 5480 ,
2977 5478 2984 5480 Α

1969 5461 2139 5552 (Scribe
2164 5461 2391 5552 bIa'uetis
2419 5469 2739 5552 sacerdotali
2771 5478 2992 5524 munere
3026 5461 3188 5518 verba
3217 5461 3476 5517 faciemus

1893 5547 2069 5623 cati-:4
2090 5549 2259 5623 Pullis
2289 5547 2485 5618 ορετίδο
2531 5612 2544 5623 .
2633 5612 2644 5623 .
2694 5612 2719 5623 -
2798 5610 2839 5623 ,η
2883 5609 2894 5621 .
2939 5607 2995 5623 .,
3032 5622 3035 5623 ,

1970 5602 2350 5693 ldinrillus;
2380 5612 2647 5693 catecltesi
2690 5612 2750 5678 6;
2798 5602 3472 5693 Epiphap.._ltrftre'§ilﬁ§;

1895 5674 2069 5759 Tiiiis,
2090 5674 2195 5746 lib.
2228 5707 2276 5753 ις
2310 5674 2674 5751 fleraclianus,
2699 5674 3149 5754 apud'Photium,
3189 5676 3240 5730 in
3274 5674 3471 5731 Biblio-

1896 5764 2071 5830 theca,
2102 5763 2224 5817 cod.
2257 5760 2345 5815 85.

1967 5834 2035 5903 (ε)
2059 5819 2395 5901 'Tillemont.,
2421 5828 2579 5885 etiam
2609 5842 2637 5882 a
2664 5825 2966 5884 Beausobre
2996 5819 3258 5879 laudatus.
