3988 6314
554 402 657 460 787

1138 398 1198 455 Ρ.
1239 397 1554 457 CACCIARI
1596 398 2185 459 EXERClTATIONES
2220 400 2285 458 ΙΝ
2322 402 2382 460 S.
2420 402 2667 464 LEONIS
2704 405 2917 465 MAGNI
2952 404 3199 464 OPERA.
3687 405 3770 466 788

553 524 650 581 SS.
704 520 810 579 PP.
841 520 931 593 qui
974 520 1248 593 Scythiani
1292 529 1437 593 gesta
1485 520 1749 593 scripsere
1804 520 2110 576 adduceret.
2143 521 2191 580 A
2218 539 2347 591 sam,
2376 536 2420 581 et
2442 527 2795 584 exsecrabilem
2821 528 3051 582 omnibus
3080 526 3306 581 haeresim
3333 526 3494 581 docet.
3524 525 3634 582 Pro
3664 527 3775 585 insa-

551 593 707 653 Unde
743 591 1081 659 Beausohre‘,
1113 592 1468 648 distinctionis
1498 591 1655 658 hujus
1688 606 1845 646 causa
1865 633 1879 655 ,
1922 607 2115 661 perpe-

550 681 667 722 ram
711 665 1107 721 Tillemontiutn
1160 663 1226 716 de
1266 661 1462 717 invidia
1506 664 1849 724 reprehendit
1894 662 2031 730 (Lib.
2074 680 2112 728 ι,

552 755 606 805 ρ,
629 737 742 806 26).
764 736 994 792 Joannes
1015 735 1429 806 Christophorus
1454 732 1529 803 (a)
1546 732 1771 806 Wolﬁus
1796 749 1925 788 sane
1942 736 1992 805 5
2012 751 2115 788 non

554 803 759 862 tantum
790 807 855 861 ad
886 806 992 861 duo
1036 805 1123 860 illa
1159 805 1503 870 epistolarum
1542 803 1839 868 lragmenta
1879 803 2119 859 ani—tuad-

553 879 733 941 vertit,
761 878 853 933 sed
883 876 947 932 de
972 876 1244 947 Scythiani
1274 875 1612 947 aetateiverba
1641 874 1859 939 faciens,
1897 890 1993 930 nec
2019 877 2116 930 Ar-

551 949 818 1013 chelaum,
846 963 946 1002 nec
966 949 1020 1001 S.
1048 946 1402 1016 Epiphanium
1428 946 1495 1000 de
1518 961 1698 999 errore
1724 948 1917 1016 arguit,
1953 954 2006 1001 et
2027 962 2119 1000 ex-

556 1035 741 1090 presse
768 1020 819 1074 iu
859 1018 1089 1090 dubium
1125 1026 1341 1073 revocat
1380 1017 1564 1090 anille
1594 1016 1913 1090 Scy_tltiauus
1943 1017 2115 1090 a_Ma-

552 1087 678 1147 nete
700 1090 949 1159 epistolas
980 1088 1226 1157 accipere
1257 1089 1507 1157 potuerit,
1535 1102 1653 1159 cum
1684 1087 1824 1142 inter
1844 1103 1937 1143 eos
1963 1088 2121 1143 Tere-

551 1158 792 1215 hinthum
830 1171 1064 1215 statuere
1108 1166 1370 1230 oporteat.
1405 1159 1592 1213 Merito
1620 1158 1793 1227 itaque
1819 1160 2119 1230 suspicatur

551 1232 775 1288 Manetis
790 1231 1069 1300 epistolam
1092 1228 1157 1285 ad
1180 1230 1697 1301 aliumScythianum
1724 1231 1897 1284 datam
1923 1228 2114 1295 fuisse;

550 1302 866 1373 quinimmo,
908 1313 959 1358 et
1002 1302 1265 1358 Manetem
1296 1301 1466 1371 ipsum
1515 1300 1832 1373 quandoque
1877 1300 2120 1369 Scythia-

550 1371 676 1427 num
708 1374 1029 1442 appellatum
1061 1384 1359 1442 asseverat;
1390 1371 1835 1439 quemadmodum
1866 1383 1914 1424 et
1948 1373 2117 1426 Beau-

549 1444 709 1499 sobre
748 1441 982 1507 fatetur,
1032 1451 1092 1498 ut
1132 1459 1247 1507 cap.
1287 1441 1321 1496 4
1370 1442 1523 1510 hujus
1563 1442 1742 1509 operis
1786 1442 1886 1508 ipsi
1929 1443 2117 1497 dicturi

549 1530 752 1569 sumus.
799 1514 915 1568 Non
958 1515 1137 1584 itaque
1176 1513 1429 1577 Wolﬁus,
1476 1512 1563 1582 qui
1611 1512 1743 1567 duos
1773 1512 2118 1568 Manichaicm

551 1584 787 1641 historia:
824 1585 990 1640 libros
1025 1600 1055 1639 a
1102 1585 1293 1640 Photio
1332 1584 1661 1649 conscriptos
1710 1585 1933 1639 eruditis
1979 1585 2119 1639 notis

550 1656 847 1721 adornavit,
883 1664 937 1709 et
967 1656 1018 1710 in
1066 1655 1236 1709 lucem
1278 1655 1462 1717 edidit,
1513 1653 1878 1725 Scythianum,
1915 1654 1982 1710 de
2012 1671 2118 1725 quo

549 1726 777 1796 agimus,
805 1740 927 1782 cum
951 1727 1121 1781 altero
1153 1726 1313 1795 (forte
1344 1724 1653 1796 recentiori)
1679 1726 2004 1796 contundere
2026 1724 2120 1780 au-

549 1811 642 1854 sus
673 1806 773 1861 est,
798 1812 918 1851 cum
949 1796 1002 1853 id
1026 1812 1093 1851 ex
1136 1796 1327 1851 Photio
1374 1812 1477 1851 non
1524 1795 1756 1864 colligat,
1799 1806 1853 1849 et
1897 1795 2117 1852 Photius

549 1868 662 1938 ipse
692 1867 991 1937 Epiphanio
1021 1866 1337 1938 suﬁ‘ragatur
1368 1884 1380 1919 :
1414 1867 1507 1922 sed
1556 1866 1766 1938 haerens
1804 1882 2114 1938 suspensus,

548 1936 617 1993 ne
643 1936 828 1993 Patres
858 1938 911 1992 in
943 1936 1526 2003 invidiam‘adduceret,
1562 1951 1694 1991 neve
1722 1936 1834 2004 ipse
1863 1936 1915 1991 in
1960 1953 2114 1993 erro-

549 2024 662 2065 rem
689 2018 987 2078 raperetur,
1015 2008 1205 2065 saltem
1232 2024 1346 2065 rem
1378 2008 1539 2063 nullis
1570 2008 1867 2063 rationibus
1887 2009 2115 2064 circum-

548 2077 798 2148 scriptam
824 2079 1069 2148 reliquit;
1098 2089 1188 2134 aut
1212 2080 1390 2134 animo
1423 2086 1619 2134 nostrae
1659 2077 1832 2147 potius
1878 2080 2115 2149 opinioni

547 2149 828 2207 suﬁ'rattari
854 2149 1054 2205 debere
1080 2150 1299 2205 censuit.

616 2221 671 2274 2.
711 2218 997 2291 Jamverog
1016 2221 1081 2275 ad
1111 2218 1509 2291 Terebinthum,
1542 2219 1817 2291 Scythiani
1844 2235 2118 2277 successo-

546 2305 684 2355 rem,
723 2290 943 2359 gradum
974 2289 1249 2352 faciamus,
1284 2290 1448 2346 multa
1478 2289 1660 2344 contra
1703 2290 2004 2347 Beausobre
2035 2293 2115 2347 di-

546 2360 862 2432 cturihujus
884 2362 1059 2431 operis
1078 2376 1195 2431 cap.
1219 2360 1271 2415 5.
1295 2361 1583 2432 Scythiano
1606 2360 1764 2427 igitur
1786 2361 1887 2416 vita
1911 2361 2112 2431 iuncto,

545 2432 659 2501 ejus
682 2430 902 2488 haeresis
922 2430 1155 2487 ntinime
1174 2430 1392 2486 interiit.
1421 2431 1525 2488 Sed
1553 2432 1727 2485 acrior
1752 2432 1900 2501 quasi
1924 2430 2111 2501 evasit,

542 2502 839 2557 ministerio
861 2502 1189 2571 Terehintlp,
1220 2518 1375 2571 quem
1404 2502 1488 2557 alii
1512 2502 1847 2570 discipulum.
1872 2503 1958 2557 alii
1986 2520 2113 2559 vero

542 2572 687 2644 illius
731 2588 944 2630 servum
982 2572 1337 2640 appellarunt.
1388 2574 1539 2628 Hunc
1594 2573 1788 2643 quippe
1836 2573 2113 2644 Scythiani

542 2643 816 2699 assiduum
858 2644 1128 2712 comitem,
1162 2644 1504 2713 omniumque
1544 2658 1856 2698 arcanorum
1900 2643 2112 2713 partici-

579 2729 663 2769 em
693 2714 878 2783 fuisse,
910 2715 1180 2773 communi
1208 2725 1442 2769 veterum
1474 2713 1577 2769 PP.
1610 2716 1961 2770 consensione
1989 2731 2113 2785 pro-

616 2794 724 2840 tum
752 2796 854 2841 est.
883 2785 985 2854 Qui
1016 2795 1135 2853 post
1166 2785 1509 2855 praceptoris
1536 2785 1827 2849 interitum,
1860 2800 1980 2841 cum
2009 2786 2105 2841 ali-

541 2856 794 2925 quamdiu
833 2857 889 2913 in
930 2857 1213 2912 Palaestina
1261 2856 1533 2923 haesisset,
1582 2870 1762 2911 secum
1820 2858 2109 2921 asuortatis

540 2925 732 2998 opibus
753 2934 810 2984 et
833 2928 1047 2996 scriptis
1069 2943 1189 2997 quae
1215 2936 1531 2982 testamento
1556 2927 1654 2998 sibi
1686 2925 2004 2998 Scythianus
2026 2944 2111 2985 re-

541 2995 786 3068 liquerat,
813 3000 865 3053 in
888 2995 1161 3054 Persidem
1188 2998 1410 3067 aufugit,
1430 2997 1567 3067 apud
1592 2995 1801 3052 viduam
1824 2999 2108 3068 quamdam

541 3065 772 3138 hospitio
796 3079 1068 3137 acceptus,
1096 3077 1151 3124 et
1178 3084 1236 3125 se
1266 3065 1500 3124 Buddam
1526 3065 1920 3136 appellarin'ut
1948 3071 2109 3124 tutius

540 3136 750 3194 lateret.
774 3136 1171 3209 Disputationes
1194 3138 1420 3209 primum
1446 3139 1627 3195 habuit
1646 3154 1763 3193 cum
1788 3139 1992 3194 Mithrre
2021 3155 2109 3195 sa-

538 3210 869 3267 cerdotibus.
909 3211 1014 3266 Sed
1044 3225 1163 3266 cum
1192 3210 1258 3265 ah
1284 3210 1473 3266 iisdem
1502 3212 1806 3277 turpissime
1833 3211 2105 3266 convictus

537 3286 593 3334 et
620 3291 902 3349 superatus
931 3281 1136 3345 fuisset,
1161 3281 1394 3337 animum
1421 3271 1613 3336 deinde
1639 3282 1704 3335 ad
1735 3281 2025 3349 praestigias
2053 3291 2106 3338 et
2132 3271 2177 3335 C

539 3352 772 3421 magicas
806 3362 969 3419 artes,
1012 3352 1352 3421 praeceptoris
1389 3352 1469 3406 sui
1500 3352 1761 3418 exemplo,
1806 3353 2102 3417 convertit;

538 3417 604 3473 iis
633 3417 847 3475 efﬁcere
888 3417 1129 3488 studens,
1172 3417 1237 3476 ne
1266 3419 1386 3490 quis
1414 3417 1668 3490 deinceps
1696 3422 1797 3477 sibi
1834 3421 2106 3477 contradi-

539 3503 665 3543 cere
691 3491 927 3548 auderet.
962 3492 1138 3560 Quare
1166 3491 1497 3560 superiorem
1524 3490 1713 3547 domus
1745 3500 1945 3559 partem
1975 3507 2106 3546 con-

539 3560 823 3625 scendens,
855 3578 884 3616 a
911 3563 1155 3617 daemone
1185 3575 1493 3631 percussus.
1526 3570 1579 3616 et
1613 3562 1665 3616 in
1696 3561 1924 3615 sublime
1943 3562 2110 3630 jacta-

541 3636 647 3700 tus,
684 3632 985 3688 miserrime
1018 3632 1237 3699 interiit,
1270 3631 1427 3686 vidua
1456 3631 1594 3699 apud
1631 3646 1789 3700 quam
1820 3632 2110 3687 diverterat

538 3698 795 3755 librorum
836 3711 891 3757 et
926 3698 1229 3757 divitiarum
1272 3698 1499 3756 hterede’
1522 3698 1675 3757 facta.
1706 3701 1857 3767 Quod
1887 3716 2015 3756 vero
2043 3702 2111 3759 ad

537 3766 797 3840 librorum
844 3780 1048 3840 spectat
1076 3772 1466 3837 hmreditatem,
1509 3770 1605 3826 hos
1634 3786 1663 3825 a
1691 3766 2010 3827 Terebintho
2057 3774 2111 3828 in

540 3837 760 3912 Perside
791 3837 1120 3912 conscriptos
1140 3841 1388 3897 Socrates
1416 3851 1708 3903 asseverat.
1737 3858 1893 3912 quem
1917 3843 2110 3900 deinde

538 3908 743 3985 Tollius
772 3908 1112 3969 secutus—est.
1144 3912 1250 3985 sed
1280 3928 1400 3967 cum
1423 3922 1631 3985 veteres
1653 3908 1771 3967 illos
1799 3913 1962 3968 libros
1982 3912 2113 3985 Scy-

539 3978 721 4037 thiauo
765 3986 1054 4052 ascribant,
1096 3985 1147 4039 in
1193 3984 1289 4038 hac
1335 3981 1483 4053 parvi
1522 3985 1775 4039 momenti
1817 3978 2112 4055 quaestione

536 4066 677 4109 nunc
706 4070 813 4109 non
842 4055 1184 4111 immorahor.

607 4120 670 4196 5.
699 4124 813 4196 Hos
848 4126 1012 4181 libros
1038 4140 1185 4196 ergo,
1218 4124 1355 4181 sicut
1383 4124 1709 4196 accepimus,
1750 4124 1902 4180 vidua
1949 4127 2108 4185 Terea

535 4191 744 4259 hinthi,
773 4210 867 4252 seu
896 4191 1321 4262 Bttddei'haares,
1357 4191 1527 4263 usque
1557 4194 1623 4250 ad
1652 4196 1852 4250 obitum
1884 4200 2021 4266 apud
2053 4214 2114 4255 se

533 4266 790 4322 servavit.
824 4268 977 4335 Quae,
1009 4282 1129 4322 cum
1170 4267 1374 4336 aliquot
1393 4266 1547 4336 annis
1576 4278 1853 4334 antequam
1882 4267 2111 4325 decede-

532 4343 617 4390 ret
645 4350 705 4391 se
734 4337 851 4392 sine
881 4334 1062 4394 liberis
1091 4351 1210 4393 esse
1238 4334 1446 4393 videret
1468 4378 1482 4399 ,
1516 4334 1800 4391 Cuhricum
1827 4339 2110 4407 quemdam

532 4418 731 4527 ﬂauere
762 4407 999 4474 Persam,
1037 4416 1349 4476 septenuem
1382 4407 1484 4463 sibi
1515 4408 1567 4461 in
1596 4407 1917 4476 mancipium
1960 4410 2108 4466 emit.

584 4491 688 4527 unt:
712 4489 832 4527 cum
862 4488 1045 4527 postea
1067 4477 1315 4527 libertate
1339 4477 1612 4527 donasset.
1646 4478 1929 4527 Persarum
1952 4480 2108 4527 disci.

584 4491 688 4553 unc
712 4489 832 4553 cum
862 4488 1045 4547 postea
1067 4477 1315 4553 libertate
1339 4477 1624 4553 donasset,
1645 4478 1929 4553 Persarum
1952 4480 2113 4553 disci-

535 4542 694 4611 plinis
716 4542 943 4615 primum
965 4546 1313 4604 erudiendum
1338 4547 1563 4604 curavit.
1594 4542 1793 4604 Deinde
1814 4563 1918 4602 non
1942 4552 2110 4606 multo

2225 596 2308 648 nia
2339 597 2516 668 itaque
2543 598 2733 665 Grzrci,
2768 607 2823 652 ut
2849 614 2917 653 ex
2947 614 3011 652 eo
3039 596 3259 653 Manetis
3290 598 3505 653 nomine
3537 598 3771 657 irridendi

2222 668 2555 739 occasionem
2579 671 2896 739 arriperent,
2922 668 3054 723 illud
3079 670 3405 735 interpretati
3428 678 3573 736 sunt,
3598 677 3662 725 ut
3682 682 3772 735 post

2224 736 2780 812 Eusebiuanyrillus
2828 740 3340 812 Hierosolymitanus
3378 740 3536 793 etiam
3572 750 3772 799 testatus

2220 816 2302 861 est
2323 807 2340 879 (
2360 808 2565 863 Catech.
2597 807 2685 881 6),
2710 813 2902 880 quibus
2936 807 3125 865 deinde
3153 811 3209 867 S.
3242 810 3568 879 Augustinus
3598 812 3769 867 suﬁ‘ra-

2219 889 2388 943 gatur.
2423 881 2589 948 Quam
2628 883 2837 949 quidem
2872 881 3099 935 infamia:
3131 890 3307 935 notam
3338 882 3509 944 vitare
3551 883 3769 941 volentes

2222 950 2442 1022 Manetis
2471 952 2733 1020 discipuli,
2762 953 3021 1020 producto
3044 954 3300 1007 vocabulo
3324 952 3676 1006 Mauichreum
3698 972 3767 1022 ap-

2222 1021 2501 1087 pellarunt,
2538 1024 2709 1077 littera
2749 1024 2809 1076 N.
2845 1024 3130 1091 geminata.
3168 1022 3512 1075 Manichteum
3542 1023 3656 1091 (ait
3688 1021 3770 1081 Au-

2218 1092 2461 1165 gustiuus
2496 1094 2633 1165 (Lib.
2672 1096 2733 1147 de
2766 1093 3077 1156 eresibus,
3112 1110 3226 1159 cap.
3271 1093 3363 1159 Δ46)
3396 1094 3645 1161 discipuli
3672 1098 3771 1165 ejus

2220 1164 2476 1230 appellare
2508 1164 2822 1228 maluerunt,
2852 1166 3126 1217 devitantes
3156 1180 3335 1217 nomen
3365 1164 3600 1218 insaniat.
3655 1164 3771 1221 Unde

2220 1233 2425 1294 quidam
2465 1234 2521 1303 6
2547 1252 2721 1288 eorum
2748 1236 2891 1304 quasi
2937 1234 3207 1295 doctiores,
3251 1243 3296 1286 et
3340 1251 3395 1286 εο
3427 1236 3538 1298 ipso
3584 1238 3770 1290 menda-

2221 1304 2401 1367 ciores,
2431 1306 2688 1376 geminata
2729 1306 2897 1359 littera
2926 1305 2999 1359 Ν.
3036 1304 3086 1357 Μ
3097 1304 3377 1357 αηὶεΙιιτωη
3404 1317 3608 1376 t'ocimt,
3658 1310 3771 1376 quasi

2222 1375 2460 1427 mannant
2500 1376 2811 1443 fundentem.
2845 1376 2950 1432 Sed
2978 1377 3115 1445 apud
3150 1376 3368 1440 Persas,
3402 1375 3706 1439 Chaldznos.
3730 1390 3769 1433 et

2221 1446 2385 1511 Syros
2442 1446 2711 1515 quidpiam
2768 1448 3013 1513 honoris,
3070 1462 3175 1499 non
3232 1447 3607 1511 contumelia},
3666 1448 3766 1503 illud

2220 1516 2534 1570 vocabulum
2577 1520 2840 1572 indicasse
2885 1518 3112 1579 Caveus,
3156 1532 3218 1570 ex
3259 1516 3448 1571 eodem
3502 1516 3697 1586 Cyrilla
3727 1530 3766 1574 et

2222 1586 2520 1655 Epiphanio
2559 1588 2813 1643 ostendit.
2860 1589 2989 1642 Nam
3019 1588 3195 1641 Persa:
3234 1601 3330 1653 pro
3374 1602 3627 1642 sermone
3667 1589 3762 1644 illud

2220 1658 2519 1728 sumebant,
2544 1674 2664 1714 cum
2695 1660 2952 1728 itupostor
3001 1659 3090 1712 ille
3119 1656 3379 1725 insignem
3404 1672 3512 1724 prae
3541 1673 3602 1713 se
3635 1660 3763 1715 ferret

2221 1727 2573 1791 dialecticam,
2600 1740 2652 1785 et
2678 1727 2911 1784 Chaldaei
2943 1738 2997 1784 et
3026 1729 3146 1798 Syri
3182 1728 3306 1781 illud
3339 1744 3425 1781 uas
3458 1729 3759 1793 interpretati

2222 1808 2373 1865 sunt;
2419 1801 2569 1869 quasi
2610 1800 2833 1862 scilicet,
2877 1800 2941 1853 ad
2972 1800 3137 1854 instar
3166 1799 3333 1852 sancti
3366 1799 3507 1869 Pauli
3550 1814 3609 1853 se
3644 1818 3714 1855 vas
3736 1816 3759 1855 a

2154 1894 2197 1953 Β
2225 1870 2333 1953 Deo
2367 1868 2765 1953 electuntoesse,
2789 1871 3182 1953 sacrilegusnet
3209 1884 3394 1953 amens
3424 1868 3583 1950 homo
3622 1872 3757 1940 signi-

2222 1940 2383 1996 ﬁcare
2412 1943 2656 1996 voluerit.
2685 1942 2766 1996 Ab
2789 1941 2869 1995 his
2891 1939 3021 2011 ergo
3043 1940 3212 1995 tribus
3234 1939 3505 2011 sacrilegis
3535 1941 3751 2007 imposta

2219 2012 2387 2083 ribus.
2424 2013 2715 2083 Scythiano
2751 2010 3021 2083 videlicet,
3052 2010 3410 2083 Terehintho,
3455 2020 3503 2063 et
3529 2011 3747 2083 macte,

2218 2080 2532 2137 diabolicatu
2559 2086 2692 2138 hanc
2710 2093 2907 2138 sectam
2932 2081 3189 2151 originem
3222 2080 3438 2135 duxisse
3455 2080 3744 2136 su'ﬁcienter

2219 2153 2447 2208 arbitror
2474 2155 2815 2223 explicatum.
2847 2154 2976 2220 Quae
3007 2167 3133 2207 vero
3154 2152 3220 2206 de
3246 2151 3393 2223 hisce
3422 2151 3562 2223 variis
3586 2151 3736 2205 Mane-

2219 2224 2285 2279 tis
2308 2221 2627 2289 nominibus,
2663 2225 2958 2292 horumque
2985 2222 3351 2293 etymologiis;
3381 2237 3505 2293 qua;
3523 2221 3586 2275 de
3609 2223 3739 2290 hujus

2217 2295 2405 2363 patria,
2432 2296 2704 2359 institutis,
2732 2304 2887 2363 atque
2910 2292 3217 2347 muneribus
3239 2294 3452 2361 copiose
3480 2292 3746 2347 Beausohre

2216 2366 2456 2434 scripsit.
2501 2368 2671 2435 capite
2697 2367 2811 2420 δἐι
2837 2364 2871 2419 4
2897 2364 3051 2433 hujus
3081 2365 3257 2431 operis
3285 2364 3351 2416 ad
3381 2379 3600 2435 examen
3625 2378 3752 2435 reru-

2215 2448 2336 2490 care
2367 2437 2515 2491 nobis
2538 2434 2670 2506 opus
2695 2436 2823 2501 erit;
2858 2446 2912 2489 ut
2941 2436 3187 2489 nimirum
3216 2434 3602 2506 quamplurima
3624 2434 3751 2501 hujus

2215 2508 2491 2574 scriptoris
2520 2504 2794 2577 nugatoria
2816 2512 3123 2577 argumenta
3144 2513 3200 2577 et
3221 2504 3560 2577 conjecturas
3589 2506 3752 2577 eripia-

2216 2591 2360 2642 tnus;
2392 2587 2445 2633 et
2476 2592 2570 2645 pro
2599 2575 2800 2633 viribus
2830 2588 3068 2632 veterum
3096 2575 3197 2630 PP.
3229 2575 3536 2629 Latinomm
3560 2585 3609 2628 et
3634 2575 3755 2630 Gra-

2213 2660 2396 2701 eorum
2430 2649 2789 2713 traditionem,
2818 2650 3090 2717 antiquam
3131 2646 3380 2699 Ecclesia:
3414 2646 3751 2712 disciplinam,

2213 2726 2267 2788 et
2294 2718 2676 2774 catholicorum
2717 2720 3037 2788 scriptorum
3076 2717 3481 2788 persuasionem
3522 2727 3751 2788 tueamur.

2212 2787 2360 2843 Tunc
2383 2805 2510 2844 vero
2539 2800 2792 2855 quantum
2822 2786 2935 2845 suis
2963 2788 3183 2852 studiis,
3216 2796 3271 2842 et
3304 2786 3613 2842 acatholicze
3650 2786 3749 2840 reli-

2210 2860 2382 2928 gionis
2423 2861 2694 2930 partibus,
2742 2859 3045 2916 Beausohre
3094 2858 3407 2925 indulserit,
3465 2858 3749 2912 luculentius

2212 2931 2591 3000 patefacietuus
2605 2973 2618 2987 .

2797 3000 3064 3058 CAPUT
3102 2999 3176 3055 ll.

2214 3090 2325 3158 Quo
2353 3100 2574 3160 tempore
2600 3092 2921 3163 potissimum
2946 3091 3239 3163 Manessua
3267 3092 3511 3163 dogmata
3540 3090 3586 3143 in
3609 3089 3752 3163 urbem

2279 3178 2518 3233 spargere
2543 3160 2763 3233 coeperit.
2799 3163 2857 3217 S.
2891 3160 3073 3215 Leonis
3108 3161 3285 3233 Magni
3294 3162 3326 3233 ί
3338 3160 3370 3215 ὖ
3392 3163 3411 3232 )
3436 3162 3752 3233 testimonium

2278 3230 2581 3299 illustratur,
2616 3230 2665 3286 et
2697 3233 2759 3287 de
2787 3234 2941 3287 nimia
2973 3230 3242 3297 oscitantia
3283 3230 3591 3288 Paschasius
3618 3230 3759 3295 Ques-

2280 3304 2441 3357 nelius
2472 3304 2805 3359 convincitur.

2282 3422 2331 3475 1.
2374 3421 2450 3475 Ex
2488 3420 2705 3475 homine
2734 3421 2842 3475 vita
2873 3419 3213 3486 moribusque
3253 3419 3498 3486 barbaro,
3530 3419 3609 3473 cui
3643 3432 3758 3473 acre

2208 3500 2321 3547 erat
2350 3492 2638 3559 ingenium,
2664 3505 2973 3558 summaque
2996 3505 3113 3545 cum
3144 3491 3471 3545 daemonibus
3500 3490 3761 3543 familiari-

2210 3569 2309 3625 tas,
2340 3567 2534 3631 quique
2555 3564 2737 3626 etiam,
2760 3562 2827 3615 ob
2853 3561 3145 3615 dialecticm
3167 3562 3406 3625 abusum,
3438 3560 3755 3631 sermonibus

2211 3629 2677 3701 suos'decipiebat
2733 3633 3036 3699 auditores,
3089 3632 3301 3686 nonnisi
3342 3631 3465 3684 mala
3510 3629 3751 3701 nequitia:

2210 3703 2446 3771 germina
2487 3700 2615 3759 oriri
2645 3712 2913 3772 poterant;
2946 3718 3064 3770 qua:
3096 3702 3148 3755 in
3188 3701 3529 3757 Christianum
3564 3700 3761 3772 (orbem

2210 3770 2532 3842 eruperunt,
2576 3770 2788 3843 quando
2813 3773 2920 3842 jam
2944 3772 3002 3829 S.
3037 3772 3182 3827 Felix
3215 3773 3463 3827 Romanae
3489 3770 3632 3843 sedis
3650 3770 3764 3843 (cla—

2211 3858 2331 3897 vum
2360 3841 2605 3901 tenebat.‘
2626 3845 2680 3899 Id
2708 3841 2846 3899 inter
2865 3854 3090 3898 czeteros
3126 3843 3338 3912 scripsit
3370 3842 3621 3912 Eusebius
3650 3841 3760 3912 loco

2210 3916 2454 3985 superius
2481 3915 2693 3970 laudato
2722 3914 2882 3985 (Hist.
2910 3913 3106 3968 Eccles.
3136 3910 3348 3975 libﬁvn,
3375 3928 3486 3983 cap.
3512 3911 3575 3985 37
3596 3910 3766 3985 ).Qna_

2211 3983 2263 4037 in
2294 4000 2371 4049 re,
2405 4001 2507 4039 non
2532 3987 2660 4041 satis
2684 3982 2985 4041 accuratam
3011 3999 3130 4040 esse
3157 3985 3479 4038 arbitrantur
3508 3982 3766 4038 Guillehni

2210 4054 2369 4110 Cavei
2402 4056 2837 4127 Chronologiam,
2884 4056 2973 4126 qui
3017 4056 3172 4124 hujus
3220 4055 3498 4127 hereseos
3524 4053 3671 4127 initia
3705 4050 3769 4106 ab

2210 4139 2350 4180 anno
2393 4124 2495 4180 277
2544 4124 2830 4194 repetenda
2877 4124 2997 4182 esse
3051 4134 3340 4180 asseverat.
3394 4124 3541 4179 Felix
3588 4124 3772 4191 quippe

2210 4198 2542 4251 renuntiatus
2589 4196 2686 4252 fuit
2729 4196 2963 4265 pontifex
3010 4211 3150 4251 anno
3189 4195 3316 4255 270,
3349 4196 3504 4249 annis
3549 4197 3770 4264 quinque

2211 4266 2487 4321 dumtaxat
2517 4268 2777 4336 regnavit,
2809 4278 2860 4321 et
2890 4268 3021 4322 obiit
3049 4267 3338 4321 Aureliano
3372 4267 3692 4335 imperante,
3721 4273 3773 4318 ut

2211 4351 2276 4391 ex
2307 4337 2667 4392 Romanorum
2701 4338 3005 4404 pontiﬁcum
3037 4337 3231 4392 tabulis
3274 4345 3435 4399 atque
3483 4336 3735 4404 catalogis
3755 4375 3769 4397 ,

2211 4422 2330 4479 eum
2382 4408 2660 4479 Dionysius
2705 4408 2985 4475 Petavius,
3029 4407 3129 4477 (c)
3168 4418 3279 4479 tum
3324 4407 3661 4479 clarissimus
3700 4405 3774 4457 vir

2214 4476 2530 4533 Franciscus
2569 4479 2909 4545 Blanchinus,
2945 4476 3131 4533 exacte
3175 4478 3481 4545 probarunt.
3530 4476 3639 4531 Sed
3669 4489 3775 4529 eam

2212 4548 2459 4603 haeresim
2490 4551 2655 4603 multo
2682 4560 2799 4618 post
2838 4551 3114 4619 erupisse,
3149 4548 3365 4619 minime
3410 4547 3662 4619 iudicare
3694 4559 3779 4610 ιον

533 4616 1430 4701 postelvitadecedeus,_cunctas
1465 4617 1752 4701 If‘aeul‘tates
1792 4632 1913 4701 cum
1957 4620 2106 4678 libris
2134 4641 2187 4701 D
2215 4630 2316 4700 test
2346 4619 2556 4701 celebre
2582 4616 2847 4701 quoddam
2886 4616 3053 4701 sancti
3092 4618 3285 4701 Leonis
3317 4618 3492 4701 Magni
3525 4617 3777 4701 _t_t-stimof

531 4681 565 4737 a
586 4681 911 4763 Ierebintho
930 4687 1067 4754 apud
1087 4681 1440 4758 se‘depositis,
1462 4688 1691 4763 (lubrico
1707 4704 1773 4744 ex
1790 4697 2106 4763 testamento

532 4752 766 4825 reliquit.
796 4754 852 4810 In
879 4752 1023 4812 tanto
1052 4773 1197 4826 ergo,
1228 4752 1443 4827 tamque
1465 4758 1677 4813 sublimi
1700 4774 1966 4827 prosperae
1993 4762 2105 4817 for-

532 4830 681 4898 tunae
712 4834 853 4898 statu
898 4828 1240 4898 constitutus,
1281 4830 1671 4898 praecedentem
1699 4843 1810 4886 suae
1841 4832 2109 4888 servitutis

529 4894 893 4968 conditionem
940 4894 1249 4968 exhorruit,
1281 4894 1353 4955 ac
1391 4898 1616 4955 subinde
1659 4906 1857 4956 veritus
1896 4916 1963 4956 ne
2005 4905 2107 4959 sibi

529 4966 749 5046 cederet
774 4969 825 5025 in
853 4966 1683 5046 opprobrium,'rejectoACubrici
1714 4972 1948 5046 notitiae,
1979 4974 2105 5030 illud

527 5035 672 5111 aliud
699 5035 1053 5111 Maneti’s'sibi
1091 5035 1401 5111 assumpsit.
1447 5041 1584 5109 Quid
1616 5057 1742 5097 vero
1770 5041 1911 5097 istud
1934 5035 2107 5100 'voca-

528 5106 711 5184 bulum
755 5111 892 5184 apud
938 5109 1157 5184 Graecos
1198 5106 1532 5184 potissimum
1581 5113 1874 5184 signiﬁcet,
1928 5116 2107 5183 paucis

526 5175 1102 5257 descripsi—[Eusebius
1122 5175 1465 5257 Caisariensis
1486 5175 1667 5257 dicen's
1689 5182 1839 5257 (Lib.
1863 5175 1941 5239 vn"
1956 5184 2098 5243 Hist.

526 5242 775 5326 Eccl.,'c.
799 5250 866 5305 27
885 5249 944 5326 )_:
978 5254 1087 5321 Quo
1112 5264 1335 5326 tempore
1360 5253 1540 5326 Manes
1564 5242 1792 5325 quidam,
1825 5258 2105 5312 secundum

525 5334 709 5373 nomen
752 5321 1034 5391 insaniens,
1067 5334 1113 5377 et
1141 5321 1377 5379 instinctu
1418 5321 1662 5379 dmizonis
1697 5327 1940 5397 agitatus,
1971 5328 2102 5381 invi-

563 5455 673 5539 ,(9)
698 5456 944 5539 Wolﬁus.
979 5460 1031 5539 in
1064 5462 1205 5539 notis
1230 5462 1299 5539 ad
1324 5476 1443 5539 cap.
1487 5463 1554 5520 ιε
1580 5463 1685 5539 _lib.
1708 5479 1734 5539 _l
1760 5475 1965 5539 contra_
1987 5464 2094 5519 Ma-

524 5527 763 5605 nichacus
803 5544 832 5605 a
868 5527 1061 5585 Photio
1102 5534 1307 5601 scripti,
1342 5532 1499 5588 habet
1531 5551 1544 5587 :
1577 5535 1922 5605 Scythianum
1954 5535 2097 5589 hunc

523 5596 591 5651 ad
621 5601 985 5678 apostolorum
1020 5596 1258 5678 tempora
1399 5596 1682 5669 Archelad,
1715 5606 1809 5678 lib.
1840 5620 1876 5669 ι,
1908 5605 2096 5678 referri

525 5671 721 5745 merito
769 5671 1021 5745 mireris,
1055 5671 1173 5728 cum
1218 5676 1389 5745 ipsius
1444 5678 1679 5731 narratio
1726 5676 1917 5730 inferat
1961 5676 2097 5732 inter

524 5735 875 5821 Scythiauum
899 5735 1438 5821 etyanetem'unum
1470 5754 1674 5821 tantum
1711 5746 2096 5821 Terebinthutn

526 5810 923 5887 primum-illius
947 5812 1266 5887 discipulum
1297 5816 1690 5887 intercessisse,
1714 5817 1755 5871 si
1783 5815 1918 5887 forte
1938 5826 2096 5872 aetate

529 5879 840 5957 provectior
870 5879 1047 5947 fuerit,
1082 5879 1265 5941 videre
1307 5886 1560 5953 potuerit,
1599 5885 1652 5940 id
1677 5879 1833 5955 quod
1878 5900 2095 5956 persua-

2214 4691 2381 4757 nium,
2407 4706 2513 4760 quo
2536 4692 2675 4744 inter
2700 4690 3119 4745 concionandum
3165 4688 3449 4742 afﬁrmavit
3475 4704 3491 4741 :
3524 4688 3782 4760 Manetem

2213 4776 2278 4816 co
2316 4757 2554 4829 tempore
2584 4760 2942 4815 damnandum
2974 4761 3283 4820 innotuisse.
3318 4775 3416 4827 quo
3446 4768 3569 4827 post
3609 4757 3784 4811 Resur-

2214 4832 2484 4885 rectionem
2518 4830 2720 4885 Domini
2757 4831 3129 4885 ducentesima:
3165 4839 3210 4883 et
3251 4832 3607 4899 sexagesimus
3636 4842 3789 4882 annus

2215 4900 2447 4973 impletus
2474 4911 2568 4967 est,
2600 4901 2767 4956 Probo
2794 4904 3096 4973 imperatore
3124 4899 3443 4973 Paulinoque
3468 4900 3788 4973 consulis“,

2215 4970 2329 5045 cuin
2368 4980 2542 5045 octava
2572 4976 2684 5045 jam
2719 4973 2774 5026 in
2814 4970 3132 5045 Christianos
3179 4972 3457 5045 persecutio
3478 4970 3786 5045 Adeswriret.

2214 5044 2295 5098 Ad
2324 5044 2462 5115 quod
2490 5041 2694 5115 quippe
2717 5043 3076 5115 t_estituonium
3108 5042 3426 5115 Paschasius
3464 5041 3795 5115 Quesnellus

2214 5110 2645 5169 animadvertetis
2675 5112 2860 5179 (Tom.
2898 5112 2940 5179 l,
2970 5114 3025 5167 in
3050 5113 3180 5166 notis
3209 5112 3273 5164 ad
3303 5128 3453 5165 serm.
3498 5112 3539 5165 2
3567 5112 3635 5164 de
3665 5110 3792 5163 Pen-

2211 5195 2411 5250 tecoste,
2444 5195 2549 5240 not.
2580 5185 2632 5253 1,
2665 5183 2720 5250 2,
2753 5183 2822 5255 ὃ)
2845 5226 2858 5250 ,
2894 5184 3176 5255 plurimum
3215 5183 3427 5255 negotii
3454 5192 3513 5255 ut
3562 5184 3760 5237 faceret
3781 5222 3794 5245 ,

2213 5257 2313 5312 tria
2356 5257 2687 5324 potissimum
2733 5253 3024 5309 annotavit.
3070 5254 3303 5324 Primum
3344 5253 3611 5308 videlicet
3656 5267 3799 5305 men-

2210 5326 2335 5381 dum
2361 5323 2437 5381 ibi
2467 5326 2687 5382 subesse
2713 5326 2972 5397 suspicari
2999 5340 3026 5377 a
3058 5323 3312 5394 Dionysio
3335 5324 3588 5390 Petavio,
3625 5324 3683 5378 in
3714 5336 3798 5375 an-

2205 5463 2334 5518 dere
2365 5464 2517 5518 uobis
2546 5472 2751 5533 poterat
2780 5461 3134 5531 fragmentum
3163 5461 3401 5533 epistola:
3424 5459 3491 5513 ad
3539 5459 3799 5532 Scythia-

2204 5550 2355 5599 num,
2382 5531 2700 5590 modo—idem
2727 5534 2771 5588 is
2793 5548 2911 5590 cum
2940 5542 3123 5587 nostro
3147 5533 3235 5595 sit,
3261 5547 3288 5584 a
3320 5531 3539 5585 Manete
3562 5531 3801 5597 scripta.

2204 5605 2343 5689 quod
2379 5606 2544 5660 habes
2557 5606 2704 5689 apud
2728 5605 2797 5660 cl.
2823 5604 3125 5660 Fabricium
3159 5604 3210 5657 in
3236 5601 3584 5657 Biblimheca
3619 5602 3806 5659 Grzeca

2203 5677 2296 5819 Ιώ(
2412 5676 2884 5872 ἓἾείιὲἒῖῘθᾶηιιε,
2919 5760 3080 5802 serm.
3106 5744 3171 5800 de
3194 5743 3525 5800 Pentecoste
3560 5744 3625 5809 3,
3653 5759 3705 5799 c.
3732 5742 3785 5796 ι.

2277 5818 2367 5872 (cl
2414 5818 2679 5872 Petavius.
2763 5818 3022 5872 ationario
3056 5826 3349 5872 temporum
3380 5823 3519 5869 tom.
3558 5815 3632 5870 ll.

2277 5815 2367 5889 (c)
2414 5818 2679 5885 Petavius,
2713 5815 3022 5874 Rationario
3056 5826 3349 5887 temporum
3380 5823 3519 5869 tom.
3558 5815 3632 5870 ll.
