3988 6314
293 290 403 349 789

1053 289 1144 347 DE
1180 287 1699 348 ιιΑΝιοιιιΕοιιυιι
1738 287 2016 346 ιιιιειιεει
2041 240 2145 345 ἰέτ
2184 288 2505 349 HISTORIA
2541 293 2668 350 ua.
2712 290 2751 351 ι.

3456 303 3561 361 790

297 406 663 463 natationibus
691 406 758 463 ad
788 405 1165 485 Epiphaniam,
1210 421 1330 477 pag.
1375 406 1510 485 237,
1543 414 1598 485 et
1632 419 1728 473 pro
1769 418 1870 458 nu-
1896 403 1953 463 Ἀ
1983 402 2120 485 inter
2147 412 2200 485 et
2220 404 2445 485 Romam
2489 414 2632 460 tanta
2668 407 2908 485 locorum
2940 408 3191 485 distantia
3228 410 3520 485 intercedat
3542 464 3557 485 ,

294 495 447 534 mero
476 494 630 539 ccu.
678 479 934 533 translato
978 494 1201 533 numero
1233 493 1365 542 uno,
1405 478 1687 547 legendum
1718 491 1869 531 ccxt.

293 550 453 605 Ratio
481 563 564 604 est
592 550 731 619 quod
767 550 924 604 Probi
957 560 1012 604 et
1042 550 1245 604 Paulini
1274 551 1581 604 consulatus
1608 548 1792 602 incidit
1819 547 1870 600 in

294 638 493 676 annum
528 621 642 675 fere
666 620 864 676 Cbristi
892 620 993 674 277
1032 622 1083 675 in
1112 635 1235 675 aera
1278 622 1631 686 Dianysiana,
1664 633 1770 686 quo
1807 632 1873 672 ex

295 710 522 748 numero
552 694 615 747 5i
637 732 654 758 ,
697 693 886 759 inquit,
918 693 1072 747 annis
1101 692 1365 757 deductis,
1396 691 1502 746 246
1532 692 1656 745 anni
1687 691 1876 759 reliqui

292 774 418 818 sunt
447 765 514 819 ab
542 765 845 818 Ascanione
875 763 1105 819 Domini.
1153 764 1228 819 Ita
1254 779 1319 820 ex
1351 763 1565 817 Petale
1592 761 1876 816 ratiocina-

295 844 385 889 tur
414 837 731 901 Quesnellus
758 836 879 891 cod.
906 834 1231 891 Oxoniensis
1255 835 1570 889 auctoritate
1598 834 1871 898 insistens,

295 916 608 974 sequentem
631 906 786 962 Rom.
829 922 974 961 num.
1001 921 1099 962 cet.
1133 906 1458 960 exbibentis.
1488 905 1649 975 Cujus
1676 906 1876 960 erroris

295 992 511 1032 causam
542 980 593 1031 in
625 979 1004 1049 typograpbas,
1046 986 1138 1031 aut
1170 980 1221 1031 in
1253 992 1609 1032 amanuenses
1646 990 1767 1031 esse
1791 989 1872 1029 re-

289 1049 602 1119 jiciendam,
632 1050 740 1118 jam
770 1050 1023 1118 pleraque
1054 1049 1171 1103 Vat.
1208 1064 1337 1103 mss.
1370 1049 1722 1119 exemplaria,
1753 1060 1871 1115 quas

294 1118 363 1175 ad
391 1122 683 1189 marginem
706 1120 808 1189 ipsi
832 1119 1205 1174 annotabimus
1229 1121 1508 1189 perspicue
1530 1118 1874 1189 patefaciunt.

294 1188 527 1275 Codices
544 1192 593 1275 7
626 1188 860 1275 namque
889 1191 1082 1275 qpibus
1110 1190 1176 1244 ad
1208 1191 1265 1246 S.
1300 1188 1493 1245 Leonis
1511 1188 1683 1260 Opera
1718 1188 1877 1275 easti-

293 1265 469 1331 ganda
496 1261 579 1318 usi
608 1278 792 1317 sumus
822 1262 1089 1316 laudatam
1136 1277 1398 1315 annorum
1430 1276 1696 1315 summam
1728 1261 1875 1314 litte-

294 1349 473 1388 rarum
519 1334 799 1388 elementis
842 1332 1059 1387 minime
1098 1332 1440 1396 describunt,
1486 1332 1579 1386 sed
1609 1332 1748 1385 notis
1776 1346 1875 1384 nu-

295 1406 531 1469 mericis,
563 1419 696 1473 quas
741 1405 966 1458 Romani
998 1418 1208 1471 semper
1258 1406 1310 1456 in
1353 1418 1541 1457 eorum
1572 1403 1789 1457 calculis
1824 1412 1880 1457 et

294 1477 769 1545 supputationibus
817 1473 1146 1535 adhibuete,
1193 1474 1491 1545 designant.
1542 1474 1789 1545 Profecto
1834 1473 1875 1527 si

295 1546 389 1601 ille
406 1544 681 1601 annorum
708 1561 987 1610 numerus,
1021 1556 1073 1599 ut
1100 1546 1150 1598 in
1193 1545 1422 1615 vulgatis
1447 1544 1505 1600 S.
1538 1544 1735 1598 Leonis
1764 1559 1878 1598 scr-

298 1618 551 1671 monibus
597 1617 950 1685 cxprimitur,
1010 1617 1353 1678 subsisteret,
1402 1617 1511 1683 jam
1563 1617 1717 1683 plane
1769 1624 1876 1669 tota

296 1688 620 1741 Christianae
661 1699 712 1743 et
755 1687 926 1742 civilis
967 1687 1043 1741 rei
1094 1686 1437 1754 chronoltrgia
1486 1701 1696 1753 pessum
1752 1688 1869 1739 iret.

297 1758 434 1812 Nam
481 1760 661 1814 Manes
701 1758 1030 1813 damnandus
1063 1772 1165 1810 non
1216 1758 1532 1810 innotuisset
1574 1756 1674 1809 ttisi
1720 1757 1877 1809 tertio

304 1829 589 1884 liccclesite
620 1830 814 1884 sarculo
844 1840 1101 1893 exeunte,
1143 1843 1284 1880 anno
1317 1827 1562 1881 videlicet
1603 1841 1631 1879 a
1660 1825 1875 1881 Cbrisw

299 1910 429 1951 tato
468 1900 837 1955 ducentesimo
882 1898 1226 1966 nonagesimo
1268 1898 1469 1963 primo;
1513 1897 1728 1966 quando
1766 1898 1875 1965 jam

292 1984 402 2021 non
454 1968 657 2025 Probus
710 1981 761 2023 et
795 1968 1064 2032 Paulinus,
1102 1970 1196 2023 sed
1239 1967 1299 2022 C.
1331 1967 1520 2021 Junius
1556 1967 1876 2024 Tiberianus

290 2048 348 2093 ct
377 2037 595 2095 Cassius
627 2041 720 2094 Dia
764 2040 1098 2094 consulatum
1130 2040 1375 2108 agebant.
1410 2040 1516 2093 Sed
1553 2047 1663 2093 tum
1694 2039 1876 2096 Mane-

289 2118 399 2163 tem
433 2114 574 2179 regis
598 2111 879 2166 Persarum
923 2110 1142 2165 decreto
1184 2111 1293 2179 iam
1327 2110 1491 2165 luisse
1536 2110 1876 2167 interfectum

286 2182 410 2251 quis
440 2183 635 2249 poterit
660 2183 937 2251 ignorare?

362 2250 414 2323 2.
445 2250 699 2308 Alterum
720 2253 862 2323 quod
889 2253 1165 2307 annotavit
1192 2252 1546 2319 Quesnellus,
1581 2251 1741 2323 lippis
1764 2263 1878 2308 tan-

290 2322 617 2393 soribusque
648 2322 988 2395 perspectum
1019 2334 1121 2379 est.
1165 2325 1275 2379 Nec
1302 2324 1445 2379 enim
1470 2322 1880 2395 intereruditos

290 2404 376 2466 est
402 2396 492 2461 qui
526 2394 737 2466 ignoret
761 2395 993 2451 Probum
1020 2405 1074 2451 et
1104 2395 1379 2466 Paulinum
1427 2394 1529 2449 nisi
1562 2404 1681 2463 post
1708 2399 1877 2451 Aure-

292 2464 420 2519 liani
450 2464 790 2536 imperatoris
821 2482 1008 2522 necem
1043 2465 1351 2522 consulatus
1390 2467 1646 2519 honorem
1676 2476 1730 2521 et
1758 2482 1877 2521 mu-

293 2552 396 2590 nus
434 2536 598 2593 fuisse
638 2548 943 2602 as:ccutos;
995 2538 1241 2605 istndque
1278 2552 1395 2592 esse
1438 2537 1782 2605 rejiciendum
1822 2538 1877 2592 in

290 2606 489 2662 Christi
534 2623 730 2663 annum
770 2609 897 2674 277,
942 2616 1001 2663 ut
1028 2607 1231 2663 Petavii
1273 2608 1465 2663 tabulae
1512 2608 1879 2673 deelarant,et

294 2677 604 2735 Beausobre
630 2684 786 2734 etiam
819 2680 1013 2735 fatetur
1045 2680 1098 2734 in
1128 2696 1221 2733 sua
1247 2682 1409 2749 priori
1445 2686 1591 2747 parte
1618 2679 1685 2734 de
1710 2680 1877 2734 Mani-

290 2750 567 2805 cbawrum
599 2752 821 2806 historia
842 2793 855 2816 ,
890 2762 947 2806 ut
991 2752 1043 2805 iu
1073 2761 1263 2819 quarto
1307 2753 1548 2820 sequenti
1577 2765 1721 2821 cap.,
1748 2766 1878 2806 con-

290 2822 625 2890 gressionem
670 2837 794 2877 cuin
849 2837 913 2877 ea
974 2822 1246 2887 habituri,
1309 2821 1630 2876 videbimus.
1687 2821 1878 2877 Nescio

294 2900 471 2947 tamen
506 2909 612 2963 qua
650 2893 994 2948 fundamento
1031 2893 1349 2959 Quesnellus
1389 2892 1675 2963 subjecerit
1713 2894 1879 2946 carri-

291 2965 497 3031 gendos
526 2962 646 3020 esse
669 2964 857 3019 Fastos
878 2964 1204 3019 Consulares
1226 2962 1554 3025 Cassioduti,
1578 2971 1670 3017 aut
1699 2963 1880 3017 Eccle-

291 3035 539 3091 siasticas
586 3036 855 3103 Annales,
890 3037 975 3103 qui
1014 3036 1080 3087 ad
1116 3034 1310 3089 Christi
1360 3048 1556 3087 annum
1585 3032 1689 3086 2⁵17
1723 3034 1879 3089 Probi

292 3107 630 3162 consulatum
662 3122 780 3163 cum
806 3106 1034 3175 septimo
1066 3104 1407 3175 imperatoris
1440 3105 1710 3160 Aureliani
1738 3119 1880 3175 anno

290 3191 642 3247 componunt.
691 3174 1011 3233 Aurelianus
1048 3174 1222 3240 enim,
1277 3188 1332 3229 ut
1367 3191 1516 3231 sacra
1561 3185 1616 3230 et
1658 3174 1876 3244 profana

294 3249 528 3318 produnt
568 3259 943 3312 monumenta,
988 3248 1224 3319 quinque
1259 3249 1534 3301 dumtaxat
1570 3250 1622 3319 in
1655 3248 1880 3313 imperio

293 3317 453 3375 annis
499 3324 854 3391 consumptis,
882 3320 1081 3375 Christi
1108 3317 1249 3374 anno
1271 3318 1380 3391 275
1420 3317 1876 3391 interfectusest;

293 3392 483 3448 fraude
506 3393 712 3449 scilicet
732 3389 1023 3458 Mnesthei,
1048 3390 1458 3445 secretariorum
1479 3389 1883 3447 notariiade-

295 3464 675 3533 napbrusium,
720 3468 858 3520 inter
899 3463 1213 3533 Byzantium
1251 3469 1306 3516 et
1343 3460 1673 3516 Heracleam.
1708 3460 1879 3518 Aure-

292 3534 442 3590 liano
464 3536 662 3590 deinde
692 3536 925 3601 sublata,
960 3546 1077 3603 post
1110 3535 1468 3603 interregnum
1494 3534 1755 3586 mensium
1776 3535 1882 3588 cir-

290 3607 431 3662 (iter
468 3617 710 3676 septem,
749 3607 965 3661 Tacitus
1000 3605 1182 3661 Caesar
1214 3620 1245 3659 a
1283 3614 1497 3676 senatu;
1515 3606 1878 3676 renuntiatur,

293 3680 385 3747 qui
444 3674 866 3734 ducentesimum
917 3686 1034 3742 post
1070 3677 1245 3747 diem,
1283 3676 1421 3745 apud
1458 3674 1683 3747 Tarsum
1742 3674 1878 3731 febri

290 3745 437 3805 diem
473 3750 687 3806 clausit.
732 3748 827 3804 Cui
870 3748 1152 3803 Florianus
1190 3746 1354 3802 frater
1394 3762 1513 3801 cum
1561 3745 1879 3815 subrogatus

291 3833 470 3885 esset,
520 3838 548 3875 a
596 3822 783 3891 majori
826 3822 1098 3875 exercitus
1138 3829 1284 3887 parte
1313 3817 1880 3891 _Probus_imperetor

293 3894 624 3948 constitutus
650 3888 752 3949 est.
783 3892 950 3958 Quam
981 3907 1094 3945 rem
1124 3892 1280 3944 nimis
1309 3889 1523 3958 indigne
1554 3888 1731 3943 ferens
1756 3890 1881 3945 Flo-

288 3963 503 4029 rianus,
537 3964 909 4033 deSperatiane
932 3974 1101 4026 aetus,
1125 3961 1305 4016 incisis
1332 3970 1526 4033 sponte
1557 3961 1725 4033 venis,
1759 3974 1880 4033 post

289 4035 362 4090 60
396 4037 607 4090 dierum
637 4030 888 4106 spatium,
920 4033 1118 4106 Christi
1159 4046 1297 4106 anne
1317 4030 1453 4106 276,
1487 4032 1730 4106 moritur.
1762 4031 1878 4087 Non

288 4106 457 4177 igitur
495 4102 856 4163 Ecclesiastici
896 4104 1130 4160 Annales
1168 4102 1328 4177 Probi
1376 4102 1711 4157 consulatum
1756 4118 1878 4157 curn

286 4174 529 4248 scptimo
573 4179 842 4235 Aureliani
894 4174 1235 4248 imperatoris
1263 4189 1404 4228 anno
1433 4187 1759 4248 eamp_anere
1787 4189 1881 4242 po-

292 4242 481 4311 tuere,
512 4265 631 4304 cum
670 4250 713 4304 is
752 4242 986 4303 nonnisi'
1008 4262 1101 4316 per
1128 4244 1545 4314 quinquennium
1578 4242 1880 4316 Romanum

289 4320 758 4377 administraverit
802 4315 1105 4389 imperium.
1150 4317 1279 4370 Eam
1310 4323 1486 4389 autem
1526 4315 1727 4389 erroris
1748 4329 1877 4389 cau-

289 4408 413 4446 sam
460 4393 624 4449 luisse
666 4386 896 4447 arbitror
932 4408 941 4443 :
977 4389 1240 4451 Probum,
1288 4387 1565 4451 videlicet,
1600 4386 1879 4442 Aurelium

288 4480 515 4532 quoque
538 4464 823 4519 nominati.
854 4462 987 4516 Cum
1018 4460 1173 4529 igitur
1206 4461 1259 4513 in
1304 4458 1667 4532 Romanorum
1688 4472 1881 4513 consu-

1984 483 2039 529 ut
2068 490 2139 553 ea
2159 476 2349 553 luet-esi
2378 479 2461 531 vix
2485 488 2671 553 exoyta
2704 479 2957 553 ltomana
2987 482 3100 537 sedi
3146 483 3322 538 statim
3351 476 3558 553 prodita

1980 561 2099 623 esse
2129 547 2266 601 haud
2301 548 2553 623 potuerit.
2587 549 2728 623 illud
2760 552 2987 623 denique
3015 556 3250 622 accedit,
3275 547 3382 623 jam
3414 572 3557 613 anno

1979 617 2114 683 277,
2164 633 2271 689 qua
2299 619 2548 673 Aurelius
2587 619 2791 675 Probus
2829 617 3177 680 et'Paulinus
3223 617 3556 685 consulatum

1979 690 2238 759 agebant,
2274 691 2590 771 Archelaum
2622 691 2913 771 Cascb‘arm
2946 696 3411 771 in‘MeSOpotarnia
3449 703 3561 771 epi-

1978 775 2237 835 scopum,
2269 764 2551 817 sanctitate
2580 770 2633 817 et
2662 765 2962 820 eruditione
3004 764 3304 835 ﬂorentem,
3336 764 3559 827 Manetis

1978 847 2038 907 s_e
2066 834 2243 907 furari
2275 845 2491 907 strenue
2520 844 2918 907 ac‘constanter
2946 837 3223 907 abiecisse,
3259 850 3312 892 ut
3345 844 3561 897 tradunt

1980 902 2332 983 Epiphenius,
2358 905 2550 960 bzeresi
2574 904 2661 971 66,
2695 913 2748 961 et
2769 906 3001 977 Cyrillus
3022 902 3557 983 llierOsalytnitanus,

1977 977 2120 1029 cath.
2152 977 2204 1030 6.

2051 1047 2106 1118 5.
2138 1047 2376 1103 Tertium
2415 1048 2675 1118 denique.
2711 1050 2852 1116 quod
2900 1050 3218 1118 Quesnellus
3247 1052 3297 1104 in
3329 1055 3558 1110 mediunt

1978 1117 2214 1184 adducit,
2245 1120 2310 1174 ad
2330 1121 2413 1174 illa
2438 1117 2631 1175 Leonis
2662 1121 2823 1175 verba
2845 1138 2858 1173 :
2879 1117 3005 1175 cum
3034 1134 3207 1175 octava
3237 1124 3287 1175 in
3312 1122 3560 1177 Christia-

1979 1204 2073 1242 nos
2105 1193 2388 1259 persecutio
2427 1191 2716 1253 desierint,
2761 1191 3102 1246 referendum
3134 1201 3232 1246 cst.
3269 1195 3559 1250 Annatator

1980 1275 2111 1329 ergo
2141 1263 2515 1317 animadvertit
2549 1282 2560 1317 :
2597 1264 2648 1318 Si
2679 1262 2747 1315 de
2790 1264 3058 1316 Aureliani
3093 1263 3459 1331 persecutione
3490 1268 3557 1320 ibi

1980 1331 2091 1385 Leo
2123 1332 2389 1401 loquitur,
2438 1344 2495 1387 ut
2547 1335 2755 1385 videtur
2792 1336 3043 1393 omnino,
3087 1336 3198 1387 btec
3234 1351 3339 1388 non
3391 1346 3561 1390 actura

1980 1402 2100 1465 fuit,
2134 1405 2225 1455 sed
2260 1420 2420 1463 nona,
2450 1404 2897 1473 quemadmodum
2934 1416 3177 1458 numerat
3212 1404 3558 1472 Augustinus,

1978 1472 2045 1527 de
2075 1474 2439 1549 (ΣινίιιιιιξῄῐὴιῆΔ
2461 1472 2548 1549 lib.
2579 1490 2724 1537 xvnt,
2757 1489 2875 1541 cap.
2908 1476 2994 1529 (il.
3021 1475 3123 1531 Sed
3153 1477 3384 1530 Leonem
3434 1480 3479 1549 in
3506 1480 3562 1549 8

1980 1544 2355 1597 enumerandis
2406 1547 2656 1599 Ecclesim
2709 1549 2945 1616 tyrannis
2993 1558 3043 1599 et
3103 1544 3561 1615 persecutionith

1980 1615 2332 1681 Augustinum
2386 1617 2547 1671 fuisse
2600 1615 2837 1669 sccutnnt
2867 1659 2881 1683 ,
2932 1620 3193 1671 ttndenatn
3242 1620 3564 1682 Quesnellus

1979 1688 2440 1740 Comminiscitur?
2466 1694 2498 1739 Α
2512 1704 2542 1740 ιι
2567 1687 2666 1741 sibi
2690 1688 2879 1741 suadet
2903 1703 3108 1742 vett-res
3129 1691 3563 1757 recentiori-sque

1982 1757 2272 1822 scriptorcs
2301 1762 2350 1811 in
2390 1759 2639 1813 Ecclesiae
2676 1761 3137 1827 persecutionibus
3183 1763 3563 1815 enumerandis

1983 1842 2203 1897 ontntno
2242 1832 2557 1897 convenire,
2606 1840 2656 1884 et
2696 1832 3042 1884 Aurelianum
3085 1831 3387 1884 necessario
3425 1833 3563 1885 inter

1979 1896 2406 1955 Christianorum
2459 1910 2713 1972 tyrannos
2765 1918 2886 1956 esse
2931 1904 3356 1956 recensendum?
3408 1902 3563 1957 Falsa

1979 1972 2309 2024 consecutio.
2334 1972 2505 2025 Aliam
2527 1976 2722 2041 quippe
2743 1982 2795 2026 et
2814 1975 2970 2026 aliam
2989 1974 3256 2026 scribendi
3276 1972 3559 2037 rationein,

1980 2041 2139 2113 alium
2170 2048 2227 2095 et
2257 2042 2418 2095 alium
2452 2044 2551 2096 sibi
2597 2043 2699 2097 PP.
2750 2059 2966 2113 scopum
3018 2046 3361 2113 pirclixernnt
3394 2048 3443 2096 in
3475 2045 3566 2099 iis-

1979 2112 2099 2165 dem
2142 2115 2608 2182 persecutionibus
2649 2112 3037 2168 describendis.
3079 2115 3341 2168 Eusebius
3382 2115 3557 2180 enim,

1979 2182 2045 2237 de
2078 2184 2368 2239 Aureliano
2389 2186 2683 2250 disserens,
2716 2184 2952 2239 afﬁrmat
2979 2186 3118 2240 hunc
3142 2186 3324 2250 primis
3351 2187 3431 2238 sui
3462 2186 3564 2239 int-

1982 2254 2112 2320 perii
2156 2258 2310 2309 annis
2359 2272 2645 2321 numquam
2682 2255 2997 2311 Christianis
3057 2257 3319 2310 infensum
3371 2256 3557 2311 fuisse.

1981 2324 2152 2379 Immo
2182 2341 2301 2380 cum
2336 2326 2484 2381 Pauli
2508 2328 2844 2383 Samosateni
2870 2342 3025 2382 causa
3049 2338 3171 2381 tunc
3192 2336 3459 2397 ageretur,
3491 2327 3562 2382 ita

1980 2412 2041 2451 se
2092 2398 2584 2469 ecclesiasticarum
2637 2398 2834 2469 jurium
2893 2398 3157 2453 vindicem
3214 2398 3562 2452 Aurelianum

1981 2467 2288 2539 exhibuisse
2323 2469 2502 2533 docet,
2534 2479 2592 2523 ut
2625 2467 2739 2537 ipse
2781 2483 2940 2523 manu
2974 2471 3181 2539 publica
3226 2471 3291 2522 de
3325 2469 3564 2525 Ecclesia

1982 2538 2201 2611 Paulutn
2227 2541 2420 2611 expelli
2453 2540 2802 2595 mandaverit.
2826 2538 3053 2607 Quodsi
3094 2540 3317 2601 deinde,
3354 2550 3563 2607 tempo-

1981 2610 2055 2664 ris
2076 2610 2324 2679 decursu,
2356 2614 2482 2667 mite
2503 2611 2585 2666 sui
2608 2613 2768 2666 animi
2802 2613 3135 2681 propositum
3160 2611 3312 2664 malis
3335 2611 3563 2665 aliorum

1981 2682 2218 2753 consiliis
2263 2683 2676 2750 depravaverit,
2712 2693 2767 2737 ut
2813 2685 2973 2737 etiam
3015 2682 3407 2753 persecutionem
3441 2697 3564 2752 erga

1982 2750 2056 2821 (υ)
2088 2750 2183 2805 Dei
2214 2752 2469 2809 Ecclesias
2500 2754 2732 2807 meditari
2753 2754 2985 2817 uoluerit,
3016 2750 3077 2807 eo
3099 2768 3255 2821 usque
3286 2760 3339 2804 ut
3361 2750 3566 2805 dicatur

1981 2823 2150 2896 quod,
2185 2825 2388 2896 dictatis
2412 2829 2528 2896 jam
2571 2825 2750 2878 litteris
2788 2833 2834 2879 et
2860 2826 3082 2889 scriptis,
3122 2840 3236 2896 cum
3281 2830 3565 2896 superesset

1982 2895 2093 2946 sola
2130 2893 2450 2963 subscriptio,
2483 2896 2597 2949 brec
2646 2904 2824 2949 tamen
2869 2909 3030 2963 prava
3078 2894 3322 2947 voluntas
3355 2893 3561 2945 nullum

1987 2979 2204 3031 prorsus
2236 2964 2483 3020 cﬁ‘ectum
2516 2967 2701 3019 sortita
2734 2973 2835 3019 est.
2863 2963 3001 3017 Deus
3024 2966 3219 3032 quippe
3240 2963 3563 3032 subscriptio-

1986 3050 2097 3087 nem
2147 3035 2385 3158 negandi:
2428 3036 2702 3089 Aureliani
2751 3035 2984 3089 dextera:
3026 3031 3343 3087 deturbavit.
3396 3031 3567 3086 Morte

1986 3108 2117 3157 enim
2142 3122 2202 3158 su
2239 3108 2309 3158 ita
2341 3107 2741 3158 condemnatur.
2771 3107 2857 3158 aui
2893 3105 2953 3158 de
2980 3106 3181 3158 piorum
3207 3112 3365 3156 morte
3395 3118 3565 3157 cense-

1984 3108 2117 3157 enim
2142 3105 2309 3159 subita
2341 3107 2741 3173 condemnatur,
2771 3107 2857 3173 qui
2893 3105 2953 3158 de
2980 3106 3181 3175 piorum
3207 3112 3365 3175 morte
3395 3118 3565 3157 cense-

1908 3157 1953 3219 C
1986 3175 2085 3228 bat.
2121 3157 3159 3246 Difﬁculterigituridalio'Aurelianum
3205 3172 3435 3228 Eusebio
3470 3188 3564 3227 au-

1984 3256 2152 3313 ctore,
2179 3248 2315 3302 inter
2347 3248 2603 3303 Ecclesia:
2634 3259 2885 3318 tyrannos
2914 3246 2991 3318 ibi
3016 3258 3563 3318 enunieratquLCum

1985 3319 2075 3373 ille
2104 3319 2399 3375 decesserit
2432 3334 2536 3374 non
2577 3315 2890 3387 subscriptis
2933 3317 3109 3371 adhuc
3148 3315 3322 3385 impiis
3350 3315 3559 3387 edictis.

1986 3391 2214 3444 Eusebio
2237 3406 2448 3461 quoque
2477 3400 2737 3445 consonat
2769 3384 3077 3445 Lactantius
3113 3384 3253 3457 (Lib.
3287 3388 3348 3439 de
3367 3384 3565 3461 ΔΜοιιὶ-

1984 3463 2074 3514 bus
2095 3457 2498 3533 persecutorum)
2540 3463 2783 3516 scribens
2820 3479 2843 3533 7:
2884 3462 3159 3533 Aureliano
3208 3474 3307 3511 non
3342 3457 3564 3533 licuisse

1982 3529 2104 3603 (μηδ’
2124 3534 2428 3604 cogitaverat
2450 3529 2707 3605 perﬁcere,
2738 3532 2826 3587 sed
2855 3534 3085 3603 protinus
3112 3531 3243 3605 inter
3274 3529 3353 3583 sui
3371 3529 3561 3605 [morie

1982 3599 2128 3657 initia
2150 3599 2310 3672 fuisse
2337 3599 2661 3660 exstinctum.
2699 3599 2995 3659 lianc-vero
3016 3602 3259 3657 eamdem
3292 3599 3562 3654 scribendi

1984 3676 2271 3742 rationem,
2300 3675 2356 3731 S.
2386 3676 2689 3743 pontificem
2722 3675 2886 3730 fuisse
2917 3684 3290 3746 prosecutum,
3334 3672 3452 3740 quis
3481 3672 3563 3724 iu-

1985 3747 2284 3801 liciabitnr?
2306 3747 2353 3801 ls
2373 3750 2515 3802 enim
2546 3749 2596 3802 in
2625 3747 2968 3803 recensendis
2998 3756 3560 3818 tyrannorum_perse-

1982 3819 2301 3886 cutionibus,
2318 3835 2408 3873 eas
2434 3821 2706 3875 dumtaxat
2732 3812 3051 3875 enumerare
3078 3818 3129 3870 in
3154 3826 3330 3869 mente
3354 3812 3558 3876 habuit,

1981 3889 2033 3943 in
2063 3892 2256 3959 quibus
2284 3891 2566 3945 innumera
2597 3899 2889 3959 martyrum
2920 3890 3083 3943 millia
3107 3888 3234 3956 ipsis
3256 3886 3365 3959 suis
3393 3887 3563 3939 victo-

1982 3953 2355 4024 riis-Spiritum
2398 3971 2641 4017 sanctum
2682 3953 2783 4015 sibi
2817 3953 2998 4015 datum
3034 3953 3196 4012 fuisse
3243 3955 3555 4024 probavero.

1982 4032 2051 4103 At
2077 4026 2177 4085 sub
2207 4034 2499 4103 Aureliano
2527 4034 2616 4103 ubi
2655 4032 2951 4103 martyres?
2988 4029 3031 4082 A
3068 4028 3260 4097 quibus
3282 4026 3562 4103 seriptOfi-

1983 4101 2082 4154 bus
2112 4102 2499 4173 recensentur?
2538 4102 2681 4170 Quot
2721 4093 2885 4155 miilia
2916 4093 3330 4173 enumerantur?
3376 4093 3562 4173 Profe-

1984 4182 2102 4225 rant
2129 4172 2180 4224 in
2210 4172 2442 4228 medium
2471 4165 2761 4227 adversarii
2792 4179 2907 4225 acta
2937 4168 3237 4224 consularia
3263 4166 3313 4218 in
3342 4165 3555 4233 quibus,

1983 4251 2036 4313 et
2061 4257 2358 4310 pteuarutn,
2389 4259 2483 4298 seu
2524 4243 2712 4313 mortis
2736 4249 3331 4313 generaetmartyrum
3351 4235 3563 4289 confes-

1983 4304 2164 4367 siones
2197 4304 2653 4369 describebantur.
2696 4304 2899 4385 ltidicet
2943 4312 3057 4380 ipse
3081 4304 3401 4385 Quesnellus
3425 4319 3562 4385 con-

1984 4385 2165 4459 s_ulum
2209 4393 2266 4459 et
2309 4385 2686 4459 praefectorum
2747 4376 3001 4448 nomina',
3057 4380 3145 4459 qui
3174 4376 3561 4459 .imperialibus

1982 4455 2259 4511 Aureliani
2290 4450 2519 4513 decretis
2552 4455 3015 4525 obtemperantes,
3060 4450 3399 4525 Christianos
3414 4462 3562 4516 qua:-

290 4519 662 4601 l'um'tabulis,
706 4551 848 4589 antro
873 4533 976 4587 977
1001 4519 1142 4599 ,ista
1187 4532 1402 4585 nomina
1446 4530 1667 4600 legenda
1692 4544 1882 4584 accur-
1906 4535 1962 4599 ι)
1986 4528 2209 4597 rebant,
2252 4539 2307 4584 ut
2353 4529 2411 4601 in
2443 4542 2537 4583 eos
2588 4519 2762 4582 morte
2799 4524 3308 4601 animadvert_t_tren_tt
3361 4519 3562 4573 llorum

288 4614 417 4661 rant
450 4625 464 4661 :
492 4606 741 4662 Aurelius
770 4605 1005 4670 Probus;
1036 4602 1236 4658 idcirco
1269 4601 1431 4671 aliqui
1463 4602 1598 4655 forte
1626 4601 1882 4669 suapicati

289 4687 426 4732 sunt
451 4678 724 4733 Aure'iani
755 4678 1035 4745 imperium
1065 4674 1281 4727 biennio
1310 4688 1427 4728 esse
1454 4671 1877 4745 producendum,

291 4758 354 4803 ut
384 4750 490 4803 isto
517 4751 691 4804 adbuc
723 4744 1028 4818 superstite,
1057 4744 1261 4799 l’robus
1284 4747 1615 4818 consulatum
1639 4744 1884 4818 obtinere

290 4822 556 4889 potuerit.
611 4813 806 4875 Ver-uni
837 4836 899 4873 ex
936 4818 1018 4872 bis
1055 4832 1211 4871 nemo
1250 4815 1693 4889 sibiublandiatur
1722 4813 1882 4871 Cavei

286 4886 621 4946 sententiam
647 4893 714 4945 de
743 4891 1156 4945 Manichaeorum
1188 4886 1422 4942 exordiis
1441 4888 1731 4942 firmiorem
1757 4902 1880 4942 eva-

286 4962 429 5017 dere
451 4978 627 5032 pos.~e.
655 4962 788 5017 Nam
815 4964 871 5017 S.
904 4960 1009 5015 Leo
1041 4960 1284 5028 Magnus,
1315 4958 1857 5032 laudatotestimonio

284 5004 439 5088 ἧεῖἱιῖι
453 5004 1016 5104 νείῖᾆίῖἑιᾶὧῖιὲἱιῶῐέ
1041 5004 1881 5104 ἓὲὶῖέέῖἒὶόῖᾶᾖξ’ἇίὲὲὲῖὦιζίὲςῖἀ

285 5106 362 5159 de
403 5100 739 5172 eo'tetnpore
793 5121 891 5173 quo
933 5100 1227 5156 damnanda
1268 5102 1578 5173 inualuerat.
1622 5100 1784 5173 Quasi
1813 5102 1884 5155 ibi

286 5178 526 5231 inbuere
564 5172 1235 5231 valueritManicba-orum
1275 5187 1487 5227 errores
1523 5172 1632 5240 jam
1680 5172 1881 5239 pridem

288 5248 569 5317 prodiisse
613 5248 666 5301 in
689 5248 910 5311 orbem,
940 5245 1149 5313 hucque
1173 5254 1345 5317 atque
1372 5243 1500 5299 illuc
1525 5258 1618 5317 per
1645 5243 1885 5317 diversas

286 5315 538 5373 Orientis
568 5330 767 5387 partes,
797 5317 1019 5371 Manetis
1055 5316 1433 5387 discipulorum
1466 5315 1761 5369 ministeria
1792 5330 1885 5384 po-

287 5390 568 5444 tissimum
590 5398 641 5445 et
684 5389 1063 5459 praedicatione
1096 5386 1262 5440 fuisse
1290 5386 1664 5459 disseminatos
1690 5427 1705 5450 ,
1731 5388 1801 5439 ita
1830 5394 1891 5440 ut

280 5461 563 5529 ejusmodi
592 5460 786 5515 diaboli
814 5460 1089 5521 falstates,
1105 5468 1156 5511 et
1177 5458 1583 5529 superstitiones
1605 5458 1851 5512 obscena!
1869 5497 1885 5521 ,

271 5528 402 5603 jam
440 5532 624 5585 multis
655 5533 707 5585 in
737 5531 868 5585 locis
908 5531 1199 5603 evulgataa,
1230 5528 1359 5603 ipsis
1388 5528 1890 5603 Ecclesiarttmepi-

280 5598 479 5672 scapis
512 5606 929 5657 inualescerent.
976 5600 1099 5672 [late
1146 5612 1275 5672 sane
1306 5600 1357 5653 in
1392 5598 1761 5672 instanti_ﬁeri
1783 5613 1889 5672 po-

274 5669 463 5732 tuisSe
496 5676 619 5743 quis
647 5672 1033 5730 arbitrabitur?
1074 5670 1416 5726 Potissimum
1453 5684 1574 5724 cum
1612 5669 1888 5726 Persidem

352 5810 464 5885 σία)
492 5810 687 5868 Euseb.
717 5809 855 5868 Caes.
888 5810 981 5869 lib.
1011 5824 1083 5865 vn
1118 5809 1250 5866 llist.
1286 5806 1456 5879 Eccl.,
1490 5823 1606 5883 cap.
1636 5809 1727 5864 22.

1984 4591 2242 4670 generum
2291 4600 3072 4672 profectamonumenta,_nec
3116 4591 3411 4672 Eusebiue2
3462 4604 3563 4672 nec

1986 4660 2323 4740 iactantius,
2356 4686 2453 4727 nec
2481 4670 2618 4725 alius
2650 4660 2929 4740 quisquam
2957 4666 3010 4740 in
3044 4665 3276 4721 medium
3308 4660 3559 4728 adduxit,

1986 4755 2043 4799 ut
2082 4759 2263 4799 revera
2312 4739 2589 4798 afﬁrmare
2633 4739 2901 4811 possimus
2950 4739 3216 4811 innumera
3276 4744 3563 4811 martyrum

1986 4817 2147 4869 millia
2170 4814 2294 4885 ipsis
2320 4817 2427 4870 suis
2456 4806 2675 4869 rictoriis
2698 4810 2985 4885 probavisse
3014 4810 3275 4878 impletum
3297 4821 3401 4885 esse
3428 4806 3563 4873 quod

1988 4876 2235 4941 Dominus
2274 4887 2575 4956 promiserat
2619 4876 2789 4939 dicens
2820 4898 2840 4936 :
2866 4880 2993 4956 cum
3018 4876 3561 4956 Δαιλιιεηιἰνιιιιςκηιρςοῆ

1987 4959 2143 5012 nolite
2179 4944 2402 5030 cogitare
2436 4956 2687 5030 quomodo
2726 4963 2813 5008 aut
2830 4953 2967 5030 quid
3010 4944 3565 5030 loqueminiLDabitur

1992 5030 2123 5084 enim
2163 5014 2300 5082 vobis
2360 5030 2411 5082 in
2449 5014 2551 5083 'illa
2598 5027 2724 5081 hora
2758 5014 2877 5099 quid
2912 5014 3232 5099 loquamini:
3280 5014 3567 5099 Nonenini

1991 5116 2076 5153 ros
2105 5102 2224 5153 estis
2266 5101 2349 5168 qui
2381 5098 2676 5169 loquimini,
2707 5089 2794 5151 sed
2826 5089 3051 5165 Spiritus
3084 5089 3259 5144 Patris
3286 5089 3434 5139 vestri
3480 5089 3568 5155 qui

1983 5173 2207 5241 loquitur
2231 5173 2280 5224 in
2311 5170 2447 5224 vobis
2472 5169 2574 5241 (ὁ).

2060 5246 2110 5297 4.
2163 5241 2230 5297 Ut
2273 5256 2401 5313 vero
2437 5231 2494 5297 Si
2526 5231 2792 5311 pontificis
2836 5231 3089 5304 loquendi
3130 5242 3375 5313 seppus,
3406 5239 3566 5313 quem

1989 5313 2309 5382 Quesnellus
2334 5308 2552 5366 minime
2583 5318 2859 5366 assecutus
2888 5314 2991 5367 est,
3020 5308 3533 5382 perspicueconstet
3554 5338 3567 5361 ,

1991 5371 2116 5456 quid
2163 5384 2330 5456 hocce
2360 5384 2655 5456 argumenti
2696 5393 2892 5456 genere
2922 5371 3570 5456 probare,‘quidye|inter

1992 5441 2449 5512 concinnandumv
2464 5454 2659 5523 populo
2697 5441 2953 5523 suadere:
2973 5441 3229 5523 voluerit,
3260 5441 3446 5523 sedtdo
3465 5453 3571 5523 ex-

1994 5510 2323 5598 pendamus._
2340 5510 2672 5593 Praecipuum
2697 5524 2875 5598 itaque
2906 5516 3129 5598 Manetis
3153 5514 3343 5585 dogma
3362 5511 3447 5593 .S..
3465 5510 3573 5598 Leo

1999 5588 2218 5668 Magnus
2257 5596 2328 5652 ibi
2362 5588 2704 5668 prosternere
2742 5588 3151 5668 sibiprapenit,
3178 5600 3285 5658 quo
3322 5588 3573 5668 nimirum

1986 5658 2332 5741 blasphemus
2362 5658 2433 5723 'ac
2476 5664 2765 5737 sacrilegus
2800 5658 2892 5721 ille
2921 5658 3209 5719 falsitatem
3249 5658 3575 5713 architectus

2076 5809 2405 5881 (nituisset
2434 5824 2487 5880 χ,
2520 5805 2607 5875 19,
2639 5803 2711 5863 so
