3988 6314
202 300 307 353 795

952 298 1043 356 DE
1080 288 1611 353 MANICHEORUM
1650 285 1923 343 HERESI
1965 284 2052 341 ΕΤ
2094 285 2414 347 HISTORIA
2451 291 2580 349 LIB.
2622 291 2663 348 Ι.

3371 297 3478 356 Ὶθὸ

198 420 607 489 Quesnellianas
646 420 1022 477 cavillationes
1062 414 1534 488 praetermittean
1554 453 1569 477 ,
1594 411 1662 467 ad
1714 426 1778 469 ea
1802 412 1859 475 Α
1886 411 2147 489 vertitnr?
2169 414 2280 489 Cur
2301 415 2569 489 communi
2592 417 2954 473 consensione
2975 416 3243 489 firmatum
3270 425 3355 472 est
3382 432 3474 489 eo-

199 490 424 562 gradum
463 492 720 548 faciamus
745 508 862 559 quae
892 489 1315 547 Beausobrianas
1346 500 1512 562 nugas
1536 494 1590 541 et
1618 500 1781 562 argu-

200 556 376 617 menta
402 604 434 634 ,ν
467 556 891 634 praecedentibus
934 562 1200 634 capitibus
1245 559 1490 629 opposita
1512 598 1526 625 ,
1573 556 1780 628 patefa-

194 634 341 689 Cium
373 633 479 707 (0);
819 705 1043 764 CAPUT
1080 704 1169 761 ιιι.

200 798 359 855 Isaici
396 800 686 858 Beausobre
711 804 844 873 falsa
872 812 1194 873 argumenta,
1226 797 1621 873 praecedentibus
1644 796 1779 873 dno-

270 873 362 947 b_ns
385 874 662 947 _capitibus
704 867 1041 947 repugnantia
1062 916 1077 941 ,
1106 867 1449 947 orefellnntur.
1476 867 1782 947 _(_3a_tholicr_e

269 940 514 1068 [desierim
537 946 665 1000 ritus
695 940 1018 1017 et'dugmata
1061 940 1125 998 ab
1158 940 1385 1015 ejusdem
1413 941 1603 994 criticis
1650 940 1782 993 notis

268 1031 350 1068 vin
391 1026 610 1072 reantur.

269 1126 501 1183 Nihilum
532 1144 773 1198 prorsus.
803 1140 891 1184 aut
924 1144 1113 1196 parum
1138 1128 1356 1190 saltem,
1386 1126 1437 1179 in
1468 1124 1783 1198 describen-

197 1198 281 1253 dis
326 1196 621 1269 principum
674 1200 1020 1256 Manicbaicae
1066 1210 1225 1254 sectae
1270 1206 1548 1269 auctorum
1590 1196 1781 1269 rebus;

197 1279 289 1324 aut
329 1271 380 1324 in
426 1268 757 1341 deSignando
789 1288 854 1327 ex
905 1271 1078 1327 sancti
1116 1269 1312 1341 Leonis
1352 1268 1525 1341 Magni
1572 1268 1785 1341 scriptis

198 1342 433 1411 genuino
482 1338 726 1412 tempore
766 1359 872 1412 quo
916 1342 1183 1412 ejusmodi
1214 1340 1439 1412 haeresis
1468 1338 1783 1412 damnanda

198 1410 315 1467 orbi
334 1415 582 1480 innotuit,
599 1410 859 1469 hactenus
882 1410 968 1469 me
983 1413 1300 1481 praestitisse
1316 1411 1380 1465 iis
1396 1410 1580 1465 videor
1593 1410 1680 1477 qui
1695 1420 1785 1463 aut

201 1484 655 1557 Beausobrianam
684 1488 782 1557 ιι
802 1485 870 1541 de
892 1484 1197 1557 blanichazis
1217 1482 1647 1557 histo‘riarn,_ovel
1675 1482 1784 1535 suis

201 1554 502 1611 lustrarunt
522 1552 726 1622 oculis:
738 1552 819 1611 ἵει
836 1557 907 1611 de
929 1572 990 1611 ea
1009 1571 1038 1609 a
1057 1555 1185 1609 viris
1210 1553 1310 1608 fide
1326 1552 1500 1621 dignis
1516 1553 1783 1607 disserere

198 1626 509 1680 audierunt.
534 1626 589 1681 ln
620 1642 727 1697 quo
757 1642 919 1694 opere
939 1642 1061 1681 cum
1086 1636 1290 1691 auctor,
1320 1636 1372 1677 ut
1390 1623 1501 1693 jam
1523 1623 1777 1691 diximus,

200 1707 443 1751 veterum
475 1697 729 1753 Ecclesiae
748 1698 851 1753 PP.
882 1698 1219 1751 traditionem
1250 1711 1355 1748 non
1387 1704 1587 1748 tantum
1620 1708 1780 1747 cona-

203 1777 288 1822 tur
315 1779 588 1835 evertere,
632 1768 724 1823 sed
755 1769 915 1823 etiam
948 1768 1313 1823 sanctissimos
1354 1762 1498 1819 viros
1522 1808 1537 1829 ,
1578 1774 1670 1818 aut
1710 1764 1778 1820 de

202 1854 392 1894 errore
418 1849 509 1895 aut
532 1840 597 1894 de
628 1840 835 1893 inscitia
867 1840 1202 1906 iusimulans,
1228 1837 1379 1906 quasi
1408 1836 1593 1890 rabido
1619 1835 1780 1890 dente

202 1909 531 1977 proscindit,
562 1910 770 1978 quando
816 1910 869 1964 in
902 1909 1283 1979 percurrendis
1325 1905 1514 1979 horum
1540 1906 1781 1979 scriptis

199 1980 415 2048 aliquod
445 1977 668 2035 offendit
692 1982 831 2047 quod
854 1977 964 2035 suis
988 1980 1229 2046 partibus
1249 1988 1301 2033 et
1322 1977 1636 2033 acatholicae
1668 1993 1781 2033 suae

198 2050 443 2118 religioni
486 2066 779 2120 repugnare
820 2050 1047 2106 videtur.
1091 2050 1255 2119 Cujus
1298 2049 1515 2121 quidem
1566 2049 1782 2118 generis

198 2134 261 2193 ea
292 2130 416 2174 sunt
447 2136 565 2193 qua:
590 2136 707 2191 cap.
732 2133 942 2189 quarto,
972 2122 1160 2193 quitth
1184 2132 1236 2176 et
1257 2121 1630 2193 sextoprioris
1662 2135 1785 2193 par-

194 2190 263 2244 tis
308 2205 419 2247 sua:
452 2190 701 2247 Historiae
738 2194 962 2261 legenda
990 2190 1315 2257 occurrunt;
1348 2191 1434 2245 vel
1476 2207 1536 2246 ea
1569 2207 1687 2254 quae
1728 2191 1782 2246 in

188 2262 360 2316 altera
389 2275 536 2331 parte
562 2265 849 2320 scribenda
873 2266 1189 2333 assumpsit,
1210 2280 1331 2319 cum
1354 2263 1463 2317 divi
1496 2263 1565 2317 Μ.
1588 2262 1784 2319 Leonis

187 2332 243 2386 iu
274 2332 594 2407 lilanichaeos
616 2337 811 2407 agendi
844 2332 1107 2392 rationem
1138 2337 1203 2391 ad
1242 2349 1470 2407 examen
1497 2334 1781 2407 reducens,

182 2406 591 2461 sanctissimum
633 2406 873 2464 nostrum
916 2406 1224 2477 pontiﬁcem
1255 2406 1459 2475 carpit,
1493 2406 1704 2461 mordet
1730 2414 1787 2460 et

187 2477 454 2550 exagitat,
487 2492 551 2533 ac
581 2479 762 2535 invido
792 2481 943 2550 quasi
978 2494 1231 2548 caecoque
1273 2477 1439 2532 livore
1462 2477 1514 2531 in
1542 2492 1661 2531 eum
1693 2492 1785 2531 ex-

185 2561 251 2600 ca
267 2549 491 2604 ndescit.

270 2619 322 2677 l.
355 2621 480 2691 Agit
516 2622 695 2691 itaque
733 2623 783 2677 in
820 2620 1046 2677 laudatis
1088 2621 1271 2688 primae
1313 2619 1477 2689 partis
1521 2620 1786 2689 capitibus

179 2690 251 2746 de
308 2690 741 2762 praecipuis’illis
772 2695 942 2748 tribus
979 2692 1317 2747 Manichaica:
1360 2700 1520 2746 sectae
1550 2692 1786 2762 auctori~

176 2762 326 2826 bus,
360 2772 413 2817 ct
442 2761 762 2819 testimoniis
792 2765 1101 2821 Graecorum
1132 2771 1187 2819 et
1222 2763 1532 2818 Latinorum
1563 2761 1669 2817 PP.
1701 2764 1783 2817 iu-

177 2835 389 2889 sistere
412 2836 511 2890 sibi
538 2850 864 2906 prOponens,
893 2844 1136 2892 sanctum
1161 2834 1201 2888 E
1246 2833 1519 2903 iphauium
1543 2843 1781 2900 secutus,

177 2904 473 2959 nobiscum
512 2908 772 2959 imprimis
801 2910 1034 2959 affirmat.
1076 2850 1426 2959 chthianum
1455 2919 1522 2957 ex
1561 2904 1781 2959 Sarace-

175 2904 473 2961 nobiscum
512 2904 772 2978 imprimis
801 2910 1034 2963 affirmat
1076 2904 1426 2978 Scythianum
1455 2919 1522 2978 ert
1561 2904 1789 2978 Sarace-

176 2992 385 3032 norum
408 2988 567 3047 gente
587 2974 807 3035 duxisse
830 2980 1112 3046 originem.
1142 2974 1246 3043 Qui
1269 2974 1608 3045 postmodum
1633 2976 1787 3029 Grae-

180 3064 382 3104 corum
407 3051 645 3105 instituta
674 3060 730 3105 et
750 3052 1007 3106 scientias
1030 3048 1132 3104 sibi
1156 3060 1474 3116 comparare
1500 3054 1786 3111 excptans,

182 3121 499 3176 Palaestinae
535 3123 768 3177 confinia
798 3122 1100 3177 inhabitare
1131 3119 1318 3173 voluit.
1353 3116 1459 3173 Sed
1491 3116 1702 3172 tandem
1735 3118 1788 3171 in

1887 484 2104 538 luntatis
2147 486 2488 554 pertinaciam
2526 486 2773 543 haereseos
2810 505 3032 544 errorem
3071 487 3325 541 involvere
3353 488 3473 546 sine

1884 570 1987 629 qua
2034 570 2193 629 nemo
2231 555 2517 629 haereticus
2552 560 2806 627 appellari
2847 560 3060 629 potest?
3108 559 3379 625 Profecto,
3424 560 3471 616 si

1884 627 2097 682 animus
2138 628 2496 701 involuntarie
2538 631 2811 685 erroribus
2850 627 2971 687 fidei
3001 630 3339 701 dogmatibus
3384 648 3468 686 re-

1884 698 2245 768 pugnantibus
2282 699 2512 755 liarreret
2538 742 2551 765 ,
2578 703 2667 756 vix
2697 700 2750 755 in
2788 704 2990 758 crimen
3019 698 3311 764 laberetur,
3344 718 3467 758 cum

1885 772 2065 843 nullos
2087 786 2308 839 prorsus
2330 780 2480 828 actus
2500 772 2763 839 gravioris
2786 773 2969 843 ﬂagitii
2985 774 3242 829 rationem
3275 772 3468 828 habeat

1884 842 1929 895 si
1954 842 2256 897 voluntarie
2288 843 2427 897 haud
2455 844 2738 898 efticiatur.
2766 842 3027 899 Praiterea
3055 861 3309 914 quorsum
3341 861 3464 908 spec

1884 925 2033 968 ctare
2070 928 2131 985 ea
2174 923 2399 981 possunt
2434 930 2550 983 qua:
2594 914 2661 969 de
2706 914 2980 985 Scythiam
3018 917 3234 979 magicis
3264 917 3466 972 artibus

1884 984 2198 1040 contendit?
2223 990 2302 1039 An
2328 985 2609 1056 Epiphanii
2636 984 2999 1056 testimonium
3024 986 3278 1040 infirmari
3312 1003 3467 1053 posse

1886 1057 2176 1110 arbitratur
2220 1057 2448 1112 duorum
2502 1058 2714 1111 illorum
2767 1055 2869 1109 ΡΙ).
2921 1056 3181 1111 silentio?
3235 1057 3468 1126 Nugatur

1886 1127 2124 1196 quidem.
2168 1126 2302 1182 Nam
2326 1128 2622 1183 Archelaus
2668 1126 2965 1197 imprimis,
2998 1130 3061 1180 ad
3103 1142 3259 1195 quem
3302 1130 3466 1183 veluti

1888 1197 2186 1267 Epiphanio
2226 1201 2579 1269 antiquiorem
2613 1208 2869 1269 provocat
2897 1239 2911 1260 ,
2945 1198 3097 1267 quasi
3128 1207 3270 1251 totus
3297 1208 3379 1253 est
3415 1200 3470 1255 iu

1888 1269 2206 1325 cuarrandis
2252 1272 2478 1326 Manetis
2525 1272 2724 1334 rebus,
2758 1269 3051 1339 iisdemque
3096 1269 3468 1336 exsccraudis,

1888 1350 1948 1395 ut
1987 1342 2094 1413 vix_
2119 1341 2184 1395 de
2224 1340 2502 1413 Scythiani
2541 1344 2644 1413 vita
2686 1348 2741 1413 et
2780 1341 2942 1413 gestis
2989 1340 3317 1413 mentionem
3351 1356 3474 1413 pro-

1888 1414 2045 1467 lixius
2074 1411 2248 1467 facere
2277 1410 2355 1467 illi
2387 1411 2672 1467 vacaverit.
2708 1412 2890 1483 Cyrilli
2932 1412 3130 1477 pariter
3165 1410 3474 1481 Hierosoly-

1886 1484 2067 1538 mitani
2125 1484 2422 1539 disserendi
2465 1498 2661 1550 scopus
2710 1498 2773 1538 ea
2818 1483 2868 1536 in
2909 1483 3178 1538 catechesi
3228 1499 3331 1536 non
3376 1483 3475 1537 fuit

1887 1555 2044 1608 trium
2094 1554 2308 1609 illorum
2359 1554 2703 1611 Manichaicze
2748 1564 2909 1609 secte
2968 1565 3245 1609 auctorum
3294 1555 3471 1608 omnia

1883 1625 2116 1680 facinora
2146 1626 2477 1690 describere,
2501 1626 2596 1681 sed
2621 1626 2793 1680 obiter
2818 1626 3164 1680 considerare
3192 1626 3473 1680 dumtaxat

1883 1697 2336 1764 quemadmodum
2375 1708 2482 1752 tres
2514 1697 2825 1767 nequissimi
2860 1697 3105 1751 homines
3134 1696 3312 1750 omnia
3347 1712 3474 1764 pes-

1884 1770 2019 1822 sima
2050 1769 2420 1835 congesserint
2441 1766 2850 1823 unam'ha’resim
2871 1767 3199 1835 blasphemus
3229 1778 3277 1821 et
3308 1766 3470 1822 scele-

1886 1840 2031 1911 ribus
2066 1844 2307 1908 refertam
2349 1841 2796 1911 conflando.13
2835 1839 3037 1894 Idcirco
3073 1838 3139 1893 de
3184 1838 3474 1911 Scytbiano

1888 1910 2039 1981 quasi
2073 1921 2424 1981 properanter
2458 1911 2616 1967 verba
2650 1910 2870 1975 faetens,
2896 1912 3185 1979 originem,
3222 1910 3470 1981 patriam,

1887 1980 2285 2038 Aristotelieam
2312 1984 2501 2047 vitam,
2519 1999 2680 2053 quam
2694 1984 2928 2036 imitatus
2946 1990 3047 2047 est,
3067 1990 3295 2050 quatuor
3312 1980 3476 2053 libros

1889 2055 2255 2124 compositos,
2299 2054 2414 2124 ejus
2467 2051 2798 2110 iu‘Judzeam
2848 2052 3123 2107 interitum
3169 2051 3476 2124 summatim

1889 2123 2294 2190 Commemorat,
2328 2123 2381 2181 et
2412 2127 2590 2179 statim
2617 2125 2682 2179 ad
2713 2124 3094 2179 Tcrebiuthum
3142 2124 3278 2185 auri,
3310 2123 3478 2178 libro-

1890 2213 2008 2251 rum
2040 2206 2093 2251 et
2124 2197 2392 2252 haereseos
2422 2197 2691 2251 haeredem
2720 2195 2943 2266 gradum
2990 2193 3144 2266 facit,
3178 2194 3330 2249 istius
3367 2194 3478 2250 cri-

1892 2269 2033 2322 mina
2071 2268 2460 2338 descripturus.
2496 2269 2562 2322 At
2590 2265 2738 2322 ultro
2762 2267 2887 2321 dato
2924 2265 3066 2338 quod
3096 2265 3361 2334 ejusmodi
3385 2281 3477 2320 ar-

1889 2347 2201 2410 gumentqu
2226 2337 2289 2393 ex
2319 2339 2565 2394 Archelai
2595 2346 2649 2394 ct
2677 2338 2863 2410 Cyrilli
2890 2337 3104 2392 silentio
3132 2338 3475 2407 desumptuta

1890 2408 2089 2478 aliquid
2120 2410 2487 2473 concluderet,
2516 2426 2583 2465 an
2612 2426 2717 2464 non
2748 2408 2923 2464 statim
2948 2409 3156 2463 labaret
3181 2417 3236 2463 et
3261 2423 3478 2478 pessum

1891 2482 2065 2537 abiret
2115 2482 2428 2551 praecedens
2484 2481 2877 2536 Beausobriana
2936 2480 3237 2535 disserendi
3294 2478 3479 2535 ratio?

1892 2553 2118 2609 Ubinam
2154 2554 2447 2619 scriptores
2473 2553 2773 2623 Epiphanio
2797 2551 3481 2623 antiquiores.Archelaus

1891 2624 2147 2680 videlicet
2178 2634 2233 2680 et
2259 2624 2494 2697 Cyrillus
2514 2666 2527 2689 ,
2553 2621 2890 2697 mentionem
2911 2622 3121 2697 faciunt
3138 2621 3205 2676 de
3234 2622 3481 2694 Scythia-

1893 2697 1943 2751 ni
1978 2706 2279 2751 mercatura
2298 2692 2321 2761 ,⁷
2346 2696 2412 2751 de
2444 2696 2560 2763 ejus
2590 2694 2927 2766 philosophia
2950 2735 2964 2757 ,
2998 2692 3333 2766 matheseos,
3366 2708 3482 2766 me-

1891 2768 2083 2822 dicinae
2125 2778 2179 2823 et
2226 2766 2569 2822 astrmiomize
2592 2763 2827 2821 ‘studio?
2856 2765 3039 2819 Altum
3072 2779 3256 2818 revera
3288 2764 3356 2819 de
3396 2763 3482 2819 his

1892 2838 2141 2893 omnibus
2184 2844 2468 2893 servarunt
2511 2838 2818 2900 silentium;
2866 2845 2922 2889 et
2970 2843 3250 2904 propterea
3296 2835 3483 2890 liceret

1896 2909 2091 2963 inferre
2119 2908 2235 2962 haec
2265 2910 2446 2962 omnia
2474 2908 2573 2961 sibi
2604 2907 2931 2962 conﬁnxisse
2961 2905 3285 2969 Bcausobre,
3313 2917 3367 2958 et
3396 2905 3482 2959 ni-

1896 2981 2000 3032 mia
2046 2994 2199 3045 a'quc
2229 2993 2291 3033 ac
2322 2979 2552 3032 violenta
2596 2975 3007 3047 exaggeratione
3041 2974 3398 3047 u5um‘fui‘sse
3425 2975 3480 3030 in
3535 3027 3547 3043 ,

1898 3044 2138 3104 historiis
2166 3048 2606 3111 conscribendis,
2635 3044 2923 3116 numquam
2964 3061 3070 3114 prae
3101 3044 3271 3100 oculis
3301 3044 3485 3116 habita

1895 3123 2145 3186 veritate,
2173 3136 2330 3189 quam
2360 3120 2513 3173 unice
2535 3119 2637 3174 sibi
2666 3115 3008 3189 proposuisse
3023 3116 3331 3189 innumeris
3352 3115 3485 3189 locis

181 3192 548 3249 Orientalium
580 3193 782 3249 Indiam
814 3209 873 3249 se
901 3190 1253 3259 transferens,
1286 3190 1499 3244 navium
1522 3187 1787 3253 subsidio,
1818 3195 1864 3260 ο
1897 3186 2203 3248 asseverat.’
2223 3190 2360 3258 Quid
2391 3205 2519 3245 vero
2556 3186 2787 3255 tandem,
2820 3188 2865 3242 si
2897 3186 3038 3242 istud
3072 3199 3178 3241 tam
3207 3186 3482 3260 aliumrsi-

185 3267 523 3319 mercaturis
554 3281 772 3334 operam
815 3265 998 3330 dedit;
1028 3280 1133 3334 quo
1168 3262 1221 3316 in
1251 3260 1508 3334 exercitio
1536 3273 1790 3330 prospera

182 3350 411 3403 semper
448 3332 842 3403 usus—fortuna,
879 3332 1141 3392 maximas
1170 3334 1319 3389 brevi
1360 3332 1461 3387 sibi
1490 3340 1680 3386 nactus
1712 3339 1798 3386 est

185 3406 413 3462 divitias
440 3450 455 3473 ,
486 3410 712 3464 marium
760 3408 1147 3465 commoditate
1174 3446 1188 3469 ,
1218 3406 1458 3461 locorum
1505 3403 1751 3458 ubertate
1774 3445 1789 3470 ,

187 3478 507 3548 ingeniique
540 3482 849 3550 praestantia
879 3495 1093 3550 semper
1121 3487 1175 3534 et
1211 3477 1407 3550 ubique
1434 3475 1509 3550 illi
1550 3474 1796 3550 arriden-

189 3546 368 3605 tibus.
412 3546 680 3607 Duo'haec
705 3599 719 3619 ,
766 3546 1073 3608 divitiarum
1114 3547 1268 3619 copia
1309 3546 1555 3602 videlicet
1596 3546 1795 3619 acerri-

188 3638 458 3689 mumque
486 3618 757 3692 ingenium
792 3626 887 3695 (ait
918 3618 1248 3689 Beausobre)
1271 3634 1424 3695 ,_u_ua
1462 3633 1581 3672 cum
1616 3618 1794 3695 perfe-

188 3702 271 3766 cta
293 3688 465 3766 atque
489 3688 769 3766 multiplici
788 3688 1137 3766 scientiarum
1160 3688 1489 3762 cognitione,
1513 3688 1795 3766 medicinae

188 3762 486 3829 nimirum,
531 3762 886 3837 philosophiae
909 3810 922 3833 ,
959 3765 1266 3821 matheseos
1314 3773 1383 3837 et_
1410 3762 1753 3837 astronomia:
1776 3801 1792 3827 ,

187 3849 317 3890 raro
352 3837 407 3890 iu
441 3831 549 3893 uno
569 3840 685 3894 solo
719 3831 936 3895 homine
959 3840 1322 3907 reperiuntur.
1353 3835 1522 3902 Quem
1553 3831 1791 3902 quidem,

186 3908 256 3961 ob
290 3906 619 3965 adinventas
654 3926 748 3966 seu
775 3906 1033 3967 excitatas
1062 3908 1322 3970 haereses,
1352 3917 1610 3959 aeternum
1638 3919 1793 3959 suum

188 3994 401 4034 nomen
444 3980 637 4037 fecisse
659 3992 955 4037 asseverat.
984 3982 1053 4037 At
1081 3979 1208 4050 quid
1244 3977 1487 4050 (subjicit
1510 3974 1723 4050 auctor)
1752 3974 1798 4028 si

188 4050 528 4132 Scythianus
556 4054 618 4132 in_
641 4054 889 4132 haeresim
915 4045 1193 4132 dumtaxat
1216 4045 1406 4132 fuisset
1435 4045 1654 4132 lapsus?
1680 4046 1797 4099 Non

187 4118 342 4177 enim
374 4138 498 4177 eum
532 4125 659 4181 odio
690 4124 888 4181 habere
916 4124 1071 4179 nobis
1092 4136 1227 4191 opus
1251 4128 1416 4183 esset,
1436 4118 1798 4191 sedprnrsus

186 4195 236 4247 ei
267 4195 528 4251 misereri
556 4205 855 4265 Oporteret,
887 4211 1005 4255 cum
1037 4187 1259 4249 haeresis
1286 4187 1795 4265 animiinlirmitati,

188 4258 851 4325 involuntariis'mnnino
875 4266 1226 4333 distortisquc
1256 4259 1677 4333 cogitationibus
1697 4258 1799 4311 tri-

185 4336 417 4412 buenda
443 4340 532 4405 sit,
557 4340 750 4410 quibus
774 4338 1013 4395 hominis
1034 4329 1310 4412 ingenium
1331 4329 1367 4387 a
1386 4330 1627 4412 veritatis
1655 4329 1801 4412 fonte

188 4403 535 4481 abscedens,
574 4403 858 4481 deceptum
884 4452 899 4476 ,
940 4425 999 4465 se
1032 4403 1357 4481 iu'errorern
1398 4403 1609 4481 trahere
1649 4403 1800 4455 sinit.

186 4479 385 4554 Quare
407 4473 591 4554 mitius
613 4473 831 4554 semper
854 4473 975 4539 eum
1002 4480 1296 4552 Scythiano
1318 4473 1623 4554 Qeausobre
1644 4487 1800 4553 agere

186 4544 426 4634 volens,
460 4552 512 4608 in
554 4544 779 4639 dubium
809 4562 1030 4637 revocat
1066 4544 1296 4639 alterum
1337 4545 1618 4626 Epiphanii
1640 4544 1800 4639 iris-rin-
1829 4579 1881 4639 Ι)

187 4624 449 4698 monium
499 4640 533 4698 an
581 4625 739 4680 nobis
788 4626 1037 4698 superius
1082 4623 1395 4698 laudatom,
1423 4633 1529 4687 quo
1570 4616 1801 4698 vidimus

186 4696 348 4751 hunc
393 4696 665 4753 hominem
703 4690 988 4767 praestigiis
1017 4704 1070 4751 et
1101 4692 1321 4767 magicis
1365 4690 1667 4767 daemonum
1715 4690 1799 4767 in-

186 4767 637 4842 cantationibus,
670 4759 864 4842 quibus
890 4759 1130 4842 Egyptii
1154 4759 1348 4842 vacare
1373 4760 1624 4842 soleban't
1642 4800 1657 4825 ,
1686 4759 1803 4842 ani-

185 4852 362 4911 I_num_
391 4830 737 4908 applicuisse.
764 4840 901 4896 Huic
928 4830 1356 4911 opiuionirlidem
1389 4831 1633 4911 adhibuit
1656 4830 1804 4911 solos

186 4903 549 4981 Epiphanius
578 4911 679 4983 (ait
706 4912 820 4977 ille)
850 4903 1079 4983 scriptor
1110 4909 1267 4983 valde
1294 4903 1545 4962 credulus
1567 4944 1581 4968 ,
1617 4903 1805 4983 nimis-

183 4974 324 5049 que'
346 4983 407 5036 in
453 4984 567 5038 suis
586 4974 994 5040 'assertionibu's
1022 4981 1325 5044 violentus;
1367 4990 1493 5031 cum
1521 4990 1587 5029 ex
1631 4974 1805 5049 altora

182 5045 535 5128 parte,__oec
578 5054 877 5128 Archelaus
921 5053 1207 5128 Caseharae
1242 5052 1679 5128 episcopus,.nec
1705 5045 1805 5128 Cy-

182 5118 356 5179 rillus
387 5124 906 5198 llierosolymitanus
932 5126 1000 5181 de
1025 5126 1126 5179 hac
1149 5122 1355 5198 magica
1384 5118 1661 5191 Scythiani
1688 5126 1805 5173 arte

182 5204 242 5249 et
277 5197 583 5270 praestigiis
614 5195 775 5253 ullam
810 5198 1036 5254 fecerint
1066 5195 1417 5270 mentionem;
1586 5261 1599 5270 _
1652 5260 1662 5270 ,

323 5211 583 5268 raesugus
614 5211 775 5253 uttam
810 5211 1036 5254 fecerint
1066 5211 1417 5251 mentionem.

260 5211 424 5334 (Suot
453 5278 634 5341 autem
657 5270 904 5341 qualiave
925 5275 1230 5341 commenta
1259 5264 1346 5341 hic
1374 5260 1805 5319 Beausobrianus

182 5337 517 5412 disserendi
547 5337 738 5397 modus
768 5357 878 5412 prae
898 5354 956 5395 se
981 5339 1140 5412 ferot,
1174 5337 1441 5412 neminem
1472 5347 1697 5412 prorsus
1718 5347 1808 5412 ca-

184 5411 535 5486 tholicorum
568 5412 739 5486 latere
765 5404 1016 5486 arbitror.
1044 5409 1177 5486 Nam
1213 5410 1257 5464 si
1295 5408 1516 5486 haeresis
1545 5404 1808 5486 imprimis

179 5483 392 5557 pravis
435 5492 490 5539 et
538 5479 1393 5557 omninorrinvoluntariisanimi
1442 5476 1675 5557 motibus
1716 5476 1809 5530 tri-

182 5549 425 5609 buenda
457 5563 569 5622 est,
601 5562 656 5611 et
683 5557 736 5611 in
764 5556 830 5612 iis
870 5555 1149 5610 dumtaxat
1177 5552 1354 5617 sistit,
1385 5564 1479 5605 cur
1507 5549 1559 5603 in
1601 5549 1807 5602 crimen

256 5687 357 5772 (ir)
399 5685 606 5769 Videsis
642 5686 768 5741 Rat.
796 5685 986 5756 Temp.
1018 5694 1147 5740 tom.
1172 5682 1257 5747 lll,
1292 5697 1411 5753 pag.
1448 5680 1551 5737 184
1584 5679 1800 5734 Veneta:

172 5760 599 5903 ωὲῗῖῐδξὶιιιο
639 5830 963 5901 suarasalur
993 5829 1213 5885 Ρδοιίυδ
1253 5827 1343 5884 "'1"
1390 5842 1405 5882 ‘
1450 5826 1582 5883 ms“
1614 5832 1800 5881 comm

1898 3264 2122 3320 lentium
2146 3262 2211 3317 de
2236 3256 2435 3331 magica
2462 3261 2736 3333 Scythiani
2759 3268 2874 3316 arte
2897 3274 3229 3333 nequaquam
3253 3256 3488 3329 Cyrillus

1899 3337 1952 3390 in
2002 3337 2309 3389 universum
2362 3331 2669 3388 servasset?
2718 3332 2865 3388 Hanc
2907 3331 3070 3395 enim,
3101 3338 3367 3400 tamquam
3416 3344 3484 3385 ex

1897 3406 2175 3478 Scythiam
2209 3404 2359 3478 libris
2393 3405 2635 3459 haustam
2658 3448 2672 3470 ,
2704 3401 3034 3478 fferebintho
3074 3400 3218 3478 illius
3262 3414 3483 3456 succes-

1896 3473 2029 3546 sori,
2060 3489 2114 3533 et
2146 3475 2345 3532 haeredi
2378 3478 2583 3539 tribuit,
2614 3475 2857 3532 scribens
2884 3491 2895 3527 :
2932 3473 3067 3546 Cum,
3102 3473 3169 3525 ad
3206 3482 3488 3546 extr-cntum

1898 3551 1941 3602 is
1990 3543 2117 3604 esset
2162 3547 2697 3618 comprehendendae,
2729 3547 2956 3617 profugit
3002 3543 3385 3618 adquamdam
3413 3546 3489 3598 vi-

1897 3623 2073 3675 duam.
2110 3616 2304 3673 Deinde
2335 3619 2540 3672 domum
2576 3616 2854 3673 ascendens
2878 3616 2897 3681 ,
2931 3626 2977 3670 ct
3020 3616 3276 3670 aduocans
3313 3631 3487 3670 aereos

1896 3694 2149 3747 daemones
2175 3733 2189 3755 ,
2234 3707 2360 3760 quos
2399 3688 2676 3745 Manichwi
2722 3692 2773 3743 in
2822 3686 3176 3742 abominandis
3220 3687 3380 3741 sacris
3420 3687 3490 3741 ad

1899 3765 2036 3818 hunc
2059 3779 2219 3833 usque
2249 3763 2379 3816 diem
2406 3762 2640 3816 invocare
2662 3762 2847 3827 solent,
2872 3760 3115 3833 divinitus
3142 3774 3405 3827 percussus
3441 3767 3490 3811 et

1899 3836 1961 3889 de
1981 3831 2142 3889 donto'
2156 3841 2443 3902 prostratus
2465 3834 2745 3888 exstinctus
2778 3841 2851 3885 est
2886 3831 2981 3901 (b).

1972 3907 2090 3961 Duo
2130 3899 2307 3975 itaque
2346 3904 2416 3958 ibi
2442 3905 2675 3974 Cyrillus
2700 3899 3010 3958 asseverat:
3041 3901 3293 3975 alterum,
3323 3899 3489 3954 Tere-

1900 3978 2148 4033 binthum
2168 4018 2182 4042 ,
2210 3970 2430 4044 magicae
2460 3970 2589 4029 artis
2620 3984 2673 4029 et
2698 3975 3003 4044 daemonum
3046 3970 3317 4044 subsidio_,
3349 3984 3488 4044 prae:

1904 4048 2077 4117 stigiis
2112 4038 2349 4111 vacasse,
2380 4046 2603 4117 quibus,
2634 4053 2854 4117 auctore
2878 4041 3205 4105 Bcausobrc,
3243 4038 3484 4117 Egyptii

1901 4128 1956 4174 ct
1976 4108 2257 4173 ludiarum
2286 4108 2467 4183 populi
2497 4108 2713 4184 operam
2742 4114 2867 4168 dare
2898 4122 3321 4184 consueverant;
3359 4108 3491 4163 alte-

1903 4204 2022 4243 rum
2050 4202 2197 4251 vero,
2226 4179 2549 4241 Manichaeos'
2591 4186 2645 4239 in
2683 4181 3055 4237 abominandis
3084 4179 3253 4251 sacris
3281 4179 3488 4251 daemo-

1906 4275 2001 4314 nes
2030 4258 2282 4313 invocare
2312 4256 2509 4311 solere.
2538 4254 2587 4309 ls
2613 4269 2742 4324 ergo
2771 4253 2934 4316 dicat,
2958 4250 3267 4324 a_mabo,oex
3298 4250 3491 4324 quibus

1903 4330 2142 4386 fontibus
2187 4329 2323 4382 hanc
2368 4335 2536 4380 artem
2582 4320 2785 4394 hosque
2818 4325 2950 4379 ritus
2982 4322 3294 4384 hauserint,
3340 4320 3492 4394 sioex

1905 4400 2366 4473 Scythiauilibris
2395 4392 2868 4473 nouudidicerunt?
2896 4394 2978 4449 An
3012 4394 3169 4462 hujus
3204 4400 3365 4447 sectae
3397 4392 3494 4445 ho-

1906 4466 2081 4529 mines
2112 4474 2162 4527 in
2198 4470 2446 4525 Indorum
2482 4468 2716 4524 Orientis
2745 4466 2953 4535 plagam
2983 4480 3043 4521 se
3086 4474 3407 4533 receperunt
3434 4474 3495 4519 ut

1908 4545 2125 4600 nefariis
2162 4542 2312 4598 hisce
2343 4540 2533 4595 studiis
2560 4534 2846 4595 vacarent?
2868 4534 3253 4593 Terebinthum
3297 4537 3493 4606 quippe

1908 4616 2067 4671 ludos
2101 4614 2363 4669 salutasse
2397 4612 2586 4667 uullibi
2625 4610 2869 4681 legimus.
2901 4608 3011 4664 Nisi
3039 4608 3307 4681 conjicere
3338 4608 3496 4663 liceat
3576 4637 3584 4643 -

1908 4686 2202 4753 Scythiano
2226 4684 2536 4739 comitatum
2564 4679 2897 4753 praestitisse,
2931 4695 3052 4753 cum
3080 4679 3207 4753 illuc
3232 4694 3292 4734 se
3322 4687 3497 4734 trans-

1909 4752 2031 4816 vebi
2060 4758 2283 4814 curavit.
2312 4756 2379 4811 Et
2404 4752 2686 4824 propterea
2710 4752 2897 4808 iisdem
2919 4752 3213 4824 disciplinis
3234 4759 3492 4824 utrosque

1910 4832 2146 4887 imbutos
2177 4829 2341 4884 fuisse
2372 4823 2703 4898 probabilius
2732 4840 2853 4898 esse
2880 4823 3243 4898 affirmemus;
3274 4823 3355 4898 rel
3382 4823 3495 4898 _'l‘_e7

1912 4901 2221 4959 rebinthum
2250 4892 2979 4973 caeterosque‘Manicbaaos,
3013 4894 3123 4973 jam
3152 4896 3243 4973 (ex
3271 4892 3495 4973 βχςιιιο)

1912 4975 2239 5044 magicorum
2285 4963 2803 5044 artium'cultores,
2850 4963 3116 5036 ejusmodi
3159 4963 3495 5044 disciplinam

1910 5033 2032 5101 sibi“
2041 5052 2227 5100 nactos
2256 5057 2377 5099 esse
2409 5040 2640 5097 lectione
2681 5033 2943 5114 librorum
2989 5048 3127 5105 quos
3164 5033 3528 5114 _Scythiaiius.

1912 5116 2330 5185 conscripserat.
2360 5114 2539 5182 Quare
2580 5113 2625 5167 si
2641 5108 2919 5187 _s_ine_u_llo
2963 5103 3215 5187 scrupulo
3256 5104 3326 5157 ita
3350 5103 3500 5184 .licct

1910 5178 2217 5244 ratiocinari
2246 5228 2260 5253 ,
2306 5178 2510 5241 firmius
2553 5182 2713 5238 stabit
2762 5178 3047 5253 Epiphanii
3096 5178 3490 5253 testimonium,

1911 5275 2017 5330 quo
2052 5245 2337 5330 affirmavit
2380 5256 2730 5328 Scythianum
2757 5245 3064 5330 praestigiis
3108 5256 3163 5302 et
3190 5245 3495 5300 daemonum

1914 5322 2369 5387 incantationibus
2399 5322 2617 5395 operam
2647 5322 2993 5395 applicuisse.

1980 5404 2038 5457 2.
2086 5406 2197 5473 Age
2227 5415 2356 5456 vero
2405 5387 2592 5473 isthmc
2639 5387 3132 5473 missa-faciamus,
3161 5387 3304 5473 aliud
3324 5402 3500 5473 ncom-

1914 5460 2161 5531 mentun?
2189 5470 2473 5528 iudicaturi
2499 5510 2513 5535 ,
2545 5466 2686 5537 quod
2716 5463 2932 5519 laudato
2962 5461 3293 5537 Epiphanio,
3324 5460 3497 5537 Beati-

1915 5530 2075 5603 sobre
2101 5544 2362 5617 attingere
2387 5530 2630 5605 conatur,
2655 5537 2940 5591 occasione
2961 5530 3219 5591 maritalis
3238 5530 3493 5602 conjugii,

1910 5666 2253 5747 Manichaeos,
2288 5690 2405 5747 cap.
2438 5670 2752 5747 l2._Videsis
2774 5669 3224 5747 Christophorum
3243 5665 3496 5725 Wolﬁum

1912 5753 1963 5806 in
1993 5752 2131 5807 notis
2161 5743 2373 5817 ad'cap'.
2398 5746 2465 5802 l2
2490 5744 2763 5801 Photiauae
2792 5743 3063 5800 Historiae.
