3988 6314
502 305 609 368 795

1069 306 1132 361 Ρ.
1170 298 1493 362 ΟΑΟΟΙΑΒΙ
1533 296 2065 357 EXERCITATIONE

2172 294 2227 351 IN
2267 296 2324 352 S.
2368 294 2611 356 LEONIS
2650 298 2867 359 MGM
2905 298 3154 363 OPERA.

3667 308 3767 367 796

496 418 848 501 a_Scythiano
887 432 1010 501 cum
1049 418 1245 501 femina
1283 417 1573 501 superioris
1600 416 1888 501 Thebaidis
1937 417 2073 501 initi.
2105 414 2157 476 A
2184 425 2261 501 tot
2291 422 2507 501 saecula,
2534 422 2845 501 unus-solus
2867 423 3192 501 Beausobre,
3217 440 3243 483 a
3268 426 3544 501 Seythiani
3570 439 3627 485 et
3650 431 3766 500 Epi-

497 489 647 548 llanc
675 493 819 548 enim
849 492 1112 562 captivam
1140 490 1306 562 fuisse
1331 498 1509 562 narrat
1539 489 1618 559 (α)
1646 489 1957 555 Archelaus,
1987 490 2071 562 cui

498 563 751 620 Socrates
785 558 1103 633 suffragatus
1140 565 1240 617 est.
1272 558 1791 633 Orientales'autem
1832 576 1935 616 non
1984 561 2077 616 ab-

498 635 719 690 horrere
748 648 778 689 a
808 631 1033 704 captivis
1079 633 1332 688 uxoribus
1362 633 1523 686 etiam
1568 631 1682 699 ipse
1732 633 2036 687 Beausobre
2057 675 2070 699 ,

500 707 801 776 aliquorum
833 706 1136 761 testimonio
1165 703 1431 776 sull‘ultus,
1454 712 1744 758 asseverat.
1778 704 1884 760 Sed
1913 719 2073 758 occa-

496 774 704 833 sionem
751 777 875 859 iodc
917 778 1104 859 arri-pit
1150 784 1205 829 ut
1244 774 1439 859 stylum
1488 776 2072 859 contraJEpiphanium

496 858 691 913 vertat,
719 847 860 915 quod
892 848 1166 918 pulchram
1208 855 1262 901 et
1294 847 1545 915 juvenem
1577 847 1839 914 captivam
1871 847 1922 900 in
1956 862 2077 916 per-

496 920 661 974 ditam
691 919 1048 986 infamemque
1083 919 1419 973 meretricem
1460 925 1774 972 convertere
1805 918 2072 983 voluerit;

496 992 649 1062 quasi
694 990 1038 1062 Scythianuni
1065 1031 1080 1055 ,
1128 988 1395 1062 hominem
1442 987 1680 1062 moribus
1719 997 1773 1044 et
1817 988 2074 1062 religione

498 1059 782 1131 perditum,
815 1061 1160 1130 prostibulam
1191 1059 1385 1115 ducere
1412 1060 1614 1130 pudere
1642 1061 1957 1128 Oportuerit.
1993 1061 2072 1115 Ex

494 1148 601 1203 quo
630 1143 805 1186 autem
840 1134 985 1187 fonte
1014 1131 1277 1201 ejusmodi
1314 1132 1613 1203 anecdotum
1641 1132 1793 1187 valde
1824 1132 2073 1202 Scythia-

497 1203 551 1258 ni
582 1203 737 1258 fama:
764 1204 1175 1273 ignominiosum
1208 1202 1424 1257 haurire
1467 1202 1653 1272 possit.
1688 1217 1808 1257 cum
1839 1203 2075 1272 Epipha-

493 1275 615 1328 nius
671 1274 801 1329 illud
857 1275 1073 1329 silentio
1129 1274 1532 1343 praetermittat;
1588 1274 1894 1329 Beausobre
1951 1290 2072 1329 cum

491 1345 788 1414 ignorasset
809 1385 822 1407 ,
856 1346 907 1400 in
940 1344 1297 1415 Epiphaniam
1329 1346 1756 1415 excandescens,
1792 1347 1931 1400 hunc
1961 1361 2073 1399 ma-

494 1416 726 1471 ledicum
759 1417 1029 1486 appellare
1055 1430 1159 1470 non
1192 1426 1423 1471 veretur.
1461 1416 1759 1471 Arbitratur
1790 1425 2073 1485 prepterea

492 1488 702 1541 nonnisi
725 1503 755 1542 a
778 1487 1083 1542 vehementi
1108 1488 1284 1542 studio
1307 1494 1364 1542 et
1392 1487 1554 1541 anitni
1582 1487 1831 1541 violentia
1862 1497 2073 1557 raptum

494 1558 867 1613 haereticorum
899 1573 984 1613 res
1011 1568 1190 1628 gestas
1214 1569 1265 1612 et
1294 1573 1472 1613 mores
1503 1558 1855 1627 descripsisse
1882 1561 1976 1627 (ὁ).

567 1631 667 1701 13
699 1630 844 1684 llanc
884 1640 1060 1684 tamen
1092 1629 1428 1701 similemque
1455 1630 1722 1699 cogitandi
1750 1640 1909 1700 atque
1936 1631 2071 1685 scri-

489 1700 649 1755 bendi
691 1702 969 1762 rationem.
998 1716 1116 1769 quae
1150 1700 1608 1770 Pyrrhoninorum
1649 1712 1947 1755 commenta
1990 1717 2073 1756 re-

490 1774 655 1839 dolet,
675 1771 823 1826 facile
839 1771 1054 1842 quidem
1078 1772 1386 1839 eripiemns,
1406 1774 1726 1840 depravatos
1751 1772 2064 1826 Manichaeo-

490 1858 607 1897 rum
632 1857 808 1897 mores
838 1845 1114 1898 nobiscum
1137 1844 1510 1913 recogitantes.
1538 1843 1685 1896 Nulla
1710 1845 1876 1911 enim,
1902 1845 2061 1898 etiam

491 1914 869 1981 Ethnicorum,
903 1924 1047 1969 secta
1078 1914 1393 1969 sceleratior
1424 1916 1475 1968 in
1514 1914 1885 1983 impudicitiis,
1920 1917 2062 1970 nulla

489 2001 737 2055 umquam
769 1986 871 2040 alia
910 1985 1186 2039 hominum
1228 1983 1409 2040 schola
1456 1984 1796 2053 depraVatinr
1831 1986 1882 2039 in
1915 1986 2063 2040 ince-

488 2060 686 2111 stuosis
712 2056 1003 2112 elfraenataa
1037 2056 1273 2110 libidinis
1305 2055 1531 2120 actibus,
1559 2056 1883 2109 Manichaica
1918 2059 2066 2111 inve-

490 2128 595 2181 niri
622 2129 810 2196 potuit.
840 2127 971 2181 Nam
997 2126 1205 2195 abjeeto
1229 2141 1565 2197 quocumque
1593 2136 1797 2180 natura:
1821 2127 2063 2183 humana:

490 2198 695 2267 pudore
731 2207 786 2252 et
824 2198 1178 2263 verecundia,
1224 2198 1467 2253 carnales
1514 2198 2063 2266 concupiscentiarum

491 2276 668 2324 motus
696 2268 948 2324 cohibere
978 2269 1126 2324 nefas
1151 2271 1492 2338 reputabant,
1521 2276 1575 2323 et
1595 2284 1624 2322 a
1650 2270 1847 2336 nuptiis
1871 2270 2065 2325 abhor-

489 2341 676 2395 rebant
695 2380 710 2407 ,
741 2347 799 2394 ut
828 2341 1057 2395 filiorum
1091 2339 1517 2409 procreationem
1550 2350 1913 2408 praecaverent
1937 2358 1948 2393 :
1969 2342 2064 2397 sed

487 2411 687 2466 mutuis
704 2410 1051 2481 nefandisque
1071 2412 1546 2466 commixtionibus
1569 2421 1824 2483 perpetuo
1843 2412 2064 2467 uteban-
2084 2444 2089 2451 ι

489 2492 593 2536 tur.
624 2483 753 2553 Qua;
783 2498 910 2553 ergo
936 2483 1280 2553 verecundia,
1312 2486 1527 2553 quinam
1561 2484 1785 2552 publica)
1806 2491 1861 2537 et
1887 2484 2065 2549 priva-

488 2561 556 2609 tte
582 2552 875 2609 honestatis
904 2554 1072 2621 pudor
1098 2552 1209 2609 dari
1242 2552 1460 2623 potuere
1488 2556 1541 2609 in
1579 2554 1794 2609 homine
1820 2554 1908 2621 qui
1935 2570 2063 2610 suos

488 2626 721 2680 asseclas
740 2626 918 2680 docuit
938 2625 1150 2695 nuptias
1170 2626 1522 2680 exsecrandas
1544 2639 1685 2688 esxe,
1711 2625 1879 2694 iisque
1902 2627 2064 2683 licere

487 2696 738 2751 omnibus
783 2698 1100 2752 incestuosa:
1121 2706 1176 2751 et
1208 2696 1534 2764 turpissima:
1580 2696 1813 2751 libidinis
1855 2696 2062 2753 actibus

486 2767 783 2835 inquinari?
812 2768 886 2823 De
911 2768 1059 2823 hisce
1084 2776 1261 2823 autem
1286 2767 1498 2837 ﬂagitiis
1522 2781 1627 2822 non
1662 2776 1866 2822 tantum
1898 2768 2062 2823 fuisse

486 2839 809 2894 Manichaeos
849 2840 1183 2909 postulatos,
1231 2838 1327 2893 sed
1378 2839 1603 2908 publicis
1642 2848 1697 2893 et
1740 2839 2061 2895 authenticis

486 2911 851 2966 monumentis
875 2920 929 2965 et
957 2911 1280 2965 testimoniis
1304 2912 1411 2979 jam
1459 2910 1655 2978 pluries
1685 2909 1850 2965 fuisse
1875 2910 2063 2966 convi~

484 2990 621 3045 etos,
656 2981 933 3051 perspicue
981 2982 1212 3049 produnt
1242 2981 1371 3037 Acta
1400 2982 1657 3036 Romana:
1699 2982 2061 3050 inquisitionis

485 3053 686 3121 scripto
729 3053 829 3107 sub
868 3053 1047 3108 Leone
1095 3051 1288 3123 Magno
1324 3052 1415 3123 (c)
1454 3053 1793 3122 consignata;
1842 3053 1926 3108 vel
1974 3055 2058 3107 illa

483 3138 601 3193 quae
631 3124 684 3179 in
714 3124 910 3178 Africae
953 3124 1208 3179 Ecclesiis
1247 3123 1427 3178 habita
1457 3133 1607 3189 sunt,
1640 3123 1707 3178 de
1737 3125 1929 3194 quibus
1961 3125 2058 3193 ipsi

482 3195 835 3265 opportunius
877 3209 974 3249 suo
1015 3195 1167 3260 loco,
1204 3203 1505 3265 temporum
1551 3195 1762 3250 ratione
1806 3204 2014 3249 servata
2042 3239 2057 3262 ,

486 3263 644 3320 verba
669 3266 946 3321 faciemus.
981 3265 1087 3322 Sed
1114 3267 1179 3320 ad
1205 3263 1508 3321 Beausobre
1530 3265 1833 3321 redeamus.
1860 3266 1910 3321 ls
1935 3281 2063 3336 ergo

483 3338 730 3410 concedit
758 3337 1036 3410 Scythiani
1069 3352 1296 3392 uxorem
1328 3336 1492 3410 fuisse
1515 3338 1806 3410 captivam.
1849 3337 2065 3410 Sediex

482 3421 589 3476 quo
614 3407 761 3463 fente
790 3408 1012 3476 colligit,
1051 3416 1130 3471 ut,
1174 3407 1619 3477 quemadmodum
1652 3408 1919 3477 captivam
1952 3408 2065 3463 du-

483 3491 607 3531 cere
638 3493 744 3532 non
775 3480 1071 3545 erubuerit,
1100 3478 1222 3534 huic
1252 3478 1411 3533 fuerit
1440 3479 1626 3547 religio
1648 3492 1767 3533 eam
1799 3494 1861 3532 ex
1890 3494 2065 3535 mere-

484 3549 644 3603 tricio
670 3558 879 3620 quaestu
918 3552 971 3604 in
1011 3564 1232 3604 uxorem
1273 3565 1379 3604 non
1420 3550 1736 3603 assumere?
1782 3550 2062 3605 Pulchram

484 3619 699 3688 quidem
729 3628 784 3674 et
808 3619 1058 3689 juvenem
1089 3621 1204 3674 sine
1232 3629 1450 3675 auctore
1480 3620 1784 3674 Beausobre
1809 3620 2063 3688 afﬁrmat;

485 3690 647 3761 idque
673 3690 849 3745 evinci
878 3705 1033 3758 posse
1055 3691 1365 3761 arbitratur,
1389 3691 1529 3761 quod
1554 3691 1688 3743 hanc
1710 3693 1827 3760 plus
1856 3693 2065 3748 czeteris

486 3759 809 3833 Scythianus
862 3760 1211 3816 adamaverit.
1266 3759 1421 3833 igitur
1480 3761 1635 3829 hujus
1687 3759 1818 3815 tanti
1867 3765 2064 3819 amoris

486 3831 645 3886 causa
672 3846 788 3885 eam
814 3833 1065 3887 connubii
1096 3831 1407 3900 participem
1436 3832 1634 3887 habere
1656 3833 1847 3900 potuit,
1875 3844 2065 3889 tamet-

485 3902 531 3958 si
553 3901 661 3971 jam
687 3904 891 3973 pridem
921 3904 1060 3973 apud
1087 3902 1412 3957 Thebaidem
1440 3904 1687 3958 omnibus
1714 3904 1978 3972 vulgatam
2004 3920 2063 3962 se

486 3974 835 4030 exhibuisset.
866 3974 977 4030 Nec
1014 3976 1165 4043 juvat
1194 3974 1262 4029 ab
1290 3974 1590 4043 Epiphanio
1631 3988 1726 4028 eos
1754 3974 1928 4031 fontes
1966 3990 2062 4032 seu

491 4047 813 4117 vetustiores
843 4047 1131 4115 scriptores
1170 4044 1388 4101 silentio
1418 4045 1751 4114 praetermitti
1783 4060 1848 4101 ex
1872 4047 2065 4117 quibus

489 4115 657 4187 hocce
697 4116 895 4172 factum
944 4118 1319 4184 hauriebatur,
1363 4132 1484 4172 cum
1534 4131 1691 4170 nemo
1720 4132 1786 4172 ex
1828 4115 2062 4187 antiquis

486 4186 613 4241 illud
644 4188 697 4242 in
725 4189 942 4243 dubium
972 4190 1324 4251 revocaverit,
1348 4199 1438 4242 aut
1467 4188 1792 4244 contrarium
1824 4186 2062 4245 tradide-

483 4258 582 4323 rit;
632 4274 752 4315 cum
784 4260 920 4315 forte
966 4274 1155 4315 omnes
1182 4260 1273 4329 qui
1295 4259 1576 4330 Epiphanii
1626 4260 1824 4329 scripta
1871 4261 2064 4315 lustra-

484 4338 630 4393 runt,
655 4345 718 4385 ea
740 4330 1063 4387 ducerentur
1093 4330 1458 4400 persuasione,
1484 4339 1725 4387 sanctum
1752 4332 2063 4400 episcopum

487 4414 575 4455 res
606 4416 699 4483 per
740 4401 1084 4485 Scythiauoum
1130 4400 1616 4491 gestasubujulsqne
1654 4404 2062 4491 nioresjscri‘pto

485 4472 1164 4543 consignassekmajorum
1192 4473 1575 4528 traditionibus
1606 4473 1923 4528 insistendo.
1955 4472 2061 4529 Cu-

2184 489 2361 571 phanii
2397 495 2523 547 mvis
2556 494 2864 571 longissime
2896 497 3100 571 distans
3133 499 3153 571 (
3168 489 3362 569 quippe
3393 513 3645 556 currente
3669 489 3765 560 h'oc

2179 564 2413 645 smculp,
2466 580 2607 619 anno
2656 564 3760 645 videlicet_mi_llesimoseptingentesimo

2181 640 2451 716 trigesimo
2504 652 2644 716 tropo
2681 641 2968 716 praesepiis
3019 642 3156 716 lucis
3191 657 3419 716 usuram
3469 644 3795 712 absolvit),.

2178 709 2516 780 antiquorum
2566 709 2823 780 Ecclesia:
2868 710 2969 765 PP.
3024 714 3396 780 traditionem,
3450 718 3581 769 solis
3625 709 3764 771 com;

2177 778 2436 832 mentitiis
2462 778 2651 833 fabulis
2676 791 2921 837 evertere
2944 790 2999 837 et
3022 784 3235 839 abolere
3267 778 3415 839 nisus
3441 786 3622 841 luerit.

2247 849 2299 902 5.
2342 848 2515 928 Mitius
2546 860 2720 904 tamen
2752 866 2873 906 cum
2900 864 3086 928 sancto
3115 856 3313 928 Cyrillo
3354 857 3757 927 Hierosolymo-

2179 922 2582 1001 rum_episcopo
2611 932 2793 1001 noster
2836 924 3075 1001 criticus
3098 922 3255 996 agere
3284 929 3428 982 visus
3473 938 3573 987 est.
3608 922 3759 998 quem

2178 1005 2283 1071 non
2313 994 2379 1071 in_
2401 1007 2639 1071 errorem
2675 994 2879 1062 lapsum
2900 1037 2914 1060 ,
2952 998 3110 1071 tiimia
3138 994 3318 1071 tamen
3355 994 3760 1071 exaggeratione

2177 1065 2253 1136 uti
2298 1065 2530 1136 voluisse
2591 1077 2887 1119 asseverat.
2953 1067 3240 1136 Propterea
3291 1070 3340 1123 in
3388 1065 3755 1126 describendis

2174 1130 2445 1208 Scythiani
2480 1139 2983 1208 gestis,personam
3016 1130 3453 1194 concionatnrum
3491 1146 3724 1208 gessisse
3745 1184 3757 1206 ,

2176 1206 2565 1276 quipropnsita
2592 1207 2691 1260 sibi
2719 1218 3035 1276 argumenta
3075 1206 3550 1266 declamationibus
3579 1223 3633 1267 et
3668 1228 3756 1268 su-

2177 1275 2562 1354 perlationibus
2592 1279 2934 1354 magnificare
2959 1280 3133 1354 potius
3154 1282 3368 1354 student
3391 1299 3547 1351 quam
3574 1299 3753 1338 eorum

2178 1350 2465 1427 veritatem
2512 1350 2949 1427 patefacere._Et
2991 1352 3228 1427 quidem
3260 1350 3500 1427 Cyrinus
3532 1356 3599 1427 de
3639 1358 3755 1426 Sey-

2178 1415 2342 1470 thiani
2372 1415 2631 1479 religione
2659 1422 2818 1474 verba
2842 1415 3099 1484 facturus.
3123 1423 3255 1477 dixit
3283 1415 3423 1478 Hunc
3454 1425 3583 1477 nihil
3611 1415 3751 1479 coui-

2178 1504 2337 1542 tnune
2380 1490 2633 1545 habuisse
2664 1508 2754 1544 nec
2781 1508 2894 1545 cum
2920 1491 3211 1560 Judaisnw,
3237 1510 3328 1547 nec
3358 1512 3470 1548 cum
3502 1494 3750 1550 Christia-

2176 1560 2357 1639 nismo.
2391 1560 2462 1613 Ita
2498 1560 2703 1639 legisse
2726 1564 2777 1615 in
2810 1562 2997 1639 Grmco
3024 1566 3208 1639 Cyrilli
3239 1574 3382 1619 textu
3409 1566 3507 1639 (d)
3538 1580 3751 1621 etinten-

2177 1628 2567 1705 dit,_qnatnvis;
2596 1633 2813 1704 antiqua
2862 1628 3195 1690 Coloniensis
3239 1628 3426 1690 versin‘
3456 1628 3638 1705 prima
3675 1640 3747 1693 illa

2179 1700 2361 1775 gerba,
2392 1718 2505 1775 cum
2532 1700 2824 1771 Judaisino,
2849 1715 3135 1775 expungat.
3171 1708 3274 1761 Sed
3301 1708 3438 1761 ultro
3456 1700 3591 1761 'dato
3620 1712 3747 1773 quod

2177 1769 2345 1844 (ἓτερρί
2363 1774 2518 1827 codd.
2541 1769 2819 1844 utramque
2846 1769 3073 1830 Italicam
3102 1780 3385 1832 lectionem
3409 1769 3745 1844 quemadmo-

2171 1841 2295 1920 dum
2337 1844 2558 1920 legimus
2595 1844 2698 1916 14
2734 1841 2872 1920 apud
2917 1848 3161 1920 Pltotium
3196 1849 3311 1920 (e).
3350 1841 3475 1917 quid
3508 1867 3743 1919 umquam

2172 1911 2331 1993 habet
2356 1911 2783 1986 Cyrilluqu—uod
2812 1919 3020 1993 veritati
3054 1911 3343 1990 repugnet;
3369 1911 3663 1990 'quodqtte,
3701 1932 3743 1977 et

2170 1992 2347 2061 sinon
2378 1996 2923 2061 apertumierrorem,
2970 1992 3185 2043 nimiam
3233 1993 3419 2045 saltem
3464 2008 3742 2061 exaggera.

2170 2057 2369 2130 iitinetn
2390 2058 2911 2130 superlationemque
2930 2076 3039 2123 prae
3068 2076 3124 2115 se
3142 2060 3312 2115 ferat?
3334 2057 3735 2128 Christiqiliorus

2172 2124 2512 2198 Wolfius”)
2543 2129 2781 2198 quidem,
2808 2124 2858 2183 in
2903 2130 3177 2185 Photianis
3220 2134 3371 2188 libris
3404 2124 3732 2199 adornandis,

2168 2212 2302 2277 quos
2333 2200 2586 2277 Amburgi
2614 2202 2763 2277 novis
2795 2203 2934 2277 typis
2965 2205 3226 2277 commiiti
3253 2202 3495 2277 curavit,
3525 2205 3595 2258 dc
3623 2211 3733 2277 Scy-

2172 2268 2353 2343 thiano
2377 2268 2590 2343 scripsit
2616 2289 2635 2343 :7
2654 2270 2757 2325 Hic
2783 2268 2981 2343 primus
3007 2276 3135 2326 inter
3153 2274 3469 2329 Christianos
3496 2277 3664 2329 statur
3683 2268 3732 2328 'de

2168 2340 2365 2413 duobus
2395 2341 2711 2411 principibus
2737 2340 2993 2413 opinionis
3015 2354 3193 2398 auctor
3213 2346 3423 2400 exstitit.
3450 2349 3520 2400 At
3544 2347 3733 2413 opinio-

2168 2426 2290 2486 _n_em
2324 2410 2465 2486 hanc
2510 2414 2726 2469 smitam
2749 2410 2779 2479 ,⁷
2810 2430 2969 2469 unam
3016 2431 3137 2470 esse
3176 2418 3315 2471 inter
3354 2426 3431 2470 tot
3473 2410 3724 2486 tantasque

2166 2481 2527 2550 blasphemias
2564 2499 2696 2552 quas
2734 2488 2815 2541 vel
2853 2490 2919 2541 de
2961 2487 3158 2545 Christi
3207 2488 3385 2541 carnis
3437 2481 3717 2554 uativitaie,

2165 2561 2338 2607 morte
2366 2562 2419 2629 et
2447 2558 2841 2629 resurrectione
2870 2558 3147 2629 Maniclizei
3180 2560 3573 2628 excogitarunt,
3608 2575 3726 2629 qua:-

2166 2638 2269 2697 que
2301 2623 2675 2693 principaliora
2699 2635 2752 2682 et
2773 2630 3029 2683 solidiore
3051 2623 3372 2684 Christiana:
3400 2629 3518 2683 fidei
3554 2623 3730 2697 princi-

2167 2695 2252 2764 pia
2282 2698 2490 2765 penitus
2531 2699 2758 2763 evertit,
2792 2700 2901 2767 jam
2946 2703 3075 2753 satis
3118 2701 3370 2755 omnibus
3411 2695 3724 2766 exploratum

2166 2776 2268 2831 est,
2301 2776 2355 2821 et
2384 2768 2483 2836 ipsi
2515 2768 2566 2822 in
2600 2769 2938 2825 inferioribus
2976 2771 3384 2839 explicabimus.
3415 2770 3542 2837 Quid
3579 2774 3723 2839 igitur

2167 2840 2739 2912 cumChristianorum
2774 2842 2877 2896 fide
2909 2842 2995 2896 illa
3026 2843 3212 2912 religio
3237 2857 3510 2896 commune
3536 2841 3717 2896 habere

2166 2910 2361 2985 potuit,
2386 2926 2505 2979 qum
2532 2910 2949 2985 fundamentalia
2990 2910 3243 2985 mysteria
3271 2925 3537 2983 oppugnat
3566 2924 3616 2967 et
3638 2913 3724 2966 ab-

2163 2980 2309 3034 olet?
2327 2982 2481 3034 Certe
2498 2984 2542 3035 si
2562 2982 2970 3037 Beausobriana:
2992 2980 3197 3038 starent
3219 2980 3559 3052 conjecturae,
3582 2986 3726 3037 etiam

2164 3065 2401 3126 paganus
2431 3052 2525 3106 Dei
2556 3054 2711 3107 unius
2734 3056 3071 3109 existentiam
3099 3057 3364 3126 triumque
3393 3071 3721 3123 personarum

2168 3123 2563 3178 distinctionem
2616 3140 2852 3194 negans,
2906 3128 2995 3195 qui
3041 3130 3235 3180 creatis
3277 3123 3731 3194 ‘sensibililtusque

2168 3195 2347 3254 rebus,
2382 3196 2499 3259 soli,
2529 3195 2797 3261 videlicet,
2829 3198 2949 3260 luci,
2978 3198 3248 3260 sideribus,
3280 3197 3496 3251 divinos
3518 3200 3730 3251 homires

2168 3264 2435 3336 exhibeat,
2462 3268 2659 3336 quique
2686 3269 2962 3336 Deiparam
2984 3278 3038 3322 et
3059 3268 3292 3322 divinum
3316 3269 3493 3323 Patris
3521 3269 3729 3323 Verbum

2169 3334 2440 3389 hominem
2472 3334 2591 3391 esse
2635 3334 2830 3392 factum
2863 3339 3230 3407 blasphemet,
3258 3351 3312 3393 et
3353 3341 3660 3394 innumeros
3686 3340 3730 3392 id

2167 3422 2333 3474 genus
2382 3407 2519 3463 alios
2555 3422 2787 3480 errores
2835 3410 3149 3477 profitetur,
3205 3411 3407 3480 aliquid
3462 3413 3726 3465 nobiscum

2167 3492 2451 3550 commune
2483 3479 2680 3533 habere
2722 3489 2922 3549 posset,
2956 3496 3018 3535 ea
3049 3482 3160 3535 sola
3188 3479 3397 3537 ratione
3424 3482 3567 3550 quod
3592 3482 3730 3534 Chri-

2165 3549 2236 3602 sti
2266 3564 2461 3605 nomen
2492 3564 2772 3617 perperam
2794 3551 2897 3606 sibi
2918 3552 3191 3606 vindicare
3218 3549 3458 3607 auderet.
3497 3554 3602 3608 Sed
3625 3566 3729 3605 cum

2167 3621 2388 3693 veritate
2419 3621 2537 3691 quis
2560 3621 2612 3674 id
2637 3637 2885 3691 umquam
2916 3622 3234 3678 affirmabit?
3261 3624 3392 3677 Nam
3424 3639 3651 3693 paganus
3675 3624 3732 3675 de

2167 3706 2272 3764 quo
2299 3692 2524 3761 agimus,
2559 3700 2752 3759 praeter
2777 3693 3136 3748 Christianum
3163 3710 3378 3759 nomen,
3408 3692 3551 3764 quoii
3580 3695 3733 3749 sacri-

2166 3761 2287 3831 lege
2314 3763 2413 3816 sibi
2456 3774 2759 3831 usurparet,
2794 3765 2923 3819 nihil
2963 3780 3182 3833 prorsus
3226 3761 3449 3819 haberet
3490 3767 3558 3819 de
3588 3764 3734 3817 Chri-

2166 3837 2460 3888 stianorum
2493 3834 2625 3899 fide,
2663 3835 2922 3900 moribus,
2956 3837 3147 3890 ritibus
3188 3846 3241 3890 et
3280 3838 3558 3890 institutis.
3600 3836 3729 3903 Quin

2167 3905 2332 3959 immo
2379 3903 2494 3959 haec
2534 3907 2743 3976 omnia,
2777 3916 2867 3960 aut
2900 3908 3087 3962 saltem
3119 3922 3482 3976 corrumpere,
3528 3919 3613 3959 aut
3643 3907 3731 3958 nb-

2166 3976 2313 4048 olere
2336 3977 2616 4031 niteretur.
2638 3975 2711 4048 Ita
2734 3977 2948 4047 quidem
2974 3993 3154 4033 secum
3182 3975 3456 4044 reputaSse
3481 3976 3727 4048 Cyrillum

2165 4047 2417 4112 arbitror,
2448 4062 2568 4118 cum
2593 4046 2808 4117 scripsit
2835 4050 3182 4118 Scythianum
3210 4051 3339 4104 nihil
3367 4046 3583 4118 prorsus
3606 4062 3738 4101 cont-

2164 4134 2317 4171 mune
2352 4134 2468 4171 cum
2511 4116 2921 4174 Christianismo
2947 4121 3217 4175 habuisse.
3265 4116 3417 4186 Quod
3462 4120 3511 4173 si
3555 4118 3741 4174 deinde

2165 4189 2474 4244 Beausobre
2513 4190 2782 4260 contingat
2818 4206 2878 4246 se
2921 4191 3175 4261 refragari
3223 4190 3442 4262 Cyrillo,
3492 4188 3743 4245 Archelai

2167 4262 2471 4315 testimonio
2510 4262 2791 4330 adduetus,
2834 4264 2921 4332 qui
2968 4261 3315 4332 Scythianum
3354 4261 3655 4316 hwreticam
3697 4268 3745 4313 rt

2164 4340 2451 4402 apostatam
2496 4334 2811 4403 appellavit,
2859 4334 2946 4402 qui
2992 4343 3142 4388 actus
3184 4333 3489 4387 vehementi
3548 4333 3746 4386 ambitu

2164 4403 2502 4472 episcopatus
2527 4403 2803 4459 obtinendi
2827 4404 3039 4470 defecit,
3068 4405 3525 4472 quemadmodum
3550 4406 3619 4458 de
3640 4405 3750 4457 a!iis

2166 4473 2443 4529 haereseon
2485 4474 2792 4529 auctoribus
2836 4476 3170 4543 erploratum
3217 4486 3335 4539 est,
3377 4486 3573 4530 nostra
3618 4472 3750 4528 haud

483 4540 821 4627 iusrrquidem.
840 4540 1038 4627 dictis,‘
1058 4544 1794 4627 autosuppai'cspaptsaltem
1831 4558 2058 4627 sequen:
2089 4560 2139 4620 υ
2164 4559 2426 4627 quaquam
2455 4546 2749 4627 explicatio
2778 4540 3312 4627 nutaretz‘ivamquid
3342 4545 3752 4627 prpiiibetquin

486 4611 621 4683 tium
655 4612 977 4683 saeculorum
1029 4611 1300 4680 homines,
1346 4612 1670 4669 Manichaica
1716 4614 1834 4669 labe
1876 4611 2059 4683 polluti

483 4680 853 4753 obstitissent,
897 4683 1269 4752 mendaciique
1320 4691 1502 4739 notam
1542 4686 1590 4739 ei
1633 4680 1972 4753 inussissent,
2004 4697 2064 4743 ut

482 4752 779 4822 principem
812 4762 1083 4810 auctorem
1119 4768 1275 4809 suum
1315 4755 1382 4809 ab
1421 4754 1521 4809 hac
1562 4754 1777 4809 infamia
1822 4752 2062 4813 vindica-

480 4830 622 4890 rent,
658 4824 701 4896 si
732 4838 844 4879 rem
876 4825 1032 4879 aliter
1065 4840 1126 4880 se
1158 4826 1356 4881 habere
1394 4826 1786 4896 cognovissent.
1834 4826 2060 4883 Istorum

479 4908 612 4965 ergo
638 4894 941 4961 silentium,
980 4895 1150 4951 firmis
1186 4894 1481 4966 Epiphauii
1508 4896 1895 4952 assertionibus
1931 4914 2062 4956 con-

476 4967 744 5038 iunctum,
775 4971 956 5038 quanti
994 4967 1446 5023 Beausobrianam
1489 4968 1629 5038 male
1656 4968 1915 5035 digestam
1958 4973 2063 5026 cri-

478 5038 621 5092 ticen
651 5036 832 5094 facere
856 5047 1121 5109 oporteat,
1155 5040 1364 5109 plenius
1392 5037 1671 5109 patefacit;
1722 5040 2061 5109 potissimum

477 5121 601 5164 cum
624 5109 827 5180 absque
856 5124 1115 5167 novorum
1143 5120 1613 5167 monumentorum
1641 5110 1906 5182 subsidio,
1940 5122 2064 5183 post

576 5317 627 5395 ὁ)
658 5317 959 5395 QeausObi-e
985 5317 1215 5377 taxatet
1241 5322 1415 5395 carpit
1439 5322 1752 5395 Dionysium
1782 5322 2060 5395 Petavium

478 5387 622 5459 quad
656 5387 939 5459 Epiphanii
964 5400 1162 5448 textum
1194 5387 1417 5449 verterit
1453 5410 1469 5447 :
1507 5387 1675 5461 Quam
1713 5411 1741 5449 ε
1777 5394 2059 5448 meretricio

475 5468 677 5529 quieuit
717 5476 779 5515 ac
822 5463 1087 5529 servitute;
1137 5465 1466 5520 contendens
1512 5465 1909 5533 disiunctivam,
1947 5473 2062 5520 non

477 5533 875 5603 coniunctivam
893 5572 908 5600 ,
932 5535 1247 5603 particulam
1278 5534 1441 5591 fuisse
1469 5533 1845 5592 adhibendam.

553 5602 648 5678 _(c_)
693 5602 901 5678 Videsis
932 5602 1027 5659 lib.
1052 5620 1091 5678 ξι
1119 5606 1275 5678 hujus
1302 5608 1499 5678 operis,
1538 5608 1589 5661 in
1617 5623 1724 5678 quo
1755 5607 2052 5678 Romanam

479 5671 580 5725 sub
616 5672 1023 5747 L_eone__Magno
1056 5676 1110 5732 in
1140 5671 1459 5747 Manichaee
1485 5671 1713 5733 sacram
1752 5677 2051 5747 inquisitio-

456 5743 1007 5823 .nemnde‘seribimus,
1042 5756 1095 5800 et
1120 5746 1187 5823 ad
1211 5762 1441 5823 examen
1454 5763 1801 5823 _revocamus_.

553 5809 635 5879 (ά)
672 5809 1008 5871 Coloniensis
1049 5817 1228 5873 versio
1257 5818 1399 5888 apud
1426 5819 1721 5877 Maternum
1764 5816 2047 5876 Cholinum

549 5240 631 5443 ἢ
654 5245 948 5327 Archelaus
974 5248 1031 5304 in
1069 5249 1432 5321 disputatione
1461 5250 1645 5307 habita
1672 5264 1794 5306 cum
1822 5250 2055 5307 Maneto.

576 5318 604 5370 ὸ
660 5317 959 5374 Beausobre
985 5328 1142 5375 taxat
1160 5329 1215 5377 et
1241 5322 1415 5392 carpit
1439 5322 1752 5395 Dionysium
1782 5322 2055 5378 Petavium

549 5403 583 5441 to
656 5387 939 5443 Eninhanii
964 5400 1162 5443 textum
1194 5394 1417 5443 verterit
1453 5410 1469 5443 :
1507 5394 1675 5443 Onam
1713 5411 1741 5443 ε
1777 5394 2055 5443 meretricia

2169 4616 2358 4671 isthaec
2386 4615 2453 4671 de
2478 4615 2697 4670 hemine
2735 4631 2961 4687 pagano,
2989 4615 3345 4672 Christianam
3385 4618 3556 4673 fidem
3588 4620 3751 4671 simu-

2112 4707 2127 4728 -
2168 4687 2320 4754 lauti,
2345 4701 2471 4741 vera
2494 4701 2616 4743 esse
2640 4688 2880 4753 possint?
2906 4688 3209 4744 Praesertim
3231 4703 3351 4743 cum
3370 4688 3566 4757 etiam,
3597 4689 3759 4743 Beau-

2169 4759 2329 4813 sobre
2363 4768 2601 4825 auctore,
2636 4758 2957 4829 Scythianus
2992 4775 3280 4827 numquam
3313 4759 3519 4815 alicubi
3569 4760 3758 4814 stabile

2169 4829 2369 4885 habere
2395 4830 2625 4884 voluerit
2648 4830 2999 4896 domicilium,
3028 4830 3146 4893 sed,
3171 4830 3273 4884 huc
3298 4830 3545 4901 illucque
3572 4832 3762 4887 decur-

2170 4901 2362 4966 rendo,
2390 4901 2778 4955 Saracenorum
2807 4903 2970 4956 modo
3002 4904 3269 4971 regiones,
3302 4903 3468 4957 modo
3516 4903 3762 4957 Palaeste-

2168 4987 2251 5026 me
2276 5013 2289 5036 ,
2321 4971 2640 5037 Thebaidis,
2681 4972 2905 5037 Judaaae,
2950 4972 3346 5042 Egyptiorum,
3395 4972 3765 5040 indomitique

2167 5042 2795 5114 plagasinhabitaverit?
2825 5043 2967 5099 Fieri
2990 5058 3119 5111 ergo
3148 5045 3320 5112 potuit
3345 5052 3408 5098 ut
3428 5050 3765 5113 quandoque

2169 5111 2310 5170 inter
2334 5111 2668 5170 Christianos
2697 5125 3099 5181 commoratus,
3132 5111 3365 5169 maxima
3406 5111 3766 5171 simulatione

2168 5251 2305 5307 1564
2331 5248 2501 5322 habet
2527 5267 2542 5304 :
2574 5247 2889 5322 Scythiam»
2925 5250 3140 5322 quidam
3172 5255 3280 5322 erat
3310 5245 3654 5322 in_£gypro
3680 5266 3765 5322 ge-

2163 5338 2282 5376 nere
2312 5321 2608 5379 Saracenus
2642 5318 2774 5375 nihil
2803 5335 2920 5374 cum
2938 5318 3344 5376 'Christianismo
3371 5318 3580 5375 habens
3628 5318 3768 5375 τάπι-

2161 5409 2330 5449 mune.

2240 5464 2334 5536 (ε)
2376 5462 2630 5529 Pbotius,
2672 5462 2766 5519 lib.
2808 5477 2828 5517 ι
2865 5471 3050 5536 οοηιεᾳ
3089 5459 3438 5536 Manichaeos,
3490 5477 3625 5532 cap.
3662 5463 3769 5517 li:

2163 5532 2479 5606 Scythiam:
2505 5575 2519 5590 .
2547 5573 2562 5588 .
2593 5574 2605 5587 .
2639 5550 2800 5605 neque
2829 5532 3283 5606 cuntC/tristiauis
3323 5548 3571 5603 versans,
3615 5550 3773 5605 neque

2162 5605 2465 5663 Judworum
2500 5606 2784 5660 doctrinam
2818 5605 3107 5675 amplexus.

2230 5678 2320 5749 (Ι)
2360 5676 2607 5742 Wolfius,
2652 5677 2705 5749 in
2736 5679 2877 5736 uotis
2906 5674 2982 5734 ad
3019 5678 3115 5735 lib.
3147 5674 3366 5732 IPhotii
3410 5684 3627 5733 contra
3657 5676 3770 5732 ita-

2162 5748 2425 5815 uichasos,
2456 5761 2577 5819 pag.
2607 5748 2697 5805 58.
