3988 6314
498 314 603 373 799

1051 314 1115 370 P.
1153 310 1473 371 CACCIARI
1508 306 2106 368 EXERGITATIUNES
2143 307 2204 362 lN
2236 308 2295 367 S.
2339 308 2583 370 LEONIS
2620 311 2835 368 MAGNI
2871 312 3118 370 OPERA.

3650 312 3748 372 800

488 431 634 488 enim
663 429 855 487 acerba
883 442 944 486 ea
973 442 1117 483 mors
1143 426 1249 483 dici
1279 427 1418 483 solet
1454 440 1573 497 quae
1600 440 1627 479 a
1652 424 1879 480 naturali
1909 425 2060 499 tegri-
2087 426 2143 487 Ἀ
2169 422 2404 499 buisset;
2438 426 2674 499 quamvis
2698 427 2766 481 ab
2790 426 2947 496 hujus
2968 428 3143 499 gentis
3165 430 3397 499 populis,
3422 431 3492 485 ob
3515 430 3738 488 idioma-

489 502 675 559 tudine
700 500 939 572 corporis
964 508 1241 572 causatur,
1288 513 1513 569 quisque
1548 505 1767 572 propter
1795 497 2064 572 membro-

488 589 606 629 rum
634 568 1041 627 dissolutionem
1066 570 1302 625 animum
1328 585 1356 623 a
1379 568 1707 637 cerruptibili
1738 582 1901 625 carne
1929 568 2065 623 divi-

488 644 588 699 dit.
612 643 721 699 Sed
764 644 924 697 talem
964 656 1156 697 vocare
1183 641 1441 707 solemus,
1475 655 1634 708 quam
1670 639 1956 695 criminum
1986 640 2063 695 rei

490 715 603 771 Deo
630 714 841 770 vindice
866 713 1129 768 violenter
1167 712 1426 777 subeunt;
1467 711 1551 767 vel
1582 725 1738 780 quam
1769 710 1976 780 judices
2010 720 2064 767 et

492 786 770 842 carniﬁces
796 782 1250 854 malefactoribus,
1280 797 1557 854 pinnarum
1579 783 1839 851 gravitate
1860 782 2062 854 exhau-

491 858 611 925 stis,
644 855 898 925 inferunt,
938 862 1030 910 aut
1069 853 1254 925 inferri
1286 853 1493 925 jubent.
1520 853 1699 925 Deum
1726 863 1902 908 autem
1932 853 2063 921 Scy-

493 923 688 1007 thianaa
718 927 865 1007 necis
884 923 1159 1007 auctorem
1175 923 1358 1007 fuisSe,
1388 924 1571 1007 Cyrilli
1594 924 1849 1007 loquendi
1872 925 2061 1007 modus

490 998 699 1053 innuit:
724 996 977 1053 crudelem
1003 995 1197 1052 deinde
1223 1006 1383 1065 atque
1408 995 1695 1051 violentam
1726 996 1788 1050 iis
1819 996 2059 1061 vocibus,

489 1068 674 1124 acerba
711 1078 890 1136 morte,
934 1067 1283 1138 signiﬁcatam
1314 1081 1498 1138 essea
1522 1065 1754 1138 Photio,‘
1777 1066 2063 1124 verisimile

492 1149 593 1196 est.
617 1139 924 1196 Judzeorum
949 1136 1160 1193 tandem
1188 1137 1241 1192 in
1265 1137 1643 1193 Terebinthum
1672 1136 1853 1192 odium
1891 1146 1946 1192 ut
1968 1153 2063 1193 ex-

487 1210 655 1266 sulem
685 1226 717 1267 a
746 1210 1044 1265 Palaestinae
1058 1218 1111 1265 et
1129 1208 1327 1264 Judzete
1349 1207 1544 1263 ﬁnibus
1563 1208 1712 1263 abire
1742 1208 2060 1275 populorum

490 1281 743 1337 tumultus
771 1289 827 1337 et
855 1279 1129 1337 iracundia
1151 1286 1425 1347 cogerent,
1449 1293 1515 1333 ex
1542 1278 1681 1333 illius
1709 1278 1762 1333 in
1787 1276 2061 1337 Persidem

488 1352 610 1422 fuga
638 1353 797 1424 plane
830 1351 1145 1424 innotesci‘t.
1192 1350 1395 1424 Idcirco
1423 1348 1748 1424 credendum
1785 1359 1867 1424 est
1904 1350 2063 1424 disci-

488 1421 673 1493 pulum
721 1423 993 1478 studuisse
1032 1421 1227 1493 saltem
1271 1421 1577 1493 ignominia:
1618 1426 1673 1475 et
1722 1421 2061 1493 turpitudinis

487 1490 668 1549 hmani
695 1495 939 1549 occulere
959 1502 1118 1563 atque
1147 1490 1346 1560 delere,
1393 1499 1447 1546 et
1474 1490 1649 1561 fugam
1676 1491 1982 1561 arripiendo
2009 1502 2062 1549 et

485 1565 627 1647 servi
644 1564 1032 1693 (conditionem,
1064 1573 1223 1634 atque
1247 1563 1522 1634 antiquum
1557 1575 1714 1617 suum
1744 1576 1938 1619 nomen
1965 1564 2062 1619 ab-

485 1650 639 1693 neten
681 1652 733 1693 ο.

510 1650 733 1694 10161100.

479 1651 794 1764 ’ἰωὲῃὲῗιίιε
823 1721 953 1764 vero
991 1706 1197 1761 ratione
1233 1703 1425 1760 adduci
1464 1713 1638 1774 potest
1668 1706 1972 1762 Beausobre
2002 1715 2059 1762 ut

485 1788 813 1848 postremum
852 1778 955 1833 hoe
982 1786 1250 1833 assertum
1287 1775 1571 1848 concedat.
1602 1775 1863 1831 Nimirum
1890 1777 2056 1834 Tere-

482 1847 727 1906 binthum
752 1850 819 1904 ad
853 1848 1132 1905 delendam
1160 1847 1497 1918 turpitudinis
1535 1856 1737 1917 notam,
1779 1848 2055 1918 antiquum

482 1933 717 1977 mutasse
755 1935 970 1987 nomen,
1013 1920 1183 1974 altero
1210 1917 1411 1972 Buddze
1450 1928 1743 1987 assumpto.
1778 1918 1845 1974 Ut
1877 1917 2053 1976 autem

482 1993 689 2047 facilius
728 1993 958 2048 lectores
998 1990 1050 2044 in
1096 2004 1247 2045 suam
1279 1987 1450 2043 trahat
1479 1988 1805 2058 opinionem,
1834 1990 2054 2046 divitem

480 2064 737 2118 studiosae
792 2061 1108 2118 eruditionis
1152 2058 1567 2129 supellectilem,
1609 2060 2055 2132 magniﬁcumque

484 2134 769 2189 verborum
798 2132 1098 2189 construxit
1133 2139 1467 2200 apparatum,
1510 2139 1567 2184 ut
1612 2130 1811 2186 sensim
1845 2130 2055 2189 veteres

488 2206 585 2275 17
617 2204 869 2260 Ecclesiae
899 2203 1003 2275 PP.
1033 2203 1085 2256 in
1115 2198 1310 2275 malam
1340 2198 1501 2255 fidem
1532 2200 1782 2275 adducat,
1814 2218 2054 2275 quosque

481 2273 637 2330 s‘uum
668 2291 801 2345 opus
831 2274 1038 2329 Gallice
1067 2273 1321 2345 scriptum
1354 2273 1836 2345 percurrere_haud
1868 2273 2048 2344 pudet,

480 2360 511 2399 a
540 2341 779 2401 veritatis
824 2346 1035 2400 tramite
1080 2341 1602 2416 recedere’faceret.
1656 2341 2053 2416 Capite'igitur

521 2418 668 2471 uinto
700 2417 895 2471 laudati
922 2416 1040 2471 libri
1072 2415 1292 2485 prolatis
1323 2414 1493 2482 primo
1534 2414 1587 2468 iu
1624 2414 1860 2470 medium
1890 2414 2054 2474 variis

483 2485 792 2544 'l‘crebinthi
836 2486 1067 2543 nominis
1111 2485 1444 2557 etymologiis
1486 2492 1541 2539 et
1579 2486 2048 2555 explicationibus,

481 2574 598 2613 eam
627 2560 728 2614 sibi
757 2575 823 2613 ex
852 2557 1167 2628 lectionibus
1192 2557 1431 2628 arridere
1470 2570 1629 2625 posse
1671 2559 1900 2623 censuit,
1934 2574 2052 2628 quae

482 2632 681 2685 versuti
722 2630 954 2685 hominis
1002 2627 1215 2683 fraudes
1240 2635 1295 2683 et
1323 2626 1476 2682 dolos
1502 2636 1594 2681 aut
1637 2641 1856 2695 prorsus
1884 2626 2054 2684 dilue-

480 2711 590 2765 ret,
643 2711 734 2755 aut
778 2701 968 2755 saltem
1015 2714 1216 2770 magna
1252 2713 1319 2770 ex
1368 2709 1518 2770 parte
1569 2700 1855 2770 minueret.
1916 2699 2051 2756 Acta

479 2772 671 2827 deinde
701 2771 947 2827 Archelai
984 2768 1223 2840 episcopi
1265 2768 1547 2840 Cascharre
1592 2768 1805 2837 laudat;
1835 2784 1899 2826 ex
1927 2774 2049 2840 qui-

478 2842 577 2897 bus
602 2843 878 2897 contendit
905 2839 1116 2897 Buddas
1157 2854 1350 2897 nomen
1394 2839 1538 2895 haud
1568 2854 1834 2910 quaquam
1877 2856 1908 2896 a
1948 2839 2051 2897 Te-

479 2914 725 2968 rebintho
753 2920 1083 2980 assumptum
1110 2912 1275 2967 fuisse
1297 2912 1363 2966 ad
1394 2910 1711 2981 p0pulorum
1738 2912 1917 2967 odium
1941 2916 2051 2969 vin-

478 2984 780 3053 dictamque
808 2984 1210 3048 declinandam;
1254 2982 1350 3038 sed
1391 2997 1459 3037 ex
1495 2981 1875 3053 Ghaldmorum
1916 2984 2050 3040 idio-

478 3064 619 3111 male
643 3052 771 3111 illud
798 3056 1049 3123 derivari,
1093 3054 1339 3125 idemque
1369 3052 1509 3124 apud
1530 3052 1721 3125 Persas
1748 3055 2050 3125 signiﬁcare

479 3127 617 3195 quod
647 3129 785 3196 apud
817 3128 1034 3184 Graecos
1055 3124 1363 3181 Terebintbi
1391 3124 1734 3181 vocabulum.
1758 3124 1919 3181 Addit
1940 3128 2047 3183 duo

478 3198 563 3253 illa
596 3199 813 3253 nomina
840 3199 1083 3267 apprime
1101 3196 1203 3252 sibi
1223 3197 1449 3252 invicem
1478 3196 1826 3263 respondere,
1859 3213 2048 3266 quem-

479 3267 765 3326 admodum
803 3266 919 3325 haec
946 3271 1047 3322 alia
1094 3267 1149 3323 in
1194 3268 1364 3323 sacris
1391 3266 1584 3323 litteris
1620 3278 1869 3337 reperta:
1900 3270 2056 3324 Chri-

478 3349 611 3407 stus,
636 3343 902 3407 videlicet,
929 3349 982 3395 et
1008 3338 1255 3403 Messias;
1293 3338 1486 3394 Petrus
1510 3346 1564 3393 et
1591 3338 1830 3407 Cephas,
1853 3339 2054 3396 Dorcas

479 3420 531 3465 et
560 3412 807 3466 'l‘abitha.
839 3412 1011 3467 llocce
1043 3420 1311 3479 tamquam
1338 3409 1653 3478 mysterium
1678 3423 1709 3463 a
1738 3425 1796 3465 se
1819 3412 2054 3478 explica-

480 3492 590 3534 tum
623 3482 914 3537 lectoribus
940 3482 1051 3536 suis
1078 3479 1407 3535 vendidisset
1434 3479 1760 3535 Beausobre.
1794 3480 1901 3537 Sed
1931 3498 2051 3538 cum

482 3550 709 3607 Fabricii
741 3567 876 3623 opus
918 3550 1360 3623 percurrer_et,_ih
1401 3558 1517 3623 tam
1539 3549 1815 3623 profundae
1843 3566 2054 3608 arcanae

480 3624 557 3676 rei
588 3621 938 3694 intellig—entia,
978 3621 1233 3694 se_novit
1274 3621 1385 3694 jam
1444 3622 1649 3694 pridem
1695 3633 2049 3694 praeventum.

480 3694 659 3759 Quare
689 3690 836 3750 his'ce
858 3692 1411 3747 animadversionibus
1437 3706 1559 3745 cum
1598 3690 1800 3747 diutius
1827 3693 2052 3749 institis-

479 3774 595 3830 set,
624 3764 1007 3820 Terebinthum
1047 3773 1102 3818 et
1147 3762 1382 3817 Buddam
1435 3761 1678 3817 eamdem
1726 3777 1946 3831 prorsus
1982 3767 2054 3819 si-

480 3836 880 3905 gniﬁcationem
916 3850 1025 3905 pra:
1048 3848 1107 3889 se
1129 3834 1269 3888 ferre
1296 3834 1499 3901 absque
1524 3832 1689 3888 animi
1712 3833 2051 3891 haesitatione

478 3908 783 3961 affirmavit.
814 3908 977 3978 Cujus
1008 3906 1221 3978 tandem
1251 3905 1363 3978 rei,
1384 3914 1655 3978 tamquam
1688 3905 2050 3978 locupletissi-

478 3991 592 4032 mos
621 3988 783 4034 testes
809 3974 1061 4049 appellat,
1082 3984 1141 4049 et
1164 3976 1517 4049 clarissimum
1543 3974 2049 4049 virnmrSimonium

477 4047 1206 4105 Assemanum'Orientalium
1250 4047 1550 4117 linguarum
1590 4047 1967 4113 peritissimum
1996 4060 2050 4103 et

479 4119 745 4176 Vaticana:
790 4119 1130 4177 bibliotheca:
1176 4116 1517 4187 praefectum,
1576 4116 1810 4173 Bochart
1870 4118 2049 4176 Sacrae

476 4190 829 4263 Geographie
857 4191 1156 4263 Studipsum
1186 4190 1524 4263 scriptorem,
1556 4187 1803 4263 Syriacas
1828 4192 1923 4243 has
1950 4204 2047 4263 vo-

475 4276 565 4315 ces
593 4258 943 4333 (explicantes,
992 4261 1232 4327 Betltma,
1257 4258 1524 4333 “Scilicet,
1549 4258 1801 4333 Bbutema
1839 4268 1893 4315 et
1940 4258 2049 4314 Bu-

476 4343 608 4387 tenta
629 4350 647 4398 ;
666 4330 786 4403 qua:
808 4338 1195 4390 elementorum
1219 4331 1453 4401 aliquam
1475 4330 1843 4403 diversitatem
1862 4346 2048 4403 (luam-

477 4405 558 4458 vis
590 4401 839 4469 habeant,
874 4416 1049 4460 tamen
1095 4419 1191 4472 pro
1220 4417 1326 4457 uno
1360 4402 1656 4472 eodemque
1690 4401 2044 4470 Terebintho,

476 4490 572 4529 seu
599 4475 801 4541 Budda,
825 4490 856 4529 a
887 4473 1158 4530 veteribus
1189 4474 1352 4529 fuisse
1374 4482 1655 4542 usurpatas
1675 4473 2040 4529 crediderunt.

477 4543 688 4623 Yerane
715 4561 781 4599 an
812 4546 988 4614 potius
1023 4542 1407 4623 fabulosanhaec
1434 4545 1563 4623 sint,
1591 4559 1709 4623 qua:
1747 4544 2050 4600 Beausobre
2080 4562 2130 4623 ι)

476 4614 698 4695 laudato
720 4613 836 4683 cap}
872 4613 1616 4695 exaggeravithprientaliutu
1654 4613 1951 4695 linguarum
1994 4624 2051 4671 et

476 4685 857 4741 vocabulorum
888 4683 1112 4740 studiosi
1155 4683 1490 4753 judicabunt.
1536 4683 1645 4738 Nos
1686 4693 1864 4740 tamen
1903 4687 2049 4741 hisce

476 4757 724 4812 omnibus
753 4756 964 4827 plenam
990 4754 1247 4827 adbibere
1290 4755 1463 4827 ﬁdem?
1488 4754 1701 4827 interim
1741 4770 1848 4810 non
1885 4755 2048 4813 aude-

474 4842 595 4882 mus
622 4845 637 4882 :
667 4824 769 4883 sed
783 4840 967 4883 neSter
992 4824 1225 4891 animus,
1253 4839 1322 4881 ne
1345 4826 1414 4881 de
1452 4826 1734 4895 incognitis
1764 4828 1925 4881 rebus
1952 4828 2044 4895 ju-

474 4898 670 4954 dicium
696 4899 849 4967 ferat,
877 4911 1170 4967 suspensus
1195 4897 1407 4953 haerens
1434 4895 1716 4965 perpendit
1739 4897 2049 4965 praeceden-

476 4979 582 5026 tem
626 4971 1080 5038 Beausobrianam
1116 4982 1302 5039 rerum
1345 4968 1648 5039 congeriem
1696 4968 2046 5039 repugnantia

474 5056 577 5095 non
606 5057 808 5098 carere.
840 5041 972 5097 Nam
998 5040 1084 5096 vel
1110 5038 1234 5095 huic
1260 5037 1536 5109 Scythiam
1558 5052 1739 5105 servo,
1766 5037 1858 5095 seu
1881 5040 2044 5094 disci-

473 5113 619 5181 pulo,
645 5114 816 5168 altero
856 5110 1199 5168 Manichaicaa
1223 5110 1424 5167 schola:
1452 5109 1729 5179 magistro,
1775 5110 2043 5166 credimus

474 5181 781 5239 Terebinthi
812 5183 977 5241 fuisse
1013 5182 1194 5253 natale
1216 5196 1435 5248 nomen,
1458 5190 1514 5253 et
1538 5181 1679 5237 istud
1707 5182 1847 5250 apud
1878 5196 2043 5253 quas-

473 5268 694 5326 cumque
734 5255 998 5323 nationes,
1035 5260 1093 5311 et
1121 5251 1400 5311 Chaldaeos
1444 5252 1635 5320 etiam,
1668 5251 1911 5310 retinere
1948 5252 2043 5309 de-

541 5391 619 5460 (a)
658 5391 767 5447 Nos
804 5406 911 5447 non
939 5389 1160 5462 irrideat
1189 5390 1385 5462 lector,
1416 5403 1539 5462 cum
1568 5389 1623 5445 in
1665 5389 2047 5459 percurrendls

468 5460 550 5518 his
580 5463 778 5518 nostris
822 5460 1303 5518 Exercitationibus
1346 5460 1547 5516 Budda:
1590 5462 1908 5516 vocabulum
1949 5462 2043 5517 de-

468 5532 724 5602 scriptum
748 5532 1000 5599 offendat,
1031 5534 1297 5604 geminata
1322 5532 1494 5587 littera
1520 5532 1585 5597 d;
1609 5531 1875 5602 Cyrillum
1901 5533 2045 5588 enim

471 5605 1031 5674 llierosolymitanum,
1058 5604 1300 5674 aliosque
1330 5605 1576 5673 antiquos
1600 5605 1917 5674 scriptorcs,
1953 5617 2044 5658 su-

473 5690 590 5743 nius
617 5673 804 5730 secuti.
844 5675 1099 5743 Quamvis
1127 5673 1432 5730 Beausobre
1475 5681 1531 5729 et
1576 5673 1667 5729 alii
1714 5675 2048 5732 recentiores

471 5742 617 5797 Buda
643 5760 739 5813 pro
768 5744 957 5797 Budda
982 5745 1317 5799 retinuerint.

541 5812 617 5882 (ὑ)
654 5814 907 5883 Cyrinus,
938 5814 1192 5875 catecbisi
1219 5814 1273 5882 6,
1305 5814 1392 5869 ubi
1421 5829 1605 5885 supra.

2166 502 2274 548 tum
2306 495 2692 563 diversitatem,
2727 508 2780 552 et
2810 495 3198 556 elementorum
3238 495 3415 565 usum,
3454 503 3566 556 alio
3613 520 3735 558 suuo

2127 573 2136 580 ’
2163 574 2219 621 et
2246 568 2389 621 vocis
2419 567 2751 623 ﬁexibilitate
2793 572 3180 626 enuntiaretur.
3218 572 3311 628 Vel
3340 574 3633 627 dicendum
3660 584 3735 631 est

2133 638 2308 706 ,gravi
2356 638 2640 693 adductum
2688 654 2850 696 causa
2898 641 3285 698 Terebinthum
3339 644 3470 698 illud
3528 656 3734 703 mutare

2162 710 2483 781 oportuisse.
2520 709 2575 781 Si
2606 712 2835 779 primum
2864 711 3010 767 dabit
3031 713 3360 781 Beausobre,
3389 718 3733 781 quemadmo-

2121 779 2288 834 'dum
2328 780 2457 833 dare
2503 780 2743 848 deberet,
2792 798 2907 843 cur,
2961 799 3067 837 non
3112 779 3736 843 servata’Chaldmorum

2162 850 2664 922 vocisdesinentia,
2702 852 2755 907 in
2782 869 2815 906 a
2844 854 3111 919 videlicet,
3144 864 3239 910 aut
3280 874 3351 922 m,
3398 857 3530 911 illud
3588 860 3737 914 Tere-

2165 920 2331 1001 binthj
2365 921 2685 1001 rejecerunt,
2719 934 3122 1001 utusurparent
3150 920 3358 1001 Butam,
3392 939 3488 982 aut
3515 929 3730 1001 (alliu-

2163 992 2324 1046 dam?
2365 993 2469 1046 Has
2498 994 2639 1048 enim
2682 994 2878 1049 nullam
2910 992 3109 1053 habere
3145 997 3459 1053 afﬁnitatem
3491 992 3619 1054 cum
3650 1001 3734 1055 hu-

2157 1062 2245 1135 jus
2294 1062 2529 1118 haeretici
2583 1066 2875 1120 nativitatis
2925 1070 3175 1135 nomine,
3238 1069 3493 1124 radicalia
3545 1071 3731 1128 deinde

2164 1134 2463 1211 htterarum
2498 1136 2761 1211 elementa
2812 1152 2916 1191 non
2945 1138 3199 1207 fservare,
3245 1142 3364 1211 quis
3400 1157 3509 1196 non
3554 1142 3733 1199 videt?

2162 1203 2451 1272 Propterea
2478 1221 2581 1261 non
2614 1207 2769 1263 facile
2792 1203 3011 1264 moveor
3039 1203 3285 1266 assentiri
3324 1212 3731 1271 Beausobrianis

2164 1275 2348 1354 dictis,
2401 1278 2593 1345 quibus
2624 1279 2969 1354 persuadere
3014 1281 3201 1336 nititur
3242 1285 3532 1354 Assyrios,
3585 1285 3729 1341 etiam

2163 1345 2438 1401 hominum
2460 1345 2672 1422 propria
2694 1351 2985 1422 nativitatis
3003 1354 3214 1407 nomina
3240 1345 3448 1409 mut'are
3477 1345 3722 1422 potuisse,

2162 1426 2216 1492 et
2239 1421 2599 1474 consuevisse.
2645 1420 2800 1492 Ratio
2827 1421 3041 1492 quidem
3072 1438 3136 1477 ex
3184 1423 3415 1479 Bochart
3440 1420 3509 1480 ab
3539 1443 3607 1481 eo
3644 1420 3724 1481 ad?

2161 1487 2343 1553 ducta,
2376 1504 2595 1558 prorsus
2623 1491 2781 1557 cadit,
2809 1487 2928 1546 cum
2956 1503 3142 1547 auctor
3166 1495 3217 1549 in
3258 1510 3353 1549 sua
3398 1496 3565 1551 Sacra
3602 1497 3726 1553 Geo-

2164 1559 2379 1629 graphia
2408 1576 2511 1614 non
2535 1560 2765 1617 afﬁrmet
2783 1564 2891 1617 duo
2919 1563 3007 1617 illa
3038 1566 3295 1620 vocabula
3318 1566 3652 1623 Terebinthus
3675 1578 3722 1624 et

2161 1631 2367 1705 Butam,
2387 1646 2490 1705 seu
2512 1630 2743 1705 Budam,
2772 1636 2909 1703 apud
2942 1633 3193 1705 Assyrios
3233 1644 3288 1691 et
3332 1637 3556 1693 Grtccos
3588 1641 3633 1694 in
3660 1640 3721 1694 si-

2162 1700 2505 1780 gniﬁcatione
2535 1700 2937 1780 sibiﬁeohce'rere
2956 1700 3093 1780 ;_sed
3111 1708 3401 1780 denotare,
3433 1718 3488 1761 et
3514 1725 3716 1780 respon-

2160 1771 2588 1851 derevocabulo
2636 1772 2918 1851 Persarum
2963 1776 3197 1841 Buddas,
3250 1790 3304 1833 et
3350 1771 3617 1851 uSurpari‘
3632 1795 3718 1851 pro

2086 1807 2289 1869 Βυυιυ
2337 1807 2588 1854 ξυναυυξυ
2636 1807 2918 1858 ξωδαιυιιξ
2963 1807 3197 1841 uuuuuo,
3250 1807 3304 1833 cu.

2160 1840 2506 1918 Terebintho,
2535 1859 2701 1918 impio
2732 1846 2956 1918 Manetts
2980 1859 3327 1918 praeceptore.

2160 1920 2163 1921 '
2229 1912 2283 1968 6.
2325 1912 2577 1981 Quamvis
2614 1912 2791 1971 tamen
2842 1912 3065 1972 Bochart
3104 1912 3505 1977 Béausobrianis
3533 1924 3708 1978 suffra-

2156 1994 2372 2053 garetur
2400 1986 2744 2062 conjecturis,
2774 1988 2999 2062 minime
3026 1992 3178 2045 nobis
3198 1991 3461 2062 negotium
3486 1992 3698 2050 facesse-

2157 2065 2259 2124 ret,
2293 2063 2351 2110 ut
2378 2058 2728 2112 vetustiorum
2772 2058 2875 2112 PP.
2920 2064 3212 2116 sententias
3258 2058 3312 2116 in
3360 2066 3580 2124 angulum
3611 2080 3693 2120 ve-

2155 2124 2259 2204 luti
2302 2127 2872 2204 falsas__rejiceremus.
2923 2129 3055 2204 Cum
3102 2132 3243 2204 enim
3294 2124 3509 2204 Cyrillus
3533 2148 3691 2203 aperte

2156 2197 2411 2276 scripsit“:
2447 2197 2529 2276 e
2556 2216 2617 2253 ex
2648 2202 2855 2276 praprio
2888 2203 3087 2256 nomine
3115 2204 3176 2276 in~
3206 2197 3420 2259 Perside
3459 2197 3696 2276 cognosce-

2154 2276 2313 2333 retur,
2348 2266 2585 2342 Briddatn
2630 2266 2853 2341 seipsum
2894 2276 3109 2342 vocavit,
3147 2274 3394 2330 dolosum
3422 2266 3702 2333 fraudulen-

2156 2339 2713 2416 tumque_’l:erebinthi
2752 2342 2983 2397 studium
3029 2339 3349 2411 enuntiavit,
3386 2364 3491 2416 quo
3532 2364 3621 2403 sua
3661 2360 3709 2406 et

2157 2411 2392 2491 magistri
2415 2412 2519 2535 ιθ
2536 2411 2770 2467 facinora
2797 2424 2974 2483 tegere
3001 2418 3263 2484 qumsivit.
3287 2411 3587 2490 Hoc—ipsum
3599 2436 3705 2476 cum

2157 2494 2219 2533 ex
2244 2481 2428 2535 Gvrilh
2452 2486 2466 2535 t
2512 2483 2549 2535 l.
2576 2492 2686 2535 tum
2708 2482 2987 2535 Euiohanii
3011 2486 3167 2535 dictis
3192 2488 3417 2535 Phnlins
3442 2491 3513 2535 (cl
3530 2492 3705 2535 nnnﬁr.

2154 2494 2219 2533 ex
2244 2481 2551 2561 Gyrillilb)2
2576 2492 2686 2561 tum
2708 2481 2987 2561 Epiphanii
3011 2481 3167 2561 dictis
3191 2488 3417 2561 Photius
3441 2481 3513 2561 ξε)
3530 2492 3710 2546 conﬁr-

2153 2554 2336 2617 mavit,
2365 2552 2992 2631 dicendo'l‘erebinthum
3017 2558 3068 2611 in
3095 2558 3373 2614 Persidem
3405 2552 3703 2631 profectum,

2152 2633 2427 2703 assumpto
2458 2622 2655 2703 Buddza
2682 2627 2915 2703 nomine.
2946 2625 3067 2703 lant
3088 2630 3223 2683 enim
3246 2632 3356 2695 eius
3384 2622 3527 2700 fama
3556 2622 3712 2703 pem;

2152 2703 2293 2773 gata,
2322 2695 2495 2747 odium
2525 2696 2682 2773 impio
2709 2698 2815 2750 viro
2854 2700 3225 2773 concilicvrrnt
3262 2695 3614 2773 antequam'in
3638 2722 3714 2759 ca-

2144 2766 2390 2842 jusquam
2410 2769 2726 2842 _c_onr_or_tium
2752 2769 2959 2823 veniret.
2987 2768 3124 2838 Quid
3149 2772 3333 2842 plura?
3360 2766 3554 2829 Petrus
3581 2775 3713 2831 Sicu-

2152 2836 2255 2912 lus,
2288 2837 2375 2905 qui
2407 2836 2821 2912 Manichaeorum
2854 2854 2941 2894 res
2970 2836 3484 2912 gestas'diligenter,
3517 2861 3629 2900 cum
3652 2862 3708 2901 ex

2152 2906 2377 2977 aliorum
2407 2907 2641 2977 scriptis,
2667 2916 2775 2963 tum
2803 2906 3067 2966 consuinti
3100 2906 3324 2969 aliorum
3364 2906 3509 2970 fama
3538 2927 3590 2972 et
3615 2928 3710 2972 tra-

2152 2975 2356 3032 ditione
2381 2975 2624 3057 edoctus,
2657 2979 2913 3057 hactenus
2954 2983 3109 3057 dictis
3138 2984 3457 3057 suﬂ'ragatus
3489 2999 3590 3043 est.
3632 2988 3713 3041 Mi-

2152 3062 2272 3127 rum
2303 3059 2478 3127 tamen
2501 3050 2655 3105 nobis
2676 3052 2883 3127 videtur
2904 3054 3044 3122 quod
3073 3050 3375 3113 Beausobre
3399 3060 3449 3113 in
3479 3062 3713 3115 evolven-

2155 3117 2242 3191 dis
2280 3121 2621 3188 antiquorum
2650 3122 2861 3191 scriptis
2908 3117 3007 3179 nec
3040 3141 3203 3181 unum
3233 3128 3425 3185 saltem
3474 3130 3717 3186 invenerit

2078 3181 2123 3245 C
2156 3189 2247 3258 qui
2284 3181 2632 3246 afﬁrniaverit
2665 3181 2951 3248 Terébinthi
2988 3211 3171 3252 vocem
3216 3181 3253 3253 av
3276 3181 3713 3257 (transigas;

2162 3261 2402 3342 ptamnad
2427 3262 2680 3342 arborem
2721 3266 3250 3342 signiﬁcandannab
3272 3271 3512 3342 Assyriis
3540 3273 3718 3328 deinde

2160 3330 2492 3412 pro_Budd_a,
2517 3347 2613 3388 seu
2635 3330 2805 3412 But/iu
2835 3330 3190 3407 interpretari.
3222 3340 3351 3409 Qua:
3380 3330 3543 3398 causa
3567 3355 3714 3408 esset,

2157 3410 2232 3476 ut_
2254 3405 2369 3476 ipse
2400 3405 2494 3476 ait,
2525 3420 2695 3473 quare
2719 3406 2821 3461 hoc
2848 3405 3173 3476 postremum
3196 3405 3392 3468 nomen
3424 3413 3601 3469 Persa
3629 3405 3717 3469 Te;

2156 3473 2406 3528 rebiutho
2435 3475 2803 3543 imponerent;
2838 3473 2989 3545 quasi
3032 3481 3255 3537 studiosi
3288 3483 3427 3538 hunc
3457 3485 3714 3541 hominem

2155 3546 2450 3619 vernaculo
2477 3547 2651 3615 potius
2674 3547 2925 3604 idiomate
2950 3566 3108 3619 quam
3136 3550 3325 3608 Graeco
3350 3555 3604 3613 vocitare.
3632 3558 3716 3611 Mi-

2156 3629 2297 3683 rum,
2329 3616 2565 3695 inquam,
2598 3618 2739 3687 quod
2767 3634 2865 3674 nec
2892 3616 3025 3673 unus
3049 3622 3097 3695 id
3124 3632 3347 3679 testatus
3379 3626 3560 3682 fuerit.
3587 3628 3711 3695 Qua-

2156 3695 2371 3769 propter
2417 3689 2485 3768 a_d
2527 3693 3230 3769 Ri‘iﬁStﬁﬂlBlQQUESﬂOﬂGﬂl
3274 3695 3415 3750 haud
3463 3689 3711 3769 quaquam

2156 3752 2355 3829 faciunt
2386 3759 2481 3812 tria
2525 3752 2615 3814 illa
2656 3752 2914 3829 ex'empla'
2938 3762 3195 3819 audacter
3238 3781 3304 3821 ex
3338 3752 3713 3824 sacrislit'teris

2155 3825 2456 3907 desumpta,
2491 3830 2543 3884 in
2572 3831 2762 3898 quibus
2788 3825 2853 3907 ait
2887 3848 3041 3907 unam
3064 3835 3418 3907 eamdemque
3447 3855 3709 3907 personam

2154 3896 2555 3987 designandum,
2591 3896 2914 3984 ’voces_du:e
2967 3903 3079 3987 illze
3110 3896 3367 3987 (spectata
3421 3896 3707 3987 idiomatum

2154 3968 2490 4050 diversitate)
2520 3974 2779 4050 geminari
2799 3988 3032 4050 necesse
3061 3968 3190 4050 fuit;
3204 3976 3313 4050 ipsi
3336 3994 3559 4050 namque
3581 3982 3710 4034 sacri

2154 4043 2444 4108 scriptores
2463 4043 2839 4121 geminationis
2860 4060 3076 4099 causam
3105 4043 3427 4121 indicarunt,
3454 4043 3523 4105 a'd
3544 4068 3719 4121 quam-

2152 4124 2381 4192 cumque
2410 4113 2889 4192 aequivocationem
2934 4113 3459 4192 prgecav_endam.'Et
3502 4113 3575 4177 ne
3613 4124 3724 4192 quis

2152 4180 2489 4262 abadductis
2514 4186 2774 4262 exemplis
2797 4201 2902 4262 nos
2933 4180 3073 4242 velle
3101 4189 3393 4262 abscedere
3422 4195 3472 4247 in
3499 4180 3724 4262 prms'ens

2152 4252 2442 4333 existimet,
2476 4255 2662 4334 adeas
2693 4256 2996 4334 Scriptums
3028 4261 3149 4314 novi
3180 4252 3513 4334 Tespamenti
3542 4280 3727 4334 provo-

2150 4337 2355 4395 camus,
2389 4325 2440 4377 in
2472 4325 2663 4395 quibus
2696 4325 2896 4383 mentio
2918 4327 3054 4383 facta
3079 4341 3159 4385 est
3187 4332 3254 4387 de
3281 4331 3495 4389 Christo
3516 4325 3572 4391 εἰ
3594 4337 3724 4391 Mes-

2149 4394 2250 4463 sia,
2280 4394 2347 4475 de
2374 4395 2554 4475 Petro,
2588 4407 2642 4475 et
2673 4399 2902 4475 Cephas,
2952 4400 3019 4475 de
3059 4402 3283 4457 'I‘abitha
3329 4414 3383 4459 et
3416 4406 3641 4462 Dorcas.
3678 4407 3731 4462 ln

2150 4466 2398 4525 omnibus
2426 4467 2569 4522 enim
2609 4468 2674 4541 iis
2714 4466 2851 4541 sacri
2894 4470 3202 4541 scriptores,
3237 4482 3293 4528 et
3333 4476 3524 4533 horum
3566 4478 3728 4533 inter-

2156 4544 2356 4609 pretes,
2384 4540 2694 4593 zeconomire
2723 4540 2967 4596 formulis
3008 4544 3088 4597 usi
3128 4540 3279 4609 sunt,
3313 4545 3379 4600 ad
3417 4547 3729 4604 idiomatum

2154 4608 2756 4684 et_in_terpretation_um
2810 4611 3180 4684 diversitatem
3237 4608 3617 4684 indicandam;
3669 4636 3733 4676 ne

2151 4678 2270 4758 quis
2300 4679 2353 4733 in
2375 4680 2849 4758 erroremhductus,
2877 4683 3141 4758 geminari
3166 4686 3327 4758 etiam
3357 4678 3622 4758 personas
3650 4707 3733 4747 ar-

2153 4749 2458 4823 bitraretur.
2490 4750 2565 4806 De
2593 4750 2808 4807 Christo
2836 4749 3049 4823 quidem
3095 4766 3149 4811 et
3187 4749 3377 4814 ΜοδεῙέ
3409 4760 3627 4817 locutus
3654 4773 3731 4818 est

2152 4820 2392 4904 Joannes
2399 4823 2670 4904 “scribens
2707 4824 2790 4904 (d)_
2896 4823 3019 4904 Scio
3047 4828 3168 4904 quia
3207 4830 3341 4883 venit
3371 4830 3622 4904 Messias,
3654 4835 3737 4904 qui

2151 4892 2340 4945 dicitur
2370 4891 2637 4965 Christus;
2663 4904 2718 4949 et
2745 4891 2942 4950 clarius
2972 4896 3024 4951 in
3057 4891 3163 4953 alio
3192 4907 3364 4965 textu,
3398 4902 3541 4957 idem
3572 4891 3734 4960 Joa'n-

2153 4978 2275 5043 nes_._
2300 4964 2543 5043 refeceris
2572 4965 2731 5043 verba
2757 4965 3021 5043 Andreae,
3063 4968 3246 5043 fratris
3285 4964 3525 5029 Simonis
3568 4976 3737 5043 Petri,

2151 5034 2337 5115 scribit
2369 5051 2379 5086 :
2416 5033 2713 5115 Iguenintus
2746 5033 3013 5115 Messium,
3047 5040 3196 5115 quod
3226 5050 3299 5115 est
3344 5033 3740 5115 interpretatum

2152 5106 2403 5160 Christus.
2436 5106 2641 5161 Rursus
2664 5107 2803 5162 idem
2832 5106 3069 5165 Joannes
3085 5110 3247 5165 verba
3272 5106 3511 5170 facturus
3543 5118 3614 5173 de
3644 5118 3739 5173 Pe-

2154 5188 2256 5244 tro,
2281 5184 2344 5254 _et
2369 5175 2612 5254 _Cepha_s,
2653 5179 2868 5254 habet}
2897 5178 2999 5254 _Tu
3042 5196 3095 5236 es
3141 5182 3323 5238 Simon
3356 5184 3657 5254 Bar-Jona,
3690 5199 3742 5243 tu

2151 5246 2405 5302 vocaberis
2444 5246 2661 5319 Cephar,
2704 5251 2841 5320 quod
2889 5250 3250 5323 interpretatur
3296 5254 3501 5312 Petrus.
3564 5246 3741 5331 Alique

2226 5385 2321 5467 (c)_
2341 5386 2580 5467 Photius,
2604 5403 2727 5467 cap.
2760 5389 2848 5460 12,
2872 5388 3314 5467 apud_Wolﬁum,
3337 5409 3454 5467 pag.
3484 5397 3586 5467 41,
3615 5416 3742 5456 nar-

2153 5469 2254 5526 rat,
2288 5460 2764 5534 Scythiano‘mala
2794 5460 2969 5534 morte
3013 5462 3217 5534 functo,
3262 5460 3660 5525 Terebinthum
3693 5473 3747 5526 in

2154 5532 2395 5587 omnium
2426 5532 2769 5602 opprobrium
2823 5533 3052 5589 venisse.
3098 5532 3225 5589 Cum
3272 5537 3325 5590 in
3373 5535 3671 5596 Palaestina
3702 5551 3748 5597 et

2153 5603 2341 5679 Judwd
2364 5603 2569 5679 degens,
2610 5619 2671 5657 ac
2708 5605 2915 5679 piorum
2943 5605 3186 5679 _omn_ium
3219 5608 3415 5679 judicio
3456 5611 3748 5667 damnatus

2156 5674 2504 5754 approbrinm.
2531 5690 2637 5754 non
2690 5676 2874 5754 ferens,
2930 5675 3193 5731 Persidem
3220 5674 3609 5754 proﬁciscitur,
3663 5701 3746 5740 tu-

2157 5744 2359 5813 sttmpto
2389 5744 2587 5799 Buddaz
2615 5748 2837 5801 nomine.

2232 5816 2310 5885 (cl)
2353 5815 2571 5871 Joannis
2602 5832 2673 5887 iv,
2701 5816 2789 5873 25.
2821 5819 3041 5877 Joannis
3071 5836 3108 5892 t,
3136 5819 3225 5892 41,
3256 5821 3341 5879 42.
