3988 6314
229 345 332 405 801

1002 343 1091 400 DE
1130 340 1651 400 MANICHEORUM
1692 338 1966 398 ll/ERESI
2008 336 2095 393 ET
2134 336 2452 395 HISTORIA
2490 338 2618 396 LIB.
2657 338 2698 395 l.

3383 338 3491 397 802

230 461 443 519 tandem
474 466 691 516 sanctus
719 456 911 526 Lucas,
946 459 997 513 in
1027 458 1389 528 apostolorum
1419 456 1566 512 Λαιίς
1598 456 1696 527 (α),
1727 457 1791 529 ad
1826 462 1869 518 Λ
1900 454 2320 529 disputationis?
2345 458 2423 529 An
2452 457 2728 529 quisquam
2754 470 2978 528 usquam
3003 455 3320 529 gentiumid
3344 459 3489 515 amr.

229 531 516 589 tollendam
552 544 939 602 quamcumque
962 530 1252 602 sermonis
1278 528 1797 602 a_mbiguitatem,‘de

228 603 447 661 Tabitha
479 598 765 667 disserens,
806 598 919 655 haec
960 600 1117 671 habet
1147 619 1159 653 :
1193 599 1258 653 In
1287 599 1455 671 lappe
1496 608 1663 653 autem
1695 598 1798 667 fuit

228 676 459 744 quadam
501 674 749 744 discipula
787 674 987 725 nomine
1024 670 1422 744 Tabitha,_qt_tt_e
1468 672 1795 740 interpretata

229 741 416 800 dicitur
445 741 657 798 Dorcas.
684 742 960 797 lnnumera
984 742 1197 811 quidem
1228 741 1329 795 alia
1354 741 1401 794 id
1427 755 1593 810 genus
1613 755 1796 794 exem-

267 816 318 869 la
339 818 389 869 in
421 815 711 881 Scripturis
745 822 799 868 et
836 813 973 881 apud
1004 810 1113 867 ’SS.
1150 812 1253 867 PP.
1288 810 1630 877 oﬂ’endimus,
1671 811 1789 881 qui-

268 902 327 941 us
349 886 398 941 in
420 899 657 955 praesens
684 884 931 938 insistere
957 897 1411 955 supervacaneum
1430 882 1704 955 _ducir_nus,
1731 896 1797 935 ne

230 959 282 1012 in
312 952 616 1026 rejiéiendis
661 956 725 1026 iis
764 970 882 1023 q‘ore
921 954 997 1026 ad,
1021 953 1195 1008 fucum
1237 952 1798 1026 iaciendumBeanso-

228 1027 325 1083 bre
351 1022 613 1082 adducere
640 1022 789 1081 solet
809 1025 1071 1095 prolixius
1094 1024 1462 1095 procedamus.
1494 1023 1656 1092 Igitur
1678 1022 1799 1077 huic

228 1108 539 1169 argumento
579 1096 741 1169 ilnem
781 1094 974 1160 daturi,
1016 1096 1093 1149 sic
1135 1094 1432 1169 claudimus
1474 1107 1796 1169 sermonem.

228 1165 361 1225 cum
402 1170 559 1239 igitur
589 1167 729 1239 inter
758 1175 836 1239 tot
863 1166 1258 1239 et_tamva_rios
1288 1166 1534 1239 antiquos
1565 1165 1797 1231 scripto-

228 1254 338 1307 res,
370 1233 468 1295 ne'c
496 1252 636 1293 unus
663 1238 857 1291 dixerit
895 1235 1274 1307 Terebintltum,
1324 1233 1564 1307 Graecam
1594 1248 1796 1297 vocem,

228 1306 448 1383 Syriaci:
470 1308 701 1383 _Budda_s
745 1307 1106 1383 interpretari,
1161 1306 1315 1383 plane
1350 1306 1683 1383 ignoramus
1698 1320 1801 1383 qua

228 1374 444 1438 licentia
470 1380 775 1435 Beausobre
798 1378 863 1430 ad
894 1374 1246 1445 przecedentia
1275 1374 1517 1441 exempla
1557 1391 1620 1430 ex
1652 1374 1799 1430 Scri-

228 1454 431 1525 pturis_
448 1458 685 1525 mutuata
717 1462 1014 1525 provocare
1044 1448 1301 1525 v_olu_erit_,_
1329 1459 1390 1525 ui
1415 1454 1653 1525 vetustos
1681 1460 1802 1525 san-

231 1516 349 1580 ctos
407 1522 509 1577 PP.
561 1530 615 1575 et
664 1516 952 1587 scriptores
1001 1518 1087 1587 qui
1138 1517 1205 1572 de
1256 1516 1592 1571 Manicbaicis
1642 1516 1801 1571 relms

230 1595 507 1651 disserunt
537 1591 589 1645 in
639 1590 829 1644 malam
877 1588 1034 1643 [idem
1078 1588 1383 1649 adduceret.
1426 1600 1623 1656 eosque
1667 1596 1802 1639 tam-

229 1680 406 1737 quam
427 1667 838 1737 imposturarum
860 1659 1325 1737 et_m.enda.ciorum
1356 1672 1476 1711 reos
1497 1657 1797 1737 morderet;

232 1725 292 1791 at
336 1725 633 1789 tolerabilia
690 1741 862 1800 tamen
904 1729 1127 1800 judicari
1175 1738 1402 1800 posseng
1432 1740 1552 1796 quae
1587 1725 1655 1800 fin
1700 1726 1798 1800 hoc

235 1806 414 1876 capite
440 1805 694 1876 hactenus
714 1800 779 1876 de
798 1796 1123 1876 Terebinlho
1138 1796 1349 1876 scripsit
1370 1798 1675 1876 Beausobre
1696 1796 1793 1876 (ις),

234 1878 287 1934 si
308 1868 644 1947 postmodum
669 1872 904 1947 latiorem
933 1868 1107 1947 adhuc
1133 1869 1271 1922 viam
1303 1882 1416 1947 non.
1435 1868 1533 1921 sibi
1560 1868 1798 1947 aperuis-

230 1938 329 2003 set"
361 1945 427 1999 ad
459 1939 740 1998 evertenda
771 1940 867 1993 alia
916 1939 1134 2006 majoris
1166 1939 1418 1992 momenti
1451 1952 1572 2007 qua:
1601 1939 1667 1991 de
1694 1938 1801 1992 Ma-

229 2015 453 2071 nichaeis
480 2012 800 2079 antiquiores
824 2011 1109 2077 scriptores
1139 2008 1442 2073 tradidere;
1476 2009 1556 2063 vel
1584 2010 1627 2062 si
1651 2013 1796 2079 omni

226 2082 390 2141 animi
433 2083 513 2137 sui
555 2080 729 2137 studio
760 2095 861 2134 non
890 2088 1173 2134 conaretur
1209 2093 1275 2134 ea
1322 2080 1593 2147 religionis
1641 2078 1800 2135 Chri-

226 2157 417 2212 stianae
458 2155 703 2223 dogmata
750 2150 981 2218 abolere,
1027 2164 1253 2221 quorum
1298 2151 1468 2205 sacris
1512 2149 1563 2205 in
1603 2150 1800 2207 litteris

224 2236 410 2297 aperta
441 2222 642 2297 me_ntio
670 2222 805 2276 facta
833 2231 934 2297 est_.

305 2299 410 2421 $9
436 2298 489 2349 7.
520 2294 718 2349 Prioris
748 2293 968 2374 generis.
986 2300 1202 2374 ea'sunt
1230 2307 1355 2375 quas
1376 2291 1573 2348 ibidem
1593 2293 1807 2365 scrlpsit

368 2368 535 2421 uddte.
561 2379 656 2421 seu
676 2362 991 2421 Terebmtbt,
1015 2363 1613 2421 disoutattombusaoud
1636 2366 1806 2421 Babv-

224 2362 535 2431 de‘BEddae,
561 2379 656 2421 seu
676 2362 991 2427 Terebinthi,
1015 2363 1613 2435 diSputationibusapud
1636 2362 1806 2435 Baby-

226 2440 429 2495 loniam
452 2452 572 2491 cum
604 2434 745 2491 Solis
771 2434 1139 2506 sacerdotibus
1162 2434 1435 2501 institutis,
1460 2450 1681 2505 quarum
1703 2436 1804 2506 Cy-

222 2512 407 2574 rillus,
456 2507 831 2577 Epiphanius,
852 2504 1120 2577 Pbotius,_
1142 2507 1447 2577 czeteriquei
1478 2504 1802 2577 mentionem

223 2574 736 2645 fecerunt.0uando
751 2574 997 2630 videlicet
1017 2574 1425 2630 scelestissimus
1437 2576 1595 2631 homo
1608 2576 1801 2632 famam

221 2664 277 2708 et
306 2654 571 2707 honorem
587 2648 744 2703 simul
766 2647 864 2701 sibi
889 2647 1123 2700 nancisci
1142 2646 1381 2714 cupiens.
1400 2662 1460 2703 se
1483 2662 1547 2701 ex
1579 2650 1802 2704 muliere

218 2725 435 2793 virgine
488 2729 668 2776 natum
723 2716 1571 2793 impudentissimegloriabatur,
1625 2729 1683 2773 ut
1735 2736 1799 2793 ex

216 2786 481 2850 Archelai
503 2793 648 2847 Actis
676 2789 835 2843 etiam
866 2786 1148 2856 colligitur.
1180 2788 1415 2859 Alterius
1440 2803 1569 2843 vero
1590 2791 1803 2859 generis

219 2874 361 2920 sunt
384 2880 444 2919 ea
464 2878 581 2932 qua:
610 2860 796 2932 scribit
817 2873 980 2928 agens
1004 2858 1071 2912 de
1095 2858 1380 2932 praesagiis
1400 2867 1456 2913 et
1475 2860 1802 2915 daemoniaca

215 2930 539 2992 Terebinthi
580 2942 713 2995 arte,
766 2930 819 2984 in
866 2944 966 2998 qua
1025 2932 1163 2982 hunc
1210 2930 1524 2998 sacrilegum
1564 2932 1803 3001 apprime

214 3008 394 3063 fuisse
416 3006 660 3061 edoctum
684 3001 793 3071 jam
824 3001 920 3071 ipsi
947 3014 1010 3053 ex
1043 3000 1805 3071 veterumtestumouiisintel-

212 3080 479 3135 lcximus.
509 3068 795 3128 Contendit
828 3068 1025 3140 quippe
1071 3069 1385 3123 Beausobre
1414 3070 1557 3123 nulla
1597 3073 1803 3127 ratione

212 3149 422 3204 adduci
455 3161 611 3217 posse
632 3153 690 3217 ut
716 3139 899 3217 credat
925 3139 1096 3194 malos
1120 3141 1359 3209 angelos,
1375 3142 1487 3195 sive
1503 3140 1795 3217 daemones,

1902 518 2261 600 movitiActa
2290 526 2431 600 enim
2463 518 2759 592 illafetiam
2790 518 3205 600 suffragantibus
3234 518 3487 588 doctissi-

1901 599 2003 653 mis
2027 598 2176 658 viris,
2210 598 2369 651 modo
2397 598 2742 666 interpretum
2773 598 2977 667 studio,
3002 601 3164 655 modo
3186 614 3482 657 amanuen-

1900 670 2036 724 sium
2066 669 2347 740 oscitantia
2381 676 2434 722 et
2455 668 2905 740 iguavia.pluries
2926 672 3141 739 gravius
3162 673 3481 740 interpolata

1899 748 1955 814 et
1977 740 2253 814 vulnerata
2285 738 2467 814 fuere;
2500 740 2664 814 ut_vix
2695 739 2746 814 in
2773 738 3023 814 praesens,
3055 751 3111 797 et
3139 757 3206 797 ne
3246 738 3333 797 vix
3366 746 3484 814 qui-

1901 811 2045 875 dem,
2076 811 2143 864 de
2171 824 2357 865 eorum
2385 809 2689 879 integritate
2708 809 2947 876 judicare
2976 814 3260 879 possimus.
3304 809 3481 880 Quare

1901 880 2033 936 mihi
2066 881 2219 936 facile
2246 881 2546 950 persuadeo
2572 880 2715 950 quod
2742 882 2784 933 si
2816 888 3007 946 praeter
3048 882 3281 937 Buddam
3310 883 3478 940 Mani—

1901 952 2111 1023 cbzeum
2141 949 2302 1006 alium
2326 950 2513 1004 Indum
2537 949 2635 1005 nos
2654 949 2939 1023 admittere
2961 962 3227 1018 oporteat,
3246 954 3479 1023 Gymne-

1902 1022 2266 1091 sophistarum
2314 1031 2476 1077 secta:
2526 1031 2834 1095 auctorem,
2888 1022 3116 1095 imperiti
3162 1022 3477 1095 quandoque

1902 1106 2282 1157 amauuenses,
2312 1107 2376 1147 ex
2411 1092 2642 1146 nominis
2672 1091 3019 1146 similitudine
3048 1091 3252 1160 decepti
3278 1137 3293 1158 ,
3324 1091 3477 1150 fabu-

1904 1163 2073 1216 losam
2108 1164 2249 1217 illam
2280 1162 2705 1231 generationem,
2736 1162 2897 1217 veluti
2928 1177 2955 1214 a
2980 1162 3158 1215 Budda
3191 1164 3480 1223 Manichmo

1909 1233 2275 1303 przedicatam,
2314 1233 2556 1304 Archelai
2590 1234 2736 1287 Actis
2765 1233 3109 1286 inseruerint.
3139 1233 3339 1287 Nostrae
3367 1239 3480 1304 qui-

1905 1302 2026 1357 dem
2071 1304 2390 1373 conjecturm
2423 1302 2561 1356 favet
2586 1304 2809 1357 aliorum
2839 1304 3158 1374 scriptorum
3190 1302 3477 1374 silentium,

1904 1382 1957 1429 et
1980 1374 2144 1442 ipsius
2174 1374 2470 1428 Beausobre
2494 1374 2875 1434 testimonium.
2908 1373 2957 1427 ls
2986 1374 3126 1427 enim
3158 1389 3295 1443 pene
3324 1375 3478 1429 innu-

1905 1448 2067 1499 meris
2105 1446 2231 1499 locis
2262 1444 2535 1498 contendit
2578 1444 2855 1515 Cyrillum,
2911 1444 3287 1511 Epiphanium,
3339 1445 3477 1500 Pbo~

1906 1516 2059 1576 tiutn,
2114 1516 2326 1569 Petrum
2376 1515 2632 1575 Siculum.
2685 1526 3019 1583 cacterosque
3066 1515 3377 1584 scriptores,
3428 1516 3478 1571 itt

1904 1584 2247 1657 Manichaieis
2262 1586 2422 1640 rebus
2440 1584 2740 1649 narrandis,
2762 1584 3006 1639 Archelai
3025 1586 3170 1639 Actis
3190 1588 3330 1657 (qum
3350 1602 3479 1656 apo-

1906 1656 2109 1725 crypha
2159 1656 2411 1726 appellat)
2468 1657 2747 1722 institisse,
2799 1663 2958 1724 atque
3004 1656 3314 1726 singula’in
3366 1658 3481 1712 istis

1903 1736 2177 1799 contenta,
2212 1730 2658 1799 aut_summatim,
2691 1736 2780 1799 aut
2808 1727 3065 1799 prolixius
3090 1730 3140 1781 in
3164 1742 3257 1781 sua
3281 1730 3480 1799 scripta

1906 1798 2231 1852 traduxisse.
2281 1796 2410 1851 Cum
2446 1798 2626 1867 igitur,
2670 1798 2859 1852 eodem
2897 1798 3200 1852 Beausobre
3240 1796 3477 1861 auctore.

1832 1843 1880 1903 Β
1906 1843 2095 1923 ηυιιυξ
2113 1843 2249 1923 alios
2276 1843 2503 1938 sicariis?
2532 1843 3214 1937 stantigg'aoazaafa;
3240 1843 3480 1924 ΕΗιίἰόξὲ

1909 1940 2007 1994 hac
2034 1940 2402 2009 generatione,
2431 1949 2699 2009 tamquam
2724 1954 2752 1993 a
2779 1938 2956 1993 Budda
2979 1939 3271 1994 Manichreo
3292 1941 3484 2008 praedi-

1905 2021 2049 2078 cata,
2085 2010 2246 2065 ullum
2298 2024 2513 2079 prorsus
2556 2012 2775 2063 verbum
2818 2010 3025 2072 fecerit,
3071 2024 3349 2065 necessum
3381 2013 3483 2066 erit

1901 2080 2165 2149 judicare.
2200 2097 2371 2151 neque
2398 2082 2449 2134 in
2472 2082 2812 2151 autographis
2833 2079 3077 2135 Archelai
3106 2082 3335 2151 scriptis,
3383 2098 3483 2137 nec.

1907 2151 1961 2207 in
1989 2152 2369 2207 vetustioribus
2401 2152 2590 2206 borum
2618 2151 3032 2221 exemplaribus,
3050 2159 3158 2205 tum
3177 2154 3476 2219 contineri;

1908 2223 1994 2277 vel
2034 2225 2078 2277 si
2121 2224 2510 2288 continebatur,
2543 2237 2661 2279 eam
2693 2230 2962 2293 tamquam
3002 2223 3241 2291 spurium
3272 2222 3481 2278 addita-

1908 2304 2143 2349 mentum
2176 2294 2447 2363 rejecisse.

1978 2362 2308 2432 Quamquam
2337 2374 2515 2419 tamen
2539 2364 2749 2419 Buddas
2772 2364 2863 2419 ille
2891 2362 2957 2435 de
2983 2378 3089 2435 quo
3112 2364 3317 2435 agimus
3342 2364 3478 2421 forte

1909 2435 2141 2490 fabulam
2166 2434 2313 2490 illam
2336 2436 2444 2507 20
2463 2437 2529 2491 de
2553 2436 2634 2490 sui
2664 2434 3011 2507 generatione
3039 2450 3140 2489 non
3154 2434 3483 2493 conﬁnxerit

1907 2515 1961 2561 et
1992 2507 2044 2561 in
2071 2507 2256 2577 vulgus
2280 2506 2560 2577 sparserit,
2584 2506 3072 2577 nihilominussine
3097 2507 3329 2563 audacia:
3358 2518 3480 2561 nota

1905 2577 2131 2632 inﬁciari
2164 2576 2617 2647 haudpossumus
2645 2580 2786 2632 hunc
2813 2576 3222 2632 Manichaeorum
3253 2579 3479 2633 alterum

1904 2650 2200 2719 principem
2232 2664 2351 2704 cum
2384 2648 2526 2703 Solis
2558 2649 2923 2703 sacerdotibus
2949 2657 3003 2701 et
3043 2649 3323 2703 Persarum
3357 2664 3483 2703 eruo

1904 2721 2031 2775 ditis
2080 2722 2208 2775 viris
2262 2721 2649 2789 disputationes
2705 2720 2903 2773 habere
2948 2719 3203 2774 voluisse.
3252 2720 3481 2790 Cyrillus

1906 2806 2157 2858 namque,
2187 2802 2466 2861 postquam
2496 2791 2651 2860 hujus
2676 2805 2706 2845 e
2746 2790 3267 2861 Palmstinretinibus
3307 2790 3480 2859 fugam

1906 2862 2136 2915 nominis
2165 2860 2535 2923 mutationem,
2580 2870 2738 2926 atque
2782 2860 2834 2913 iu
2886 2860 3156 2913 Persidem
3202 2862 3479 2913 transitum

1908 2932 2213 3000 descripsit,
2260 2934 2437 2984 statim
2488 2930 2721 2985 subdidit
2751 2929 2864 2998 (d):
2926 2928 3115 3000 Verum
3156 2930 3260 2982 illic
3307 2931 3483 2983 habuit

1906 2998 2222 3055 adversarios
2252 3001 2536 3055 sacerdotes
2561 3000 2719 3065 Solis,
2748 3011 2813 3063 et,
2837 2998 3009 3051 multis
3032 3000 3343 3052 sermonibus
3362 3016 3483 3053 cou-

1905 3072 2359 3139 certationibusque
2384 3072 2669 3133 commotis,
2692 3069 3111 3139 redarguebatur.
3136 3069 3348 3123 Demum
3368 3086 3484 3123 cum

1906 3153 2033 3197 esset
2062 3139 2583 3210 comprehendendae,
2612 3140 2838 3212 profugit
2866 3139 2933 3191 ad
2954 3140 3228 3212 quamdam
3258 3140 3479 3194 viduam.

214 3222 267 3275 in
324 3210 623 3280 elementa,
671 3214 913 3267 homines
950 3222 1279 3280 czeterasque
1315 3219 1523 3265 creatas
1571 3228 1656 3267 res
1694 3214 1799 3267 vim
1829 3213 1875 3278 C
1909 3213 2128 3266 l'hozius
2157 3228 2368 3283 quoque
2396 3227 2516 3267 cum
2546 3210 2771 3265 disisset
2817 3211 2958 3264 hunc
2998 3210 3332 3279 vt'rsipellem
3364 3212 3485 3267 nul-

212 3293 459 3361 aliquam
490 3296 541 3361 et
569 3290 890 3361 potestatem
913 3295 1181 3361 exercere
1190 3296 1377 3361 posse:
1408 3292 1568 3361 atque
1598 3284 1803 3361 ita_suis

251 3351 470 3417 ar'tibus
498 3351 770 3420 insistens,
802 3362 1071 3422 tamquam
1104 3351 1386 3407 ridiculum
1409 3353 1627 3408 damnat
1652 3355 1800 3411 illum

251 3377 470 3417 artibus
499 3377 770 3420 Inﬁtstetts,
804 3377 1071 3422 tamquam
1105 3377 1386 3407 rtuwututu
1409 3377 1627 3408 uautltat
1652 3377 1797 3411 mum

212 3377 485 3489 Romanae
512 3428 770 3484 Ecclesia:
798 3425 981 3488 ritum,
1015 3437 1120 3493 quo
1145 3422 1326 3477 divina
1357 3438 1459 3493 ope
1503 3425 1797 3493 implorata,

213 3519 393 3573 super
422 3500 778 3556 animatorum
822 3509 1067 3573 corpora,
1108 3494 1413 3573 elemer_t_ta,_
1444 3496 1803 3573 aliasqueres

213 3565 393 3631 sensu
420 3577 687 3633 carentes,
712 3566 1040 3623 exorcistnos
1068 3574 1123 3619 et
1148 3565 1550 3620 exsumationes
1588 3566 1804 3623 adhibet

213 3655 269 3702 et
299 3644 622 3717 pronuntiat
648 3640 714 3693 ad
745 3638 1015 3717 dzemones
1041 3637 1403 3717 expeilendos.

287 3707 456 3784 Quod
495 3715 671 3782 itaque
700 3709 766 3784 ad
789 3708 989 3784 prioris
1017 3707 1229 3784 generis
1248 3722 1343 3784 res
1368 3717 1599 3784 spectat,
1656 3724 1801 3784 mor-

212 3778 381 3845 dicus
407 3778 655 3841 laudatus
684 3778 900 3835 criticus
924 3787 1081 3848 negat
1108 3778 1515 3845 Terebinthum,
1538 3794 1633 3835 seu
1663 3780 1803 3835 Bud-

211 3860 345 3916 dam
383 3857 753 3920 Manicbaaum,
786 3866 844 3904 se
866 3864 931 3921 ex
958 3848 1177 3919 virginis
1206 3859 1380 3919 utero,
1410 3852 1492 3905 vel
1521 3852 1686 3906 latere
1710 3866 1801 3921 ge-

212 3934 400 3985 nitum
444 3934 499 3984 et
543 3935 721 3979 uatum
767 3920 1069 3989 conﬁngere
1107 3930 1161 3975 et
1200 3922 1496 3989 praedicare
1541 3920 1798 3990 potuisSe.

216 4001 405 4057 Unum
453 3998 619 4059 enim,
659 3994 733 4047 ait
779 3993 915 4061 ipse,
966 4006 1031 4045 ex
1080 3992 1358 4060 praecipuis
1388 3992 1800 4046 Manichaeorum

211 4070 563 4143 dogmatibus
612 4064 751 4143 istud
798 4072 939 4123 erat,
994 4061 1381 4143 Incarnatiouis
1426 4062 1591 4115 divini
1645 4064 1801 4117 Verbi

212 4134 595 4216 myvsteriumt
615 4137 944 4216 duarumque
992 4138 1297 4216 naturarum
1343 4134 1394 4214 in
1444 4147 1545 4213 una
1580 4146 1803 4200 persona

211 4201 480 4269 un'ionem
509 4201 752 4271 iiiﬁciari,
777 4220 844 4259 ex
874 4218 935 4257 ea
964 4201 1213 4256 videlicet
1240 4204 1385 4256 ducti
1418 4204 1646 4267 ratione,
1682 4219 1802 4256 tnu-

211 4286 420 4340 lierem
450 4282 709 4349 virginem
751 4288 1040 4349 numquam
1070 4274 1187 4349 sine
1212 4273 1410 4327 carnali
1438 4274 1723 4349 concubitu
1751 4282 1807 4349 et

210 4357 319 4411 viri
375 4344 581 4409 semin'e
612 4362 766 4416 posse
810 4346 976 4416 lilium
1016 4344 1283 4397 hominem
1324 4344 1631 4416 concipere,
1664 4352 1719 4397 et
1751 4345 1802 4397 iu

212 4429 404 4483 lucem
433 4414 621 4479 edere.
648 4415 929 4489 Ejusmodi
952 4423 1311 4489 commentum
1345 4414 1604 4489 (subiicit)
1634 4416 1805 4469 ειιιετο

209 4498 389 4569 hujus
420 4494 648 4549 nominis
676 4486 810 4569 viro,
844 4488 939 4569 qui
972 4486 1067 4539 fuit
1098 4495 1282 4569 auctor
1313 4498 1473 4567 sectae
1493 4488 1806 4569 ⁸(ὶγιηηρξο-

210 4555 526 4640 phistarum
554 4576 675 4619 esse
696 4558 1057 4640 tribuenda-in,
1096 4566 1305 4640 veteres
1342 4556 1633 4640 scriptores
1657 4555 1805 4640 afﬁr-

208 4627 465 4695 inarunt.
494 4637 728 4703 Quorum
760 4628 1008 4703 nonnulli
1043 4631 1205 4682 etiam
1250 4628 1376 4703 illud
1418 4627 1621 4703 Simoni
1652 4627 1805 4697 Mago

206 4698 611 4776 ascripserunt.
643 4704 701 4758 S.
755 4702 1105 4776 Hieronymus
1139 4698 1375 4776 tandem,
1428 4699 1563 4753 ltbro
1618 4708 1804 4753 contra

208 4770 595 4841 Jovidiauum,
643 4786 901 4842 expresse
946 4770 1122 4842 hujus
1165 4770 1475 4842 impositura:
1527 4779 1805 4842 auctorem

208 4853 355 4908 facit
387 4840 624 4904 Buddam
656 4840 865 4908 Indum,
896 4842 966 4896 ita
1003 4841 1245 4895 scribens
1280 4859 1292 4892 :
1326 4841 1477 4911 Apud
1516 4840 1806 4911 Gymnoso-

205 4926 425 4995 phistas
450 4918 639 4995 Indiae,
670 4917 813 4995 quasi
832 4930 939 4995 pen
956 4928 1136 4995 manus
1161 4911 1318 4993 huius
1340 4913 1594 4980 opinionis
1623 4921 1806 4995 aucto-

205 4982 349 5049 ritas
377 4992 621 5053 traditur,
650 4982 785 5055 quod
824 4983 1062 5055 Buddam
1093 4982 1572 5055 principemeorum
1597 4982 1809 5055 enlatere

205 5084 310 5120 suo
348 5065 493 5133 virgo
513 5052 764 5133 generauit
795 5054 1341 5133 (c)._Fateor_quidem
1369 5053 1588 5133 incende
1618 5052 1800 5133 Budda

208 5125 534 5190 Manichazo
550 5147 578 5183 a
606 5125 836 5201 Cyrillo,
870 5126 1189 5201 Epiphanio,
1216 5125 1424 5201 ΔΡιιοιὶυ
1452 5126 1676 5194 aliisque
1698 5126 1803 5201 qui

204 5194 840 5270 Manichzeorum'gesia
862 5199 1061 5264 scripto
1082 5196 1486 5270 consignarunt,
1502 5269 1506 5270 ν
1520 5209 1625 5270 non
1659 5194 1807 5250 afﬁr-

205 5279 393 5342 mari;
430 5289 546 5329 eam
574 5268 748 5325 tamen
777 5268 1068 5342 fabulosam
1097 5280 1165 5321 ex
1200 5268 1621 5342 utero_vit_‘gina|‘i
1643 5282 1807 5342 gener

206 5336 491 5403 rationem
517 5346 569 5398 in
602 5341 844 5397 Archelai
870 5338 1019 5393 Actis
1040 5341 1326 5392 recenserl.
1352 5337 1457 5393 Sed
1488 5336 1613 5407 quid
1642 5338 1806 5393 inde?

203 5421 301 5475 An
351 5414 616 5487 ejusmodi
664 5410 899 5487 narratio
940 5408 1315 5487 continebatur
1362 5408 1806 5487 in_a_utog_rap_his

203 5478 460 5545 actis'et
496 5490 548 5541 in
580 5482 963 5541 vetustioribus
998 5478 1394 5550 exemplaribus
1435 5479 1578 5535 illius
1610 5478 1807 5535 habita:

317 5629 385 5698 a)
422 5628 672 5698 Actorum
714 5640 789 5691 tx,
835 5622 1048 5698 56,40.

317 5632 385 5698 a)
422 5632 672 5683 Actorum
714 5640 789 5691 tx,
836 5632 927 5691 56,
956 5632 1048 5678 40.

287 5632 383 5770 ἑὸ)
423 5697 748 5764 Beausobre,
776 5710 894 5766 cap.
924 5695 981 5763 5,
1015 5692 1107 5750 lib.
1149 5702 1167 5750 t
1198 5690 1336 5749 Hist.
1369 5689 1807 5759 Maniclueorum,

202 5770 877 5917 pa?¢;)682..llieron!mus,
904 5838 996 5897 libo
1030 5852 1055 5909 ,l
1095 5844 1277 5896 00m”
1307 5834 1642 5896 “Vinianum
1685 5850 1807 5907 ΡΨ

1910 3284 2018 3337 lum
2042 3283 2269 3338 fructum
2298 3300 2361 3338 ex
2391 3290 2594 3338 mutato
2623 3283 2835 3336 nomine
2861 3283 3184 3351 percepisse,
3212 3289 3264 3335 et
3289 3297 3404 3335 cum
3426 3298 3489 3337 ea:

1909 3356 2143 3425 operibus
2170 3364 2215 3408 et
2244 3370 2307 3409 ea:
2336 3356 2568 3408 doctrina
2595 3353 2657 3406 iis
2686 3353 2773 3425 qui
2803 3354 2970 3422 ipsum
3011 3352 3153 3425 prius
3178 3352 3487 3425 ignorabant

1909 3423 2059 3479 notus
2088 3426 2343 3487 evasisset,
2368 3443 2399 3479 a
2428 3427 2548 3479 viris
2572 3429 2710 3494 apud
2734 3423 2919 3479 Persas
2946 3424 3161 3478 eruditis
3181 3423 3265 3487 qui
3288 3438 3387 3477 non
3408 3425 3488 3493 pie

1906 3496 2111 3566 quidem
2140 3497 2441 3561 sentiebant,
2471 3496 2559 3549 sed
2582 3496 2839 3550 meliorem
2867 3504 3033 3548 tamen
3054 3510 3113 3566 eo
3150 3495 3285 3547 circa
3315 3497 3489 3549 omnia

1907 3565 2205 3621 sententiam
2234 3569 2526 3634 tuebantur,
2555 3568 2853 3635 confutatus
2882 3576 2927 3621 et
2954 3565 3319 3635 expulsusest.

1978 3641 2032 3693 8.
2079 3640 2151 3693 De
2178 3639 2370 3709 quibus
2410 3652 2587 3693 autem
2620 3634 2780 3695 rebus
2812 3634 3168 3691 Buddascum
3202 3634 3486 3709 Persarum

1908 3707 2303 3779 sacerdotibus,
2334 3711 2658 3781 quaestiones
2686 3710 3180 3781 disputationesque
3222 3707 3487 3777 habuerit,

1907 3796 2012 3836 non
2043 3782 2170 3835 mihi
2190 3779 2534 3851 judicandum
2560 3782 2756 3845 sentio,
2788 3794 2853 3834 ne
2884 3779 3201 3834 temeritatis
3226 3788 3348 3833 nota
3374 3782 3488 3833 inu-

1907 3867 2015 3907 rar.
2069 3853 2200 3906 llem
2250 3862 2426 3908 tamen
2474 3852 2785 3921 diligentius
2822 3851 3125 3905 Beausobre
3168 3852 3484 3921 perquirere

1908 3923 2056 3977 nisus
2098 3930 2199 3988 est,
2232 3934 2285 3977 et
2314 3922 2529 3993 aliquod
2567 3920 2857 3993 discrimen
2886 3921 3179 3993 indendens
3213 3921 3348 3993 inter
3380 3920 3484 3993 Ar-

1907 3994 2078 4048 chelai
2108 3993 2376 4048 scribendi
2405 3990 2625 4047 inodum
2654 4001 2710 4046 et
2748 3992 3029 4059 Epiphanii
3075 3990 3284 4043 dicendi
3329 3991 3493 4043 ratio-

1910 4078 2051 4127 nem,
2109 4064 2301 4116 horum
2342 4064 2645 4117 testimonia
2675 4076 2798 4115 cum
2843 4062 2996 4115 facile
3040 4062 3159 4129 sine
3198 4060 3302 4113 ulla
3332 4072 3491 4129 rcpu-

1908 4132 2139 4203 gnantia:
2168 4141 2293 4185 nota
2318 4133 2607 4186 conciliare
2634 4134 2914 4203 potuisset,
2958 4128 3191 4199 neglexit
3189 4145 3221 4203 _;
3265 4139 3317 4182 et
3348 4128 3487 4203 pra;-

1908 4198 2187 4257 eedentem
2221 4217 2331 4255 sure
2360 4203 2573 4255 critices
2595 4198 2902 4255 methodum
2925 4198 3162 4265 secutus,
3188 4198 3487 4254 Zoroastris

1908 4286 1962 4327 et
1996 4274 2276 4327 Persarum
2306 4272 2372 4326 de
2402 4273 2609 4326 duobus
2638 4270 2934 4340 principiis,
2975 4271 3055 4325 vel
3105 4285 3213 4323 uno
3258 4278 3486 4336 tantum,

1909 4345 2318 4408 animarumque
2340 4357 2402 4396 ex
2433 4342 2749 4413 corporibus
2780 4342 2832 4394 in
2870 4354 3097 4413 corpora
3130 4340 3484 4413 transmigra-

1910 4418 2055 4469 tione
2104 4422 2393 4486 systcmata
2448 4410 2688 4486 laudatos
2744 4413 2847 4467 PP.
2900 4412 3119 4486 minime
3168 4410 3493 4486 intellexisse

1908 4481 2205 4549 contendit,
2264 4495 2323 4538 ut
2374 4490 2489 4554 ipse
2534 4485 2875 4555 probaturus,
2924 4484 2989 4555 in,
3026 4484 3188 4555 altera
3243 4481 3491 4555 Historia:

1914 4567 2066 4624 parte
2092 4557 2192 4611 sibi
2225 4554 2799 4611 reservasse'al‘lirmat.
2832 4554 3113 4609 Concludit
3141 4554 3391 4625 denique,
3424 4567 3492 4609 ex

1833 4600 1885 4663 D
1910 4600 2158 4683 Archelai
2183 4600 2530 4694 testimonio:
2547 4600 2687 4682 hunc
2717 4640 2821 4681 non
2837 4600 3486 4696 dixhseudis‘puta‘ltione‘m-

1910 4698 2146 4753 Buddam
2176 4698 2317 4754 inter
2352 4707 2407 4753 et
2437 4698 2723 4753 Persarum
2769 4697 3095 4761 sacerdotes,
3137 4694 3251 4751 sive
3277 4694 3492 4766 sapien-

1912 4780 2015 4837 tes,
2032 4770 2096 4823 ad
2118 4768 2348 4823 duorum
2370 4769 2754 4840 principiorum
2777 4770 3116 4823 esistentiam
3139 4767 3484 4840 pertinuisse,

1912 4842 2007 4896 sed
2040 4842 2213 4911 potius
2243 4838 2561 4911 respexisse
2576 4842 2641 4896 ad
2672 4840 2864 4911 bellum
2897 4840 2965 4894 ab
2999 4838 3319 4911 adversariis
3343 4846 3494 4911 pote.-

1910 4908 2138 4967 statibus
2162 4908 2351 4967 contra
2383 4912 2549 4967 Deum
2583 4914 2801 4967 factum.
2817 4910 2923 4965 Nos
2946 4926 3071 4966 vero
3094 4910 3137 4965 si
3170 4908 3360 4964 sedulo
3379 4908 3493 4962 hare

1912 4984 2327 5053 perpendamus,
2360 4996 2427 5038 an
2460 4998 2569 5038 non
2597 4983 2872 5037 al’tlrmare
2897 4996 3149 5053 cogemur
3179 4979 3488 5053 Beausobre

1912 5048 2068 5123 nugis
2089 5048 2375 5109 dumtaxat
2396 5054 2687 5109 delectari?
2710 5055 2767 5109 Si
2795 5052 2937 5108 enim
2965 5051 3144 5104 habita
3174 5048 3489 5123 disputatio,

1915 5117 2134 5181 auctore
2161 5125 2444 5193 Archelao,
2497 5127 2597 5180 fuit
2640 5125 2785 5179 circa
2840 5123 3039 5177 bellum
3087 5120 3227 5189 quod
3276 5117 3487 5173 adversi

1954 5196 2205 5267 riucipes,
2235 5198 2320 5250 vel
2344 5204 2657 5266 potestates,
2688 5203 2814 5248 ante
2837 5203 3116 5247 externam
3142 5204 3319 5243 rerum
3346 5202 3496 5242 emo-

1913 5210 2155 5322 ritionem
2202 5266 2314 5322 Deo
2362 5267 2601 5322 iecerunt
2622 5306 2637 5322 .
2674 5263 2890 5322 iamiam
2920 5260 3129 5316 Buddas
3158 5262 3264 5313 duo
3294 5268 3493 5313 aeterna

1938 5260 2155 5323 itionem
2194 5260 2314 5322 Deo
2345 5260 2601 5323 'fecerunt
2622 5260 2652 5330 ,'
2672 5263 2890 5335 jamjam
2920 5260 3129 5335 Buddas
3158 5262 3264 5313 duo
3294 5268 3493 5313 aeterna

1954 5338 2177 5408 rincipia
2219 5340 2358 5393 inter
2403 5353 2461 5393 se
2506 5332 2854 5408 repugnantia
2882 5332 3150 5408 audacius
3198 5344 3495 5408 propugna-

1954 5354 2177 5408 l'lllClplzl
2219 5354 2358 5393 inter
2403 5354 2461 5393 se
2506 5354 2854 5405 repugnantia
2900 5354 3150 5387 alluaCIus
3198 5354 3494 5399 propugna-

1915 5354 2029 5480 ΕΜ,
2076 5419 2136 5464 ιιι
2175 5408 2464 5465 afﬁrmavit
2514 5406 2843 5476 Epiphanius
2872 5404 2965 5474 (e).
2997 5404 3311 5480 Propterea,
3339 5403 3494 5480 quale

1915 5472 2206 5537 discrimen
2236 5483 2414 5537 inesse
2445 5480 2497 5534 in
2521 5472 2794 5546 utriusque
2811 5472 3042 5531 auctoris
3063 5472 3314 5543 loquendi
3338 5474 3498 5527 modo

1918 5619 2071 5763 ⁵4ῗά)
2096 5687 2328 5763 Cyrillus
2353 5684 2901 5763 Hierosolymitanus,
2923 5686 3012 5743 ubi
3043 5699 3225 5758 supra.
3254 5685 3501 5759 Plioiiu:1|

1920 5763 1971 5818 in
2003 5759 2368 5832 superioribus
2397 5759 2660 5832 laudatus.

1994 5828 2441 5902 (ril‘lpiphMitlS,
2474 5830 2667 5888 hzeresi
2694 5828 2789 5888 66.
