3988 6314
474 259 578 316 805

1054 251 1115 307 Ρ.
1155 244 1474 306 CACCIARI
1516 242 2114 303 EXERCITATIONES
2151 240 2218 299 IN
2258 241 2314 300 S.
2354 240 2598 299 LEONIS
2635 239 2848 299 MAGNI
2886 241 3147 299 OPERA.

3630 246 3721 306 804

470 376 867 439 dicemus,cum
886 376 1110 439 utraque
1130 368 1303 422 oratio
1326 364 1570 439 eumdem
1588 378 1805 439 prorsus
1826 376 2047 439 scopum
2074 364 2127 426 Α
2156 360 2459 439 necessaria
2491 367 2574 415 est
2601 366 2657 413 ut
2683 357 2861 439 cordis
2885 366 3062 414 motus
3090 356 3555 439 cogitationesque
3588 362 3719 419 cotti-

472 435 727 514 attingat,
746 459 807 498 ea
832 435 1124 514 dumtaitat
1142 440 1425 514 verborum
1457 436 1765 514 diversitate
1789 435 2045 514 admissa,

471 530 527 573 ttt
559 507 851 572 Archelaus
888 513 963 583 (α)
993 512 1270 583 prolixius,
1306 510 1541 583 pressius
1582 517 1760 583 autem
1803 507 2051 583 sensui-

472 590 629 654 ctius,
676 574 1009 655 Epiphanius
1046 574 1459 655 disputationem
1500 578 1876 655 descripserit?
1910 574 2052 655 Pho-

474 662 582 716 tius
614 647 823 713 tandem
843 647 1236 722 _asseverat'(b)
1260 652 1539 705 dumtaxat
1564 649 1798 703 Buddam
1821 657 1882 722 et
1908 647 2049 722 Solis

478 732 785 786 sacerdotes
811 716 1131 795 disputasse,
1168 716 1385 795 hasque
1405 722 1600 795 rectius
1627 736 1783 795 quam
1818 720 1905 795 ille
1938 720 2048 773 Ma-

476 805 712 857 nichacus
734 790 961 855 sentiret
988 790 1323 850 disseruisse.
1351 794 1415 848 Et
1443 792 1655 861 quidem
1683 792 1791 845 suis
1814 790 2050 858 disputa-

476 874 708 928 tionibus
736 873 939 925 nullum
966 882 1183 936 prorsus
1204 865 1522 934 discipulum
1552 863 1651 936 sibi
1680 862 2047 936 acquisivisse,

476 947 520 1000 si
552 946 764 997 viduam
798 943 937 995 illam
967 932 1191 992 amicam
1223 932 1578 1005 excipiamus,
1623 934 1759 987 dolis
1792 932 2051 1005 malisque

476 1016 680 1069 artibus
705 1016 1001 1079 deceptam,
1035 1008 1173 1076 apud
1203 1004 1371 1083 quam
1399 1006 1630 1083 hospitio
1661 1004 2045 1083 excipiebatur,

470 1086 580 1157 jam
626 1100 690 1139 ex
732 1074 985 1157 §_rcltelai_
1015 1074 1323 1157 narratione
1360 1076 1659 1157 innotescit.
1707 1074 1807 1157 Qui
1858 1074 2051 1157 deinde

474 1146 701 1211 addidit:
731 1154 887 1207 Mane
909 1153 1069 1219 primo
1090 1151 1313 1205 ascendit
1337 1149 1584 1203 soltrium
1605 1146 1865 1217 quoddam
1882 1146 2051 1219 excet-

473 1245 609 1287 sum,
654 1227 738 1280 ubi
781 1216 988 1278 nomina
1031 1223 1265 1293 quaedam
1289 1222 1437 1285 carpit
1472 1216 1729 1293 inuocare,
1759 1232 1882 1293 qua;
1908 1216 2051 1269 nobis

475 1298 648 1353 Turbo
680 1298 809 1351 dixit
842 1296 976 1349 solos
1004 1287 1192 1368 septem
1230 1294 1412 1368 electos
1446 1290 1704 1343 didicisse.
1749 1287 1884 1368 Quid
1926 1302 2051 1368 vero

474 1370 710 1423 Buddatn
754 1375 869 1435 post
909 1358 1067 1419 suuut
1113 1366 1164 1416 in
1211 1363 1468 1435 solarium
1496 1373 1787 1435 ascensum
1843 1358 2046 1435 fecerit,

473 1441 693 1508 quidve,
732 1429 839 1491 Deo
866 1437 1149 1508 vindictam
1181 1442 1390 1508 agente,
1424 1429 2052 1508 eidemcontigeritl,_sta-

475 1499 570 1565 t'int
603 1499 839 1565 subdidit
868 1506 1180 1561 Archelaus.
1220 1499 1356 1557 lium
1394 1520 1515 1573 ergo
1558 1501 1675 1571 (ait)
1721 1499 2049 1563 ascendisset,

472 1593 602 1636 ritus
629 1581 793 1634 nescio
820 1582 969 1650 cujus
991 1577 1067 1630 vel
1087 1575 1293 1650 artiﬁcii
1320 1575 1506 1650 gratia,
1532 1574 1669 1627 solus
1683 1582 1858 1650 _a_utem
1879 1586 2055 1650 ascen-

475 1654 569 1719 dit,
604 1669 665 1706 ne
685 1652 804 1704 inde
831 1641 896 1702 ab
916 1650 1090 1719 aliquo
1118 1641 1345 1719 convinci
1371 1653 1627 1715 posset....
1675 1641 1802 1719 Haec
1829 1642 2054 1719 eo__cogi-

2154 432 2380 487 beantur
2408 446 2474 486 ne
2506 438 2654 487 extra
2694 430 2862 485 Deum
2908 430 3191 501 vagentur.
3222 433 3289 486 At
3318 432 3588 487 orationis
3613 448 3724 490 sco-

2152 519 2277 573 pum
2310 504 2409 557 sibi
2438 513 2549 557 tum
2575 502 2917 571 proposuisse
2932 502 3167 573 Buddam
3195 502 3316 571 quis
3346 502 3720 573 arbitrabitur?

2157 572 2263 647 Aut
2286 574 2473 629 saltem
2506 588 2570 647 eo
2598 574 2648 628 in
2682 577 2955 642 proposito
2982 572 3177 647 divinis
3204 572 3468 647 mandatis
3515 574 3722 647 obsequi

2150 646 2405 709 voluisse,
2437 646 2557 711 quis
2588 660 2840 713 umquam
2872 644 3183 713 continget?
3234 644 3351 700 1am
3391 645 3623 701 aderant
3648 644 3721 704 sa-

2152 717 2397 771 cerdotes
2448 716 2587 772 Solis
2606 757 2621 781 ,

2151 789 2361 858 (utpote
2389 787 2457 841 ab
2484 803 2670 842 eorum
2700 788 3149 859 disputationibus
3182 788 3487 859 superatus)
3520 787 3578 843 in
3607 806 3719 846 con-

2152 860 2362 912 cionem
2414 866 2727 920 vocaverat,
2780 867 2835 911 ut
2879 858 3268 926 praestigiarum
3306 858 3528 914 suarum
3580 869 3721 917 testes

2153 930 2425 985 adessent.
2488 928 2710 985 Accedit
2781 929 2974 984 deinde
3030 929 3442 985 Manichaeorum
3500 931 3721 996 palmare

2152 1000 2342 1067 dogma
2372 1000 2559 1067 fuisse,
2596 1003 2790 1064 lucem,
2810 1009 2877 1071 et
2906 1001 3074 1055 solem
3105 1001 3300 1070 ipsum,
3328 1016 3435 1056 non
3462 1013 3719 1071 tamquam

2155 1071 2248 1126 Dei
2276 1072 2467 1125 summi
2498 1070 2680 1126 sedem
2708 1078 2764 1125 et
2784 1070 3035 1125 thronum
3064 1072 3278 1137 intueri,
3305 1072 3401 1127 sed
3427 1088 3555 1128 eum
3580 1070 3721 1130 veluti

2153 1157 2339 1196 verum
2385 1143 2548 1195 Deum
2597 1142 2845 1205 adorare,
2899 1152 2959 1196 ut
3007 1143 3146 1196 inter
3198 1152 3427 1199 caeteros
3482 1142 3588 1199 SS.
3632 1145 3720 1201 PP.

2154 1227 2396 1268 summus
2425 1212 2660 1280 pontifex
2688 1213 2794 1267 Leo
2836 1213 3038 1277 primus
3063 1214 3222 1266 variis
3252 1216 3303 1268 in
3337 1216 3469 1270 locis
3511 1225 3721 1273 testatus

2154 1291 2257 1346 est,
2284 1298 2538 1353 expresse
2558 1284 2626 1338 de
2647 1283 2955 1339 Manichzeis
2981 1284 3162 1337 Romae
3185 1284 3542 1353 deprehensis
3567 1288 3721 1342 orien-

2158 1364 2263 1409 tcm
2293 1357 2461 1409 solent
2481 1354 2827 1409 adorantibus
2846 1354 3116 1409 disserens
3136 1356 3223 1424 qui
3245 1373 3298 1409 se
3327 1358 3665 1426 "ﬂectebant.
3681 1370 3718 1414 et

2154 1428 2380 1480 curvatis
2409 1426 2705 1489 cervicibus,
2730 1428 2781 1479 in
2804 1426 3046 1479 honorem
3073 1443 3124 1479 se
3149 1427 3409 1493 splendidi
3436 1429 3575 1483 orbis
3595 1431 3719 1485 incli-

2156 1498 2366 1551 nabant.
2381 1497 2524 1569 lstud
2544 1505 2721 1569 autem
2740 1497 3050 1569 ﬁerifpartim
3067 1497 3373 1569 ignorantiae
3388 1500 3535 1563 vitio,
3555 1504 3716 1569 partim

2158 1568 2469 1638 paganitatis
2509 1568 2691 1633 spiritu
2711 1608 2726 1633 ,
2754 1568 2813 1624 S.
2852 1568 2907 1621 P.
2941 1567 3131 1623 dolens
3158 1568 3449 1624 arbitratus
3476 1567 3583 1635 est,
3611 1573 3717 1629 sub-

2152 1639 2371 1707 jicieus:
2407 1639 2542 1702 Quia
2576 1640 2671 1692 etsi
2710 1639 2919 1709 quidam
2952 1640 3079 1707 forte
3106 1639 3395 1693 Creatorem
3427 1643 3597 1707 potius
3621 1647 3716 1710 pul-

2696 731 2833 785 quos
2900 724 3171 781 tamquam
3231 715 3334 771 sibi
3393 716 3720 779 adversarios

476 1710 631 1788 tante,
674 1710 1011 1793 justissimus'
1040 1717 1177 1772 Deus
1220 1715 1312 1771 sub
1362 1710 1521 1770 terras
1562 1730 1677 1769 eum
1720 1712 1926 1767 detrudi
1964 1710 2054 1781 per
2089 1743 2133 1803 Β
2162 1710 2273 1764 chri
2303 1710 2508 1791 luminis
2524 1726 2690 1803 quam
2718 1711 2898 1803 ipsum.
2935 1710 3103 1763 lumen
3130 1712 3313 1793 aquati
3331 1722 3427 1803 Jest
3473 1724 3713 1803 gesturo,

476 1792 901 1867 spiritumjttssit.
998 1860 1009 1867 _
1189 1858 1223 1867 η
1370 1858 1427 1867 __
1535 1858 1547 1867 _
1774 1855 1785 1867 _

546 1854 917 1919 Narrat'ionem
962 1858 1225 1929 ejusmodi
1278 1858 1459 1913 multis
1516 1858 1585 1913 de
1638 1855 1839 1929 causis,
1873 1854 2058 1929 labare

478 1935 711 1991 afﬁrmat
742 1926 1063 1988 Beausohre.
1080 1930 1212 1984 Nam
1236 1930 1327 1984 ubi
1346 1930 1641 1983 Archelaus
1656 1928 1793 1982 dixit
1816 1926 2055 1981 Buddam

519 2009 722 2062 utndam
771 2007 1049 2059 invocasse
1086 2000 1327 2064 nomina,
1376 1999 1609 2070 Cyrillus
1651 2000 1720 2053 ab
1758 1997 1877 2070 ipso
1908 2012 2059 2070 recc:

519 2022 722 2062 umnam
771 2022 1049 2059 thocasse
1087 2022 1327 2064 nontlna,
1376 2022 1609 2070 uyrtttus
1651 2022 1720 2053 au
1760 2022 1877 2066 ιμδυ
1908 2022 2059 2052 recc-

478 2022 635 2140 gens,
651 2078 906 2130 daemones
923 2088 1094 2127 aereos
1117 2071 1411 2136 substituit,
1443 2081 1495 2126 et
1512 2083 1607 2125 eos
1627 2084 1761 2138 quos
1781 2067 2059 2124 Manicbtei

480 2148 536 2204 in
575 2149 687 2203 suis
723 2144 1002 2200 sacriﬁciis
1041 2159 1137 2197 seu
1170 2142 1552 2206 conventibus,
1591 2151 1649 2193 ut
1680 2140 2059 2209 interpretatur

482 2218 585 2345 ἕο)
624 2216 1044 2285 Christopborus
1090 2212 1350 2277 Wolfius,
1390 2212 1639 2267 invocare
1680 2220 2056 2291 consuescunt.

527 2298 612 2343 ost
659 2289 774 2342 haec
810 2285 1187 2339 animadvertit
1226 2284 1530 2337 Beausobre
1568 2298 1741 2345 neque
1770 2296 2056 2337 convenire

527 2282 612 2343 ost
659 2289 774 2342 haec
810 2282 1187 2339 animadvertit
1226 2284 1530 2337 Beausobre
1568 2298 1741 2349 neque
1770 2282 2059 2337 convenire

484 2362 587 2431 21
613 2359 833 2414 Graecos
853 2356 1147 2431 scriptores
1177 2355 1228 2408 in
1254 2354 1598 2431 recensendis
1619 2354 1808 2408 ritibus
1829 2368 1857 2406 a
1875 2351 2057 2431 Eudda

482 2424 757 2495 a—dbibitis,
799 2444 919 2483 cum
952 2426 1245 2482 Archelaus
1284 2424 1481 2480 dixerit
1508 2424 1785 2479 dumtaxat
1813 2425 2062 2495 solarium

484 2494 791 2565 ascendisse,
820 2500 885 2551 ad
905 2500 1142 2569 quaedam
1172 2496 1718 2569 nominainvocanda;
1752 2506 1802 2549 et
1827 2494 2063 2562 Epipha-

487 2574 611 2628 nius
636 2567 927 2626 contendat
954 2583 1047 2624 eos
1088 2570 1221 2622 ritus
1260 2567 1496 2636 magicos
1542 2568 1706 2621 fuisse
1736 2574 1795 2619 ut
1832 2575 2064 2632 [)rtl‘ler-

487 2644 731 2699 naturale
756 2641 973 2711 aliquod
1003 2641 1212 2711 signum
1241 2646 1494 2711 patraret,
1526 2638 1591 2691 ad
1622 2651 1850 2711 suorum
1868 2636 2061 2711 adver-

488 2717 752 2769 sariorum
782 2708 875 2767 ora
905 2708 1253 2765 occludenda.
1285 2709 1582 2765 Archelaus
1608 2708 1880 2761 concludit
1906 2708 2060 2761 deui-

489 2801 593 2856 que
622 2786 860 2854 spiritum
884 2783 1052 2856 aADeo
1076 2780 1283 2856 jussunt
1314 2780 1479 2835 fuisse
1505 2790 1575 2856 ut
1598 2778 1835 2856 Budd_:_tm
1859 2792 1889 2856 e
1919 2778 2063 2856 sola-

489 2849 573 2912 rio
601 2849 658 2910 in
686 2863 879 2909 terrain
910 2852 1238 2916 detruderet,
1266 2866 1422 2920 quem
1448 2851 1695 2918 spiritum
1736 2849 2067 2918 Epiphanius

491 2928 736 2996 angelum
760 2926 1075 2996 appellavit;
1099 2933 1153 2976 et
1181 2921 1477 2996 Cedrenus,
1508 2924 1660 2996 quasi
1691 2920 1815 2975 huic
1847 2921 2065 2996 tragica:

491 2992 666 3053 scénzc
716 2992 1037 3065 praefuisset,
1069 2994 1313 3063 angelum
1358 2993 1614 3047 describit
1667 2992 2063 3065 aggredientem

492 3061 754 3123 nefarium
785 3061 1190 3133 Terebinthum,
1241 3073 1298 3117 ut
1344 3074 1566 3132 repente
1614 3064 1938 3133 praecipitent
1970 3061 2065 3116 de-

2161 1784 2403 1835 venerari
2465 1780 2826 1851 intenderent,
2886 1790 3063 1835 tamen
3114 1781 3379 1851 ejusmodi
3435 1780 3712 1840 ofﬁciorum

2162 1852 2325 1907 ritum
2356 1851 2487 1906 nihil
2530 1850 2745 1906 differre
2784 1867 2812 1906 a
2855 1852 3132 1920 gentilium
3186 1853 3566 1921 superstitioso
3587 1858 3710 1911 cultu

2162 1925 2357 1996 paucis
2384 1924 2738 1996 demonstrat,
2772 1922 3051 1996 subdens:
3088 1922 3375 1993 Abjiciatur
3413 1941 3529 1996 ergo
3552 1944 3584 1980 a
3605 1945 3706 1981 con-

2160 1994 2425 2049 suetudine
2475 1993 2706 2061 ﬁdelium
2746 1994 3041 2047 damnanda
3085 1998 3401 2062 perversitas,
3451 1993 3534 2050 nec
3560 1999 3704 2052 hortor

2160 2064 2250 2118 uni
2278 2065 2379 2119 Deo
2410 2064 2607 2119 debitus
2633 2080 2809 2118 eorum
2845 2066 3025 2120 ritibus
3054 2065 3139 2134 qui
3180 2069 3418 2121 creaturis
3438 2068 3693 2122 deserviunt

2160 2137 2450 2190 misceatur.
2488 2135 2613 2189 Haec
2654 2145 2831 2191 autem
2862 2136 3063 2191 dixisse
3084 2137 3441 2206 etscripsisse
3465 2137 3687 2206 Leonem,

2162 2217 2221 2278 ut
2243 2207 2497 2277 quosdam
2531 2208 2781 2261 Romanae
2830 2207 3085 2263 Ecclesiae
3134 2205 3465 2264 Christianos
3492 2224 3520 2263 a
3542 2205 3693 2278 pravis

2162 2277 2577 2333 Manichzeornm
2603 2278 2859 2334 institutis
2881 2278 3137 2348 deceptos
3159 2280 3230 2333 ab
3266 2281 3525 2349 ejusmodi
3545 2277 3702 2335 orandi

2163 2350 2268 2421 ritu
2299 2356 2592 2421 amoveret,
2621 2350 2728 2418 jam
2762 2358 2902 2421 totus
2925 2350 3069 2405 illius
3095 2352 3360 2405 sermonis
3386 2361 3559 2406 textus
3586 2362 3712 2421 pale-

2164 2418 2308 2475 facit.
2333 2420 2438 2475 Sed
2462 2421 2781 2475 ltlanichazos
2809 2420 2906 2475 soli
2957 2432 3115 2491 atque
3154 2421 3444 2487 sideribus,
3484 2418 3707 2491 quemad-

2165 2492 2383 2565 modum
2416 2493 2624 2565 pagani,
2656 2493 2901 2565 quamvis
2941 2493 3045 2547 alio
3074 2493 3337 2561 principio
3356 2493 3581 2558 ductos,
3627 2496 3714 2565 23

2164 2563 2365 2617 cultum
2397 2562 2731 2627 adhibuisse,
2766 2564 3061 2619 innumeris
3091 2565 3422 2631 argumentis
3452 2562 3713 2620 constath

2163 2633 2414 2701 Legimus
2459 2632 2654 2689 deinde
2702 2634 2758 2689 S.
2790 2634 3006 2689 Petrum
3047 2636 3100 2689 in
3137 2633 3342 2703 Joppen
3387 2636 3534 2690 circa
3563 2636 3714 2689 lteram

2165 2715 2387 2777 sextam,
2400 2722 2521 2777 non
2552 2705 2619 2757 ad
2640 2704 2978 2777 solisortum,
3012 2706 3322 2761 ascendisse
3354 2707 3407 2761 in
3456 2708 3714 2777 superiora.

2166 2777 2236 2830 At
2265 2775 2449 2830 nullibi
2489 2788 2702 2830 constat
2758 2776 2949 2831 domus
2988 2785 3186 2833 tectum
3227 2775 3628 2833 conscendisse.
3668 2781 3720 2831 Et

2165 2845 2443 2916 Scriptura
2471 2847 2537 2901 de
2574 2846 2815 2902 oratione
2854 2848 3056 2917 regina:
3087 2848 3281 2902 Esther
3311 2849 3480 2905 verba
3522 2848 3715 2913 faciens,

2168 2916 2445 2972 dumtaxat
2473 2924 2699 2972 testatur
2742 2934 2854 2972 eam
2883 2916 2937 2972 in
2986 2920 3151 2973 cinere
3174 2928 3221 2973 et
3263 2931 3487 2974 stercore
3531 2921 3720 2981 stetisse,

2168 3001 2362 3058 corpus
2383 3003 2535 3043 suum
2550 2990 2768 3060 jejuniis
2787 2990 3115 3056 ltumiliasse,
3139 2990 3308 3044 omnia
3336 2991 3452 3045 loca
3474 2996 3530 3046 in
3554 2993 3722 3060 quibus

2170 3070 2325 3115 antea
2367 3061 2645 3132 laetabatur
2698 3062 2914 3115 crinium
2963 3062 3268 3115 laceratione
3313 3061 3640 3132 implet'iSse,
3678 3069 3721 3115 et

492 3140 699 3209 jiceret.
731 3138 935 3192 Labare
962 3151 1091 3206 ergo
1112 3130 1229 3209 haec
1256 3130 1433 3189 omnia
1455 3130 1731 3189 certo—sibi
1761 3134 2064 3209 Beausobre
2092 3130 2136 3191 C
2170 3144 2382 3209 semper
2401 3132 2466 3185 ad
2499 3131 2778 3209 Dominum
2824 3146 3085 3187 conversa
3112 3132 3328 3209 .dix‘isse
3370 3130 3632 3209 (Λάβαξ,
3664 3148 3728 3185 me

495 3206 802 3279 persuadet,
830 3207 1173 3279 cumquemini
1191 3206 1540 3279 innotescere
1571 3206 1841 3279 potuerint
1866 3206 2067 3274 absque

495 3276 843 3336 revelatione.
896 3277 975 3332 Ad
1006 3276 1268 3331 tollendas
1292 3290 1454 3345 porro
1483 3276 1578 3331 has
1606 3276 1852 3345 antiquas
1882 3286 2069 3330 contra

497 3350 781 3406 hmreticos
828 3349 1202 3417 praejudicatas
1241 3348 1560 3418 opiniones,
1613 3348 1848 3402 studium
1912 3362 2068 3401 suum

496 3424 761 3476 convertit
790 3420 1117 3483 Beausobre,
1149 3428 1202 3472 et
1229 3419 1330 3472 sibi
1357 3418 1509 3487 quasi
1542 3418 1878 3473 sublanditur
1914 3432 2072 3487 posse

497 3491 909 3560 sapientioribus
957 3488 1670 3560 auimadversionibus‘uti,
1729 3504 1825 3558 pro
1892 3504 2069 3560 rerum

498 3558 723 3617 veritate
751 3560 1141 3630 cognoscenda,
1175 3559 1471 3614 insistendo
1511 3558 1786 3630 dumtaxat
1823 3559 2071 3614 Archelai

498 3628 1329 3701 narrationi,'quam_simplicem,
1372 3628 1675 3694 naturalem,
1718 3640 1877 3699 atque
1925 3630 2073 3683 inno-

500 3712 690 3757 centem
718 3702 969 3769 appellat.
985 3699 1149 3769 Cujus
1170 3702 1381 3771 generis
1420 3701 1567 3770 prior
1586 3700 1981 3755 animadversio
2010 3716 2069 3755 ea

501 3782 585 3829 est
619 3792 631 3826 :
668 3772 925 3837 Buddam,
956 3772 1222 3836 videlicet,
1256 3773 1427 3840 primo
1467 3783 1622 3826 mane
1673 3772 1929 3827 solarium
1977 3771 2075 3826 do-

503 3858 624 3898 mus
651 3842 980 3908 ascendisse,
1028 3850 1085 3897 ut
1124 3842 1291 3897 Deum
1338 3850 1537 3908 oraret,
1578 3850 1633 3897 et
1678 3842 1827 3897 solus
1857 3842 2072 3910 quidem

501 3915 743 3970 ascendit
772 3913 891 3985 (ait)
922 3924 977 3968 ut
999 3913 1193 3968 divinis
1223 3912 1488 3985 mandatis
1511 3913 1925 3985 obtemperaret,
1954 3915 2074 3983 qui-

500 3986 602 4040 bus
627 3986 828 4040 dictum
858 3992 961 4052 est,
994 3994 1054 4039 ut
1083 3994 1297 4039 orantes
1318 3984 1386 4039 ab
1407 3984 1575 4040 oculis
1601 3992 1656 4039 et
1678 3984 1951 4039 hominum
1974 3985 2079 4039 fre-

500 4057 718 4125 quentia
764 4056 1283 4127 fugiamusaAltera
1318 4055 1713 4127 animadversio
1756 4065 1960 4125 spectat
2008 4056 2072 4110 ad

500 4125 886 4183 Manicltaicu'm
911 4126 1100 4181 orandi
1126 4127 1306 4193 ritum,
1352 4142 1382 4182 a
1423 4125 1724 4182 Zoroastris
1776 4127 2074 4181 institutio-

499 4200 657 4254 nibus
688 4199 1004 4263 derivatum,
1029 4212 1134 4267 quo
1160 4207 1454 4254 sectatores
1471 4198 1726 4267 jubentur
1754 4199 1986 4253 vultibus
2007 4198 2074 4253 ad

499 4268 771 4325 Orientem
810 4273 1087 4325 conversis
1116 4282 1301 4337 orare,
1352 4268 1456 4323 sibi
1486 4268 1852 4339 contingentes
1899 4270 2074 4339 ignem

499 4340 652 4395 illum
684 4343 737 4397 in
767 4342 882 4395 sole
920 4348 1289 4410 conspectum,
1326 4354 1449 4394 cum
1481 4340 1751 4405 thronum,
1787 4350 1894 4395 tum
1944 4341 2079 4394 divi-

500 4426 622 4465 nam
651 4412 987 4480 praesentiam
1018 4411 1321 4480 signiﬁcare
1344 4411 1447 4481 (ά).
1484 4411 1663 4466 Tertio
1690 4411 2073 4465 animadvertit

502 4481 734 4536 Orientis
786 4484 1008 4551 p0pulos
1054 4482 1354 4537 orationum
1399 4497 1557 4536 causa
1595 4482 1878 4537 domorum
1933 4491 2072 4537 tecta

2171 3202 2507 3274 solitariam,“
2535 3211 2580 3255 et
2629 3206 2777 3274 cujus
2824 3212 3007 3274 prwter
3047 3212 3094 3257 te
3137 3203 3313 3257 nullus
3353 3214 3426 3258 est
3473 3202 3730 3258 auxiliator

2172 3273 2305 3327 alius
2336 3272 2433 3343 (Ι).
2470 3272 2696 3328 Ubinam
2721 3272 2850 3343 ergo
2875 3276 3078 3329 invenit
3108 3275 3362 3340 Pricatus,
3388 3291 3418 3329 a
3451 3276 3730 3329 Beausobrt

2171 3344 2439 3409 laudatus,
2469 3345 2706 3414 reginam
2740 3345 2932 3400 Esther
2961 3346 3013 3399 in
3054 3347 3135 3401 sui
3167 3347 3346 3413 palatii
3386 3347 3655 3416 planitiem
3680 3359 3730 3398 se

2172 3416 2417 3484 recipere
2461 3416 2828 3477 consuevisse,
2877 3416 2943 3469 ad
2993 3420 3280 3472 secretiora
3333 3415 3478 3472 forte
3518 3415 3730 3472 Judaica:

2174 3486 2452 3555 religionis
2483 3486 2744 3542 exercitia
2770 3486 3009 3557 agenda?
3057 3488 3113 3543 Id
3160 3488 3376 3557 quidem
3407 3504 3481 3544 ex
3524 3487 3735 3542 Daniel'ts

2175 3557 2395 3613 historia
2426 3558 2579 3627 quasi
2609 3558 2835 3612 obscure
2864 3558 3198 3627 colligimus;
3232 3560 3373 3627 quod
3419 3559 3558 3614 forte
3585 3559 3728 3613 dissi-

2177 3628 2399 3701 mulavit
2432 3628 2757 3693 Beausobre,
2794 3644 2860 3683 ne
2904 3645 3003 3684 suo
3029 3645 3087 3685 se
3108 3631 3624 3701 jugulo,premeret.
3664 3628 3730 3701 De

2175 3700 2434 3769 propheta
2466 3710 2642 3755 autem
2674 3701 2879 3754 Domini
2900 3715 3053 3756 sacer
3083 3711 3263 3756 textus
3283 3700 3470 3756 narrat
3496 3700 3732 3769 quemad-

2177 3774 2417 3837 modum,
2450 3771 2861 3845 tribusgdierum
2906 3772 3051 3827 boris
3072 3773 3303 3838 statutis,
3355 3775 3616 3845 ingressus
3652 3774 3711 3823 do

2175 3856 2314 3915 mum
2342 3858 2507 3915 suam,
2542 3851 2589 3895 et
2621 3842 2851 3915 fenestris
2878 3845 3067 3915 apertis
3092 3846 3143 3897 in
3173 3842 3437 3898 caenaculo
3457 3861 3547 3898 suo
3572 3854 3735 3915 contra

2176 3911 2461 3967 Jerusalem
2511 3911 2739 3983 ﬂectebat
2793 3911 2956 3984 genua
2998 3931 3111 3978 sua,
3153 3926 3200 3969 et
3236 3915 3487 3969 adorabat
3524 3915 3614 3985 (9).
3640 3912 3729 3985 Qui

2179 3998 2311 4038 sane
2340 3982 2531 4053 agendi
2564 3988 2754 4039 modus
2779 3982 2844 4039 ad
2870 3986 3123 4055 templum
3151 3989 3331 4056 patius
3368 3982 3732 4052 Hierosolymis

2175 4063 2564 4120 constructum,
2594 4071 2752 4127 quam
2782 4056 2849 4111 ad
2878 4056 3152 4112 Orientem
3195 4058 3472 4113 Danielem
3512 4064 3739 4127 orantem

2182 4127 2455 4199 respicere
2485 4125 2721 4182 voluisse
2765 4127 3046 4199 signiﬁcat.
3096 4127 3403 4184 Beattsohre
3452 4142 3580 4199 ergo
3613 4125 3745 4179 nulla

2177 4197 2383 4269 ratione
2412 4199 2695 4268 prohibere
2725 4198 2919 4266 poterit
2944 4202 3070 4269 quin
3100 4200 3428 4254 arbitremur
3457 4197 3530 4254 S.‘
3543 4200 3745 4269 Petrum

2179 4270 2232 4321 in
2272 4266 2501 4337 Joppeu,
2534 4271 2671 4338 apud
2711 4266 2982 4325 Simonem
3028 4270 3414 4334 diversantem,
3448 4283 3603 4324 sexta
3650 4266 3749 4321 diei

2180 4338 2536 4394 boradomus
2563 4341 2839 4409 superiora
2868 4343 3193 4408 ascendisse,
3244 4349 3302 4395 ut
3342 4341 3495 4395 vultu
3542 4339 3610 4395 ad
3639 4339 3753 4393 Hie-

2178 4412 2615 4481 rosolymitanum
2642 4412 2897 4480 templum
2930 4426 3190 4468 converso
3215 4413 3379 4467 Deum
3411 4422 3616 4467 oraret.

2258 4480 2310 4535 9.
2330 4480 2533 4537 'lsthzrc
2556 4492 2735 4553 tamen
2760 4492 3159 4551 praetereamus.
3188 4485 3316 4550 Quae
3331 4488 3585 4552 quamvis
3600 4483 3761 4553 quod-

503 4549 845 4607 consuevisse
859 4549 1181 4625 ascendere,
1210 4561 1269 4625 ut
1286 4552 1553 4625 colligitur
1573 4552 1640 4607 de
1671 4553 1829 4625 Petro
1860 4555 1911 4607 in
1940 4553 2068 4623 .lop-
2100 4549 2154 4611 D
2179 4551 2299 4625 dam
2331 4554 2477 4609 virus
2508 4569 2616 4621 prze
2641 4568 2697 4609 se
2716 4549 2911 4620 ferant,
2933 4570 3037 4625 quo
3067 4549 3265 4611 sensim
3299 4549 3549 4610 haeretici
3578 4549 3758 4609 catho-

504 4636 604 4691 pen
638 4634 825 4675 orante
849 4622 943 4693 (ε),
966 4623 1108 4677 etde
1141 4623 1331 4693 Esther
1357 4622 1547 4677 domus
1576 4624 1850 4691 superiora
1881 4622 2072 4679 ascen-

503 4696 683 4756 dente,
716 4708 838 4747 cum
863 4692 1071 4747 Secreto
1087 4694 1281 4761 aliquid
1308 4692 1480 4747 facere
1505 4696 1838 4763 recogitaret.
1875 4694 2072 4762 Lepide

500 4765 715 4831 quidem
764 4763 1101 4817 Beausobre!
1134 4763 1237 4818 Sed
1268 4763 1408 4817 haud
1437 4764 1675 4833 intelligo
1714 4779 1815 4833 qua
1866 4768 2072 4821 ratione

500 4839 611 4889 sive
652 4835 863 4889 licentia
911 4836 1010 4906 tria
1054 4834 1141 4888 illa
1179 4834 1472 4903 praedicare
1525 4833 1758 4906 nitatur.
1798 4845 2070 4906 tamquam

503 4910 897 4967 Scripturarum
929 4905 1086 4959 dictis
1114 4906 1428 4971 conformis,
1459 4904 1595 4960 etiis
1615 4906 1806 4961 ritibus
1836 4904 2071 4964 consona

501 4992 634 5045 quos
663 4978 865 5047 antiqui
897 4976 1165 5047 catholici,
1199 4986 1254 5031 et
1295 4977 1433 5031 sacri
1462 4976 1563 5031 viri
1593 4975 1648 5031 in
1675 4991 1861 5033 eorum
1894 4979 2065 5046 preci-

501 5048 595 5101 bus
626 5048 970 5102 adhibebant.
1004 5046 1062 5102 In
1082 5047 1400 5103 abscondito
1421 5047 1634 5117 quidem
1655 5063 1811 5119 orare
1840 5060 2073 5119 oportet,

500 5120 561 5192 ad
592 5134 798 5192 vanam,
828 5120 1078 5192 nimirum
1112 5120 1336 5188 gloriam
1378 5118 1798 5192 praecavendam,
1852 5118 2077 5192 eamque

500 5190 598 5243 sibi
638 5190 803 5245 animi
850 5190 1198 5246 attentionem
1239 5190 1627 5246 conciliandam
1668 5205 1786 5261 qua:
1837 5190 2072 5249 maxime

573 5327 648 5469 qn)
682 5328 994 5395 Archelaus,
1038 5329 1089 5384 in
1120 5327 1269 5385 Actis
1296 5326 1692 5398 disputationis,
1724 5342 1845 5398 pag.
1877 5327 1966 5384 97.

598 5400 648 5463 ὁ)
682 5400 918 5465 Pltotius,
950 5400 1039 5455 tibi
1065 5414 1258 5469 supra,
1285 5401 1425 5469 apud
1453 5398 1898 5469 Cbristopborum
1928 5398 1966 5453 ν

598 5400 648 5463 b)
682 5400 918 5465 Pltotius,
950 5400 1039 5455 tibi
1065 5414 1258 5471 supra,
1285 5401 1425 5469 apud
1453 5398 1898 5469 Cbristopborum
1928 5398 2081 5455 Wol-

502 5472 650 5536 lium,
684 5488 737 5539 p.
764 5472 831 5526 b2
854 5483 903 5526 et
935 5486 1085 5541 seqq.

575 5543 646 5615 (c)
675 5539 1092 5625 Christophorus
1113 5541 1356 5612 Wolﬁus,
1381 5542 1434 5600 in
1467 5540 1608 5599 notis
1638 5541 1704 5596 ad
1731 5540 1824 5596 lib.
1849 5556 1867 5595 ι
1901 5539 2073 5597 Photii

505 5614 687 5671 contra
719 5614 1058 5668 Manicltaeos.

577 5686 657 5755 (ά)
686 5685 871 5740 S.Leo
895 5685 1141 5756 Magnus,
1170 5700 1339 5743 serm.
1368 5686 1402 5740 7
1431 5687 1500 5741 de
1521 5684 1981 5756 Nativitate,_cap.
2005 5683 2041 5736 4
2060 5698 2079 5737 :

510 5753 792 5813 lle—talibus
837 5753 1083 5811 institutis
1131 5762 1279 5812 etiam
1317 5758 1412 5810 illa
1436 5764 1709 5823 generatur
1734 5753 1993 5825 impietas,
2026 5762 2087 5807 ut

2184 4624 2406 4678 licorum
2429 4627 2681 4697 pietatem
2712 4624 3057 4696 corrumpere
3079 4627 3313 4689 student,
3359 4626 3629 4697 nobisque
3673 4640 3759 4679 ue-

2184 4639 2406 4678 ncorum
2420 4639 2681 4749 lpietatem
2712 4640 3057 4696 corrumpere
3079 4639 3313 4689 student,
3359 4639 3629 4697 nouisque
3673 4640 3759 4679 ue-

2180 4697 2382 4767 gotium
2439 4705 2682 4751 acessant
2711 4696 2761 4750 in
2806 4697 2870 4750 iis
2899 4712 3017 4767 qua:
3046 4698 3110 4751 ad
3156 4698 3535 4751 sanctissimos
3564 4696 3759 4751 Christi

2180 4766 2314 4820 ritus
2344 4775 2398 4820 et
2426 4768 2775 4822 cmremonias
2806 4771 3112 4834 pertinent;
3154 4783 3286 4837 quas
3330 4770 3416 4823 vel
3448 4770 3762 4823 subvertere

2181 4837 2280 4905 ipsi
2312 4837 2624 4893 beterodoxi
2654 4841 2917 4904 nituntur,
2942 4851 3035 4894 aut
3065 4841 3254 4895 saltem
3288 4854 3382 4894 eas
3411 4856 3519 4893 non
3549 4841 3622 4894 ab
3644 4854 3770 4908 apo-

2180 4910 2437 4963 stolorum
2473 4908 2894 4964 institutionibus
2923 4920 2977 4966 et
3005 4910 3201 4965 divinis
3245 4910 3578 4979 quandoque
3628 4925 3769 4964 man-

2180 4979 2319 5033 datis
2332 4980 2583 5047 derivari,
2603 4980 2697 5035 sed
2723 4981 2791 5035 ab
2818 4982 3091 5035 hominum
3121 4983 3417 5047 voluntate,
3440 4990 3493 5036 et
3515 4981 3768 5043 arbitrio,

2182 5059 2293 5105 eta
2320 5050 2652 5105 diversarum
2700 5053 2977 5122 regionum
3025 5068 3120 5107 usu
3166 5052 3606 5121 populorumque
3652 5067 3775 5107 con-

2182 5122 2467 5177 suetudine
2517 5124 2691 5191 potius
2738 5123 2974 5192 peudere
3026 5124 3371 5191 contingunt;
3427 5126 3569 5177 tanti
3607 5135 3777 5177 tamen

2184 5194 2438 5248 momenti
2468 5194 2608 5247 haud
2634 5204 2779 5263 sunt,
2814 5203 2872 5249 ut
2897 5209 3035 5250 verat
3063 5194 3337 5264 religionis
3384 5194 3651 5264 dogmata
3696 5202 3782 5247 aut

2184 5327 2627 5410 sobincltoatione
2657 5330 2856 5410 diurni;
2902 5330 3032 5410 lucis
3066 5345 3342 5410 essurgens
3384 5347 3417 5410 t_t
3464 5332 3785 5410 quibusdam

2184 5401 2615 5485 insipientioribus
2628 5401 2717 5485 με.
2730 5402 2855 5485 locis
2866 5402 3075 5485 emines
3082 5401 3301 5485 tioribus
3336 5402 3617 5484 adoretur.
3650 5404 3788 5485 cou-

2185 5469 2300 5525 sale
2325 5470 2486 5524 etiam
2508 5470 2665 5540 epist.
2695 5472 2782 5538 15,
2814 5471 3207 5529 adTurrihium
3228 5473 3491 5544 Asterie,
3532 5490 3669 5547 cap.
3704 5474 3789 5530 ιι.

2258 5540 2329 5622 (ε)
2354 5540 2479 5622 .Ast-
2505 5543 2699 5622 έρρειο
2732 5558 2786 5609 x.
2818 5543 2908 5622 52..

2280 5613 2325 5688 η
2352 5612 2469 5688 l_.ib.
2503 5612 2698 5688 Esther
2720 5630 2834 5681 xiv,
2868 5616 2895 5670 1
2922 5623 2981 5673 et
2999 5629 3153 5688 seqq.

2255 5682 2336 5753 (9)
2358 5682 2499 5739 Dan.
2518 5699 2597 5753 vs,
2629 5684 2719 5741 i0.
2928 5718 2931 5721 ς
