3988 6314
443 327 626 389 ’807

1124 326 1184 385 Ρ.
1222 323 1534 384 CACCIANI
1573 318 2167 380 EXERCITATIONES
2206 317 2271 375 ΙΝ
2310 318 2366 378 S.
2410 318 2654 377 LEONIS
2690 318 2902 378 MAGNI
2930 318 3189 377 OPERA.

3689 319 3791 382 808

506 454 574 523 ,ει
596 459 853 516 corporea:
873 444 999 501 lucis
1024 442 1303 523 elementa?
1325 440 1738 523 Quorumlunu'm
1758 436 1969 523 majori!
1991 436 2099 490 cla—
2129 441 2174 499 Α
2205 436 2323 503 ciis,
2344 434 3370 523 .liturgiisueterisque,_cum.publicis,
3397 445 3508 523 tuin
3537 439 3786 523 privatis,

508 508 714 584 inani,
743 527 790 571 et
816 517 962 571 aliud
988 516 1198 590 minoris
1224 524 1295 590 est
1322 512 1527 566 luminis
1542 509 1659 590 _(_a).
1684 508 2098 590 Deinde‘diurna

528 580 768 658 tempora
801 603 829 642 a
854 587 1127 658 nocturnis
1147 585 1499 658 distinguens,
1526 580 1769 636 diversas
1794 580 2096 658 qualitates,

527 652 796 733 nonfviue
840 657 1037 733 gradus
1067 652 1337 733 iisinesse
1356 652 1577 733 suadet,
1627 666 1747 733 eum
1791 652 2097 733 priusquam

528 730 812 785 luminaria
839 723 1087 803 étsidera
1112 728 1319 803 fierent,
1342 736 1451 780 tres
1478 723 1595 778 dies
1608 723 1735 803 sine
1762 723 1892 803 solis
1918 736 2099 787 cursu,

528 809 584 856 et
626 811 813 856 noctes
860 800 977 855 sine
1016 800 1152 853 luna:
1178 798 1518 866 siderumque
1546 794 1827 866 ministerio
1871 806 2100 862 przeces-

528 872 745 945 sissent.
777 870 953 945 Quare
997 884 1123 940 ergo
1142 879 1341 945 quarta
1376 862 1463 945 die
1491 865 1731 945 omnium
1780 862 2003 945 greater
2032 878 2099 945 ea

527 934 823 1015 condiderit
846 983 861 1007 ,
895 934 1523 1015 liisce_'sub'sequentibti_s
1560 936 1738 991 verbis
1763 934 1999 1015 _indicat.
2032 934 2103 1015 U_t

528 1012 779 1069 nimirum
802 1004 1065 1068 essentad
1094 1004 1371 1065 hominum
1396 1007 1679 1063 utilitatem
1711 1024 1723 1059 :
1760 1004 1827 1060 Ut
1849 1004 2102 1058 rationale

528 1084 751 1149 animal,
806 1100 896 1138 nec
922 1085 975 1137 in
1004 1082 1325 1137 distinctione
1350 1079 1637 1143 mensium,
1679 1092 1771 1131 nec
1806 1078 1861 1131 in
1880 1092 2101 1149 recursu

526 1147 809 1228 annorum,
852 1169 943 1207 nec
974 1154 1029 1228 in
1049 1153 1453 1228 dinumeratione
1487 1159 1768 1217 temporum
1816 1147 2099 1228 falleretur;

526 1241 639 1296 cum
670 1241 759 1296 per
787 1224 1116 1295 inazqualium
1142 1224 1386 1296 horarum
1416 1224 1633 1293 impares
1660 1233 1861 1296 moras,
1882 1226 1929 1271 et
1950 1218 2104 1296 dissi-

525 1288 724 1349 milium
752 1288 958 1350 artuum
983 1296 1131 1367 signa
1170 1295 1439 1363 manifesta
1458 1288 1550 1359 ,ἐι
1578 1306 1742 1345 annos
1784 1289 1861 1343 sol
1893 1288 2102 1343 conclu-

526 1368 693 1441 deret,
725 1376 770 1441 et
799 1368 1145 1441 luna‘ttt‘enses
1174 1373 1467 1441 renovaret:
1538 1434 1549 1441 _
1651 1432 1662 1441 ι
1925 1430 1939 1441 _
2032 1430 2066 1441 η

600 1430 687 1491 ll.
716 1436 787 1492 At
807 1438 849 1492 si
879 1436 1009 1492 mihi
1040 1451 1181 1491 nunc
1206 1436 1389 1490 liceret
1419 1434 1619 1489 diutius
1650 1432 1700 1487 in
1733 1430 2101 1501 expendendis

527 1508 865 1578 antiquorum
894 1507 1342 1579 Babylonensium
1366 1512 1421 1559 et
1442 1504 1723 1579 Persarum
1755 1502 2099 1579 pliilosOpbo-

527 1572 1156 1654 rum'superstitionibus
1198 1576 1508 1654 immorari,
1537 1574 1629 1654 qui
1660 1572 1884 1643 singulis
1914 1572 2062 1654 horis
2082 1612 2097 1637 ,

525 1650 715 1704 diebus
747 1658 801 1703 et
828 1663 1090 1704 annorum
1119 1648 1412 1712 mensibus,
1436 1651 1610 1700 varias
1639 1660 1849 1699 monum
1877 1648 2102 1711 c0njnn-

525 1720 733 1775 etiones
759 1719 946 1776 affixas
972 1734 1090 1775 esse
1112 1719 1523 1782 contendebant,
1551 1733 1580 1770 a
1607 1716 1799 1785 quibus
1824 1715 2098 1769 hominum

527 1791 634 1845 fata
676 1792 907 1861 pendere
942 1790 1356 1852 mentiebantur,
1392 1802 1526 1861 quos
1563 1786 2101 1861 deinde_sibi_0pitu-

526 1862 624 1916 lari
651 1856 704 1917 e't
727 1862 1003 1932 propitiari
1031 1856 1488 1932 deprecabantur;
1509 1859 1618 1927 jam
1644 1856 1851 1932 facilius
1878 1856 2100 1932 demon-

528 1941 702 2008 strare
730 1927 961 2008 possem
980 1927 1229 2008 ,_nul|am
1255 1945 1472 2008 prorsus
1500 1944 1621 2008 cum
1662 1928 1868 2008 nostris
1902 1927 2100 2008 ritibus

528 2003 727 2059 habere
742 1998 1144 2058 similitudinem
1158 1998 1559 2057 etafﬁnitatem.
1576 2000 1704 2065 Quis
1717 2000 1857 2053 enim
1873 1998 1971 2051 sibi
1987 2012 2103 2066 per-

526 2073 889 2129 snadetBelial
910 2089 1032 2129 cum
1056 2073 1166 2128 Deo
1185 2071 1491 2135 convenire,
1526 2079 1580 2123 et
1598 2069 1878 2139 idolum(b)
1904 2069 2100 2124 habere

527 2144 758 2213 aliquam
771 2160 890 2198 cum
907 2146 1127 2198 veritate
1138 2142 1447 2213 affinitatem
1465 2149 1520 2194 et
1532 2139 1933 2194 similitudinem
1947 2140 1968 2192 ?
1982 2139 2100 2213 ldo-

528 2210 637 2284 luni
656 2216 848 2283 quippe
868 2230 1054 2283 purum
1074 2224 1365 2284 putumque
1382 2211 1690 2284 figmentum
1710 2220 1812 2275 est,
1830 2210 2100 2284 amenda-

527 2283 613 2340 cio
633 2281 847 2355 quidem
867 2281 1209 2341 adiriventum
1224 2281 1292 2338 ad
1306 2282 1593 2355 rationales
1614 2281 1936 2355 substantias
1958 2282 2099 2355 deci-

530 2350 769 2425 piendas.
784 2355 985 2411 Idcirco
1007 2355 1070 2421 si,
1096 2365 1311 2427 auctore
1324 2350 2103 2427 Leone,_di_vinarumScriptu-

530 2423 711 2496 rarum
744 2427 1031 2495 interprete
1059 2423 1472 2496 sapientissimo,
1505 2423 1681 2496 divina
1713 2425 2099 2492 omnipotentia

528 2495 724 2552 factum
756 2506 837 2551 est
856 2493 914 2551 ut
936 2496 1003 2552 ad
1034 2493 1269 2553 nostram
1294 2496 1569 2549 utilitatem
1600 2493 1776 2548 sidera
1798 2504 2099 2563 caeteraque

527 2566 764 2638 caelestis
786 2567 988 2622 militiae
1010 2568 1180 2638 signa,
1204 2581 1361 2621 sensu
1386 2576 1439 2620 et
1466 2566 1573 2619 vita
1601 2565 1863 2638 carentia,
1888 2573 2098 2619 servato

528 2636 733 2692 dierum
754 2679 768 2703 ,
819 2636 1082 2694 mensium
1116 2647 1169 2693 et
1207 2652 1467 2691 annorum
1496 2636 1718 2699 ordine,
1748 2649 1907 2703 quem
1932 2650 2097 2690 sacrae

527 2710 687 2763 etiam
711 2710 901 2764 litterae
923 2711 1120 2765 veteris
1131 2708 1458 2764 Testamenti
1475 2707 1805 2776 potissimum
1821 2720 2099 2774 expresse-

529 2787 682 2849 runt,
714 2789 1013 2849 temporum
1033 2781 1399 2835 successiones
1428 2778 1847 2849 distinguerent;
1878 2779 1984 2843 jam
2006 2792 2113 2834 so-.

529 2848 634 2903 lam
665 2846 897 2904 divinam
922 2850 1171 2906 virtutem
1194 2858 1249 2904 et
1275 2846 1662 2919 providentian
1687 2846 2097 2919 laudareopor-

529 2927 623 2985 tet,
656 2936 772 2989 qua:
804 2920 925 2975 talia
946 2921 1094 2991 signa
1125 2920 1191 2975 ad
1216 2918 1451 2974 nostram
1474 2918 1774 2991 scientiam,
1806 2918 2098 2991 institutio-

511 3005 651 3050 .nem
682 2993 788 3062 25
825 2999 880 3046 et
916 2990 1232 3047 beneficium
1278 2992 1509 3046 condere
1550 2990 1797 3062 voluerit.
1831 2990 2096 3062 Caeterum

527 3077 647 3115 cum
669 3060 927 3117 ﬁliorum
953 3064 1328 3132 aSpirationes,
1351 3062 1490 3117 acris
1516 3061 1937 3124 immutationes,
1958 3060 2099 3114 side-

526 3145 664 3197 rum,
694 3133 775 3188 vel
805 3148 1044 3201 aconum,
1078 3133 1439 3201 ascensiones,
1465 3132 1859 3197 descensiones,
1883 3146 2093 3195 cursus.

2130 1827 2179 1888 B

2204 507 2703 578 supplicationibus,
2731 509 3005 563 servitutis
3027 508 3229 562 cultum
3256 507 3578 579 impendunt
3599 507 3789 566 cathoé

2204 579 2312 639 lici.
2344 589 2399 635 et
2423 579 2487 633 ad
2510 594 2631 651 eum
2660 593 2866 648 preces,
2895 593 3058 651 voces
3084 588 3138 635 et
3165 580 3325 651 corda
3347 581 3611 651 dirigunt.
3638 580 3789 643 Unde

2204 664 2333 715 ergo
2353 650 2555 720 colligit
2575 650 2880 705 Beausobre
2902 650 3044 720 quod
3072 650 3370 720 quotidiani
3393 650 3785 709 catholicorum

2204 722 2480 791 religionis
2530 721 2663 776 ritus
2703 736 2822 775 cum
2868 720 3350 793 Babylonensium,
3404 723 3699 778 Persarum
3738 736 3785 781 et

2205 804 2497 865 magorum;
2532 793 2917 865 superstitiosis
2970 793 3313 865 caeremoniis
3363 795 3414 865 in
3462 794 3783 865 quibusdam

2203 863 2503 932 comparari
2525 864 2769 933 possint?
2817 864 2888 919 At
2918 863 3318 919 similitudinem
3354 863 3517 931 forte,
3560 866 3652 921 vel
3680 867 3787 921 affi-

2204 935 2447 1006 nitatem,
2474 934 2526 988 in
2554 949 2618 988 eo
2642 936 2938 1006 consistere
2972 934 3339 1001 arbitrabitur,
3372 936 3513 1006 quod
3545 936 3784 993 Romana

2204 1003 2466 1070 Ecclesia,
2511 1006 2769 1075 quosdam
2820 1005 3213 1062 anniversarios
3258 1003 3423 1063 festos
3466 1008 3784 1075 quibusdam

2205 1083 2507 1148 temporum
2533 1076 2722 1131 diebus
2743 1078 3159 1142 consecraverit,
3182 1092 3317 1148 quos
3337 1076 3535 1134 deinde
3556 1082 3785 1135 sanctio-

2206 1147 2356 1222 ribus
2382 1146 2572 1222 ritibus
2594 1156 2653 1222 et_
2663 1149 3014 1222 caeremoniis
3050 1146 3284 1219 agendos
3326 1164 3447 1205 esse
3491 1153 3783 1222 praecepit?

2204 1216 2300 1271 Vel
2331 1219 2452 1288 quia
2483 1218 2707 1288 singulis
2738 1220 2862 1272 anni
2911 1216 3123 1285 diebus,
3154 1231 3465 1276 recurrente
3492 1216 3783 1277 natali-alio

2202 1291 2355 1362 cujus
2386 1289 2505 1362 viri,
2530 1290 2843 1362 sanctitate,
2867 1290 3132 1356 doctrina,
3164 1294 3445 1362 martyrio,
3480 1292 3781 1361 virginitate

2203 1359 2564 1430 celeberrimi,
2602 1360 2794 1415 horum
2824 1361 3114 1429 insigniora
3160 1371 3213 1415 et
3258 1359 3481 1430 probata
3525 1359 3775 1419 virtutum

2202 1428 2458 1502 facinora,
2492 1432 2542 1484 in
2568 1430 2801 1485 fidelium
2833 1428 3040 1486 mentes
3065 1428 3319 1502 revocare
3347 1436 3657 1502 consuevit,
3680 1444 3775 1491 tum

2202 1501 2270 1555 ad
2301 1500 2533 1573 divinam
2561 1501 2766 1556 laudem
2792 1501 3222 1573 persolvendam,
3246 1510 3357 1557 tum
3381 1505 3447 1559 ad
3470 1500 3774 1562 imitationis

2203 1572 2437 1645 studium
2470 1574 2523 1627 in
2555 1573 2617 1627 iis
2646 1573 3022 1645 excitandum?
3050 1573 3101 1627 in
3134 1574 3213 1628 his
3238 1590 3375 1645 ergo
3399 1576 3536 1631 nihil
3574 1593 3775 1645 prorsus

2206 1642 2431 1698 inveniri
2481 1658 2638 1713 posse
2685 1644 2825 1716 quod
2869 1645 3187 1716 Persarum,
3235 1642 3687 1716 Babylonens'ium
3731 1660 3775 1705 et

2206 1729 2481 1782 magorum
2529 1714 2917 1785 superstitiosis
2960 1714 3385 1771 solemnitatibus
3431 1728 3486 1773 et
3532 1717 3775 1776 fabulosis

2208 1786 2397 1858 ritibus
2426 1788 2477 1839 in
2507 1801 2715 1858 geonum
2744 1795 2798 1841 et
2825 1785 3062 1858 siderum
3092 1787 3235 1858 cultu
3267 1787 3523 1843 adhibitis
3557 1806 3768 1858 respon-

2204 1855 2347 1919 deat,
2392 1856 2751 1911 certissimum
2803 1866 2904 1913 est.
2951 1857 3126 1923 Quare
3158 1857 3202 1911 si
3246 1872 3368 1913 cum
3415 1862 3523 1915 alio
3569 1855 3771 1918 homine

2208 1927 2732 2002 praeteriBeausobre
2761 1928 2811 1982 in
2838 1942 3079 2002 praesens
3129 1928 3259 2002 mihi
3302 1942 3446 1985 esset
3490 1935 3762 2002 agendum,

2204 1998 2819 2072 professione_videlicet
2862 1998 3079 2069 gentili.
3128 2000 3323 2072 atlieo,
3370 2003 3453 2057 vel
3498 1998 3758 2072 epioni-eo,

2201 2071 2289 2139 qui
2322 2084 2422 2125 nec
2450 2070 2745 2137 Scripturis
2774 2074 2964 2135 sacris,
2995 2084 3094 2125 nec
3132 2070 3327 2125 divinis
3368 2070 3609 2127 mandatis
3631 2070 3761 2128 insi;

2202 2150 2388 2199 steret.
2420 2141 2601 2211 utique
2627 2140 2694 2195 ad
2720 2143 2863 2195 solas
2906 2141 3143 2195 rationes
3190 2156 3255 2197 ex
3306 2143 3493 2198 lumine
3532 2146 3749 2199 naturali

2202 2221 2471 2265 mutuatas
2494 2226 2861 2280 provocarem.
2890 2221 2947 2267 ut
2988 2212 3241 2266 Romamn
3287 2212 3530 2269 Ecclesiae
3566 2218 3748 2271 rituum

2201 2283 2562 2354 sanctitatem,
2592 2281 2908 2354 dignitatem
2939 2292 2991 2336 et
3020 2284 3406 2352 prmstantiaiii,
3431 2284 3755 2354 explicarem.

2202 2352 2307 2408 Sed
2339 2369 2459 2409 cum
2488 2353 2625 2408 istud
2653 2353 2923 2423 negotium
2944 2354 3010 2406 ad
3030 2354 3414 2421 Christianum,
3441 2352 3536 2410 sed
3561 2358 3765 2413 acatho-

2203 2423 2387 2486 licum,
2420 2425 2591 2478 virum
2616 2427 2896 2493 pertineat,
2922 2424 3009 2495 qui
3042 2434 3236 2492 praeter
3263 2425 3658 2491 Scripturarum
3683 2445 3767 2484 ve-

2201 2495 2332 2551 tcris
2369 2494 2696 2549 Testainenti
2755 2494 3170 2559 auctoritatem,
3217 2498 3269 2551 in
3300 2497 3494 2566 quibus
3541 2499 3609 2554 de
3661 2501 3766 2555 aliis

2202 2575 2360 2633 atque
2388 2567 2506 2620 aliis
2536 2566 2748 2620 statutis
2785 2566 2911 2620 anni
2940 2566 3372 2622 solemnitatibus
3400 2580 3451 2623 et
3484 2571 3767 2626 institutio-

2203 2636 2390 2711 nibus_
2392 2637 2671 2711 perspicua
2701 2639 2902 2711 mentio
2932 2637 3070 2711 facta
3114 2651 3216 2711 εει,
3265 2639 3427 2711 etiam
3470 2642 3764 2711 evangelica

2203 2708 2324 2762 novi
2350 2707 2676 2783 Testamenti
2702 2708 2953 2783 mandata
2986 2708 3269 2783 admittere
3286 2709 3493 2783 debet;
3520 2707 3767 2783 simulque

2201 2793 2264 2835 ea
2296 2780 2473 2832 omnia
2502 2780 2751 2850 mysteria
2779 2780 3014 2848 profiteri
3046 2794 3164 2850 quae
3184 2780 3251 2833 ad
3278 2778 3405 2836 Jesu
3427 2780 3627 2838 Christi
3654 2778 3769 2838 con-

2202 2850 2528 2917 ceptionem,
2555 2849 2906 2914 nativitatem,
2962 2849 3451 2915 circumcisionem.
3496 2855 3767 2919 miracula,

2202 2922 2527 2990 passionem,
2566 2931 2791 2976 mortem
2822 2962 2836 2987 ,
2883 2922 3331 2977 resurrectionem
3359 2964 3374 2987 .
3419 2932 3479 2979 et
3523 2924 3577 2979 id
3618 2940 3770 2990 genus

2200 2992 2301 3044 alia
2326 2990 2661 3049 referuntur;
2690 2992 2887 3047 idcirco
2912 2993 3281 3047 stultissimam
3308 3008 3597 3061 personam
3620 2990 3766 3052 Beau~

2202 3063 2362 3139 sobre
2392 3063 2443 3139 in
2472 3062 2537 3139 iis
2568 3064 2913 3139 recensendis
2940 3078 3101 3139 agere
3130 3064 3365 3139 voluisse
3400 3064 3663 3139 intelligo.
3686 3070 3765 3139 qui

2204 3133 2499 3206 lautissime
2528 3135 2591 3206 in
2610 3133 2892 3188 Persarum
2922 3133 3456 3206 et’labylonensium
3488 3133 3679 3194 fabulis
3701 3133 3771 3194 lu-

526 3204 743 3278 gradus,
767 3205 1279 3278 retrogradationes,
1307 3214 1456 3258 ortus
1486 3214 1537 3257 et
1565 3204 1828 3266 interitus,
1858 3216 2102 3278 necessa-
2130 3214 2176 3278 C
2206 3204 2361 3278 deus,
2409 3204 2672 3278 imperitis
2721 3205 3050 3278 nimiumque
3088 3204 3325 3261 credulis
3351 3208 3683 3272 tectioribus,
3712 3212 3770 3264 de

527 3274 609 3328 rio
637 3276 854 3329 omnino
892 3274 1212 3339 efficiantur,
1259 3284 1312 3329 et
1339 3290 1367 3328 a
1395 3284 1600 3328 mortua
1632 3285 1821 3327 natura
1852 3273 2099 3328 deriven-

530 3352 642 3409 tur;
674 3360 790 3415 quae
812 3345 950 3409 laus,
980 3346 1068 3414 qui
1096 3346 1287 3409 honor,
1318 3346 1402 3400 vel
1426 3345 1600 3399 cultos
1625 3343 2012 3415 rationabiliter
2032 3345 2099 3399 iis

527 3414 770 3486 adhiberi
821 3415 1047 3484 poterit?
1094 3414 1236 3470 Nihil
1283 3430 1411 3486 ergo
1462 3414 1914 3486 superstitiosius,
1966 3417 2097 3470 nihil

525 3485 699 3555 magis
726 3483 933 3539 veritati
963 3487 1310 3551 contrarium,
1343 3483 1500 3553 quam
1529 3500 1661 3538 Vana
1699 3494 1749 3539 ct
1778 3483 1945 3555 fallax
1977 3501 2099 3541 cum

528 3554 901 3637 ethnicorum,
930 3564 1304 3637 luntveternm
1338 3558 1710 3637 haereticorum
1740 3554 2095 3637 philosophia,

528 3640 654 3696 qua,
685 3640 802 3679 cum
833 3627 1094 3696 mirabilia
1124 3628 1175 3681 in
1203 3628 1331 3680 orbe
1351 3627 1711 3694 contingentia
1738 3627 2096 3691 intuerentur,

529 3695 741 3750 (conum
791 3695 1069 3750 affectibus
1113 3696 1457 3763 deputabant.
1514 3697 1580 3749 Et
1622 3707 1899 3765 propterea
1938 3700 2097 3753 variis

529 3766 834 3821 nominibus
861 3767 1173 3837 excogitatis
1204 3768 1269 3822 ad
1307 3782 1400 3823 eos
1442 3768 1799 3834 invocandos,
1842 3767 1999 3822 etiam
2045 3770 2095 3823 in

528 3838 697 3908 sacris
723 3836 1123 3908 mysteriis'sibi
1154 3838 1429 3908 prapitiari
1466 3853 1624 3908 posse
1673 3837 1834 3891 stulte
1874 3840 2098 3894 arbitra-

528 3907 740 3979 bantur.
769 3907 1225 3975 Qnemadmodum
1256 3910 1322 3963 de
1359 3907 1610 3964 Montano
1641 3916 1694 3979 et
1721 3909 2091 3979 Cataphrygis,

526 3975 794 4048 haeresum
823 3980 1150 4045 auctoribus,
1178 3979 1320 4034 inter
1344 3990 1569 4035 caeteros
1593 3978 1810 4046 scripsit
1842 3975 2093 4048 Augusti?

526 4047 753 4120 nus(c);
778 4051 906 4118 qui,
948 4050 1065 4105 loco
1093 4066 1260 4108 sacrae
1296 4050 1632 4120 baptismatis
1676 4047 1995 4119 expiationis
2043 4063 2094 4107 et

488 4121 994 4188 .regenerationis,
1066 4122 1340 4176 immundo
1410 4122 1625 4176 lavacro
1685 4136 1810 4175 suos
1862 4124 2096 4177 asseclas

527 4190 832 4258 abluebant,
864 4201 941 4246 tot
978 4207 1181 4246 manum
1224 4193 1530 4247 nominibus
1566 4192 1821 4258 recitatis,
1868 4205 1996 4261 quot
2040 4192 2095 4248 in

526 4262 733 4332 integro
764 4263 890 4317 anni
913 4264 1114 4318 circulo
1137 4264 1396 4318 contineri
1422 4262 1776 4318 somniabant.
1819 4263 1969 4318 Hunc
1997 4279 2093 4318 au-

527 4344 655 4396 tem,
701 4333 1004 4388 Montanum
1046 4334 1326 4402 videlicet,
1379 4336 1713 4403 octingentos
1759 4336 2093 4403 septuaginta

485 4418 707 4468 ,mones
740 4443 755 4468 ,
803 4419 935 4474 quos
985 4405 1221 4473 singulos
1274 4405 1485 4475 proprio
1540 4404 1756 4459 nomine
1805 4406 2090 4470 vocitabat,

525 4475 877 4546 excogitasse,
912 4491 977 4529 cx
1011 4475 1191 4529 libello
1216 4474 1474 4546 synodico
1505 4474 1871 4543 intelligimus.
1902 4476 2096 4531 Catho-

528 4544 753 4616 licortim
785 4555 959 4599 autem
1000 4547 1197 4616 rituum
1224 4544 1279 4599 et
1324 4548 1577 4600 festorum
1611 4545 1896 4616 institutio,
1934 4562 2093 4616 quam

525 4614 840 4668 affinitatem
889 4625 943 4670 et
991 4615 1394 4671 similitudinem
1460 4631 1581 4669 Clllll
1638 4616 1783 4670 hisce
1835 4601 2171 4673 fa'bu'losisD

526 4683 789 4753 figmentis
818 4684 1015 4740 habere
1047 4687 1254 4754 potest?
1298 4690 1376 4741 An
1418 4701 1523 4739 non
1555 4685 1816 4741 catholica
1851 4686 2088 4743 Ecclesia

526 4755 580 4809 in
614 4754 866 4809 festorum
903 4755 1090 4811 ordine
1124 4756 1512 4824 distribuendo,
1565 4756 1618 4811 in
1643 4756 1833 4811 officiis
1864 4768 1918 4813 et
1942 4758 2091 4815 litur-

525 4827 627 4895 giis
680 4825 998 4891 recitandis,
1050 4836 1288 4896 spectata
1335 4838 1632 4897 temporum
1681 4827 1990 4885 diversitate
2040 4840 2095 4887 et

524 4899 901 4969 mysteriorum
933 4897 1209 4967 dignitate,
1252 4914 1370 4969 qua:
1397 4900 1626 4953 solemni
1667 4899 1811 4954 cultu
1853 4900 1921 4955 ob
1959 4900 2096 4957 divi-

522 4983 660 5042 nam
694 4968 1080 5042 institutionem
1129 4968 1389 5042 celebﬁrari
1418 4969 1674 5042 idebent,
1709 4972 1839 5042 ilico
1892 4973 2095 5042 optimo

525 5040 755 5095 maximo
780 5039 965 5095 laudes
998 5041 1294 5111 persolvit?
1342 5039 1453 5096 Soli
1487 5040 1597 5096 Deo
1632 5041 1847 5112 quidem
1888 5039 1944 5098 in
1979 5045 2097 5099 offi-

595 5174 668 5246 (a)
696 5172 753 5231 S.
784 5172 892 5230 Leo
920 5174 1161 5246 Magnus,
1194 5189 1357 5233 serm.
1389 5174 1478 5245 26,
1512 5176 1599 5245 qui
1627 5187 1709 5233 est
1739 5179 1769 5233 7
1796 5178 1863 5236 de
1890 5178 2095 5237 Nativi-

524 5246 815 5372 gleiﬂem
842 5262 1006 5302 serm.
1038 5246 1137 5316 82,
1172 5246 1239 5303 de
1279 5255 1385 5303 oct.
1413 5249 1600 5318 Apost.
1634 5259 1688 5305 et
1716 5251 1874 5321 epist.
1904 5252 1990 5322 15,
2042 5266 2092 5307 c.

498 5390 503 5395 ’
553 5386 667 5460 _(l{)
703 5388 758 5442 S.
794 5387 1337 5460 iiicronymus,tom.
1385 5388 1456 5445 ιν
1484 5389 1614 5446 edit.
1663 5390 1819 5447 Rom.
1872 5393 2022 5449 facta:
2062 5409 2094 5449 a

521 5457 886 5584 1|:l._l’amelio,
934 5457 1003 5514 ad
1029 5476 1146 5533 cap.
1172 5459 1243 5514 4‘2
1267 5461 1359 5516 lib.
1390 5477 1463 5517 xit
1492 5461 2011 5520 Commentariorum
2040 5466 2090 5519 in

548 5543 735 5583 satam.

591 5568 1039 5670 ξξδηλυειιειὶηυς,
1080 5603 1217 5659 libro
1252 5603 1321 5659 de
1364 5604 1693 5672 Haeresibus,
1737 5616 1790 5662 et
1832 5615 1961 5662 tom.
2003 5606 2090 5671 Vl,

524 5667 617 5725 lib.
646 5667 848 5746 eontra
891 5667 1176 5746 epistolam
1216 5674 1539 5730 fundamenti
1585 5667 1703 5746 cap.
1753 5678 1807 5733 ‘5.
1856 5667 2092 5733 Libellus

525 5739 811 5817 synodicus
831 5739 968 5817 apud
998 5744 1569 5817 Concil_._collectores,
1601 5739 1728 5802 to'm.
1763 5748 1783 5803 l
1813 5763 1928 5817 pag.
1966 5748 2090 5802 615.

596 5808 677 5883 (it)
701 5806 934 5867 Consule
960 5816 1152 5869 concil.
1178 5806 1567 5872 llliberitanum'
1589 5832 1707 5873 cum
1737 5806 2090 5891 notisterdi—

2208 3275 2445 3347 Romana
2476 3275 2709 3347 Ecclesia
2742 3276 2881 3329 haud
2908 3276 2992 3343 pie
3021 3284 3074 3330 et
3098 3278 3372 3345 sapienter
3402 3280 3769 3347 sentientibus,

2204 3354 2327 3470 totoj
2340 3346 2421 3426 sui
2451 3346 2609 3401 studii
2639 3358 2835 3401 conatu
2856 3346 3083 3402 illudere
3110 3357 3163 3403 et
3203 3347 3385 3404 fucum
3433 3348 3617 3407 facere
3658 3367 3773 3407 con-

2204 3426 2290 3470 tcn
2333 3426 2454 3470 erit.

2203 3426 2454 3471 ῑοιιαθτιι.

2276 3485 2359 3540 12.
2393 3488 2565 3556 Atque
2598 3488 2677 3559 (ut
2703 3487 2769 3542 ad
2796 3497 2987 3544 cartcra
3020 3488 3258 3559 redeam)
3302 3489 3445 3545 idem
3481 3491 3769 3549 Beausobre

2202 3573 2309 3633 non
2337 3560 2581 3633 meminit
2610 3559 3077 3633 dmmonestsacris
3121 3561 3281 3615 etiam
3314 3564 3651 3633 evangelicis
3690 3565 3766 3619 di-

2207 3628 2329 3693 ctis,
2361 3630 2585 3705 angeios
2616 3630 2912 3705 appellari?
2959 3632 3189 3705 Spiritus
3234 3628 3623 3701 quidem'illos
3666 3636 3769 3705 qui,

2200 3714 2320 3773 cum
2343 3699 2556 3773 diabolo
2576 3702 2996 3773 persuperbiam
3018 3717 3049 3756 e
3071 3699 3440 3773 divina'gratia
3454 3699 3772 3773 excidentes,

2200 3769 2264 3825 ad
2282 3771 2392 3842 26
2412 3771 2807 3842 aeternosignis
2828 3774 3096 3828 cruciatus
3122 3769 3335 3828 fuerunt
3352 3776 3610 3840 damnati,
3630 3769 3777 3833 Curi-

2200 3841 2330 3915 Astus"
2344 3841 2482 3915 apud
2518 3841 2824 3915 blattlticum
2852 3843 3072 3915 angelos
3109 3844 3377 3915 appellat;
3408 3856 3464 3901 et
3495 3847 3773 3915 Scriptura:

2200 3911 2350 3980 ipsae,
2378 3912 2499 3965 aliis
2523 3912 2576 3965 in
2600 3913 2750 3979 locis,
2775 3911 2993 3980 angelus
3021 3911 3211 3978 multis,
3232 3914 3533 3971 daemonum
3562 3911 3771 3974 nomine

2200 3982 2455 4056 indicant.
2483 3983 2597 4036 Non
2623 3985 2814 4056 mirum
2840 3983 2997 4053 igitur
3026 3986 3071 4040 si
3102 3984 3337 4056 Cyrillus
3366 3987 3582 4043 affirmet
3602 3990 3768 4045 Tere-

2201 4051 2465 4117 binthum,
2499 4068 2593 4108 seu
2625 4051 2883 4115 Buddam,
2915 4056 2966 4108 in
3010 4060 3088 4110 sui
3124 4051 3433 4124 praesidium
3477 4076 3638 4114 aereos
3666 4060 3776 4115 dc-

2198 4140 2372 4195 tnones
2414 4124 2727 4183 advocasse.
2772 4125 2935 4195 Cujus
2977 4135 3155 4181 tamen
3200 4132 3567 4185 testimonium
3613 4133 3773 4186 etiam

2197 4194 2466 4267 Turbonis
2492 4196 2813 4267 confessioni
2845 4194 3104 4261 eohmret,
3137 4200 3227 4267 qui
3259 4212 3640 4256 exsecraturus
3668 4203 3779 4257 Ma-

2199 4266 2525 4339 niclimorum
2558 4266 2693 4321 ritus
2713 4267 2847 4321 dixit
2890 4267 2985 4321 hos
3032 4266 3461 4339 post’acceptum
3512 4275 3682 4327 cibum
3727 4283 3783 4330 et

2199 4348 2390 4410 potum
2432 4336 2543 4390 oleo
2590 4340 2874 4392 exorcisato
2912 4340 3084 4407 capita
3120 4336 3383 4410 inungere
3416 4346 3778 4399 consuevisse.

2199 4406 2499 4481 Exercizati
2530 4411 2672 4463 enim
2702 4410 2919 4463 nomine
2962 4406 3140 4481 ulenm
3174 4406 3380 4481 magice
3408 4414 3778 4470 ell'ascinatum

2200 4478 2501 4549 intelligere
2530 4489 2776 4547 oportet;
2826 4494 2934 4549 quo
2980 4480 3230 4535 videlicet
3266 4478 3660 4540 necromantici
3708 4487 3781 4541 uti

2198 4548 2394 4626 solent,
2421 4550 2821 4626 in__advocandis
2846 4548 2949 4605 sibi
2979 4550 3031 4605 in
3062 4552 3369 4621 prmsidium
3398 4557 3556 4610 malis
3579 4559 3783 4626 spiritio

2197 4620 2321 4698 btts,
2350 4636 2379 4673 a
2399 4620 2601 4698 quibus
2621 4636 2779 4689 Opem
2805 4620 3184 4698 assequuntur,
3218 4639 3339 4679 cum
3371 4637 3468 4694 per
3491 4620 3786 4698 prmétigias

2197 4691 2414 4772 aiiquod
2441 4703 2626 4772 contra
2650 4700 2867 4772 natura:
2882 4692 3123 4772 ordinem
3147 4694 3327 4772 facere
3351 4691 3787 4772 pertentantld).

2200 4761 2315 4817 Non
2342 4777 2469 4833 ergo
2514 4762 2878 4829 ’l‘illemontio,
2917 4762 3074 4819 docto
3110 4765 3257 4832 viro,
3302 4761 3366 4821 iri
3408 4768 3620 4825 crimen
3649 4761 3787 4825 verti

2202 4843 2410 4911 poterat
2440 4834 2599 4911 quod
2625 4835 3035 4911 protexorgizato
3054 4838 3396 4911 fascinatum
3442 4839 3788 4911 interpretari

2202 4903 2450 4982 voluerit.
2469 4903 2627 4982 Novit
2645 4906 2841 4975 quippe
2864 4903 3253 4982 EcclesiaSticze
3273 4908 3526 4966 Historiae
3553 4903 3791 4982 scriptor

2203 4977 2449 5051 antiquos
2480 4974 2550 5047 (e)
2580 4974 2763 5051 magos
2782 4974 3306 5051 ’cercos.__lucernas,
3338 4995 3557 5051 aquam,
3585 4974 3789 5047 oleum,

2204 5046 2442 5119 aliasque
2468 5063 2554 5102 res
2581 5048 2858 5118 fascinatas
2888 5046 3146 5104 adhibere
3180 5046 3552 5122 consuevisse,
3585 5070 3696 5110 non
3726 5046 3793 5109 ad

2200 5183 2697 5310 gadimlllendocze,
2746 5183 2926 5241 tom.l
2967 5185 3173 5243 Concil.
3217 5204 3342 5262 pag.
3388 5208 3465 5248 m.
3514 5193 3678 5261 1237,
3724 5196 3794 5253 ad

2265 5272 2318 5309 ll.
2421 5293 2436 5308 .

2198 5269 2318 5310 can.
2345 5269 2436 5310 04.

2272 5325 2351 5406 (ε).
2377 5325 2451 5406 De
2482 5326 2565 5406 his
2595 5341 2871 5406 magorum
2903 5328 3338 5406 artibus__videsis
3365 5334 3797 5406 Tertullianum,

2201 5395 2388 5482 l_ib.'iie
2410 5397 2590 5482 Anim.
2614 5412 2663 5453 c.
2689 5395 2787 5463 37;
2814 5399 3058 5482 Laetam,
3084 5402 3177 5457 lib.
3202 5418 3240 5458 ιι
3263 5405 3437 5461 Divin.
3458 5395 3796 5482 Institucap:

2204 5468 2263 5533 l;
2298 5467 2459 5533 Plin.,
2491 5469 2583 5522 lib.
2614 5485 2717 5523 xxx
2750 5485 2868 5539 cap.
2900 5470 2965 5537 2;
3000 5472 3337 5539 Ciceronem.
3379 5488 3517 5533 orat.
3551 5479 3607 5533 in
3643 5467 3796 5536 Vati

2200 5542 2384 5604 nium;
2416 5539 2711 5603 Horatium,
2740 5540 2829 5595 lib.
2858 5558 2892 5605 ι,
2923 5546 3085 5599 satira
3127 5543 3181 5609 8,
3212 5546 3279 5602 de
3312 5546 3549 5603 Canidia:
3584 5561 3639 5606 et
3686 5554 3798 5607 Sa-

2196 5624 2349 5679 gana:
2372 5611 2673 5690 veneficiis;
2697 5612 3169 5690 Philostratuinin
3200 5616 3316 5672 Vita
3345 5622 3650 5690 Apollonii;
3693 5626 3802 5677 Di-

2197 5684 2497 5809 l\;lll’m"Aug.
2524 5719 2542 5749 ,
2590 5681 2642 5737 in
2694 5682 2932 5753 Respon.
2990 5686 3057 5742 ad
3100 5686 3136 5744 ὃ
3176 5698 3368 5759 quat-st.
3395 5681 3801 5767 :Simpliciani,

2220 5767 2291 5807 ω.
2317 5767 2378 5811 ll.
3764 5798 3775 5811 .
