  <div class='ocr_page' id='page_1' title='image "/cluster/home/n/w/nwhite01/storage/ocr_20150623/55/hvd.32044015471592/413.png"; bbox 0 0 3988 6314; ppageno 0'>
   <div class='ocr_carea' id='block_1_1' title="bbox 501 374 637 433">
    <p class='ocr_par' dir='ltr' id='par_1_1' title="bbox 501 374 637 433">
     <span class='ocr_line' id='line_1_1' title="bbox 501 374 637 433; baseline 0.007 -1"><span class='ocrx_word' id='word_1_1' title='bbox 501 374 637 433; x_wconf 64' lang='grc'><strong>815»</strong></span> 
     </span>
    </p>
   </div>
   <div class='ocr_carea' id='block_1_2' title="bbox 1092 362 3168 431">
    <p class='ocr_par' dir='ltr' id='par_1_2' title="bbox 1092 362 3168 431">
     <span class='ocr_line' id='line_1_2' title="bbox 1092 362 3168 431; baseline -0.005 -2"><span class='ocrx_word' id='word_1_2' title='bbox 1092 371 1155 429; x_wconf 89' lang='lat' dir='ltr'><strong>P.</strong></span> <span class='ocrx_word' id='word_1_3' title='bbox 1193 370 1513 431; x_wconf 74' lang='lat' dir='ltr'><strong>CACCIARI</strong></span> <span class='ocrx_word' id='word_1_4' title='bbox 1551 367 2253 430; x_wconf 71' lang='lat' dir='ltr'><strong>EXERCITATIONES&#39;IN</strong></span> <span class='ocrx_word' id='word_1_5' title='bbox 2289 366 2348 425; x_wconf 89' lang='lat' dir='ltr'><strong>S.</strong></span> <span class='ocrx_word' id='word_1_6' title='bbox 2389 365 2630 424; x_wconf 84' lang='lat' dir='ltr'><strong>LEONIS</strong></span> <span class='ocrx_word' id='word_1_7' title='bbox 2667 362 2885 424; x_wconf 75' lang='lat' dir='ltr'><strong>MAGNI</strong></span> <span class='ocrx_word' id='word_1_8' title='bbox 2920 362 3168 421; x_wconf 77' lang='lat' dir='ltr'><strong>OPERA.</strong></span> 
     </span>
    </p>
   </div>
   <div class='ocr_carea' id='block_1_3' title="bbox 3650 360 3755 422">
    <p class='ocr_par' dir='ltr' id='par_1_3' title="bbox 3650 360 3755 422">
     <span class='ocr_line' id='line_1_3' title="bbox 3650 360 3755 422; baseline 0.029 -3"><span class='ocrx_word' id='word_1_9' title='bbox 3650 360 3755 422; x_wconf 72' lang='lat'><strong>810</strong></span> 
     </span>
    </p>
   </div>
   <div class='ocr_carea' id='block_1_4' title="bbox 500 481 3752 561">
    <p class='ocr_par' dir='ltr' id='par_1_4' title="bbox 500 481 3752 561">
     <span class='ocr_line' id='line_1_4' title="bbox 500 481 3752 561; baseline -0.002 -18"><span class='ocrx_word' id='word_1_10' title='bbox 500 487 663 561; x_wconf 79' lang='lat' dir='ltr'><strong>igitur</strong></span> <span class='ocrx_word' id='word_1_11' title='bbox 686 487 776 544; x_wconf 89' lang='lat' dir='ltr'><strong>ilta</strong></span> <span class='ocrx_word' id='word_1_12' title='bbox 802 487 1076 561; x_wconf 84' lang='lat' dir='ltr'><strong>provincia</strong></span> <span class='ocrx_word' id='word_1_13' title='bbox 1100 487 1301 555; x_wconf 83' lang='lat' dir='ltr'><strong>Ahvaz,</strong></span> <span class='ocrx_word' id='word_1_14' title='bbox 1330 487 1383 543; x_wconf 91' lang='lat' dir='ltr'><strong>in</strong></span> <span class='ocrx_word' id='word_1_15' title='bbox 1405 487 1766 561; x_wconf 63' lang='lat' dir='ltr'><strong>suodistrictn</strong></span> <span class='ocrx_word' id='word_1_16' title='bbox 1792 487 1949 561; x_wconf 85' lang='lat' dir='ltr'><strong>sitam</strong></span> <span class='ocrx_word' id='word_1_17' title='bbox 1976 500 2071 561; x_wconf 90' lang='lat' dir='ltr'><strong>seu</strong></span> <span class='ocrx_word' id='word_1_18' title='bbox 2100 486 2153 549; x_wconf 79' lang='grc' dir='ltr'>Α</span> <span class='ocrx_word' id='word_1_19' title='bbox 2177 495 2444 561; x_wconf 80' lang='lat' dir='ltr'><strong>parentes.</strong></span> <span class='ocrx_word' id='word_1_20' title='bbox 2492 484 2627 561; x_wconf 75' lang='lat' dir='ltr'><strong>Quld</strong></span> <span class='ocrx_word' id='word_1_21' title='bbox 2654 485 2845 561; x_wconf 80' lang='lat' dir='ltr'><strong>_vero?_</strong></span> <span class='ocrx_word' id='word_1_22' title='bbox 2889 483 3055 561; x_wconf 68' lang='lat' dir='ltr'><strong>Gulze</strong></span> <span class='ocrx_word' id='word_1_23' title='bbox 3078 481 3341 561; x_wconf 79' lang='lat' dir='ltr'><strong>illecebris</strong></span> <span class='ocrx_word' id='word_1_24' title='bbox 3393 487 3450 537; x_wconf 93' lang='lat' dir='ltr'><strong>et</strong></span> <span class='ocrx_word' id='word_1_25' title='bbox 3495 483 3752 552; x_wconf 84' lang='lat' dir='ltr'><strong>serpentis</strong></span> 
     </span>
    </p>
   </div>
   <div class='ocr_carea' id='block_1_5' title="bbox 500 557 2075 629">
    <p class='ocr_par' dir='ltr' id='par_1_5' title="bbox 500 557 2075 629">
     <span class='ocr_line' id='line_1_5' title="bbox 500 557 2075 629; baseline 0.001 -16"><span class='ocrx_word' id='word_1_26' title='bbox 500 557 866 616; x_wconf 68' lang='lat' dir='ltr'><strong>constructam</strong></span> <span class='ocrx_word' id='word_1_27' title='bbox 896 560 1085 615; x_wconf 85' lang='lat' dir='ltr'><strong>habeat</strong></span> <span class='ocrx_word' id='word_1_28' title='bbox 1116 560 1298 615; x_wconf 85' lang='lat' dir='ltr'><strong>urbem</strong></span> <span class='ocrx_word' id='word_1_29' title='bbox 1335 559 1618 629; x_wconf 85' lang='lat' dir='ltr'><strong>quamdam</strong></span> <span class='ocrx_word' id='word_1_30' title='bbox 1648 557 1892 614; x_wconf 85' lang='lat' dir='ltr'><strong>Carcoub</strong></span> <span class='ocrx_word' id='word_1_31' title='bbox 1913 600 1928 621; x_wconf 86' lang='lat'><strong>,</strong></span> <span class='ocrx_word' id='word_1_32' title='bbox 1960 560 2075 614; x_wconf 85' lang='lat' dir='ltr'><strong>sive</strong></span> 
     </span>
    </p>
   </div>
   <div class='ocr_carea' id='block_1_6' title="bbox 500 629 2073 700">
    <p class='ocr_par' dir='ltr' id='par_1_6' title="bbox 500 629 2073 700">
     <span class='ocr_line' id='line_1_6' title="bbox 500 629 2073 700; baseline 0.001 -16"><span class='ocrx_word' id='word_1_33' title='bbox 500 629 710 685; x_wconf 88' lang='lat' dir='ltr'><strong>Carcub</strong></span> <span class='ocrx_word' id='word_1_34' title='bbox 739 632 1090 700; x_wconf 73' lang='lat' dir='ltr'><strong>appellatam.</strong></span> <span class='ocrx_word' id='word_1_35' title='bbox 1123 631 1246 685; x_wconf 92' lang='lat' dir='ltr'><strong>inde</strong></span> <span class='ocrx_word' id='word_1_36' title='bbox 1273 630 1519 685; x_wconf 79' lang='lat' dir='ltr'><strong>concludi</strong></span> <span class='ocrx_word' id='word_1_37' title='bbox 1552 638 1726 697; x_wconf 90' lang='lat' dir='ltr'><strong>potest</strong></span> <span class='ocrx_word' id='word_1_38' title='bbox 1764 630 2073 685; x_wconf 65' lang='lat' dir='ltr'><strong>hareticnm</strong></span> 
     </span>
    </p>
   </div>
   <div class='ocr_carea' id='block_1_7' title="bbox 501 700 1730 771">
    <p class='ocr_par' dir='ltr' id='par_1_7' title="bbox 501 700 1730 771">
     <span class='ocr_line' id='line_1_7' title="bbox 501 700 1730 771; baseline -0.001 -16"><span class='ocrx_word' id='word_1_39' title='bbox 501 716 567 755; x_wconf 79' lang='lat' dir='ltr'><strong>cx</strong></span> <span class='ocrx_word' id='word_1_40' title='bbox 600 703 771 767; x_wconf 87' lang='lat' dir='ltr'><strong>patrio</strong></span> <span class='ocrx_word' id='word_1_41' title='bbox 802 703 1016 755; x_wconf 91' lang='lat' dir='ltr'><strong>nomine</strong></span> <span class='ocrx_word' id='word_1_42' title='bbox 1039 700 1358 757; x_wconf 89' lang='lat' dir='ltr'><strong>Carcubium</strong></span> <span class='ocrx_word' id='word_1_43' title='bbox 1389 700 1730 771; x_wconf 89' lang='lat' dir='ltr'><strong>appellatum.</strong></span> 
     </span>
    </p>
   </div>
   <div class='ocr_carea' id='block_1_8' title="bbox 575 771 2105 841">
    <p class='ocr_par' dir='ltr' id='par_1_8' title="bbox 575 771 2105 841">
     <span class='ocr_line' id='line_1_8' title="bbox 575 771 2105 841; baseline 0.004 -16"><span class='ocrx_word' id='word_1_44' title='bbox 575 771 626 825; x_wconf 83' lang='grc'><strong>5.</strong></span> <span class='ocrx_word' id='word_1_45' title='bbox 656 772 776 828; x_wconf 68' lang='grc' dir='ltr'><strong>ιιωο</strong></span> <span class='ocrx_word' id='word_1_46' title='bbox 804 789 923 841; x_wconf 77' lang='lat' dir='ltr'><strong>qua:</strong></span> <span class='ocrx_word' id='word_1_47' title='bbox 945 772 1008 826; x_wconf 89' lang='lat' dir='ltr'><strong>ad</strong></span> <span class='ocrx_word' id='word_1_48' title='bbox 1033 775 1374 828; x_wconf 71' lang='lat' dir='ltr'><strong>evertendam</strong></span> <span class='ocrx_word' id='word_1_49' title='bbox 1397 783 1633 826; x_wconf 91' lang='lat' dir='ltr'><strong>veterem</strong></span> <span class='ocrx_word' id='word_1_50' title='bbox 1659 771 1996 827; x_wconf 89' lang='lat' dir='ltr'><strong>traditionem</strong></span> <span class='ocrx_word' id='word_1_51' title='bbox 2022 782 2077 827; x_wconf 89' lang='lat' dir='ltr'><strong>et</strong></span> <span class='ocrx_word' id='word_1_52' title='bbox 2102 826 2105 831; x_wconf 91' lang='lat'><strong>.</strong></span> 
     </span>
    </p>
   </div>
   <div class='ocr_carea' id='block_1_9' title="bbox 502 842 2075 913">
    <p class='ocr_par' dir='ltr' id='par_1_9' title="bbox 502 842 2075 913">
     <span class='ocr_line' id='line_1_9' title="bbox 502 842 2075 913; baseline -0.001 -16"><span class='ocrx_word' id='word_1_53' title='bbox 502 844 568 897; x_wconf 92' lang='lat' dir='ltr'><strong>ad</strong></span> <span class='ocrx_word' id='word_1_54' title='bbox 602 857 793 897; x_wconf 88' lang='lat' dir='ltr'><strong>novam</strong></span> <span class='ocrx_word' id='word_1_55' title='bbox 818 845 1098 913; x_wconf 78' lang='lat' dir='ltr'><strong>quamdam</strong></span> <span class='ocrx_word' id='word_1_56' title='bbox 1120 842 1502 899; x_wconf 76' lang='lat' dir='ltr'><strong>ecclesiastica:</strong></span> <span class='ocrx_word' id='word_1_57' title='bbox 1522 843 1816 910; x_wconf 76' lang='lat' dir='ltr'><strong>disciplinze</strong></span> <span class='ocrx_word' id='word_1_58' title='bbox 1851 842 2075 898; x_wconf 89' lang='lat' dir='ltr'><strong>formam</strong></span> 
     </span>
    </p>
   </div>
   <div class='ocr_carea' id='block_1_10' title="bbox 504 913 2075 985">
    <p class='ocr_par' dir='ltr' id='par_1_10' title="bbox 504 913 2075 985">
     <span class='ocr_line' id='line_1_10' title="bbox 504 913 2075 985; baseline -0.001 -16"><span class='ocrx_word' id='word_1_59' title='bbox 504 913 858 969; x_wconf 75' lang='lat' dir='ltr'><strong>inducendam</strong></span> <span class='ocrx_word' id='word_1_60' title='bbox 893 913 1158 985; x_wconf 89' lang='lat' dir='ltr'><strong>pertinent</strong></span> <span class='ocrx_word' id='word_1_61' title='bbox 1180 956 1194 976; x_wconf 83' lang='lat'><em>.</em></span> <span class='ocrx_word' id='word_1_62' title='bbox 1227 928 1289 968; x_wconf 88' lang='lat' dir='ltr'><strong>ac</strong></span> <span class='ocrx_word' id='word_1_63' title='bbox 1320 913 1623 969; x_wconf 76' lang='lat' dir='ltr'><strong>Iteausobre</strong></span> <span class='ocrx_word' id='word_1_64' title='bbox 1647 914 1937 976; x_wconf 78' lang='lat' dir='ltr'><strong>confinxit,</strong></span> <span class='ocrx_word' id='word_1_65' title='bbox 1973 932 2075 968; x_wconf 82' lang='lat' dir='ltr'><strong>non</strong></span> 
     </span>
    </p>
   </div>
   <div class='ocr_carea' id='block_1_11' title="bbox 506 985 2045 1053">
    <p class='ocr_par' dir='ltr' id='par_1_11' title="bbox 506 985 2045 1053">
     <span class='ocr_line' id='line_1_11' title="bbox 506 985 2045 1053; baseline 0 -16"><span class='ocrx_word' id='word_1_66' title='bbox 506 994 711 1039; x_wconf 89' lang='lat' dir='ltr'><strong>tantum</strong></span> <span class='ocrx_word' id='word_1_67' title='bbox 738 985 940 1047; x_wconf 87' lang='lat' dir='ltr'><strong>labant,</strong></span> <span class='ocrx_word' id='word_1_68' title='bbox 970 986 1061 1039; x_wconf 87' lang='lat' dir='ltr'><strong>sed</strong></span> <span class='ocrx_word' id='word_1_69' title='bbox 1091 998 1309 1053; x_wconf 80' lang='lat' dir='ltr'><strong>prorsus</strong></span> <span class='ocrx_word' id='word_1_70' title='bbox 1338 994 1628 1051; x_wconf 91' lang='lat' dir='ltr'><strong>corruunt,</strong></span> <span class='ocrx_word' id='word_1_71' title='bbox 1657 987 1700 1038; x_wconf 91' lang='lat' dir='ltr'><strong>si</strong></span> <span class='ocrx_word' id='word_1_72' title='bbox 1729 985 1793 1038; x_wconf 89' lang='lat' dir='ltr'><strong>ad</strong></span> <span class='ocrx_word' id='word_1_73' title='bbox 1827 986 1942 1052; x_wconf 80' lang='lat' dir='ltr'><strong>ejus</strong></span> <span class='ocrx_word' id='word_1_74' title='bbox 1966 987 2045 1038; x_wconf 88' lang='lat' dir='ltr'><strong>dis</strong></span> 
     </span>
    </p>
   </div>
   <div class='ocr_carea' id='block_1_12' title="bbox 506 1055 2072 1126">
    <p class='ocr_par' dir='ltr' id='par_1_12' title="bbox 506 1055 2072 1126">
     <span class='ocr_line' id='line_1_12' title="bbox 506 1055 2072 1126; baseline -0.001 -19"><span class='ocrx_word' id='word_1_75' title='bbox 506 1056 719 1110; x_wconf 75' lang='lat' dir='ltr'><strong>serendi</strong></span> <span class='ocrx_word' id='word_1_76' title='bbox 751 1056 1012 1111; x_wconf 80' lang='lat' dir='ltr'><strong>rationem</strong></span> <span class='ocrx_word' id='word_1_77' title='bbox 1046 1056 1406 1110; x_wconf 85' lang='lat' dir='ltr'><strong>attendamus.</strong></span> <span class='ocrx_word' id='word_1_78' title='bbox 1443 1055 1707 1122; x_wconf 82' lang='lat' dir='ltr'><strong>Imprimis</strong></span> <span class='ocrx_word' id='word_1_79' title='bbox 1723 1071 1850 1126; x_wconf 88' lang='lat' dir='ltr'><strong>ergo</strong></span> <span class='ocrx_word' id='word_1_80' title='bbox 1878 1055 2072 1111; x_wconf 78' lang='lat' dir='ltr'><strong>Corcu-</strong></span> 
     </span>
    </p>
   </div>
   <div class='ocr_carea' id='block_1_13' title="bbox 505 1126 2105 1197">
    <p class='ocr_par' dir='ltr' id='par_1_13' title="bbox 505 1126 2105 1197">
     <span class='ocr_line' id='line_1_13' title="bbox 505 1126 2105 1197; baseline -0.001 -18"><span class='ocrx_word' id='word_1_81' title='bbox 505 1126 577 1179; x_wconf 81' lang='lat' dir='ltr'><strong>bii</strong></span> <span class='ocrx_word' id='word_1_82' title='bbox 607 1142 829 1189; x_wconf 83' lang='lat' dir='ltr'><strong>nomen,</strong></span> <span class='ocrx_word' id='word_1_83' title='bbox 859 1126 999 1197; x_wconf 90' lang='lat' dir='ltr'><strong>quod</strong></span> <span class='ocrx_word' id='word_1_84' title='bbox 1030 1126 1260 1191; x_wconf 87' lang='lat' dir='ltr'><strong>antiquis</strong></span> <span class='ocrx_word' id='word_1_85' title='bbox 1300 1128 1397 1181; x_wconf 90' lang='lat' dir='ltr'><strong>fttit</strong></span> <span class='ocrx_word' id='word_1_86' title='bbox 1438 1126 1801 1195; x_wconf 84' lang='lat' dir='ltr'><strong>incognitum,</strong></span> <span class='ocrx_word' id='word_1_87' title='bbox 1830 1140 1951 1181; x_wconf 89' lang='lat' dir='ltr'><strong>cum</strong></span> <span class='ocrx_word' id='word_1_88' title='bbox 1984 1128 2073 1178; x_wconf 81' lang='lat' dir='ltr'><strong>de-</strong></span> <span class='ocrx_word' id='word_1_89' title='bbox 2102 1176 2105 1177; x_wconf 30' lang='grc' dir='ltr'><em>ν</em></span> 
     </span>
    </p>
   </div>
   <div class='ocr_carea' id='block_1_14' title="bbox 504 1197 2105 1263">
    <p class='ocr_par' dir='ltr' id='par_1_14' title="bbox 504 1197 2105 1263">
     <span class='ocr_line' id='line_1_14' title="bbox 504 1197 2105 1263; baseline 0 -14"><span class='ocrx_word' id='word_1_90' title='bbox 504 1199 710 1251; x_wconf 91' lang='lat' dir='ltr'><strong>rivetttr</strong></span> <span class='ocrx_word' id='word_1_91' title='bbox 736 1215 763 1250; x_wconf 88' lang='lat' dir='ltr'><strong>a</strong></span> <span class='ocrx_word' id='word_1_92' title='bbox 796 1198 914 1253; x_wconf 91' lang='lat' dir='ltr'><strong>loco</strong></span> <span class='ocrx_word' id='word_1_93' title='bbox 942 1198 1025 1253; x_wconf 90' lang='lat' dir='ltr'><strong>vel</strong></span> <span class='ocrx_word' id='word_1_94' title='bbox 1052 1197 1186 1252; x_wconf 90' lang='lat' dir='ltr'><strong>urbe</strong></span> <span class='ocrx_word' id='word_1_95' title='bbox 1222 1198 1273 1251; x_wconf 92' lang='lat' dir='ltr'><strong>in</strong></span> <span class='ocrx_word' id='word_1_96' title='bbox 1304 1213 1405 1263; x_wconf 85' lang='lat' dir='ltr'><strong>qua</strong></span> <span class='ocrx_word' id='word_1_97' title='bbox 1440 1197 1623 1251; x_wconf 83' lang='lat' dir='ltr'><strong>Manes</strong></span> <span class='ocrx_word' id='word_1_98' title='bbox 1662 1198 1802 1251; x_wconf 90' lang='lat' dir='ltr'><strong>diem</strong></span> <span class='ocrx_word' id='word_1_99' title='bbox 1845 1199 2105 1251; x_wconf 40' lang='lat' dir='ltr'><strong>natalem.</strong></span> 
     </span>
    </p>
   </div>
   <div class='ocr_carea' id='block_1_15' title="bbox 506 1267 2072 1336">
    <p class='ocr_par' dir='ltr' id='par_1_15' title="bbox 506 1267 2072 1336">
     <span class='ocr_line' id='line_1_15' title="bbox 506 1267 2072 1336; baseline 0.001 -16"><span class='ocrx_word' id='word_1_100' title='bbox 506 1268 709 1325; x_wconf 87' lang='lat' dir='ltr'><strong>habuit.</strong></span> <span class='ocrx_word' id='word_1_101' title='bbox 736 1270 846 1336; x_wconf 87' lang='lat' dir='ltr'><strong>jam</strong></span> <span class='ocrx_word' id='word_1_102' title='bbox 874 1283 1159 1323; x_wconf 89' lang='lat' dir='ltr'><strong>commune</strong></span> <span class='ocrx_word' id='word_1_103' title='bbox 1178 1282 1298 1325; x_wconf 80' lang='lat' dir='ltr'><strong>esse</strong></span> <span class='ocrx_word' id='word_1_104' title='bbox 1326 1278 1497 1336; x_wconf 87' lang='lat' dir='ltr'><strong>potest</strong></span> <span class='ocrx_word' id='word_1_105' title='bbox 1522 1268 1770 1323; x_wconf 88' lang='lat' dir='ltr'><strong>omnibus</strong></span> <span class='ocrx_word' id='word_1_106' title='bbox 1811 1267 1949 1322; x_wconf 84' lang='lat' dir='ltr'><strong>illius</strong></span> <span class='ocrx_word' id='word_1_107' title='bbox 1974 1267 2072 1322; x_wconf 87' lang='lat' dir='ltr'><strong>loci</strong></span> 
     </span>
    </p>
   </div>
   <div class='ocr_carea' id='block_1_16' title="bbox 502 1338 2075 1408">
    <p class='ocr_par' dir='ltr' id='par_1_16' title="bbox 502 1338 2075 1408">
     <span class='ocr_line' id='line_1_16' title="bbox 502 1338 2075 1408; baseline 0.001 -17"><span class='ocrx_word' id='word_1_108' title='bbox 502 1346 561 1391; x_wconf 90' lang='lat' dir='ltr'><strong>et</strong></span> <span class='ocrx_word' id='word_1_109' title='bbox 588 1339 736 1392; x_wconf 88' lang='lat' dir='ltr'><strong>urb&#39;s</strong></span> <span class='ocrx_word' id='word_1_110' title='bbox 768 1338 1178 1394; x_wconf 72' lang='lat' dir='ltr'><strong>habitatoribus.</strong></span> <span class='ocrx_word' id='word_1_111' title='bbox 1212 1339 1319 1394; x_wconf 84' lang='lat' dir='ltr'><strong>Cur</strong></span> <span class='ocrx_word' id='word_1_112' title='bbox 1354 1338 1533 1408; x_wconf 86' lang='lat' dir='ltr'><strong>itaque</strong></span> <span class='ocrx_word' id='word_1_113' title='bbox 1569 1339 1763 1394; x_wconf 81' lang='lat' dir='ltr'><strong>Maneti</strong></span> <span class='ocrx_word' id='word_1_114' title='bbox 1804 1342 2075 1407; x_wconf 85' lang='lat' dir='ltr'><strong>proprium</strong></span> 
     </span>
    </p>
   </div>
   <div class='ocr_carea' id='block_1_17' title="bbox 503 1409 2077 1478">
    <p class='ocr_par' dir='ltr' id='par_1_17' title="bbox 503 1409 2077 1478">
     <span class='ocr_line' id='line_1_17' title="bbox 503 1409 2077 1478; baseline 0.001 -16"><span class='ocrx_word' id='word_1_115' title='bbox 503 1422 626 1464; x_wconf 87' lang='lat' dir='ltr'><strong>esse</strong></span> <span class='ocrx_word' id='word_1_116' title='bbox 655 1409 862 1477; x_wconf 77' lang='lat' dir='ltr'><strong>potuit?</strong></span> <span class='ocrx_word' id='word_1_117' title='bbox 883 1424 980 1463; x_wconf 92' lang='lat' dir='ltr'><strong>cur</strong></span> <span class='ocrx_word' id='word_1_118' title='bbox 1002 1420 1212 1467; x_wconf 86' lang='lat' dir='ltr'><strong>veteres</strong></span> <span class='ocrx_word' id='word_1_119' title='bbox 1240 1425 1304 1464; x_wconf 92' lang='lat' dir='ltr'><strong>eo</strong></span> <span class='ocrx_word' id='word_1_120' title='bbox 1327 1409 1401 1463; x_wconf 91' lang='lat' dir='ltr'><strong>uti</strong></span> <span class='ocrx_word' id='word_1_121' title='bbox 1424 1419 1643 1478; x_wconf 90' lang='lat' dir='ltr'><strong>potuere</strong></span> <span class='ocrx_word' id='word_1_122' title='bbox 1672 1411 1735 1463; x_wconf 90' lang='lat' dir='ltr'><strong>ad</strong></span> <span class='ocrx_word' id='word_1_123' title='bbox 1755 1410 2077 1477; x_wconf 75' lang='lat' dir='ltr'><strong>singularem</strong></span> 
     </span>
    </p>
   </div>
   <div class='ocr_carea' id='block_1_18' title="bbox 506 1479 2081 1549">
    <p class='ocr_par' dir='ltr' id='par_1_18' title="bbox 506 1479 2081 1549">
     <span class='ocr_line' id='line_1_18' title="bbox 506 1479 2081 1549; baseline 0.001 -15"><span class='ocrx_word' id='word_1_124' title='bbox 506 1479 650 1534; x_wconf 84' lang='lat' dir='ltr'><strong>hunc</strong></span> <span class='ocrx_word' id='word_1_125' title='bbox 681 1479 991 1535; x_wconf 63' lang='lat' dir='ltr'><strong>barreticum</strong></span> <span class='ocrx_word' id='word_1_126' title='bbox 1043 1482 1312 1535; x_wconf 86' lang='lat' dir='ltr'><strong>hominem</strong></span> <span class='ocrx_word' id='word_1_127' title='bbox 1356 1480 1792 1549; x_wconf 82' lang='lat' dir='ltr'><strong>designandum?</strong></span> <span class='ocrx_word' id='word_1_128' title='bbox 1837 1482 1891 1535; x_wconf 89' lang='lat' dir='ltr'><strong>Id</strong></span> <span class='ocrx_word' id='word_1_129' title='bbox 1944 1481 2081 1536; x_wconf 86' lang='lat' dir='ltr'><strong>forte</strong></span> 
     </span>
    </p>
   </div>
   <div class='ocr_carea' id='block_1_19' title="bbox 504 1550 2082 1619">
    <p class='ocr_par' dir='ltr' id='par_1_19' title="bbox 504 1550 2082 1619">
     <span class='ocr_line' id='line_1_19' title="bbox 504 1550 2082 1619; baseline 0.001 -14"><span class='ocrx_word' id='word_1_130' title='bbox 504 1550 817 1619; x_wconf 83' lang='lat' dir='ltr'><strong>contingere</strong></span> <span class='ocrx_word' id='word_1_131' title='bbox 838 1552 1011 1618; x_wconf 85' lang='lat' dir='ltr'><strong>putuit</strong></span> <span class='ocrx_word' id='word_1_132' title='bbox 1036 1551 1159 1619; x_wconf 88' lang='lat' dir='ltr'><strong>quia</strong></span> <span class='ocrx_word' id='word_1_133' title='bbox 1199 1551 1424 1608; x_wconf 83' lang='lat' dir='ltr'><strong>Manetis</strong></span> <span class='ocrx_word' id='word_1_134' title='bbox 1447 1554 1529 1605; x_wconf 86' lang='lat' dir='ltr'><strong>avi</strong></span> <span class='ocrx_word' id='word_1_135' title='bbox 1553 1562 1642 1603; x_wconf 91' lang='lat' dir='ltr'><strong>aut</strong></span> <span class='ocrx_word' id='word_1_136' title='bbox 1665 1551 1809 1605; x_wconf 88' lang='lat' dir='ltr'><strong>atavi</strong></span> <span class='ocrx_word' id='word_1_137' title='bbox 1839 1568 1955 1605; x_wconf 89' lang='lat' dir='ltr'><strong>eam</strong></span> <span class='ocrx_word' id='word_1_138' title='bbox 1990 1568 2082 1606; x_wconf 85' lang='lat' dir='ltr'><strong>ur-</strong></span> 
     </span>
    </p>
   </div>
   <div class='ocr_carea' id='block_1_20' title="bbox 506 1620 2081 1693">
    <p class='ocr_par' dir='ltr' id='par_1_20' title="bbox 506 1620 2081 1693">
     <span class='ocr_line' id='line_1_20' title="bbox 506 1620 2081 1693; baseline 0.001 -19"><span class='ocrx_word' id='word_1_139' title='bbox 506 1622 625 1693; x_wconf 81' lang='lat' dir='ltr'><strong>bem</strong></span> <span class='ocrx_word' id='word_1_140' title='bbox 666 1620 988 1676; x_wconf 81' lang='lat' dir='ltr'><strong>Carcubium</strong></span> <span class='ocrx_word' id='word_1_141' title='bbox 1035 1630 1415 1686; x_wconf 84' lang='lat' dir='ltr'><strong>construxere;</strong></span> <span class='ocrx_word' id='word_1_142' title='bbox 1449 1623 1529 1677; x_wconf 92' lang='lat' dir='ltr'><strong>vel</strong></span> <span class='ocrx_word' id='word_1_143' title='bbox 1556 1623 1717 1677; x_wconf 89' lang='lat' dir='ltr'><strong>talem</strong></span> <span class='ocrx_word' id='word_1_144' title='bbox 1770 1631 2081 1693; x_wconf 85' lang='lat' dir='ltr'><strong>tantamque</strong></span> 
     </span>
    </p>
   </div>
   <div class='ocr_carea' id='block_1_21' title="bbox 504 1688 2078 1762">
    <p class='ocr_par' dir='ltr' id='par_1_21' title="bbox 504 1688 2078 1762">
     <span class='ocr_line' id='line_1_21' title="bbox 504 1688 2078 1762; baseline 0.001 -17"><span class='ocrx_word' id='word_1_145' title='bbox 504 1688 700 1745; x_wconf 87' lang='lat' dir='ltr'><strong>famatn</strong></span> <span class='ocrx_word' id='word_1_146' title='bbox 760 1692 812 1746; x_wconf 93' lang='lat' dir='ltr'><strong>in</strong></span> <span class='ocrx_word' id='word_1_147' title='bbox 846 1693 1028 1760; x_wconf 77' lang='lat' dir='ltr'><strong>patria:</strong></span> <span class='ocrx_word' id='word_1_148' title='bbox 1079 1697 1335 1747; x_wconf 89' lang='lat' dir='ltr'><strong>honorem</strong></span> <span class='ocrx_word' id='word_1_149' title='bbox 1380 1694 1451 1747; x_wconf 89' lang='lat' dir='ltr'><strong>ob</strong></span> <span class='ocrx_word' id='word_1_150' title='bbox 1505 1695 1797 1762; x_wconf 78' lang='lat' dir='ltr'><strong>insigniora</strong></span> <span class='ocrx_word' id='word_1_151' title='bbox 1844 1688 2078 1749; x_wconf 80' lang='lat' dir='ltr'><strong>facinora</strong></span> 
     </span>
    </p>
   </div>
   <div class='ocr_carea' id='block_1_22' title="bbox 503 1763 2097 1834">
    <p class='ocr_par' dir='ltr' id='par_1_22' title="bbox 503 1763 2097 1834">
     <span class='ocr_line' id='line_1_22' title="bbox 503 1763 2097 1834; baseline 0.002 -19"><span class='ocrx_word' id='word_1_152' title='bbox 503 1763 733 1817; x_wconf 79' lang='lat' dir='ltr'><strong>assecuti</strong></span> <span class='ocrx_word' id='word_1_153' title='bbox 761 1763 931 1834; x_wconf 75' lang='lat' dir='ltr'><strong>fuere,</strong></span> <span class='ocrx_word' id='word_1_154' title='bbox 962 1770 1020 1818; x_wconf 90' lang='lat' dir='ltr'><strong>ut</strong></span> <span class='ocrx_word' id='word_1_155' title='bbox 1046 1778 1077 1817; x_wconf 92' lang='lat' dir='ltr'><strong>a</strong></span> <span class='ocrx_word' id='word_1_156' title='bbox 1106 1764 1278 1833; x_wconf 90' lang='lat' dir='ltr'><strong>patrio</strong></span> <span class='ocrx_word' id='word_1_157' title='bbox 1307 1764 1424 1819; x_wconf 82' lang='lat' dir='ltr'><strong>solo</strong></span> <span class='ocrx_word' id='word_1_158' title='bbox 1450 1778 1712 1834; x_wconf 77' lang='lat' dir='ltr'><strong>agnomen</strong></span> <span class='ocrx_word' id='word_1_159' title='bbox 1741 1765 2097 1829; x_wconf 63' lang='lat' dir='ltr'><strong>obtinerent;</strong></span> 
     </span>
    </p>
   </div>
   <div class='ocr_carea' id='block_1_23' title="bbox 504 1833 2080 1902">
    <p class='ocr_par' dir='ltr' id='par_1_23' title="bbox 504 1833 2080 1902">
     <span class='ocr_line' id='line_1_23' title="bbox 504 1833 2080 1902; baseline 0.002 -15"><span class='ocrx_word' id='word_1_160' title='bbox 504 1833 952 1902; x_wconf 80' lang='lat' dir='ltr'><strong>quemadmodum</strong></span> <span class='ocrx_word' id='word_1_161' title='bbox 989 1834 1057 1891; x_wconf 92' lang='lat' dir='ltr'><strong>de</strong></span> <span class='ocrx_word' id='word_1_162' title='bbox 1088 1837 1387 1902; x_wconf 81' lang='lat' dir='ltr'><strong>Antenore,</strong></span> <span class='ocrx_word' id='word_1_163' title='bbox 1427 1833 1503 1891; x_wconf 80' lang='lat' dir='ltr'><strong>de</strong></span> <span class='ocrx_word' id='word_1_164' title='bbox 1523 1836 1783 1898; x_wconf 79' lang='lat' dir='ltr'><strong>Romulo,</strong></span> <span class='ocrx_word' id='word_1_165' title='bbox 1826 1836 1895 1890; x_wconf 90' lang='lat' dir='ltr'><strong>de</strong></span> <span class='ocrx_word' id='word_1_166' title='bbox 1932 1834 2080 1890; x_wconf 82' lang='lat' dir='ltr'><strong>Con-</strong></span> 
     </span>
    </p>
   </div>
   <div class='ocr_carea' id='block_1_24' title="bbox 508 1904 2082 1973">
    <p class='ocr_par' dir='ltr' id='par_1_24' title="bbox 508 1904 2082 1973">
     <span class='ocr_line' id='line_1_24' title="bbox 508 1904 2082 1973; baseline 0.004 -20"><span class='ocrx_word' id='word_1_167' title='bbox 508 1905 766 1973; x_wconf 68' lang='lat' dir='ltr'><strong>stantino,</strong></span> <span class='ocrx_word' id='word_1_168' title='bbox 790 1905 858 1959; x_wconf 92' lang='lat' dir='ltr'><strong>de</strong></span> <span class='ocrx_word' id='word_1_169' title='bbox 879 1905 1115 1960; x_wconf 83' lang='lat' dir='ltr'><strong>Adriano</strong></span> <span class='ocrx_word' id='word_1_170' title='bbox 1136 1904 1304 1970; x_wconf 65' lang='lat' dir='ltr'><strong>Ello,</strong></span> <span class='ocrx_word' id='word_1_171' title='bbox 1326 1905 1395 1962; x_wconf 91' lang='lat' dir='ltr'><strong>de</strong></span> <span class='ocrx_word' id='word_1_172' title='bbox 1426 1908 1679 1972; x_wconf 76' lang='lat' dir='ltr'><strong>Antinoo,</strong></span> <span class='ocrx_word' id='word_1_173' title='bbox 1704 1906 1929 1973; x_wconf 84' lang='lat' dir='ltr'><strong>aliisque</strong></span> <span class='ocrx_word' id='word_1_174' title='bbox 1952 1907 2082 1961; x_wconf 89' lang='lat' dir='ltr'><strong>viris</strong></span> 
     </span>
    </p>
   </div>
   <div class='ocr_carea' id='block_1_25' title="bbox 504 1972 2081 2045">
    <p class='ocr_par' dir='ltr' id='par_1_25' title="bbox 504 1972 2081 2045">
     <span class='ocr_line' id='line_1_25' title="bbox 504 1972 2081 2045; baseline 0.002 -18"><span class='ocrx_word' id='word_1_175' title='bbox 504 1972 705 2029; x_wconf 82' lang='lat' dir='ltr'><strong>factum</strong></span> <span class='ocrx_word' id='word_1_176' title='bbox 743 1972 865 2030; x_wconf 83' lang='lat' dir='ltr'><strong>esse</strong></span> <span class='ocrx_word' id='word_1_177' title='bbox 893 1976 1275 2045; x_wconf 77' lang='lat' dir='ltr'><strong>intelligimus?</strong></span> <span class='ocrx_word' id='word_1_178' title='bbox 1321 1977 1426 2033; x_wconf 88' lang='lat' dir='ltr'><strong>Sed</strong></span> <span class='ocrx_word' id='word_1_179' title='bbox 1459 1979 1531 2031; x_wconf 89' lang='lat' dir='ltr'><strong>ita</strong></span> <span class='ocrx_word' id='word_1_180' title='bbox 1567 1972 1909 2037; x_wconf 85' lang='lat' dir='ltr'><strong>ratiocinari.</strong></span> <span class='ocrx_word' id='word_1_181' title='bbox 1953 1978 2081 2031; x_wconf 90' lang='lat' dir='ltr'><strong>illud</strong></span> 
     </span>
    </p>
   </div>
   <div class='ocr_carea' id='block_1_26' title="bbox 507 2046 2087 2117">
    <p class='ocr_par' dir='ltr' id='par_1_26' title="bbox 507 2046 2087 2117">
     <span class='ocr_line' id='line_1_26' title="bbox 507 2046 2087 2117; baseline 0.001 -18"><span class='ocrx_word' id='word_1_182' title='bbox 507 2046 743 2117; x_wconf 76' lang='lat' dir='ltr'><strong>studium</strong></span> <span class='ocrx_word' id='word_1_183' title='bbox 772 2057 917 2101; x_wconf 80' lang='lat' dir='ltr'><strong>vetat</strong></span> <span class='ocrx_word' id='word_1_184' title='bbox 955 2046 1024 2100; x_wconf 89' lang='lat' dir='ltr'><strong>ab</strong></span> <span class='ocrx_word' id='word_1_185' title='bbox 1052 2047 1306 2101; x_wconf 67' lang='lat' dir='ltr'><strong>haeretico</strong></span> <span class='ocrx_word' id='word_1_186' title='bbox 1335 2048 1655 2112; x_wconf 81' lang='lat' dir='ltr'><strong>adhibitum,</strong></span> <span class='ocrx_word' id='word_1_187' title='bbox 1689 2063 1796 2117; x_wconf 93' lang='lat' dir='ltr'><strong>quo</strong></span> <span class='ocrx_word' id='word_1_188' title='bbox 1837 2046 2087 2103; x_wconf 85' lang='lat' dir='ltr'><strong>videlicet</strong></span> 
     </span>
    </p>
   </div>
   <div class='ocr_carea' id='block_1_27' title="bbox 508 2114 2087 2186">
    <p class='ocr_par' dir='ltr' id='par_1_27' title="bbox 508 2114 2087 2186">
     <span class='ocr_line' id='line_1_27' title="bbox 508 2114 2087 2186; baseline 0.003 -17"><span class='ocrx_word' id='word_1_189' title='bbox 508 2114 760 2170; x_wconf 89' lang='lat' dir='ltr'><strong>defuncta</strong></span> <span class='ocrx_word' id='word_1_190' title='bbox 786 2117 945 2171; x_wconf 90' lang='lat' dir='ltr'><strong>vidua</strong></span> <span class='ocrx_word' id='word_1_191' title='bbox 968 2161 982 2180; x_wconf 85' lang='lat'><strong>,</strong></span> <span class='ocrx_word' id='word_1_192' title='bbox 1027 2132 1145 2186; x_wconf 77' lang='lat' dir='ltr'><strong>qua:</strong></span> <span class='ocrx_word' id='word_1_193' title='bbox 1168 2132 1292 2171; x_wconf 90' lang='lat' dir='ltr'><strong>eum</strong></span> <span class='ocrx_word' id='word_1_194' title='bbox 1321 2118 1372 2173; x_wconf 94' lang='lat' dir='ltr'><strong>in</strong></span> <span class='ocrx_word' id='word_1_195' title='bbox 1403 2118 1570 2173; x_wconf 87' lang='lat' dir='ltr'><strong>filium</strong></span> <span class='ocrx_word' id='word_1_196' title='bbox 1597 2126 1651 2174; x_wconf 89' lang='lat' dir='ltr'><strong>et</strong></span> <span class='ocrx_word' id='word_1_197' title='bbox 1697 2114 1965 2174; x_wconf 67' lang='lat' dir='ltr'><strong>haeredcm</strong></span> <span class='ocrx_word' id='word_1_198' title='bbox 1992 2119 2087 2173; x_wconf 81' lang='lat' dir='ltr'><strong>ad-</strong></span> 
     </span>
    </p>
   </div>
   <div class='ocr_carea' id='block_1_28' title="bbox 508 2188 2087 2256">
    <p class='ocr_par' dir='ltr' id='par_1_28' title="bbox 508 2188 2087 2256">
     <span class='ocr_line' id='line_1_28' title="bbox 508 2188 2087 2256; baseline 0.002 -16"><span class='ocrx_word' id='word_1_199' title='bbox 508 2195 807 2256; x_wconf 77' lang='lat' dir='ltr'><strong>optaverat,</strong></span> <span class='ocrx_word' id='word_1_200' title='bbox 843 2188 1021 2243; x_wconf 87' lang='lat' dir='ltr'><strong>natale</strong></span> <span class='ocrx_word' id='word_1_201' title='bbox 1051 2202 1243 2241; x_wconf 91' lang='lat' dir='ltr'><strong>nomen</strong></span> <span class='ocrx_word' id='word_1_202' title='bbox 1271 2189 1498 2255; x_wconf 90' lang='lat' dir='ltr'><strong>rejicere</strong></span> <span class='ocrx_word' id='word_1_203' title='bbox 1526 2191 1754 2256; x_wconf 83' lang='lat' dir='ltr'><strong>curavit,</strong></span> <span class='ocrx_word' id='word_1_204' title='bbox 1785 2191 1892 2244; x_wconf 90' lang='lat' dir='ltr'><strong>alio</strong></span> <span class='ocrx_word' id='word_1_205' title='bbox 1923 2190 2087 2245; x_wconf 89' lang='lat' dir='ltr'><strong>hono-</strong></span> 
     </span>
    </p>
   </div>
   <div class='ocr_carea' id='block_1_29' title="bbox 509 2254 2085 2330">
    <p class='ocr_par' dir='ltr' id='par_1_29' title="bbox 509 2254 2085 2330">
     <span class='ocr_line' id='line_1_29' title="bbox 509 2254 2085 2330; baseline 0.003 -21"><span class='ocrx_word' id='word_1_206' title='bbox 509 2254 842 2330; x_wconf 80' lang='lat' dir='ltr'><strong>riticetitiore</strong></span> <span class='ocrx_word' id='word_1_207' title='bbox 870 2257 969 2330; x_wconf 84' lang='lat' dir='ltr'><strong>sibi</strong></span> <span class='ocrx_word' id='word_1_208' title='bbox 1000 2266 1297 2330; x_wconf 81' lang='lat' dir='ltr'><strong>assumpto.</strong></span> <span class='ocrx_word' id='word_1_209' title='bbox 1325 2254 1394 2314; x_wconf 88' lang='lat' dir='ltr'><strong>Et</strong></span> <span class='ocrx_word' id='word_1_210' title='bbox 1417 2260 1635 2330; x_wconf 89' lang='lat' dir='ltr'><strong>quidem</strong></span> <span class='ocrx_word' id='word_1_211' title='bbox 1664 2254 1868 2317; x_wconf 80' lang='lat' dir='ltr'><strong>Cubrici</strong></span> <span class='ocrx_word' id='word_1_212' title='bbox 1890 2277 2085 2315; x_wconf 90' lang='lat' dir='ltr'><strong>nomen</strong></span> 
     </span>
    </p>
   </div>
   <div class='ocr_carea' id='block_1_30' title="bbox 510 2328 2089 2397">
    <p class='ocr_par' dir='ltr' id='par_1_30' title="bbox 510 2328 2089 2397">
     <span class='ocr_line' id='line_1_30' title="bbox 510 2328 2089 2397; baseline 0.004 -17"><span class='ocrx_word' id='word_1_213' title='bbox 510 2328 827 2396; x_wconf 88' lang='lat' dir='ltr'><strong>probrosum</strong></span> <span class='ocrx_word' id='word_1_214' title='bbox 875 2329 1074 2397; x_wconf 87' lang='lat' dir='ltr'><strong>aliquid</strong></span> <span class='ocrx_word' id='word_1_215' title='bbox 1104 2328 1447 2397; x_wconf 72' lang='lat' dir='ltr'><strong>significare,</strong></span> <span class='ocrx_word' id='word_1_216' title='bbox 1484 2332 1568 2387; x_wconf 87' lang='lat' dir='ltr'><strong>vel</strong></span> <span class='ocrx_word' id='word_1_217' title='bbox 1611 2333 1861 2388; x_wconf 90' lang='lat' dir='ltr'><strong>servilem</strong></span> <span class='ocrx_word' id='word_1_218' title='bbox 1899 2332 2089 2387; x_wconf 85' lang='lat' dir='ltr'><strong>condi-</strong></span> 
     </span>
    </p>
   </div>
   <div class='ocr_carea' id='block_1_31' title="bbox 509 2397 2085 2472">
    <p class='ocr_par' dir='ltr' id='par_1_31' title="bbox 509 2397 2085 2472">
     <span class='ocr_line' id='line_1_31' title="bbox 509 2397 2085 2472; baseline 0.005 -21"><span class='ocrx_word' id='word_1_219' title='bbox 509 2397 710 2472; x_wconf 79' lang='lat' dir='ltr'><strong>tionem</strong></span> <span class='ocrx_word' id='word_1_220' title='bbox 761 2400 1122 2472; x_wconf 72' lang='lat' dir='ltr'><strong>importasse,</strong></span> <span class='ocrx_word' id='word_1_221' title='bbox 1149 2406 1477 2472; x_wconf 88' lang='lat' dir='ltr'><strong>conveniunt</strong></span> <span class='ocrx_word' id='word_1_222' title='bbox 1524 2418 1713 2458; x_wconf 87' lang='lat' dir='ltr'><strong>omnes</strong></span> <span class='ocrx_word' id='word_1_223' title='bbox 1749 2404 2043 2472; x_wconf 85' lang='lat' dir='ltr'><strong>scriptores</strong></span> <span class='ocrx_word' id='word_1_224' title='bbox 2068 2449 2085 2469; x_wconf 84' lang='lat'><strong>,</strong></span> 
     </span>
    </p>
   </div>
   <div class='ocr_carea' id='block_1_32' title="bbox 509 2469 2087 2541">
    <p class='ocr_par' dir='ltr' id='par_1_32' title="bbox 509 2469 2087 2541">
     <span class='ocr_line' id='line_1_32' title="bbox 509 2469 2087 2541; baseline 0.004 -20"><span class='ocrx_word' id='word_1_225' title='bbox 509 2469 709 2541; x_wconf 67' lang='lat' dir='ltr'><strong>quibus</strong></span> <span class='ocrx_word' id='word_1_226' title='bbox 728 2470 1050 2540; x_wconf 78' lang='lat' dir='ltr'><strong>suffragatur</strong></span> <span class='ocrx_word' id='word_1_227' title='bbox 1066 2470 1483 2541; x_wconf 80' lang='lat' dir='ltr'><strong>Christophorus</strong></span> <span class='ocrx_word' id='word_1_228' title='bbox 1498 2473 1746 2539; x_wconf 80' lang='lat' dir='ltr'><strong>Wolﬁus,</strong></span> <span class='ocrx_word' id='word_1_229' title='bbox 1764 2469 2087 2539; x_wconf 52' lang='lat' dir='ltr'><strong>Gat&#39;akerus,</strong></span> 
     </span>
    </p>
   </div>
   <div class='ocr_carea' id='block_1_33' title="bbox 510 2538 2086 2612">
    <p class='ocr_par' dir='ltr' id='par_1_33' title="bbox 510 2538 2086 2612">
     <span class='ocr_line' id='line_1_33' title="bbox 510 2538 2086 2612; baseline 0.004 -20"><span class='ocrx_word' id='word_1_230' title='bbox 510 2538 803 2610; x_wconf 78' lang='lat' dir='ltr'><strong>lienagius.</strong></span> <span class='ocrx_word' id='word_1_231' title='bbox 833 2552 885 2597; x_wconf 91' lang='lat' dir='ltr'><strong>et</strong></span> <span class='ocrx_word' id='word_1_232' title='bbox 900 2538 1089 2597; x_wconf 59' lang='lat' dir='ltr'><strong>caeteri</strong></span> <span class='ocrx_word' id='word_1_233' title='bbox 1129 2556 1195 2596; x_wconf 84' lang='lat' dir='ltr'><strong>ex</strong></span> <span class='ocrx_word' id='word_1_234' title='bbox 1226 2538 1635 2601; x_wconf 77' lang='lat' dir='ltr'><strong>recentioribus.</strong></span> <span class='ocrx_word' id='word_1_235' title='bbox 1671 2538 1771 2612; x_wconf 84' lang='lat' dir='ltr'><strong>Qui</strong></span> <span class='ocrx_word' id='word_1_236' title='bbox 1806 2546 1953 2599; x_wconf 86' lang='lat' dir='ltr'><strong>aiunt</strong></span> <span class='ocrx_word' id='word_1_237' title='bbox 1979 2538 2086 2599; x_wconf 62' lang='lat' dir='ltr'><strong>Doé</strong></span> 
     </span>
    </p>
   </div>
   <div class='ocr_carea' id='block_1_34' title="bbox 511 2613 2088 2683">
    <p class='ocr_par' dir='ltr' id='par_1_34' title="bbox 511 2613 2088 2683">
     <span class='ocr_line' id='line_1_34' title="bbox 511 2613 2088 2683; baseline 0.003 -19"><span class='ocrx_word' id='word_1_238' title='bbox 511 2613 730 2683; x_wconf 62' lang='lat' dir='ltr'><strong>mettica</strong></span> <span class='ocrx_word' id='word_1_239' title='bbox 759 2614 980 2683; x_wconf 71' lang='lat' dir='ltr'><strong>fortuna:</strong></span> <span class='ocrx_word' id='word_1_240' title='bbox 1008 2629 1071 2668; x_wconf 83' lang='lat' dir='ltr'><strong>ne</strong></span> <span class='ocrx_word' id='word_1_241' title='bbox 1098 2613 1192 2667; x_wconf 80' lang='lat' dir='ltr'><strong>sibi</strong></span> <span class='ocrx_word' id='word_1_242' title='bbox 1226 2615 1474 2683; x_wconf 13' lang='lat' dir='ltr'><strong>ivitupen’i</strong></span> <span class='ocrx_word' id='word_1_243' title='bbox 1517 2627 1690 2669; x_wconf 84' lang='lat' dir='ltr'><strong>notam</strong></span> <span class='ocrx_word' id='word_1_244' title='bbox 1731 2618 1985 2682; x_wconf 85' lang='lat' dir='ltr'><strong>inureret,</strong></span> <span class='ocrx_word' id='word_1_245' title='bbox 2036 2618 2088 2669; x_wconf 87' lang='lat' dir='ltr'><strong>in</strong></span> 
     </span>
    </p>
   </div>
   <div class='ocr_carea' id='block_1_35' title="bbox 510 2679 2087 2755">
    <p class='ocr_par' dir='ltr' id='par_1_35' title="bbox 510 2679 2087 2755">
     <span class='ocr_line' id='line_1_35' title="bbox 510 2679 2087 2755; baseline 0.006 -22"><span class='ocrx_word' id='word_1_246' title='bbox 510 2679 722 2755; x_wconf 67' lang='lat' dir='ltr'><strong>Manent</strong></span> <span class='ocrx_word' id='word_1_247' title='bbox 744 2679 979 2755; x_wconf 65' lang='lat' dir='ltr'><strong>mutavit.</strong></span> <span class='ocrx_word' id='word_1_248' title='bbox 1002 2685 1056 2738; x_wconf 89' lang='lat' dir='ltr'><strong>Si</strong></span> <span class='ocrx_word' id='word_1_249' title='bbox 1105 2682 1286 2752; x_wconf 63' lang='lat' dir='ltr'><strong>patria:</strong></span> <span class='ocrx_word' id='word_1_250' title='bbox 1309 2683 1471 2755; x_wconf 87' lang='lat' dir='ltr'><strong>igitur</strong></span> <span class='ocrx_word' id='word_1_251' title='bbox 1500 2685 1703 2740; x_wconf 84' lang='lat' dir='ltr'><strong>Cubrt&#39;ci</strong></span> <span class='ocrx_word' id='word_1_252' title='bbox 1728 2702 1947 2750; x_wconf 81' lang='lat' dir='ltr'><strong>nomen,</strong></span> <span class='ocrx_word' id='word_1_253' title='bbox 1972 2679 2087 2742; x_wconf 77' lang='lat' dir='ltr'><strong>non</strong></span> 
     </span>
    </p>
   </div>
   <div class='ocr_carea' id='block_1_36' title="bbox 508 2752 2089 2823">
    <p class='ocr_par' dir='ltr' id='par_1_36' title="bbox 508 2752 2089 2823">
     <span class='ocr_line' id='line_1_36' title="bbox 508 2752 2089 2823; baseline 0.006 -19"><span class='ocrx_word' id='word_1_254' title='bbox 508 2752 787 2823; x_wconf 73' lang='lat' dir='ltr'><strong>servitutis</strong></span> <span class='ocrx_word' id='word_1_255' title='bbox 814 2754 1024 2820; x_wconf 81' lang='lat' dir='ltr'><strong>fuisset,</strong></span> <span class='ocrx_word' id='word_1_256' title='bbox 1053 2752 1353 2823; x_wconf 63' lang='lat' dir='ltr'><strong>numquam</strong></span> <span class='ocrx_word' id='word_1_257' title='bbox 1382 2757 1511 2810; x_wconf 88' lang='lat' dir='ltr'><strong>illttd</strong></span> <span class='ocrx_word' id='word_1_258' title='bbox 1544 2768 1823 2821; x_wconf 86' lang='lat' dir='ltr'><strong>mutasset,</strong></span> <span class='ocrx_word' id='word_1_259' title='bbox 1858 2767 1913 2812; x_wconf 90' lang='lat' dir='ltr'><strong>ttt</strong></span> <span class='ocrx_word' id='word_1_260' title='bbox 1936 2757 2089 2812; x_wconf 85' lang='lat' dir='ltr'><strong>Wol-</strong></span> 
     </span>
    </p>
   </div>
   <div class='ocr_carea' id='block_1_37' title="bbox 510 2820 2083 2884">
    <p class='ocr_par' dir='ltr' id='par_1_37' title="bbox 510 2820 2083 2884">
     <span class='ocr_line' id='line_1_37' title="bbox 510 2820 2083 2884; baseline 0.005 -8"><span class='ocrx_word' id='word_1_261' title='bbox 510 2820 613 2877; x_wconf 75' lang='lat' dir='ltr'><strong>ﬁus</strong></span> <span class='ocrx_word' id='word_1_262' title='bbox 638 2825 940 2881; x_wconf 86' lang='lat' dir='ltr'><strong>ratiocinari</strong></span> <span class='ocrx_word' id='word_1_263' title='bbox 988 2820 1278 2880; x_wconf 40' lang='lat' dir='ltr'><strong>videtur—in</strong></span> <span class='ocrx_word' id='word_1_264' title='bbox 1310 2828 1450 2881; x_wconf 90' lang='lat' dir='ltr'><strong>notis</strong></span> <span class='ocrx_word' id='word_1_265' title='bbox 1473 2827 1540 2881; x_wconf 92' lang='lat' dir='ltr'><strong>ad</strong></span> <span class='ocrx_word' id='word_1_266' title='bbox 1583 2828 1759 2883; x_wconf 91' lang='lat' dir='ltr'><strong>Photii</strong></span> <span class='ocrx_word' id='word_1_267' title='bbox 1799 2829 2083 2884; x_wconf 87' lang='lat' dir='ltr'><strong>Ilistoriam</strong></span> 
     </span>
    </p>
   </div>
   <div class='ocr_carea' id='block_1_38' title="bbox 509 2894 2085 2971">
    <p class='ocr_par' dir='ltr' id='par_1_38' title="bbox 509 2894 2085 2971">
     <span class='ocr_line' id='line_1_38' title="bbox 509 2894 2085 2971; baseline 0.006 -25"><span class='ocrx_word' id='word_1_268' title='bbox 509 2902 696 2971; x_wconf 69' lang='lat' dir='ltr'><strong>contra</strong></span> <span class='ocrx_word' id='word_1_269' title='bbox 722 2894 1043 2971; x_wconf 51' lang='lat' dir='ltr'><strong>Manichacus</strong></span> <span class='ocrx_word' id='word_1_270' title='bbox 1063 2897 1443 2971; x_wconf 81' lang='lat' dir='ltr'><strong>conscriptam.</strong></span> <span class='ocrx_word' id='word_1_271' title='bbox 1465 2898 1640 2955; x_wconf 86' lang='lat' dir='ltr'><strong>Taceo</strong></span> <span class='ocrx_word' id='word_1_272' title='bbox 1658 2899 1874 2971; x_wconf 90' lang='lat' dir='ltr'><strong>(inquit)</strong></span> <span class='ocrx_word' id='word_1_273' title='bbox 1891 2916 2085 2955; x_wconf 89' lang='lat' dir='ltr'><strong>nomen</strong></span> 
     </span>
    </p>
   </div>
   <div class='ocr_carea' id='block_1_39' title="bbox 510 2966 2085 3039">
    <p class='ocr_par' dir='ltr' id='par_1_39' title="bbox 510 2966 2085 3039">
     <span class='ocr_line' id='line_1_39' title="bbox 510 2966 2085 3039; baseline 0.004 -21"><span class='ocrx_word' id='word_1_274' title='bbox 510 2966 705 3039; x_wconf 75' lang='lat' dir='ltr'><strong>servile</strong></span> <span class='ocrx_word' id='word_1_275' title='bbox 741 2968 945 3022; x_wconf 91' lang='lat' dir='ltr'><strong>homini</strong></span> <span class='ocrx_word' id='word_1_276' title='bbox 986 2967 1156 3039; x_wconf 80' lang='lat' dir='ltr'><strong>libero</strong></span> <span class='ocrx_word' id='word_1_277' title='bbox 1181 2966 1415 3039; x_wconf 87' lang='lat' dir='ltr'><strong>dedecus</strong></span> <span class='ocrx_word' id='word_1_278' title='bbox 1461 2966 1710 3039; x_wconf 84' lang='lat' dir='ltr'><strong>quidem,</strong></span> <span class='ocrx_word' id='word_1_279' title='bbox 1756 2966 1863 3025; x_wconf 79' lang='lat' dir='ltr'><strong>non</strong></span> <span class='ocrx_word' id='word_1_280' title='bbox 1906 2979 2085 3025; x_wconf 89' lang='lat' dir='ltr'><strong>autem</strong></span> 
     </span>
    </p>
   </div>
   <div class='ocr_carea' id='block_1_40' title="bbox 509 3032 2089 3125">
    <p class='ocr_par' dir='ltr' id='par_1_40' title="bbox 509 3032 2089 3125">
     <span class='ocr_line' id='line_1_40' title="bbox 509 3032 2089 3125; baseline 0.005 -37"><span class='ocrx_word' id='word_1_281' title='bbox 509 3035 822 3125; x_wconf 52' lang='lat' dir='ltr'><strong>{ervitutem</strong></span> <span class='ocrx_word' id='word_1_282' title='bbox 846 3032 1135 3125; x_wconf 59' lang='lat' dir='ltr'><strong>conciliare</strong></span> <span class='ocrx_word' id='word_1_283' title='bbox 1152 3052 1329 3105; x_wconf 87' lang='lat' dir='ltr'><strong>posse.</strong></span> <span class='ocrx_word' id='word_1_284' title='bbox 1358 3032 1574 3125; x_wconf 72' lang='lat' dir='ltr'><strong>Interim</strong></span> <span class='ocrx_word' id='word_1_285' title='bbox 1601 3032 1811 3098; x_wconf 81' lang='lat' dir='ltr'><strong>mireris</strong></span> <span class='ocrx_word' id='word_1_286' title='bbox 1831 3042 2089 3125; x_wconf 64' lang='lat' dir='ltr'><strong>(subiicit)</strong></span> 
     </span>
    </p>
   </div>
   <div class='ocr_carea' id='block_1_41' title="bbox 510 3104 2088 3169">
    <p class='ocr_par' dir='ltr' id='par_1_41' title="bbox 510 3104 2088 3169">
     <span class='ocr_line' id='line_1_41' title="bbox 510 3104 2088 3169; baseline 0.006 -10"><span class='ocrx_word' id='word_1_287' title='bbox 510 3104 782 3163; x_wconf 82' lang='lat' dir='ltr'><strong>hominem</strong></span> <span class='ocrx_word' id='word_1_288' title='bbox 816 3109 1013 3165; x_wconf 88' lang='lat' dir='ltr'><strong>servile</strong></span> <span class='ocrx_word' id='word_1_289' title='bbox 1041 3104 1235 3164; x_wconf 84' lang='lat' dir='ltr'><strong>nomen</strong></span> <span class='ocrx_word' id='word_1_290' title='bbox 1270 3125 1391 3165; x_wconf 92' lang='lat' dir='ltr'><strong>cum</strong></span> <span class='ocrx_word' id='word_1_291' title='bbox 1422 3111 1592 3167; x_wconf 89' lang='lat' dir='ltr'><strong>altero</strong></span> <span class='ocrx_word' id='word_1_292' title='bbox 1628 3127 1734 3167; x_wconf 94' lang='lat' dir='ltr'><strong>non</strong></span> <span class='ocrx_word' id='word_1_293' title='bbox 1781 3104 1968 3168; x_wconf 66' lang='lat' dir='ltr'><strong>minus&#39;</strong></span> <span class='ocrx_word' id='word_1_294' title='bbox 1994 3104 2088 3169; x_wconf 84' lang='lat' dir='ltr'><strong>tali</strong></span> 
     </span>
    </p>
   </div>
   <div class='ocr_carea' id='block_1_42' title="bbox 507 3179 2089 3250">
    <p class='ocr_par' dir='ltr' id='par_1_42' title="bbox 507 3179 2089 3250">
     <span class='ocr_line' id='line_1_42' title="bbox 507 3179 2089 3250; baseline 0.005 -20"><span class='ocrx_word' id='word_1_295' title='bbox 507 3188 867 3250; x_wconf 75' lang='lat' dir='ltr'><strong>permutasse.</strong></span> <span class='ocrx_word' id='word_1_296' title='bbox 894 3179 1075 3234; x_wconf 78' lang='lat' dir='ltr'><strong>Manes</strong></span> <span class='ocrx_word' id='word_1_297' title='bbox 1104 3181 1244 3235; x_wconf 87' lang='lat' dir='ltr'><strong>enim</strong></span> <span class='ocrx_word' id='word_1_298' title='bbox 1268 3180 1407 3250; x_wconf 87' lang='lat' dir='ltr'><strong>apud</strong></span> <span class='ocrx_word' id='word_1_299' title='bbox 1438 3181 1658 3237; x_wconf 67' lang='lat' dir='ltr'><strong>Graecos</strong></span> <span class='ocrx_word' id='word_1_300' title='bbox 1687 3184 1899 3247; x_wconf 86' lang='lat' dir='ltr'><strong>saltem.</strong></span> <span class='ocrx_word' id='word_1_301' title='bbox 1930 3185 2089 3238; x_wconf 84' lang='lat' dir='ltr'><strong>servi-</strong></span> 
     </span>
    </p>
   </div>
   <div class='ocr_carea' id='block_1_43' title="bbox 2178 554 3747 626">
    <p class='ocr_par' dir='ltr' id='par_1_43' title="bbox 2178 554 3747 626">
     <span class='ocr_line' id='line_1_43' title="bbox 2178 554 3747 626; baseline -0.001 -15"><span class='ocrx_word' id='word_1_302' title='bbox 2178 554 2607 626; x_wconf 82' lang='lat' dir='ltr'><strong>suggestionibus</strong></span> <span class='ocrx_word' id='word_1_303' title='bbox 2637 556 2870 626; x_wconf 88' lang='lat' dir='ltr'><strong>decepti,</strong></span> <span class='ocrx_word' id='word_1_304' title='bbox 2897 554 3086 609; x_wconf 90' lang='lat' dir='ltr'><strong>mortis</strong></span> <span class='ocrx_word' id='word_1_305' title='bbox 3114 555 3338 608; x_wconf 92' lang='lat' dir='ltr'><strong>horrore</strong></span> <span class='ocrx_word' id='word_1_306' title='bbox 3364 567 3615 626; x_wconf 71' lang='lat' dir='ltr'><strong>excusso,</strong></span> <span class='ocrx_word' id='word_1_307' title='bbox 3658 570 3747 609; x_wconf 81' lang='lat' dir='ltr'><strong>ve-</strong></span> 
     </span>
    </p>
   </div>
   <div class='ocr_carea' id='block_1_44' title="bbox 2178 624 3750 690">
    <p class='ocr_par' dir='ltr' id='par_1_44' title="bbox 2178 624 3750 690">
     <span class='ocr_line' id='line_1_44' title="bbox 2178 624 3750 690; baseline -0.001 -8"><span class='ocrx_word' id='word_1_308' title='bbox 2178 624 2330 682; x_wconf 82' lang='lat' dir='ltr'><strong>titum</strong></span> <span class='ocrx_word' id='word_1_309' title='bbox 2378 628 2607 682; x_wconf 92' lang='lat' dir='ltr'><strong>fructum</strong></span> <span class='ocrx_word' id='word_1_310' title='bbox 2640 624 2927 683; x_wconf 85' lang='lat' dir='ltr'><strong>temerario</strong></span> <span class='ocrx_word' id='word_1_311' title='bbox 2956 641 3086 681; x_wconf 88' lang='lat' dir='ltr'><strong>ausu</strong></span> <span class='ocrx_word' id='word_1_312' title='bbox 3121 627 3497 688; x_wconf 85' lang='lat' dir='ltr'><strong>arripuerunt,</strong></span> <span class='ocrx_word' id='word_1_313' title='bbox 3529 624 3750 690; x_wconf 77' lang='lat' dir='ltr'><strong>indeque</strong></span> 
     </span>
    </p>
   </div>
   <div class='ocr_carea' id='block_1_45' title="bbox 2175 695 3753 764">
    <p class='ocr_par' dir='ltr' id='par_1_45' title="bbox 2175 695 3753 764">
     <span class='ocr_line' id='line_1_45' title="bbox 2175 695 3753 764; baseline -0.003 -10"><span class='ocrx_word' id='word_1_314' title='bbox 2175 698 2545 754; x_wconf 90' lang='lat' dir='ltr'><strong>comederunt.</strong></span> <span class='ocrx_word' id='word_1_315' title='bbox 2580 696 2868 764; x_wconf 80' lang='lat' dir='ltr'><strong>Przeterea,</strong></span> <span class='ocrx_word' id='word_1_316' title='bbox 2902 706 2957 750; x_wconf 94' lang='lat' dir='ltr'><strong>ut</strong></span> <span class='ocrx_word' id='word_1_317' title='bbox 2984 708 3039 751; x_wconf 85' lang='lat' dir='ltr'><strong>et</strong></span> <span class='ocrx_word' id='word_1_318' title='bbox 3065 697 3165 750; x_wconf 90' lang='lat' dir='ltr'><strong>alia</strong></span> <span class='ocrx_word' id='word_1_319' title='bbox 3198 695 3439 763; x_wconf 82' lang='lat' dir='ltr'><strong>exempla</strong></span> <span class='ocrx_word' id='word_1_320' title='bbox 3470 711 3536 750; x_wconf 87' lang='lat' dir='ltr'><strong>ex</strong></span> <span class='ocrx_word' id='word_1_321' title='bbox 3567 695 3753 750; x_wconf 87' lang='lat' dir='ltr'><strong>divinis</strong></span> 
     </span>
    </p>
   </div>
   <div class='ocr_carea' id='block_1_46' title="bbox 2178 765 3749 836">
    <p class='ocr_par' dir='ltr' id='par_1_46' title="bbox 2178 765 3749 836">
     <span class='ocr_line' id='line_1_46' title="bbox 2178 765 3749 836; baseline -0.003 -11"><span class='ocrx_word' id='word_1_322' title='bbox 2178 771 2368 825; x_wconf 82' lang='lat' dir='ltr'><strong>litteris</strong></span> <span class='ocrx_word' id='word_1_323' title='bbox 2389 769 2669 836; x_wconf 87' lang='lat' dir='ltr'><strong>desumpta</strong></span> <span class='ocrx_word' id='word_1_324' title='bbox 2703 772 2864 823; x_wconf 85' lang='lat' dir='ltr'><strong>missa</strong></span> <span class='ocrx_word' id='word_1_325' title='bbox 2890 767 3178 833; x_wconf 80' lang='lat' dir='ltr'><strong>faciamus,</strong></span> <span class='ocrx_word' id='word_1_326' title='bbox 3208 781 3386 819; x_wconf 87' lang='lat' dir='ltr'><strong>nonne</strong></span> <span class='ocrx_word' id='word_1_327' title='bbox 3416 765 3597 819; x_wconf 86' lang='lat' dir='ltr'><strong>divina</strong></span> <span class='ocrx_word' id='word_1_328' title='bbox 3628 765 3749 821; x_wconf 84' lang='lat' dir='ltr'><strong>Pro-</strong></span> 
     </span>
    </p>
   </div>
   <div class='ocr_carea' id='block_1_47' title="bbox 2178 836 3749 908">
    <p class='ocr_par' dir='ltr' id='par_1_47' title="bbox 2178 836 3749 908">
     <span class='ocr_line' id='line_1_47' title="bbox 2178 836 3749 908; baseline -0.003 -13"><span class='ocrx_word' id='word_1_329' title='bbox 2178 841 2414 895; x_wconf 89' lang='lat' dir='ltr'><strong>videntia</strong></span> <span class='ocrx_word' id='word_1_330' title='bbox 2436 841 2752 908; x_wconf 77' lang='lat' dir='ltr'><strong>diSpositnm</strong></span> <span class='ocrx_word' id='word_1_331' title='bbox 2775 849 2856 895; x_wconf 87' lang='lat' dir='ltr'><strong>est</strong></span> <span class='ocrx_word' id='word_1_332' title='bbox 2878 849 2936 894; x_wconf 92' lang='lat' dir='ltr'><strong>ut</strong></span> <span class='ocrx_word' id='word_1_333' title='bbox 2961 855 3205 895; x_wconf 86' lang='lat' dir='ltr'><strong>carceres</strong></span> <span class='ocrx_word' id='word_1_334' title='bbox 3221 882 3235 904; x_wconf 94' lang='lat'><strong>,</strong></span> <span class='ocrx_word' id='word_1_335' title='bbox 3265 836 3481 891; x_wconf 87' lang='lat' dir='ltr'><strong>vincula</strong></span> <span class='ocrx_word' id='word_1_336' title='bbox 3502 878 3516 896; x_wconf 84' lang='lat'><strong>.</strong></span> <span class='ocrx_word' id='word_1_337' title='bbox 3552 852 3749 903; x_wconf 80' lang='lat' dir='ltr'><strong>cruces,</strong></span> 
     </span>
    </p>
   </div>
   <div class='ocr_carea' id='block_1_48' title="bbox 2179 909 3755 981">
    <p class='ocr_par' dir='ltr' id='par_1_48' title="bbox 2179 909 3755 981">
     <span class='ocr_line' id='line_1_48' title="bbox 2179 909 3755 981; baseline -0.003 -16"><span class='ocrx_word' id='word_1_338' title='bbox 2179 920 2408 968; x_wconf 91' lang='lat' dir='ltr'><strong>tortores</strong></span> <span class='ocrx_word' id='word_1_339' title='bbox 2428 953 2444 978; x_wconf 91' lang='lat'><strong>,</strong></span> <span class='ocrx_word' id='word_1_340' title='bbox 2479 914 2692 966; x_wconf 89' lang='lat' dir='ltr'><strong>nomina</strong></span> <span class='ocrx_word' id='word_1_341' title='bbox 2719 921 2773 964; x_wconf 91' lang='lat' dir='ltr'><strong>et</strong></span> <span class='ocrx_word' id='word_1_342' title='bbox 2802 910 3159 981; x_wconf 84' lang='lat' dir='ltr'><strong>proprietates</strong></span> <span class='ocrx_word' id='word_1_343' title='bbox 3187 909 3427 963; x_wconf 88' lang='lat' dir='ltr'><strong>horroris</strong></span> <span class='ocrx_word' id='word_1_344' title='bbox 3452 909 3755 981; x_wconf 63' lang='lat' dir='ltr'><strong>plenasob-</strong></span> 
     </span>
    </p>
   </div>
   <div class='ocr_carea' id='block_1_49' title="bbox 2178 978 3755 1048">
    <p class='ocr_par' dir='ltr' id='par_1_49' title="bbox 2178 978 3755 1048">
     <span class='ocr_line' id='line_1_49' title="bbox 2178 978 3755 1048; baseline -0.004 -11"><span class='ocrx_word' id='word_1_345' title='bbox 2178 985 2433 1045; x_wconf 80' lang='lat' dir='ltr'><strong>tittcrettt,</strong></span> <span class='ocrx_word' id='word_1_346' title='bbox 2485 982 2548 1037; x_wconf 80' lang='lat' dir='ltr'><strong>ad</strong></span> <span class='ocrx_word' id='word_1_347' title='bbox 2593 978 2816 1048; x_wconf 63' lang='lat' dir='ltr'><strong>justitiaé</strong></span> <span class='ocrx_word' id='word_1_348' title='bbox 2855 978 2971 1047; x_wconf 13' lang='lat' dir='ltr'><strong>ittﬁra</strong></span> <span class='ocrx_word' id='word_1_349' title='bbox 3013 982 3303 1039; x_wconf 69' lang='lat' dir='ltr'><strong>servanda.</strong></span> <span class='ocrx_word' id='word_1_350' title='bbox 3351 990 3405 1034; x_wconf 90' lang='lat' dir='ltr'><strong>et</strong></span> <span class='ocrx_word' id='word_1_351' title='bbox 3452 978 3755 1043; x_wconf 70' lang='lat' dir='ltr'><strong>reipublicae</strong></span> 
     </span>
    </p>
   </div>
   <div class='ocr_carea' id='block_1_50' title="bbox 2178 1049 3754 1121">
    <p class='ocr_par' dir='ltr' id='par_1_50' title="bbox 2178 1049 3754 1121">
     <span class='ocr_line' id='line_1_50' title="bbox 2178 1049 3754 1121; baseline -0.006 -13"><span class='ocrx_word' id='word_1_352' title='bbox 2178 1056 2474 1114; x_wconf 76' lang='lat' dir='ltr'><strong>munimen.</strong></span> <span class='ocrx_word' id='word_1_353' title='bbox 2508 1065 2558 1108; x_wconf 90' lang='lat' dir='ltr'><strong>et</strong></span> <span class='ocrx_word' id='word_1_354' title='bbox 2585 1053 3022 1121; x_wconf 86' lang='lat' dir='ltr'><strong>tranquillitatem</strong></span> <span class='ocrx_word' id='word_1_355' title='bbox 3054 1053 3351 1106; x_wconf 88' lang='lat' dir='ltr'><strong>habendam</strong></span> <span class='ocrx_word' id='word_1_356' title='bbox 3370 1051 3395 1101; x_wconf 69' lang='lat'><strong>7</strong></span> <span class='ocrx_word' id='word_1_357' title='bbox 3418 1049 3489 1105; x_wconf 89' lang='lat' dir='ltr'><strong>Ut</strong></span> <span class='ocrx_word' id='word_1_358' title='bbox 3514 1049 3754 1103; x_wconf 87' lang='lat' dir='ltr'><strong>nimirum</strong></span> 
     </span>
    </p>
   </div>
   <div class='ocr_carea' id='block_1_51' title="bbox 2179 1122 3753 1200">
    <p class='ocr_par' dir='ltr' id='par_1_51' title="bbox 2179 1122 3753 1200">
     <span class='ocr_line' id='line_1_51' title="bbox 2179 1122 3753 1200; baseline -0.005 -21"><span class='ocrx_word' id='word_1_359' title='bbox 2179 1140 2458 1194; x_wconf 71' lang='lat' dir='ltr'><strong>pmnarnm</strong></span> <span class='ocrx_word' id='word_1_360' title='bbox 2489 1126 2943 1200; x_wconf 76' lang='lat' dir='ltr'><strong>timorecorrepti</strong></span> <span class='ocrx_word' id='word_1_361' title='bbox 2972 1123 3250 1200; x_wconf 77' lang='lat' dir='ltr'><strong>homines,</strong></span> <span class='ocrx_word' id='word_1_362' title='bbox 3278 1122 3519 1176; x_wconf 79' lang='lat' dir='ltr'><strong>facinora</strong></span> <span class='ocrx_word' id='word_1_363' title='bbox 3567 1134 3753 1200; x_wconf 45' lang='lat' dir='ltr'><strong>praeca:</strong></span> 
     </span>
    </p>
   </div>
   <div class='ocr_carea' id='block_1_52' title="bbox 2177 1191 3756 1261">
    <p class='ocr_par' dir='ltr' id='par_1_52' title="bbox 2177 1191 3756 1261">
     <span class='ocr_line' id='line_1_52' title="bbox 2177 1191 3756 1261; baseline -0.004 -12"><span class='ocrx_word' id='word_1_364' title='bbox 2177 1191 2386 1259; x_wconf 82' lang='lat' dir='ltr'><strong>verent,</strong></span> <span class='ocrx_word' id='word_1_365' title='bbox 2435 1211 2502 1251; x_wconf 92' lang='lat' dir='ltr'><strong>ne</strong></span> <span class='ocrx_word' id='word_1_366' title='bbox 2542 1196 2607 1249; x_wconf 87' lang='lat' dir='ltr'><strong>ad</strong></span> <span class='ocrx_word' id='word_1_367' title='bbox 2654 1196 2740 1250; x_wconf 91' lang='lat' dir='ltr'><strong>illa</strong></span> <span class='ocrx_word' id='word_1_368' title='bbox 2796 1195 2933 1250; x_wconf 90' lang='lat' dir='ltr'><strong>mala</strong></span> <span class='ocrx_word' id='word_1_369' title='bbox 2975 1195 3255 1250; x_wconf 85' lang='lat' dir='ltr'><strong>subeunda</strong></span> <span class='ocrx_word' id='word_1_370' title='bbox 3303 1191 3671 1261; x_wconf 81' lang='lat' dir='ltr'><strong>cogerentur?</strong></span> <span class='ocrx_word' id='word_1_371' title='bbox 3709 1192 3756 1243; x_wconf 71' lang='lat' dir='ltr'><strong>Si</strong></span> 
     </span>
    </p>
   </div>
   <div class='ocr_carea' id='block_1_53' title="bbox 2180 1262 3752 1342">
    <p class='ocr_par' dir='ltr' id='par_1_53' title="bbox 2180 1262 3752 1342">
     <span class='ocr_line' id='line_1_53' title="bbox 2180 1262 3752 1342; baseline -0.004 -22"><span class='ocrx_word' id='word_1_372' title='bbox 2180 1282 2339 1342; x_wconf 83' lang='lat' dir='ltr'><strong>nemo</strong></span> <span class='ocrx_word' id='word_1_373' title='bbox 2370 1282 2497 1337; x_wconf 86' lang='lat' dir='ltr'><strong>ergo</strong></span> <span class='ocrx_word' id='word_1_374' title='bbox 2525 1266 2649 1342; x_wconf 82' lang='lat' dir='ltr'><strong>(nisi</strong></span> <span class='ocrx_word' id='word_1_375' title='bbox 2677 1266 2989 1342; x_wconf 81' lang='lat' dir='ltr'><strong>sacrilegus)</strong></span> <span class='ocrx_word' id='word_1_376' title='bbox 3026 1264 3369 1342; x_wconf 57' lang='lat' dir='ltr'><strong>respondere</strong></span> <span class='ocrx_word' id='word_1_377' title='bbox 3392 1271 3579 1331; x_wconf 84' lang='lat' dir='ltr'><strong>posset</strong></span> <span class='ocrx_word' id='word_1_378' title='bbox 3605 1262 3752 1342; x_wconf 77' lang='lat' dir='ltr'><strong>Deum</strong></span> 
     </span>
    </p>
   </div>
   <div class='ocr_carea' id='block_1_54' title="bbox 2181 1334 3754 1407">
    <p class='ocr_par' dir='ltr' id='par_1_54' title="bbox 2181 1334 3754 1407">
     <span class='ocr_line' id='line_1_54' title="bbox 2181 1334 3754 1407; baseline -0.006 -15"><span class='ocrx_word' id='word_1_379' title='bbox 2181 1338 2358 1391; x_wconf 90' lang='lat' dir='ltr'><strong>minus</strong></span> <span class='ocrx_word' id='word_1_380' title='bbox 2384 1334 2607 1407; x_wconf 72' lang='lat' dir='ltr'><strong>sapienti</strong></span> <span class='ocrx_word' id='word_1_381' title='bbox 2646 1354 2739 1392; x_wconf 87' lang='lat' dir='ltr'><strong>sua</strong></span> <span class='ocrx_word' id='word_1_382' title='bbox 2771 1334 3102 1407; x_wconf 83' lang='lat' dir='ltr'><strong>providentia</strong></span> <span class='ocrx_word' id='word_1_383' title='bbox 3132 1334 3465 1406; x_wconf 78' lang='lat' dir='ltr'><strong>disposuisse</strong></span> <span class='ocrx_word' id='word_1_384' title='bbox 3496 1342 3559 1407; x_wconf 84' lang='lat' dir='ltr'><strong>ut</strong></span> <span class='ocrx_word' id='word_1_385' title='bbox 3588 1334 3754 1399; x_wconf 86' lang='lat' dir='ltr'><strong>primis</strong></span> 
     </span>
    </p>
   </div>
   <div class='ocr_carea' id='block_1_55' title="bbox 2180 1405 3754 1483">
    <p class='ocr_par' dir='ltr' id='par_1_55' title="bbox 2180 1405 3754 1483">
     <span class='ocr_line' id='line_1_55' title="bbox 2180 1405 3754 1483; baseline -0.003 -21"><span class='ocrx_word' id='word_1_386' title='bbox 2180 1405 2492 1483; x_wconf 72' lang='lat' dir='ltr'><strong>parentibus</strong></span> <span class='ocrx_word' id='word_1_387' title='bbox 2535 1424 2710 1477; x_wconf 87' lang='lat' dir='ltr'><strong>mors,</strong></span> <span class='ocrx_word' id='word_1_388' title='bbox 2752 1405 2910 1483; x_wconf 82' lang='lat' dir='ltr'><strong>quam</strong></span> <span class='ocrx_word' id='word_1_389' title='bbox 2942 1408 3132 1462; x_wconf 90' lang='lat' dir='ltr'><strong>horum</strong></span> <span class='ocrx_word' id='word_1_390' title='bbox 3168 1405 3358 1483; x_wconf 79' lang='lat' dir='ltr'><strong>natura</strong></span> <span class='ocrx_word' id='word_1_391' title='bbox 3385 1405 3627 1483; x_wconf 73' lang='lat' dir='ltr'><strong>maxime</strong></span> <span class='ocrx_word' id='word_1_392' title='bbox 3655 1418 3754 1483; x_wconf 46' lang='lat' dir='ltr'><strong>per:</strong></span> 
     </span>
    </p>
   </div>
   <div class='ocr_carea' id='block_1_56' title="bbox 2184 1477 3750 1557">
    <p class='ocr_par' dir='ltr' id='par_1_56' title="bbox 2184 1477 3750 1557">
     <span class='ocr_line' id='line_1_56' title="bbox 2184 1477 3750 1557; baseline -0.003 -27"><span class='ocrx_word' id='word_1_393' title='bbox 2184 1477 2549 1557; x_wconf 72' lang='lat' dir='ltr'><strong>horrescebat,</strong></span> <span class='ocrx_word' id='word_1_394' title='bbox 2581 1477 3021 1557; x_wconf 79' lang='lat' dir='ltr'><strong>comminaretur,</strong></span> <span class='ocrx_word' id='word_1_395' title='bbox 3062 1488 3117 1532; x_wconf 81' lang='lat' dir='ltr'><strong>ut</strong></span> <span class='ocrx_word' id='word_1_396' title='bbox 3149 1492 3246 1532; x_wconf 92' lang='lat' dir='ltr'><strong>eos</strong></span> <span class='ocrx_word' id='word_1_397' title='bbox 3274 1477 3529 1557; x_wconf 79' lang='lat' dir='ltr'><strong>videlicet</strong></span> <span class='ocrx_word' id='word_1_398' title='bbox 3549 1477 3750 1557; x_wconf 62' lang='lat' dir='ltr'><strong>avetiti</strong></span> 
     </span>
    </p>
   </div>
   <div class='ocr_carea' id='block_1_57' title="bbox 2183 1547 3752 1619">
    <p class='ocr_par' dir='ltr' id='par_1_57' title="bbox 2183 1547 3752 1619">
     <span class='ocr_line' id='line_1_57' title="bbox 2183 1547 3752 1619; baseline -0.004 -17"><span class='ocrx_word' id='word_1_399' title='bbox 2183 1550 2287 1604; x_wconf 90' lang='lat' dir='ltr'><strong>cibi</strong></span> <span class='ocrx_word' id='word_1_400' title='bbox 2316 1565 2411 1604; x_wconf 86' lang='lat' dir='ltr'><strong>esu</strong></span> <span class='ocrx_word' id='word_1_401' title='bbox 2456 1559 2510 1606; x_wconf 92' lang='lat' dir='ltr'><strong>et</strong></span> <span class='ocrx_word' id='word_1_402' title='bbox 2543 1551 2832 1619; x_wconf 88' lang='lat' dir='ltr'><strong>cupiditate</strong></span> <span class='ocrx_word' id='word_1_403' title='bbox 2855 1552 3013 1605; x_wconf 88' lang='lat' dir='ltr'><strong>etiam</strong></span> <span class='ocrx_word' id='word_1_404' title='bbox 3047 1556 3350 1611; x_wconf 90' lang='lat' dir='ltr'><strong>averteret;</strong></span> <span class='ocrx_word' id='word_1_405' title='bbox 3383 1548 3426 1599; x_wconf 87' lang='lat' dir='ltr'><strong>si</strong></span> <span class='ocrx_word' id='word_1_406' title='bbox 3454 1547 3752 1613; x_wconf 66' lang='lat' dir='ltr'><strong>insipientes</strong></span> 
     </span>
    </p>
   </div>
   <div class='ocr_carea' id='block_1_58' title="bbox 2182 1622 3750 1691">
    <p class='ocr_par' dir='ltr' id='par_1_58' title="bbox 2182 1622 3750 1691">
     <span class='ocr_line' id='line_1_58' title="bbox 2182 1622 3750 1691; baseline -0.003 -19"><span class='ocrx_word' id='word_1_407' title='bbox 2182 1622 2463 1676; x_wconf 83' lang='lat' dir='ltr'><strong>dumtaxat</strong></span> <span class='ocrx_word' id='word_1_408' title='bbox 2493 1623 2825 1677; x_wconf 80' lang='lat' dir='ltr'><strong>affirmarent</strong></span> <span class='ocrx_word' id='word_1_409' title='bbox 2861 1630 2937 1675; x_wconf 92' lang='lat' dir='ltr'><strong>tot</strong></span> <span class='ocrx_word' id='word_1_410' title='bbox 2968 1628 3216 1691; x_wconf 77' lang='lat' dir='ltr'><strong>tantaque</strong></span> <span class='ocrx_word' id='word_1_411' title='bbox 3257 1632 3545 1691; x_wconf 66' lang='lat' dir='ltr'><strong>pinnarum</strong></span> <span class='ocrx_word' id='word_1_412' title='bbox 3580 1629 3750 1684; x_wconf 78' lang='lat' dir='ltr'><strong>genera</strong></span> 
     </span>
    </p>
   </div>
   <div class='ocr_carea' id='block_1_59' title="bbox 2185 1688 3752 1747">
    <p class='ocr_par' dir='ltr' id='par_1_59' title="bbox 2185 1688 3752 1747">
     <span class='ocr_line' id='line_1_59' title="bbox 2185 1688 3752 1747; baseline -0.005 -2"><span class='ocrx_word' id='word_1_413' title='bbox 2185 1692 2323 1745; x_wconf 84' lang='lat' dir='ltr'><strong>male</strong></span> <span class='ocrx_word' id='word_1_414' title='bbox 2352 1693 2413 1745; x_wconf 82' lang='lat' dir='ltr'><strong>ad</strong></span> <span class='ocrx_word' id='word_1_415' title='bbox 2437 1695 2847 1747; x_wconf 88' lang='lat' dir='ltr'><strong>criminosorum</strong></span> <span class='ocrx_word' id='word_1_416' title='bbox 2872 1688 3158 1745; x_wconf 83' lang='lat' dir='ltr'><strong>vindictam</strong></span> <span class='ocrx_word' id='word_1_417' title='bbox 3187 1689 3355 1745; x_wconf 87' lang='lat' dir='ltr'><strong>fuisse</strong></span> <span class='ocrx_word' id='word_1_418' title='bbox 3377 1688 3685 1746; x_wconf 83' lang='lat' dir='ltr'><strong>adinventa,</strong></span> <span class='ocrx_word' id='word_1_419' title='bbox 3708 1694 3752 1739; x_wconf 88' lang='lat' dir='ltr'><strong>et</strong></span> 
     </span>
    </p>
   </div>
   <div class='ocr_carea' id='block_1_60' title="bbox 2184 1758 3749 1833">
    <p class='ocr_par' dir='ltr' id='par_1_60' title="bbox 2184 1758 3749 1833">
     <span class='ocr_line' id='line_1_60' title="bbox 2184 1758 3749 1833; baseline -0.004 -17"><span class='ocrx_word' id='word_1_420' title='bbox 2184 1764 2540 1833; x_wconf 75' lang='lat' dir='ltr'><strong>sanctis~itnis</strong></span> <span class='ocrx_word' id='word_1_421' title='bbox 2593 1764 2799 1833; x_wconf 84' lang='lat' dir='ltr'><strong>legibus</strong></span> <span class='ocrx_word' id='word_1_422' title='bbox 2849 1762 3111 1825; x_wconf 86' lang='lat' dir='ltr'><strong>stabilita,</strong></span> <span class='ocrx_word' id='word_1_423' title='bbox 3155 1762 3266 1831; x_wconf 69' lang='lat' dir='ltr'><strong>jam</strong></span> <span class='ocrx_word' id='word_1_424' title='bbox 3324 1776 3431 1833; x_wconf 87' lang='lat' dir='ltr'><strong>non</strong></span> <span class='ocrx_word' id='word_1_425' title='bbox 3477 1758 3641 1833; x_wconf 78' lang='lat' dir='ltr'><strong>video</strong></span> <span class='ocrx_word' id='word_1_426' title='bbox 3665 1770 3749 1827; x_wconf 83' lang='lat' dir='ltr'><strong>qua</strong></span> 
     </span>
    </p>
   </div>
   <div class='ocr_carea' id='block_1_61' title="bbox 2185 1829 3749 1904">
    <p class='ocr_par' dir='ltr' id='par_1_61' title="bbox 2185 1829 3749 1904">
     <span class='ocr_line' id='line_1_61' title="bbox 2185 1829 3749 1904; baseline -0.004 -19"><span class='ocrx_word' id='word_1_427' title='bbox 2185 1832 2363 1887; x_wconf 90' lang='lat' dir='ltr'><strong>fronte</strong></span> <span class='ocrx_word' id='word_1_428' title='bbox 2393 1829 2694 1889; x_wconf 67' lang='lat' dir='ltr'><strong>lteausobre</strong></span> <span class='ocrx_word' id='word_1_429' title='bbox 2724 1834 3079 1904; x_wconf 86' lang='lat' dir='ltr'><strong>Epiphanium</strong></span> <span class='ocrx_word' id='word_1_430' title='bbox 3111 1829 3295 1887; x_wconf 71' lang='lat' dir='ltr'><strong>taxare</strong></span> <span class='ocrx_word' id='word_1_431' title='bbox 3323 1842 3377 1886; x_wconf 87' lang='lat' dir='ltr'><strong>et</strong></span> <span class='ocrx_word' id='word_1_432' title='bbox 3401 1829 3641 1904; x_wconf 73' lang='lat' dir='ltr'><strong>irridere</strong></span> <span class='ocrx_word' id='word_1_433' title='bbox 3667 1844 3749 1899; x_wconf 87' lang='lat' dir='ltr'><strong>po-</strong></span> 
     </span>
    </p>
   </div>
   <div class='ocr_carea' id='block_1_62' title="bbox 2187 1901 3748 1975">
    <p class='ocr_par' dir='ltr' id='par_1_62' title="bbox 2187 1901 3748 1975">
     <span class='ocr_line' id='line_1_62' title="bbox 2187 1901 3748 1975; baseline -0.003 -18"><span class='ocrx_word' id='word_1_434' title='bbox 2187 1906 2370 1968; x_wconf 87' lang='lat' dir='ltr'><strong>tuerit,</strong></span> <span class='ocrx_word' id='word_1_435' title='bbox 2411 1906 2532 1975; x_wconf 82' lang='lat' dir='ltr'><strong>quia</strong></span> <span class='ocrx_word' id='word_1_436' title='bbox 2559 1901 2973 1975; x_wconf 53' lang='lat' dir='ltr'><strong>scripsitd&#39;ivina</strong></span> <span class='ocrx_word' id='word_1_437' title='bbox 3016 1903 3354 1975; x_wconf 85' lang='lat' dir='ltr'><strong>Providentia</strong></span> <span class='ocrx_word' id='word_1_438' title='bbox 3395 1901 3568 1975; x_wconf 82' lang='lat' dir='ltr'><strong>fuisse</strong></span> <span class='ocrx_word' id='word_1_439' title='bbox 3597 1901 3748 1967; x_wconf 80' lang='lat' dir='ltr'><strong>dispo-</strong></span> 
     </span>
    </p>
   </div>
   <div class='ocr_carea' id='block_1_63' title="bbox 2186 1973 3750 2045">
    <p class='ocr_par' dir='ltr' id='par_1_63' title="bbox 2186 1973 3750 2045">
     <span class='ocr_line' id='line_1_63' title="bbox 2186 1973 3750 2045; baseline -0.002 -17"><span class='ocrx_word' id='word_1_440' title='bbox 2186 1978 2345 2028; x_wconf 87' lang='lat' dir='ltr'><strong>situm</strong></span> <span class='ocrx_word' id='word_1_441' title='bbox 2372 1973 2439 2028; x_wconf 81' lang='lat' dir='ltr'><strong>ut</strong></span> <span class='ocrx_word' id='word_1_442' title='bbox 2454 1976 2633 2031; x_wconf 87' lang='lat' dir='ltr'><strong>Manes</strong></span> <span class='ocrx_word' id='word_1_443' title='bbox 2664 1973 2856 2030; x_wconf 89' lang='lat' dir='ltr'><strong>nomen</strong></span> <span class='ocrx_word' id='word_1_444' title='bbox 2884 1974 3122 2030; x_wconf 61' lang='lat' dir='ltr'><strong>horroris</strong></span> <span class='ocrx_word' id='word_1_445' title='bbox 3149 1973 3502 2045; x_wconf 30' lang='lat' dir='ltr'><strong>pientthSibI</strong></span> <span class='ocrx_word' id='word_1_446' title='bbox 3535 1985 3750 2025; x_wconf 85' lang='lat' dir='ltr'><strong>assume-</strong></span> 
     </span>
    </p>
   </div>
   <div class='ocr_carea' id='block_1_64' title="bbox 2186 2043 3743 2115">
    <p class='ocr_par' dir='ltr' id='par_1_64' title="bbox 2186 2043 3743 2115">
     <span class='ocr_line' id='line_1_64' title="bbox 2186 2043 3743 2115; baseline -0.005 -16"><span class='ocrx_word' id='word_1_447' title='bbox 2186 2055 2291 2113; x_wconf 87' lang='lat' dir='ltr'><strong>ret,</strong></span> <span class='ocrx_word' id='word_1_448' title='bbox 2318 2058 2423 2100; x_wconf 87' lang='lat' dir='ltr'><strong>uta</strong></span> <span class='ocrx_word' id='word_1_449' title='bbox 2450 2047 2655 2101; x_wconf 76' lang='lat' dir='ltr'><strong>Cra-cis</strong></span> <span class='ocrx_word' id='word_1_450' title='bbox 2684 2047 2929 2102; x_wconf 87' lang='lat' dir='ltr'><strong>videlicet</strong></span> <span class='ocrx_word' id='word_1_451' title='bbox 2954 2046 3070 2115; x_wconf 84' lang='lat' dir='ltr'><strong>ejus</strong></span> <span class='ocrx_word' id='word_1_452' title='bbox 3101 2043 3324 2099; x_wconf 54' lang='lat' dir='ltr'><strong>haeresis</strong></span> <span class='ocrx_word' id='word_1_453' title='bbox 3342 2043 3743 2099; x_wconf 79' lang='lat' dir='ltr'><strong>abominaretur.</strong></span> 
     </span>
    </p>
   </div>
   <div class='ocr_carea' id='block_1_65' title="bbox 2188 2115 3745 2184">
    <p class='ocr_par' dir='ltr' id='par_1_65' title="bbox 2188 2115 3745 2184">
     <span class='ocr_line' id='line_1_65' title="bbox 2188 2115 3745 2184; baseline -0.001 -16"><span class='ocrx_word' id='word_1_454' title='bbox 2188 2115 2367 2171; x_wconf 83' lang='lat' dir='ltr'><strong>Potuit</strong></span> <span class='ocrx_word' id='word_1_455' title='bbox 2405 2119 2617 2180; x_wconf 79' lang='lat' dir='ltr'><strong>quidem</strong></span> <span class='ocrx_word' id='word_1_456' title='bbox 2653 2134 2845 2173; x_wconf 88' lang='lat' dir='ltr'><strong>nomen</strong></span> <span class='ocrx_word' id='word_1_457' title='bbox 2876 2118 3003 2171; x_wconf 92' lang='lat' dir='ltr'><strong>illud</strong></span> <span class='ocrx_word' id='word_1_458' title='bbox 3037 2121 3315 2171; x_wconf 92' lang='lat' dir='ltr'><strong>horrorem</strong></span> <span class='ocrx_word' id='word_1_459' title='bbox 3361 2116 3645 2184; x_wconf 84' lang='lat' dir='ltr'><strong>quemdam</strong></span> <span class='ocrx_word' id='word_1_460' title='bbox 3671 2127 3745 2167; x_wconf 81' lang='lat' dir='ltr'><strong>ex-</strong></span> 
     </span>
    </p>
   </div>
   <div class='ocr_carea' id='block_1_66' title="bbox 2186 2184 3741 2258">
    <p class='ocr_par' dir='ltr' id='par_1_66' title="bbox 2186 2184 3741 2258">
     <span class='ocr_line' id='line_1_66' title="bbox 2186 2184 3741 2258; baseline -0.002 -18"><span class='ocrx_word' id='word_1_461' title='bbox 2186 2188 2352 2241; x_wconf 83' lang='lat' dir='ltr'><strong>citare</strong></span> <span class='ocrx_word' id='word_1_462' title='bbox 2406 2190 2454 2241; x_wconf 89' lang='lat' dir='ltr'><strong>itt</strong></span> <span class='ocrx_word' id='word_1_463' title='bbox 2499 2188 2804 2245; x_wconf 69' lang='lat' dir='ltr'><strong>Graecorum</strong></span> <span class='ocrx_word' id='word_1_464' title='bbox 2848 2188 3071 2253; x_wconf 86' lang='lat' dir='ltr'><strong>animis,</strong></span> <span class='ocrx_word' id='word_1_465' title='bbox 3108 2184 3568 2258; x_wconf 88' lang='lat' dir='ltr'><strong>quemadmodum</strong></span> <span class='ocrx_word' id='word_1_466' title='bbox 3608 2196 3741 2247; x_wconf 77' lang='lat' dir='ltr'><strong>mors,</strong></span> 
     </span>
    </p>
   </div>
   <div class='ocr_carea' id='block_1_67' title="bbox 2187 2256 3740 2334">
    <p class='ocr_par' dir='ltr' id='par_1_67' title="bbox 2187 2256 3740 2334">
     <span class='ocr_line' id='line_1_67' title="bbox 2187 2256 3740 2334; baseline -0.005 -22"><span class='ocrx_word' id='word_1_467' title='bbox 2187 2272 2433 2313; x_wconf 85' lang='lat' dir='ltr'><strong>carceres</strong></span> <span class='ocrx_word' id='word_1_468' title='bbox 2456 2261 2715 2334; x_wconf 64' lang='lat' dir='ltr'><strong>,_viucti|a</strong></span> <span class='ocrx_word' id='word_1_469' title='bbox 2742 2307 2754 2321; x_wconf 84' lang='grc'><em>,</em></span> <span class='ocrx_word' id='word_1_470' title='bbox 2774 2259 3007 2334; x_wconf 55' lang='grc' dir='ltr'><strong>Δίιειςεξιιει</strong></span> <span class='ocrx_word' id='word_1_471' title='bbox 3033 2304 3046 2322; x_wconf 92' lang='grc'><em>,</em></span> <span class='ocrx_word' id='word_1_472' title='bbox 3080 2256 3313 2334; x_wconf 53' lang='lat' dir='ltr'><strong>cruces,</strong></span> <span class='ocrx_word' id='word_1_473' title='bbox 3356 2256 3541 2334; x_wconf 50' lang='lat' dir='ltr'><strong>cades</strong></span> <span class='ocrx_word' id='word_1_474' title='bbox 3560 2297 3574 2321; x_wconf 91' lang='lat'><strong>,</strong></span> <span class='ocrx_word' id='word_1_475' title='bbox 3602 2266 3740 2334; x_wconf 56' lang='lat' dir='ltr'><strong>atque</strong></span> 
     </span>
    </p>
   </div>
   <div class='ocr_carea' id='block_1_68' title="bbox 2192 2326 3730 2400">
    <p class='ocr_par' dir='ltr' id='par_1_68' title="bbox 2192 2326 3730 2400">
     <span class='ocr_line' id='line_1_68' title="bbox 2192 2326 3730 2400; baseline -0.003 -20"><span class='ocrx_word' id='word_1_476' title='bbox 2192 2337 2444 2400; x_wconf 85' lang='lat' dir='ltr'><strong>tortores.</strong></span> <span class='ocrx_word' id='word_1_477' title='bbox 2480 2332 2585 2385; x_wconf 87' lang='lat' dir='ltr'><strong>Sed</strong></span> <span class='ocrx_word' id='word_1_478' title='bbox 2616 2331 2788 2387; x_wconf 66' lang='grc' dir='ltr'><strong>(ἕτωοί</strong></span> <span class='ocrx_word' id='word_1_479' title='bbox 2834 2326 2955 2397; x_wconf 83' lang='lat' dir='ltr'><strong>ipsi,</strong></span> <span class='ocrx_word' id='word_1_480' title='bbox 3005 2330 3093 2400; x_wconf 88' lang='lat' dir='ltr'><strong>qui</strong></span> <span class='ocrx_word' id='word_1_481' title='bbox 3123 2329 3335 2383; x_wconf 81' lang='lat' dir='ltr'><strong>aliunde</strong></span> <span class='ocrx_word' id='word_1_482' title='bbox 3386 2328 3574 2396; x_wconf 85' lang='lat' dir='ltr'><strong>pravis</strong></span> <span class='ocrx_word' id='word_1_483' title='bbox 3602 2326 3730 2381; x_wconf 73' lang='lat' dir='ltr'><strong>Mani-</strong></span> 
     </span>
    </p>
   </div>
   <div class='ocr_carea' id='block_1_69' title="bbox 2188 2399 3727 2471">
    <p class='ocr_par' dir='ltr' id='par_1_69' title="bbox 2188 2399 3727 2471">
     <span class='ocr_line' id='line_1_69' title="bbox 2188 2399 3727 2471; baseline -0.003 -18"><span class='ocrx_word' id='word_1_484' title='bbox 2188 2399 2397 2453; x_wconf 67' lang='lat' dir='ltr'><strong>chaiteze</strong></span> <span class='ocrx_word' id='word_1_485' title='bbox 2424 2402 2781 2470; x_wconf 72' lang='lat' dir='ltr'><strong>philosophia:</strong></span> <span class='ocrx_word' id='word_1_486' title='bbox 2814 2399 3091 2471; x_wconf 89' lang='lat' dir='ltr'><strong>principiis</strong></span> <span class='ocrx_word' id='word_1_487' title='bbox 3125 2410 3278 2455; x_wconf 88' lang='lat' dir='ltr'><strong>erant</strong></span> <span class='ocrx_word' id='word_1_488' title='bbox 3311 2399 3507 2454; x_wconf 88' lang='lat' dir='ltr'><strong>imbuti</strong></span> <span class='ocrx_word' id='word_1_489' title='bbox 3530 2407 3727 2471; x_wconf 19' lang='lat' dir='ltr'><strong>,Aetsco-</strong></span> 
     </span>
    </p>
   </div>
   <div class='ocr_carea' id='block_1_70' title="bbox 2190 2467 3726 2548">
    <p class='ocr_par' dir='ltr' id='par_1_70' title="bbox 2190 2467 3726 2548">
     <span class='ocr_line' id='line_1_70' title="bbox 2190 2467 3726 2548; baseline -0.002 -27"><span class='ocrx_word' id='word_1_490' title='bbox 2190 2467 2735 2548; x_wconf 58' lang='lat' dir='ltr'><strong>sttalihus&#39;jllecebris</strong></span> <span class='ocrx_word' id='word_1_491' title='bbox 2774 2467 2830 2529; x_wconf 78' lang='lat' dir='ltr'><strong>et</strong></span> <span class='ocrx_word' id='word_1_492' title='bbox 2868 2467 3212 2548; x_wconf 82' lang='lat' dir='ltr'><strong>impudicitiis</strong></span> <span class='ocrx_word' id='word_1_493' title='bbox 3252 2471 3497 2548; x_wconf 79' lang='lat' dir='ltr'><strong>maxime</strong></span> <span class='ocrx_word' id='word_1_494' title='bbox 3536 2467 3726 2548; x_wconf 44' lang='lat' dir='ltr'><strong>delaeta-</strong></span> 
     </span>
    </p>
   </div>
   <div class='ocr_carea' id='block_1_71' title="bbox 2192 2541 3741 2610">
    <p class='ocr_par' dir='ltr' id='par_1_71' title="bbox 2192 2541 3741 2610">
     <span class='ocr_line' id='line_1_71' title="bbox 2192 2541 3741 2610; baseline -0.001 -17"><span class='ocrx_word' id='word_1_495' title='bbox 2192 2542 2416 2605; x_wconf 85' lang='lat' dir='ltr'><strong>bantur,</strong></span> <span class='ocrx_word' id='word_1_496' title='bbox 2454 2544 2609 2597; x_wconf 82' lang='lat' dir='ltr'><strong>facile</strong></span> <span class='ocrx_word' id='word_1_497' title='bbox 2644 2559 2872 2599; x_wconf 82' lang='lat' dir='ltr'><strong>excusso</strong></span> <span class='ocrx_word' id='word_1_498' title='bbox 2908 2543 3055 2597; x_wconf 92' lang='lat' dir='ltr'><strong>omni</strong></span> <span class='ocrx_word' id='word_1_499' title='bbox 3091 2547 3351 2608; x_wconf 90' lang='lat' dir='ltr'><strong>horrore,</strong></span> <span class='ocrx_word' id='word_1_500' title='bbox 3395 2543 3485 2610; x_wconf 86' lang='lat' dir='ltr'><strong>qui</strong></span> <span class='ocrx_word' id='word_1_501' title='bbox 3525 2541 3591 2593; x_wconf 89' lang='lat' dir='ltr'><strong>ab</strong></span> <span class='ocrx_word' id='word_1_502' title='bbox 3627 2541 3741 2608; x_wconf 49' lang='lat' dir='ltr'><strong>ejus.</strong></span> 
     </span>
    </p>
   </div>
   <div class='ocr_carea' id='block_1_72' title="bbox 2197 2612 3748 2683">
    <p class='ocr_par' dir='ltr' id='par_1_72' title="bbox 2197 2612 3748 2683">
     <span class='ocr_line' id='line_1_72' title="bbox 2197 2612 3748 2683; baseline -0.002 -19"><span class='ocrx_word' id='word_1_503' title='bbox 2197 2613 2338 2665; x_wconf 88' lang='lat' dir='ltr'><strong>tnodi</strong></span> <span class='ocrx_word' id='word_1_504' title='bbox 2394 2614 2811 2677; x_wconf 87' lang='lat' dir='ltr'><strong>inquinamentis</strong></span> <span class='ocrx_word' id='word_1_505' title='bbox 2857 2628 3187 2683; x_wconf 71' lang='lat' dir='ltr'><strong>prmservare</strong></span> <span class='ocrx_word' id='word_1_506' title='bbox 3223 2628 3317 2668; x_wconf 91' lang='lat' dir='ltr'><strong>eos</strong></span> <span class='ocrx_word' id='word_1_507' title='bbox 3356 2612 3626 2678; x_wconf 77' lang='lat' dir='ltr'><strong>potuisset,</strong></span> <span class='ocrx_word' id='word_1_508' title='bbox 3653 2622 3748 2683; x_wconf 80' lang='lat' dir='ltr'><strong>_ne-</strong></span> 
     </span>
    </p>
   </div>
   <div class='ocr_carea' id='block_1_73' title="bbox 2190 2678 3753 2762">
    <p class='ocr_par' dir='ltr' id='par_1_73' title="bbox 2190 2678 3753 2762">
     <span class='ocr_line' id='line_1_73' title="bbox 2190 2678 3753 2762; baseline -0.003 -26"><span class='ocrx_word' id='word_1_509' title='bbox 2190 2683 2377 2762; x_wconf 71' lang='lat' dir='ltr'><strong>fandze</strong></span> <span class='ocrx_word' id='word_1_510' title='bbox 2415 2685 2556 2762; x_wconf 84' lang='lat' dir='ltr'><strong>illius</strong></span> <span class='ocrx_word' id='word_1_511' title='bbox 2588 2696 2751 2762; x_wconf 68' lang='lat' dir='ltr'><strong>sectae</strong></span> <span class='ocrx_word' id='word_1_512' title='bbox 2789 2678 3028 2762; x_wconf 79' lang='lat' dir='ltr'><strong>instituta</strong></span> <span class='ocrx_word' id='word_1_513' title='bbox 3056 2685 3295 2762; x_wconf 77' lang='lat' dir='ltr'><strong>profitte</strong></span> <span class='ocrx_word' id='word_1_514' title='bbox 3325 2678 3753 2762; x_wconf 44' lang='lat' dir='ltr'><strong>voluerunt..C?-</strong></span> 
     </span>
    </p>
   </div>
   <div class='ocr_carea' id='block_1_74' title="bbox 2195 2750 3753 2829">
    <p class='ocr_par' dir='ltr' id='par_1_74' title="bbox 2195 2750 3753 2829">
     <span class='ocr_line' id='line_1_74' title="bbox 2195 2750 3753 2829; baseline -0.001 -23"><span class='ocrx_word' id='word_1_515' title='bbox 2195 2763 2338 2829; x_wconf 82' lang='lat' dir='ltr'><strong>teras</strong></span> <span class='ocrx_word' id='word_1_516' title='bbox 2366 2756 2529 2829; x_wconf 60' lang='lat' dir='ltr'><strong>hujus</strong></span> <span class='ocrx_word' id='word_1_517' title='bbox 2553 2758 2784 2829; x_wconf 89' lang='lat' dir='ltr'><strong>nominis</strong></span> <span class='ocrx_word' id='word_1_518' title='bbox 2805 2750 3160 2829; x_wconf 80' lang='lat' dir='ltr'><strong>etymologias</strong></span> <span class='ocrx_word' id='word_1_519' title='bbox 3193 2771 3223 2810; x_wconf 91' lang='lat' dir='ltr'><strong>a</strong></span> <span class='ocrx_word' id='word_1_520' title='bbox 3253 2754 3547 2829; x_wconf 74' lang='lat' dir='ltr'><strong>Beausobre</strong></span> <span class='ocrx_word' id='word_1_521' title='bbox 3566 2751 3637 2805; x_wconf 87' lang='lat' dir='ltr'><strong>ibi</strong></span> <span class='ocrx_word' id='word_1_522' title='bbox 3657 2750 3753 2829; x_wconf 68' lang='lat' dir='ltr'><strong>de-</strong></span> 
     </span>
    </p>
   </div>
   <div class='ocr_carea' id='block_1_75' title="bbox 2191 2820 3749 2895">
    <p class='ocr_par' dir='ltr' id='par_1_75' title="bbox 2191 2820 3749 2895">
     <span class='ocr_line' id='line_1_75' title="bbox 2191 2820 3749 2895; baseline -0.001 -18"><span class='ocrx_word' id='word_1_523' title='bbox 2191 2826 2419 2890; x_wconf 82' lang='lat' dir='ltr'><strong>scriptas</strong></span> <span class='ocrx_word' id='word_1_524' title='bbox 2439 2820 2647 2883; x_wconf 76' lang='lat' dir='ltr'><strong>referre</strong></span> <span class='ocrx_word' id='word_1_525' title='bbox 2677 2820 2887 2883; x_wconf 80' lang='lat' dir='ltr'><strong>interim</strong></span> <span class='ocrx_word' id='word_1_526' title='bbox 2914 2820 3369 2895; x_wconf 76' lang='lat' dir='ltr'><strong>supervacaneum</strong></span> <span class='ocrx_word' id='word_1_527' title='bbox 3392 2824 3626 2878; x_wconf 78' lang='lat' dir='ltr'><strong>ducimus</strong></span> <span class='ocrx_word' id='word_1_528' title='bbox 3651 2820 3749 2894; x_wconf 77' lang='lat' dir='ltr'><strong>(It);</strong></span> 
     </span>
    </p>
   </div>
   <div class='ocr_carea' id='block_1_76' title="bbox 2191 2897 3387 2971">
    <p class='ocr_par' dir='ltr' id='par_1_76' title="bbox 2191 2897 3387 2971">
     <span class='ocr_line' id='line_1_76' title="bbox 2191 2897 3387 2971; baseline -0.001 -22"><span class='ocrx_word' id='word_1_529' title='bbox 2191 2900 2641 2971; x_wconf 86' lang='lat' dir='ltr'><strong>consulattamen</strong></span> <span class='ocrx_word' id='word_1_530' title='bbox 2675 2899 2844 2953; x_wconf 85' lang='lat' dir='ltr'><strong>lcetor</strong></span> <span class='ocrx_word' id='word_1_531' title='bbox 2873 2897 2901 2971; x_wconf 70' lang='grc' dir='ltr'><strong>ς</strong></span> <span class='ocrx_word' id='word_1_532' title='bbox 2931 2901 2963 2953; x_wconf 84' lang='grc'>5</span> <span class='ocrx_word' id='word_1_533' title='bbox 2995 2898 3152 2971; x_wconf 83' lang='lat' dir='ltr'><strong>hujus</strong></span> <span class='ocrx_word' id='word_1_534' title='bbox 3179 2897 3387 2964; x_wconf 88' lang='lat' dir='ltr'><strong>capitis.</strong></span> 
     </span>
    </p>
   </div>
   <div class='ocr_carea' id='block_1_77' title="bbox 2264 2962 3757 3035">
    <p class='ocr_par' dir='ltr' id='par_1_77' title="bbox 2264 2962 3757 3035">
     <span class='ocr_line' id='line_1_77' title="bbox 2264 2962 3757 3035; baseline -0.003 -14"><span class='ocrx_word' id='word_1_535' title='bbox 2264 2968 2319 3021; x_wconf 81' lang='grc'><strong>4.</strong></span> <span class='ocrx_word' id='word_1_536' title='bbox 2336 2970 2412 3023; x_wconf 84' lang='lat' dir='ltr'><strong>Ad</strong></span> <span class='ocrx_word' id='word_1_537' title='bbox 2445 2970 2669 3023; x_wconf 86' lang='lat' dir='ltr'><strong>Manetis</strong></span> <span class='ocrx_word' id='word_1_538' title='bbox 2686 2962 3405 3035; x_wconf 28' lang='lat' dir='ltr'><strong>autemsacerdotium’quod</strong></span> <span class='ocrx_word' id='word_1_539' title='bbox 3430 2965 3639 3033; x_wconf 87' lang='lat' dir='ltr'><strong>attinet,</strong></span> <span class='ocrx_word' id='word_1_540' title='bbox 3655 2962 3757 3035; x_wconf 82' lang='lat' dir='ltr'><strong>inﬁ-</strong></span> 
     </span>
    </p>
   </div>
   <div class='ocr_carea' id='block_1_78' title="bbox 2193 3034 3753 3116">
    <p class='ocr_par' dir='ltr' id='par_1_78' title="bbox 2193 3034 3753 3116">
     <span class='ocr_line' id='line_1_78' title="bbox 2193 3034 3753 3116; baseline -0.003 -23"><span class='ocrx_word' id='word_1_541' title='bbox 2193 3038 2306 3093; x_wconf 85' lang='lat' dir='ltr'><strong>cias</strong></span> <span class='ocrx_word' id='word_1_542' title='bbox 2328 3039 2468 3093; x_wconf 73' lang='lat' dir='ltr'><strong>haud</strong></span> <span class='ocrx_word' id='word_1_543' title='bbox 2494 3042 2629 3116; x_wconf 71' lang='lat' dir='ltr'><strong>imus</strong></span> <span class='ocrx_word' id='word_1_544' title='bbox 2651 3041 2762 3116; x_wconf 82' lang='lat' dir='ltr'><strong>ida</strong></span> <span class='ocrx_word' id='word_1_545' title='bbox 2785 3041 3045 3111; x_wconf 84' lang='lat' dir='ltr'><strong>Gregorio</strong></span> <span class='ocrx_word' id='word_1_546' title='bbox 3074 3034 3496 3116; x_wconf 55' lang='lat' dir='ltr'><strong>Abulphixragio,</strong></span> <span class='ocrx_word' id='word_1_547' title='bbox 3528 3036 3640 3116; x_wconf 72' lang='lat' dir='ltr'><strong>sine</strong></span> <span class='ocrx_word' id='word_1_548' title='bbox 3663 3034 3753 3116; x_wconf 77' lang='lat' dir='ltr'><strong>ullo</strong></span> 
     </span>
    </p>
   </div>
   <div class='ocr_carea' id='block_1_79' title="bbox 2193 3107 3753 3188">
    <p class='ocr_par' dir='ltr' id='par_1_79' title="bbox 2193 3107 3753 3188">
     <span class='ocr_line' id='line_1_79' title="bbox 2193 3107 3753 3188; baseline -0.001 -25"><span class='ocrx_word' id='word_1_549' title='bbox 2193 3123 2413 3188; x_wconf 80' lang='lat' dir='ltr'><strong>auctore</strong></span> <span class='ocrx_word' id='word_1_550' title='bbox 2460 3109 2738 3188; x_wconf 81' lang='lat' dir='ltr'><strong>affirtnari.</strong></span> <span class='ocrx_word' id='word_1_551' title='bbox 2782 3115 2848 3166; x_wconf 83' lang='lat' dir='ltr'><strong>At</strong></span> <span class='ocrx_word' id='word_1_552' title='bbox 2878 3107 3001 3188; x_wconf 70' lang='lat' dir='ltr'><strong>non</strong></span> <span class='ocrx_word' id='word_1_553' title='bbox 3040 3111 3198 3165; x_wconf 83' lang='lat' dir='ltr'><strong>video</strong></span> <span class='ocrx_word' id='word_1_554' title='bbox 3220 3107 3477 3188; x_wconf 72' lang='lat' dir='ltr'><strong>quantum</strong></span> <span class='ocrx_word' id='word_1_555' title='bbox 3523 3107 3672 3163; x_wconf 80' lang='lat' dir='ltr'><strong>fidem</strong></span> <span class='ocrx_word' id='word_1_556' title='bbox 3713 3107 3753 3188; x_wconf 74' lang='lat' dir='ltr'><strong>ei</strong></span> 
     </span>
    </p>
   </div>
   <div class='ocr_carea' id='block_1_80' title="bbox 2193 3182 3754 3252">
    <p class='ocr_par' dir='ltr' id='par_1_80' title="bbox 2193 3182 3754 3252">
     <span class='ocr_line' id='line_1_80' title="bbox 2193 3182 3754 3252; baseline -0.002 -18"><span class='ocrx_word' id='word_1_557' title='bbox 2193 3182 2452 3235; x_wconf 85' lang='lat' dir='ltr'><strong>adbibere</strong></span> <span class='ocrx_word' id='word_1_558' title='bbox 2486 3183 2752 3250; x_wconf 87' lang='lat' dir='ltr'><strong>possimus</strong></span> <span class='ocrx_word' id='word_1_559' title='bbox 2781 3183 3118 3252; x_wconf 88' lang='lat' dir='ltr'><strong>potissimum</strong></span> <span class='ocrx_word' id='word_1_560' title='bbox 3149 3197 3268 3237; x_wconf 90' lang='lat' dir='ltr'><strong>cum</strong></span> <span class='ocrx_word' id='word_1_561' title='bbox 3300 3182 3598 3252; x_wconf 81' lang='lat' dir='ltr'><strong>Manetem,</strong></span> <span class='ocrx_word' id='word_1_562' title='bbox 3627 3182 3754 3252; x_wconf 73' lang='lat' dir='ltr'><strong>quasi</strong></span> 
     </span>
    </p>
   </div>
   <div class='ocr_carea' id='block_1_81' title="bbox 512 3244 3752 3321">
    <p class='ocr_par' dir='ltr' id='par_1_81' title="bbox 512 3244 3752 3321">
     <span class='ocr_line' id='line_1_81' title="bbox 512 3244 3752 3321; baseline -0.001 -17"><span class='ocrx_word' id='word_1_563' title='bbox 512 3244 635 3321; x_wconf 64' lang='lat' dir='ltr'><strong>tntis</strong></span> <span class='ocrx_word' id='word_1_564' title='bbox 661 3260 778 3305; x_wconf 88' lang='lat' dir='ltr'><strong>erat</strong></span> <span class='ocrx_word' id='word_1_565' title='bbox 822 3267 1027 3318; x_wconf 83' lang='lat' dir='ltr'><strong>nomen,</strong></span> <span class='ocrx_word' id='word_1_566' title='bbox 1054 3250 1107 3305; x_wconf 92' lang='lat' dir='ltr'><strong>id</strong></span> <span class='ocrx_word' id='word_1_567' title='bbox 1145 3252 1288 3321; x_wconf 91' lang='lat' dir='ltr'><strong>quod</strong></span> <span class='ocrx_word' id='word_1_568' title='bbox 1304 3244 1649 3317; x_wconf 52' lang='lat' dir='ltr'><strong>&#39;Gatakerus,</strong></span> <span class='ocrx_word' id='word_1_569' title='bbox 1688 3255 1725 3309; x_wconf 93' lang='lat' dir='ltr'><strong>I.</strong></span> <span class='ocrx_word' id='word_1_570' title='bbox 1754 3270 1799 3315; x_wconf 85' lang='grc' dir='ltr'><strong>ι.</strong></span> <span class='ocrx_word' id='word_1_571' title='bbox 1828 3244 2092 3311; x_wconf 66' lang='lat' dir='ltr'><strong>ettleita-</strong></span> <span class='ocrx_word' id='word_1_572' title='bbox 2118 3244 2166 3307; x_wconf 88' lang='lat' dir='ltr'><strong>C</strong></span> <span class='ocrx_word' id='word_1_573' title='bbox 2200 3244 2673 3321; x_wconf 60' lang='lat' dir='ltr'><strong>tamquam&#39;unum</strong></span> <span class='ocrx_word' id='word_1_574' title='bbox 2723 3244 2796 3308; x_wconf 64' lang='lat' dir='ltr'><strong>ex&#39;</strong></span> <span class='ocrx_word' id='word_1_575' title='bbox 2834 3252 3109 3307; x_wconf 79' lang='lat' dir='ltr'><strong>catholiczr</strong></span> <span class='ocrx_word' id='word_1_576' title='bbox 3155 3252 3413 3308; x_wconf 59' lang='lat' dir='ltr'><strong>Ecclesia</strong></span> <span class='ocrx_word' id='word_1_577' title='bbox 3464 3244 3752 3305; x_wconf 80' lang='lat' dir='ltr'><strong>Doctoribus</strong></span> 
     </span>
    </p>
   </div>
   <div class='ocr_carea' id='block_1_82' title="bbox 510 3318 2093 3392">
    <p class='ocr_par' dir='ltr' id='par_1_82' title="bbox 510 3318 2093 3392">
     <span class='ocr_line' id='line_1_82' title="bbox 510 3318 2093 3392; baseline 0.007 -22"><span class='ocrx_word' id='word_1_578' title='bbox 510 3318 650 3392; x_wconf 74' lang='lat' dir='ltr'><strong>gius,</strong></span> <span class='ocrx_word' id='word_1_579' title='bbox 685 3321 751 3374; x_wconf 88' lang='lat' dir='ltr'><strong>ad</strong></span> <span class='ocrx_word' id='word_1_580' title='bbox 798 3322 1085 3391; x_wconf 88' lang='lat' dir='ltr'><strong>Diogenem</strong></span> <span class='ocrx_word' id='word_1_581' title='bbox 1136 3318 1404 3377; x_wconf 66' lang='lat' dir='ltr'><strong>Laertium</strong></span> <span class='ocrx_word' id='word_1_582' title='bbox 1432 3365 1447 3391; x_wconf 93' lang='lat'><strong>,</strong></span> <span class='ocrx_word' id='word_1_583' title='bbox 1478 3338 1529 3392; x_wconf 95' lang='lat' dir='ltr'><strong>p.</strong></span> <span class='ocrx_word' id='word_1_584' title='bbox 1564 3324 1702 3389; x_wconf 72' lang='lat'><strong>215,</strong></span> <span class='ocrx_word' id='word_1_585' title='bbox 1745 3326 1814 3379; x_wconf 88' lang='lat' dir='ltr'><strong>de</strong></span> <span class='ocrx_word' id='word_1_586' title='bbox 1851 3337 2093 3381; x_wconf 85' lang='lat' dir='ltr'><strong>veterum</strong></span> 
     </span>
    </p>
   </div>
   <div class='ocr_carea' id='block_1_83' title="bbox 512 3388 2091 3460">
    <p class='ocr_par' dir='ltr' id='par_1_83' title="bbox 512 3388 2091 3460">
     <span class='ocr_line' id='line_1_83' title="bbox 512 3388 2091 3460; baseline 0.009 -21"><span class='ocrx_word' id='word_1_587' title='bbox 512 3388 646 3460; x_wconf 70' lang='lat' dir='ltr'><strong>Ipcis</strong></span> <span class='ocrx_word' id='word_1_588' title='bbox 673 3401 777 3445; x_wconf 89' lang='lat' dir='ltr'><strong>tam</strong></span> <span class='ocrx_word' id='word_1_589' title='bbox 800 3388 1141 3447; x_wconf 68' lang='lat' dir='ltr'><strong>manifestum</strong></span> <span class='ocrx_word' id='word_1_590' title='bbox 1170 3388 1441 3460; x_wconf 79' lang='lat' dir='ltr'><strong>fecerunt,</strong></span> <span class='ocrx_word' id='word_1_591' title='bbox 1468 3388 1523 3447; x_wconf 80' lang='lat' dir='ltr'><strong>ut</strong></span> <span class='ocrx_word' id='word_1_592' title='bbox 1551 3388 1797 3450; x_wconf 90' lang='lat' dir='ltr'><strong>dubitare</strong></span> <span class='ocrx_word' id='word_1_593' title='bbox 1826 3396 1974 3453; x_wconf 84' lang='lat' dir='ltr'><strong>nefas</strong></span> <span class='ocrx_word' id='word_1_594' title='bbox 2001 3399 2091 3454; x_wconf 88' lang='lat' dir='ltr'><strong>sit.</strong></span> 
     </span>
    </p>
   </div>
   <div class='ocr_carea' id='block_1_84' title="bbox 511 3457 2095 3531">
    <p class='ocr_par' dir='ltr' id='par_1_84' title="bbox 511 3457 2095 3531">
     <span class='ocr_line' id='line_1_84' title="bbox 511 3457 2095 3531; baseline 0.007 -19"><span class='ocrx_word' id='word_1_595' title='bbox 511 3457 716 3531; x_wconf 59' lang='grc' dir='ltr'><strong>(ξηροῖς</strong></span> <span class='ocrx_word' id='word_1_596' title='bbox 747 3463 930 3531; x_wconf 89' lang='lat' dir='ltr'><strong>itaque</strong></span> <span class='ocrx_word' id='word_1_597' title='bbox 954 3464 1173 3516; x_wconf 74' lang='lat' dir='ltr'><strong>Mauett’s</strong></span> <span class='ocrx_word' id='word_1_598' title='bbox 1201 3457 1593 3530; x_wconf 45' lang='lat' dir='ltr'><strong>nomen,&#39;aaque</strong></span> <span class='ocrx_word' id='word_1_599' title='bbox 1616 3469 1871 3531; x_wconf 82' lang='lat' dir='ltr'><strong>probrum</strong></span> <span class='ocrx_word' id='word_1_600' title='bbox 1903 3477 1957 3521; x_wconf 86' lang='lat' dir='ltr'><strong>et</strong></span> <span class='ocrx_word' id='word_1_601' title='bbox 1980 3484 2095 3525; x_wconf 83' lang='lat' dir='ltr'><strong>ser-</strong></span> 
     </span>
    </p>
   </div>
   <div class='ocr_carea' id='block_1_85' title="bbox 512 3529 2091 3606">
    <p class='ocr_par' dir='ltr' id='par_1_85' title="bbox 512 3529 2091 3606">
     <span class='ocr_line' id='line_1_85' title="bbox 512 3529 2091 3606; baseline 0.007 -23"><span class='ocrx_word' id='word_1_602' title='bbox 512 3529 738 3606; x_wconf 54' lang='lat' dir='ltr'><strong>litarem</strong></span> <span class='ocrx_word' id='word_1_603' title='bbox 762 3529 1030 3606; x_wconf 72' lang='lat' dir='ltr'><strong>innuebat</strong></span> <span class='ocrx_word' id='word_1_604' title='bbox 1056 3547 1136 3606; x_wconf 93' lang='lat' dir='ltr'><strong>ac_</strong></span> <span class='ocrx_word' id='word_1_605' title='bbox 1159 3533 1286 3588; x_wconf 91' lang='lat' dir='ltr'><strong>illud</strong></span> <span class='ocrx_word' id='word_1_606' title='bbox 1335 3529 1561 3590; x_wconf 72' lang='lat' dir='ltr'><strong>CubriCi.</strong></span> <span class='ocrx_word' id='word_1_607' title='bbox 1602 3529 1854 3603; x_wconf 84' lang='lat' dir='ltr'><strong>Quamvis</strong></span> <span class='ocrx_word' id='word_1_608' title='bbox 1881 3537 2091 3606; x_wconf 77' lang='lat' dir='ltr'><strong>Manes,</strong></span> 
     </span>
    </p>
   </div>
   <div class='ocr_carea' id='block_1_86' title="bbox 511 3596 2095 3675">
    <p class='ocr_par' dir='ltr' id='par_1_86' title="bbox 511 3596 2095 3675">
     <span class='ocr_line' id='line_1_86' title="bbox 511 3596 2095 3675; baseline 0.008 -24"><span class='ocrx_word' id='word_1_609' title='bbox 511 3596 728 3656; x_wconf 83' lang='lat' dir='ltr'><strong>Persica</strong></span> <span class='ocrx_word' id='word_1_610' title='bbox 761 3603 962 3672; x_wconf 83' lang='lat' dir='ltr'><strong>lingua,</strong></span> <span class='ocrx_word' id='word_1_611' title='bbox 993 3604 1267 3675; x_wconf 79' lang='lat' dir='ltr'><strong>hominem</strong></span> <span class='ocrx_word' id='word_1_612' title='bbox 1308 3606 1564 3659; x_wconf 90' lang='lat' dir='ltr'><strong>disertum</strong></span> <span class='ocrx_word' id='word_1_613' title='bbox 1605 3596 1660 3660; x_wconf 63' lang='lat' dir='ltr'><strong>et</strong></span> <span class='ocrx_word' id='word_1_614' title='bbox 1688 3608 1738 3661; x_wconf 91' lang='lat' dir='ltr'><strong>in</strong></span> <span class='ocrx_word' id='word_1_615' title='bbox 1773 3596 2095 3675; x_wconf 79' lang='lat' dir='ltr'><strong>disputando</strong></span> 
     </span>
    </p>
   </div>
   <div class='ocr_carea' id='block_1_87' title="bbox 512 3673 2093 3746">
    <p class='ocr_par' dir='ltr' id='par_1_87' title="bbox 512 3673 2093 3746">
     <span class='ocr_line' id='line_1_87' title="bbox 512 3673 2093 3746; baseline 0.006 -23"><span class='ocrx_word' id='word_1_616' title='bbox 512 3679 793 3746; x_wconf 71' lang='lat' dir='ltr'><strong>strenuum</strong></span> <span class='ocrx_word' id='word_1_617' title='bbox 838 3673 1250 3746; x_wconf 72' lang='lat' dir='ltr'><strong>significaverit,</strong></span> <span class='ocrx_word' id='word_1_618' title='bbox 1279 3683 1342 3746; x_wconf 79' lang='lat' dir='ltr'><strong>ut</strong></span> <span class='ocrx_word' id='word_1_619' title='bbox 1363 3684 1576 3730; x_wconf 87' lang='lat' dir='ltr'><strong>veteres</strong></span> <span class='ocrx_word' id='word_1_620' title='bbox 1608 3673 1899 3746; x_wconf 87' lang='lat' dir='ltr'><strong>scriptores</strong></span> <span class='ocrx_word' id='word_1_621' title='bbox 1926 3681 2093 3734; x_wconf 86' lang='lat' dir='ltr'><strong>tradi-</strong></span> 
     </span>
    </p>
   </div>
   <div class='ocr_carea' id='block_1_88' title="bbox 515 3742 2092 3812">
    <p class='ocr_par' dir='ltr' id='par_1_88' title="bbox 515 3742 2092 3812">
     <span class='ocr_line' id='line_1_88' title="bbox 515 3742 2092 3812; baseline 0.007 -16"><span class='ocrx_word' id='word_1_622' title='bbox 515 3742 667 3798; x_wconf 89' lang='lat' dir='ltr'><strong>dere.</strong></span> <span class='ocrx_word' id='word_1_623' title='bbox 690 3742 1040 3799; x_wconf 59' lang='lat' dir='ltr'><strong>Contra&#39;vero</strong></span> <span class='ocrx_word' id='word_1_624' title='bbox 1065 3744 1263 3812; x_wconf 65' lang='lat' dir='ltr'><strong>Graeci,</strong></span> <span class='ocrx_word' id='word_1_625' title='bbox 1292 3745 1419 3799; x_wconf 92' lang='lat' dir='ltr'><strong>illud</strong></span> <span class='ocrx_word' id='word_1_626' title='bbox 1450 3761 1645 3801; x_wconf 91' lang='lat' dir='ltr'><strong>nomen</strong></span> <span class='ocrx_word' id='word_1_627' title='bbox 1667 3742 1732 3801; x_wconf 89' lang='lat' dir='ltr'><strong>ad</strong></span> <span class='ocrx_word' id='word_1_628' title='bbox 1763 3750 2092 3807; x_wconf 92' lang='lat' dir='ltr'><strong>innuendum</strong></span> 
     </span>
    </p>
   </div>
   <div class='ocr_carea' id='block_1_89' title="bbox 514 3813 2097 3882">
    <p class='ocr_par' dir='ltr' id='par_1_89' title="bbox 514 3813 2097 3882">
     <span class='ocr_line' id='line_1_89' title="bbox 514 3813 2097 3882; baseline 0.006 -15"><span class='ocrx_word' id='word_1_629' title='bbox 514 3813 788 3869; x_wconf 83' lang='lat' dir='ltr'><strong>hominem</strong></span> <span class='ocrx_word' id='word_1_630' title='bbox 821 3816 1078 3869; x_wconf 89' lang='lat' dir='ltr'><strong>furiosum</strong></span> <span class='ocrx_word' id='word_1_631' title='bbox 1109 3817 1387 3871; x_wconf 77' lang='lat' dir='ltr'><strong>dumtaxat</strong></span> <span class='ocrx_word' id='word_1_632' title='bbox 1411 3818 1775 3882; x_wconf 87' lang='lat' dir='ltr'><strong>assumebant,</strong></span> <span class='ocrx_word' id='word_1_633' title='bbox 1804 3829 1861 3874; x_wconf 92' lang='lat' dir='ltr'><strong>ut</strong></span> <span class='ocrx_word' id='word_1_634' title='bbox 1900 3823 2097 3877; x_wconf 87' lang='lat' dir='ltr'><strong>docent</strong></span> 
     </span>
    </p>
   </div>
   <div class='ocr_carea' id='block_1_90' title="bbox 513 3883 2096 3958">
    <p class='ocr_par' dir='ltr' id='par_1_90' title="bbox 513 3883 2096 3958">
     <span class='ocr_line' id='line_1_90' title="bbox 513 3883 2096 3958; baseline 0.007 -21"><span class='ocrx_word' id='word_1_635' title='bbox 513 3883 751 3958; x_wconf 64' lang='lat' dir='ltr'><strong>erillus</strong></span> <span class='ocrx_word' id='word_1_636' title='bbox 803 3886 881 3958; x_wconf 81' lang='grc' dir='ltr'><strong>(α)</strong></span> <span class='ocrx_word' id='word_1_637' title='bbox 934 3886 1482 3957; x_wconf 81' lang='lat' dir='ltr'><strong>Ilierosolymitanus,</strong></span> <span class='ocrx_word' id='word_1_638' title='bbox 1538 3889 1894 3957; x_wconf 81' lang='lat' dir='ltr'><strong>Epiphanius,</strong></span> <span class='ocrx_word' id='word_1_639' title='bbox 1944 3892 2096 3948; x_wconf 83' lang='lat' dir='ltr'><strong>Titus</strong></span> 
     </span>
    </p>
   </div>
   <div class='ocr_carea' id='block_1_91' title="bbox 494 3954 2089 4026">
    <p class='ocr_par' dir='ltr' id='par_1_91' title="bbox 494 3954 2089 4026">
     <span class='ocr_line' id='line_1_91' title="bbox 494 3954 2089 4026; baseline 0.006 -19"><span class='ocrx_word' id='word_1_640' title='bbox 494 3954 820 4026; x_wconf 74' lang='lat' dir='ltr'><strong>‘Bostrensis</strong></span> <span class='ocrx_word' id='word_1_641' title='bbox 838 3954 870 4022; x_wconf 70' lang='grc'><strong>,⁷</strong></span> <span class='ocrx_word' id='word_1_642' title='bbox 885 3968 938 4013; x_wconf 92' lang='lat' dir='ltr'><strong>et</strong></span> <span class='ocrx_word' id='word_1_643' title='bbox 966 3958 1056 4012; x_wconf 87' lang='lat' dir='ltr'><strong>alii</strong></span> <span class='ocrx_word' id='word_1_644' title='bbox 1077 4000 1092 4024; x_wconf 94' lang='lat'><strong>,</strong></span> <span class='ocrx_word' id='word_1_645' title='bbox 1125 3954 1215 4026; x_wconf 83' lang='lat' dir='ltr'><strong>qui</strong></span> <span class='ocrx_word' id='word_1_646' title='bbox 1247 3958 1314 4012; x_wconf 93' lang='lat' dir='ltr'><strong>de</strong></span> <span class='ocrx_word' id='word_1_647' title='bbox 1344 3972 1411 4013; x_wconf 91' lang='lat' dir='ltr'><strong>eo</strong></span> <span class='ocrx_word' id='word_1_648' title='bbox 1444 3954 1659 4015; x_wconf 82' lang='lat' dir='ltr'><strong>nomine</strong></span> <span class='ocrx_word' id='word_1_649' title='bbox 1698 3954 2089 4018; x_wconf 80' lang='lat' dir='ltr'><strong>disseruerunt.</strong></span> 
     </span>
    </p>
   </div>
   <div class='ocr_carea' id='block_1_92' title="bbox 515 4025 2095 4103">
    <p class='ocr_par' dir='ltr' id='par_1_92' title="bbox 515 4025 2095 4103">
     <span class='ocr_line' id='line_1_92' title="bbox 515 4025 2095 4103; baseline 0.005 -23"><span class='ocrx_word' id='word_1_650' title='bbox 515 4025 713 4103; x_wconf 46' lang='lat' dir='ltr'><strong>Verum</strong></span> <span class='ocrx_word' id='word_1_651' title='bbox 739 4028 837 4083; x_wconf 90' lang='lat' dir='ltr'><strong>hos</strong></span> <span class='ocrx_word' id='word_1_652' title='bbox 866 4031 1036 4097; x_wconf 88' lang='lat' dir='ltr'><strong>carpit</strong></span> <span class='ocrx_word' id='word_1_653' title='bbox 1055 4038 1109 4103; x_wconf 89' lang='lat' dir='ltr'><strong>et</strong></span> <span class='ocrx_word' id='word_1_654' title='bbox 1133 4025 1698 4103; x_wconf 83' lang='lat' dir='ltr'><strong>mordet_Beausobre,</strong></span> <span class='ocrx_word' id='word_1_655' title='bbox 1726 4040 1995 4103; x_wconf 84' lang='lat' dir='ltr'><strong>tamquam</strong></span> <span class='ocrx_word' id='word_1_656' title='bbox 2025 4035 2095 4088; x_wconf 91' lang='lat' dir='ltr'><strong>de</strong></span> 
     </span>
    </p>
   </div>
   <div class='ocr_carea' id='block_1_93' title="bbox 513 4097 2096 4169">
    <p class='ocr_par' dir='ltr' id='par_1_93' title="bbox 513 4097 2096 4169">
     <span class='ocr_line' id='line_1_93' title="bbox 513 4097 2096 4169; baseline 0.005 -18"><span class='ocrx_word' id='word_1_657' title='bbox 513 4097 732 4169; x_wconf 75' lang='lat' dir='ltr'><strong>ineptiis</strong></span> <span class='ocrx_word' id='word_1_658' title='bbox 758 4107 813 4154; x_wconf 89' lang='lat' dir='ltr'><strong>et</strong></span> <span class='ocrx_word' id='word_1_659' title='bbox 840 4101 1133 4169; x_wconf 88' lang='lat' dir='ltr'><strong>nugatoriis</strong></span> <span class='ocrx_word' id='word_1_660' title='bbox 1157 4100 1715 4155; x_wconf 86' lang='lat' dir='ltr'><strong>animadversionihus</strong></span> <span class='ocrx_word' id='word_1_661' title='bbox 1735 4097 2016 4169; x_wconf 65' lang='lat' dir='ltr'><strong>auctores;</strong></span> <span class='ocrx_word' id='word_1_662' title='bbox 2041 4117 2096 4161; x_wconf 89' lang='lat' dir='ltr'><strong>et</strong></span> 
     </span>
    </p>
   </div>
   <div class='ocr_carea' id='block_1_94' title="bbox 512 4168 2091 4241">
    <p class='ocr_par' dir='ltr' id='par_1_94' title="bbox 512 4168 2091 4241">
     <span class='ocr_line' id='line_1_94' title="bbox 512 4168 2091 4241; baseline 0.004 -18"><span class='ocrx_word' id='word_1_663' title='bbox 512 4168 710 4225; x_wconf 85' lang='lat' dir='ltr'><strong>deinde</strong></span> <span class='ocrx_word' id='word_1_664' title='bbox 736 4170 788 4225; x_wconf 94' lang='lat' dir='ltr'><strong>in</strong></span> <span class='ocrx_word' id='word_1_665' title='bbox 828 4168 1184 4240; x_wconf 38' lang='lat' dir='ltr'><strong>Epi’phanium</strong></span> <span class='ocrx_word' id='word_1_666' title='bbox 1233 4171 1571 4240; x_wconf 88' lang='lat' dir='ltr'><strong>potissimum</strong></span> <span class='ocrx_word' id='word_1_667' title='bbox 1622 4174 1920 4238; x_wconf 84' lang='lat' dir='ltr'><strong>invehitur,</strong></span> <span class='ocrx_word' id='word_1_668' title='bbox 1952 4168 2091 4241; x_wconf 91' lang='lat' dir='ltr'><strong>quod</strong></span> 
     </span>
    </p>
   </div>
   <div class='ocr_carea' id='block_1_95' title="bbox 513 4240 2088 4314">
    <p class='ocr_par' dir='ltr' id='par_1_95' title="bbox 513 4240 2088 4314">
     <span class='ocr_line' id='line_1_95' title="bbox 513 4240 2088 4314; baseline 0.005 -22"><span class='ocrx_word' id='word_1_669' title='bbox 513 4242 790 4314; x_wconf 78' lang='lat' dir='ltr'><strong>scripserit</strong></span> <span class='ocrx_word' id='word_1_670' title='bbox 810 4240 988 4314; x_wconf 89' lang='lat' dir='ltr'><strong>divina</strong></span> <span class='ocrx_word' id='word_1_671' title='bbox 1018 4242 1356 4297; x_wconf 82' lang='lat' dir='ltr'><strong>Providentia</strong></span> <span class='ocrx_word' id='word_1_672' title='bbox 1387 4241 1553 4297; x_wconf 89' lang='lat' dir='ltr'><strong>fuisse</strong></span> <span class='ocrx_word' id='word_1_673' title='bbox 1581 4243 1902 4313; x_wconf 85' lang='lat' dir='ltr'><strong>dispositum</strong></span> <span class='ocrx_word' id='word_1_674' title='bbox 1943 4240 2088 4314; x_wconf 86' lang='lat' dir='ltr'><strong>quod</strong></span> 
     </span>
    </p>
   </div>
   <div class='ocr_carea' id='block_1_96' title="bbox 515 4309 2092 4380">
    <p class='ocr_par' dir='ltr' id='par_1_96' title="bbox 515 4309 2092 4380">
     <span class='ocr_line' id='line_1_96' title="bbox 515 4309 2092 4380; baseline 0.005 -17"><span class='ocrx_word' id='word_1_675' title='bbox 515 4309 801 4367; x_wconf 68' lang='lat' dir='ltr'><strong>hmreticus</strong></span> <span class='ocrx_word' id='word_1_676' title='bbox 837 4313 937 4367; x_wconf 82' lang='lat' dir='ltr'><strong>sibi</strong></span> <span class='ocrx_word' id='word_1_677' title='bbox 985 4313 1183 4368; x_wconf 87' lang='lat' dir='ltr'><strong>furoris</strong></span> <span class='ocrx_word' id='word_1_678' title='bbox 1226 4327 1422 4369; x_wconf 88' lang='lat' dir='ltr'><strong>nomen</strong></span> <span class='ocrx_word' id='word_1_679' title='bbox 1462 4309 1796 4380; x_wconf 83' lang='lat' dir='ltr'><strong>assumeret,</strong></span> <span class='ocrx_word' id='word_1_680' title='bbox 1834 4325 1892 4370; x_wconf 91' lang='lat' dir='ltr'><strong>ut</strong></span> <span class='ocrx_word' id='word_1_681' title='bbox 1921 4309 2092 4371; x_wconf 56' lang='lat' dir='ltr'><strong>G&#39;rzeci</strong></span> 
     </span>
    </p>
   </div>
   <div class='ocr_carea' id='block_1_97' title="bbox 516 4382 2095 4453">
    <p class='ocr_par' dir='ltr' id='par_1_97' title="bbox 516 4382 2095 4453">
     <span class='ocr_line' id='line_1_97' title="bbox 516 4382 2095 4453; baseline 0.004 -18"><span class='ocrx_word' id='word_1_682' title='bbox 516 4383 801 4453; x_wconf 88' lang='lat' dir='ltr'><strong>nimirum,</strong></span> <span class='ocrx_word' id='word_1_683' title='bbox 850 4382 940 4451; x_wconf 88' lang='lat' dir='ltr'><strong>qui</strong></span> <span class='ocrx_word' id='word_1_684' title='bbox 978 4382 1046 4437; x_wconf 90' lang='lat' dir='ltr'><strong>ab</strong></span> <span class='ocrx_word' id='word_1_685' title='bbox 1082 4398 1149 4439; x_wconf 92' lang='lat' dir='ltr'><strong>eo</strong></span> <span class='ocrx_word' id='word_1_686' title='bbox 1188 4385 1403 4439; x_wconf 89' lang='lat' dir='ltr'><strong>nomine</strong></span> <span class='ocrx_word' id='word_1_687' title='bbox 1456 4382 1853 4453; x_wconf 87' lang='lat' dir='ltr'><strong>abhorrebant,</strong></span> <span class='ocrx_word' id='word_1_688' title='bbox 1906 4388 1974 4440; x_wconf 89' lang='lat' dir='ltr'><strong>ab</strong></span> <span class='ocrx_word' id='word_1_689' title='bbox 2028 4389 2095 4441; x_wconf 87' lang='lat' dir='ltr'><strong>iis</strong></span> 
     </span>
    </p>
   </div>
   <div class='ocr_carea' id='block_1_98' title="bbox 515 4452 2093 4527">
    <p class='ocr_par' dir='ltr' id='par_1_98' title="bbox 515 4452 2093 4527">
     <span class='ocr_line' id='line_1_98' title="bbox 515 4452 2093 4527; baseline 0.006 -23"><span class='ocrx_word' id='word_1_690' title='bbox 515 4452 792 4527; x_wconf 81' lang='lat' dir='ltr'><strong>erroribus</strong></span> <span class='ocrx_word' id='word_1_691' title='bbox 839 4468 897 4506; x_wconf 89' lang='lat' dir='ltr'><strong>se</strong></span> <span class='ocrx_word' id='word_1_692' title='bbox 948 4465 1339 4527; x_wconf 61' lang='lat' dir='ltr'><strong>praiservarent</strong></span> <span class='ocrx_word' id='word_1_693' title='bbox 1380 4455 1693 4527; x_wconf 74' lang='lat' dir='ltr'><strong>immunes</strong></span> <span class='ocrx_word' id='word_1_694' title='bbox 1723 4472 1858 4527; x_wconf 92' lang='lat' dir='ltr'><strong>quos</strong></span> <span class='ocrx_word' id='word_1_695' title='bbox 1909 4457 2093 4513; x_wconf 81' lang='lat' dir='ltr'><strong>Manes</strong></span> 
     </span>
    </p>
   </div>
   <div class='ocr_carea' id='block_1_99' title="bbox 517 4522 2090 4596">
    <p class='ocr_par' dir='ltr' id='par_1_99' title="bbox 517 4522 2090 4596">
     <span class='ocr_line' id='line_1_99' title="bbox 517 4522 2090 4596; baseline 0.004 -20"><span class='ocrx_word' id='word_1_696' title='bbox 517 4522 808 4596; x_wconf 46' lang='lat' dir='ltr'><strong>docuerat.</strong></span> <span class='ocrx_word' id='word_1_697' title='bbox 838 4527 906 4596; x_wconf 66' lang='lat' dir='ltr'><strong>dt</strong></span> <span class='ocrx_word' id='word_1_698' title='bbox 939 4522 1083 4596; x_wconf 61' lang='lat' dir='ltr'><strong>male</strong></span> <span class='ocrx_word' id='word_1_699' title='bbox 1121 4524 1198 4596; x_wconf 84' lang='lat' dir='ltr'><strong>de</strong></span> <span class='ocrx_word' id='word_1_700' title='bbox 1238 4524 1596 4580; x_wconf 71' lang='lat' dir='ltr'><strong>Providentiae</strong></span> <span class='ocrx_word' id='word_1_701' title='bbox 1648 4522 2090 4596; x_wconf 83' lang='lat' dir='ltr'><strong>dispositionibus</strong></span> 
     </span>
    </p>
   </div>
   <div class='ocr_carea' id='block_1_100' title="bbox 515 4591 2995 4680">
    <p class='ocr_par' dir='ltr' id='par_1_100' title="bbox 515 4591 2995 4680">
     <span class='ocr_line' id='line_1_100' title="bbox 515 4591 2995 4680; baseline 0.004 -36"><span class='ocrx_word' id='word_1_702' title='bbox 515 4591 623 4680; x_wconf 60' lang='lat'><strong>33</strong></span> <span class='ocrx_word' id='word_1_703' title='bbox 653 4592 909 4680; x_wconf 46' lang='lat' dir='ltr'><strong>(subiicit)</strong></span> <span class='ocrx_word' id='word_1_704' title='bbox 939 4593 1296 4664; x_wconf 88' lang='lat' dir='ltr'><strong>Epiphanium</strong></span> <span class='ocrx_word' id='word_1_705' title='bbox 1328 4596 1566 4680; x_wconf 82' lang='lat' dir='ltr'><strong>cogitare</strong></span> <span class='ocrx_word' id='word_1_706' title='bbox 1593 4606 1684 4680; x_wconf 74' lang='lat' dir='ltr'><strong>aut</strong></span> <span class='ocrx_word' id='word_1_707' title='bbox 1712 4591 2087 4680; x_wconf 73' lang='lat' dir='ltr'><strong>ratiocinatum</strong></span> <span class='ocrx_word' id='word_1_708' title='bbox 2118 4615 2173 4680; x_wconf 73' lang='grc' dir='ltr'><strong>ι)</strong></span> <span class='ocrx_word' id='word_1_709' title='bbox 2198 4594 2331 4680; x_wconf 70' lang='lat' dir='ltr'><strong>Iitiae</strong></span> <span class='ocrx_word' id='word_1_710' title='bbox 2347 4591 2584 4680; x_wconf 71' lang='lat' dir='ltr'><strong>clericali</strong></span> <span class='ocrx_word' id='word_1_711' title='bbox 2612 4608 2668 4680; x_wconf 86' lang='lat' dir='ltr'><strong>et</strong></span> <span class='ocrx_word' id='word_1_712' title='bbox 2690 4591 2995 4680; x_wconf 57' lang='lat' dir='ltr'><strong>sacerdotio</strong></span> 
     </span>
    </p>
   </div>
   <div class='ocr_carea' id='block_1_101' title="bbox 517 4663 2089 4737">
    <p class='ocr_par' dir='ltr' id='par_1_101' title="bbox 517 4663 2089 4737">
     <span class='ocr_line' id='line_1_101' title="bbox 517 4663 2089 4737; baseline 0.005 -21"><span class='ocrx_word' id='word_1_713' title='bbox 517 4663 1057 4737; x_wconf 38' lang='lat' dir='ltr'><strong>IutsseManiclueus’</strong></span> <span class='ocrx_word' id='word_1_714' title='bbox 1094 4678 1356 4737; x_wconf 82' lang='lat' dir='ltr'><strong>reponere</strong></span> <span class='ocrx_word' id='word_1_715' title='bbox 1392 4663 1592 4737; x_wconf 79' lang='lat' dir='ltr'><strong>posset.</strong></span> <span class='ocrx_word' id='word_1_716' title='bbox 1633 4668 1767 4737; x_wconf 88' lang='lat' dir='ltr'><strong>Cum</strong></span> <span class='ocrx_word' id='word_1_717' title='bbox 1800 4668 1909 4737; x_wconf 90' lang='lat' dir='ltr'><strong>jam</strong></span> <span class='ocrx_word' id='word_1_718' title='bbox 1959 4669 2089 4724; x_wconf 91' lang='lat' dir='ltr'><strong>illud</strong></span> 
     </span>
    </p>
   </div>
   <div class='ocr_carea' id='block_1_102' title="bbox 515 4731 2097 4808">
    <p class='ocr_par' dir='ltr' id='par_1_102' title="bbox 515 4731 2097 4808">
     <span class='ocr_line' id='line_1_102' title="bbox 515 4731 2097 4808; baseline 0.006 -22"><span class='ocrx_word' id='word_1_719' title='bbox 515 4731 797 4808; x_wconf 67' lang='lat' dir='ltr'><strong>consilium</strong></span> <span class='ocrx_word' id='word_1_720' title='bbox 828 4741 884 4808; x_wconf 83' lang='lat' dir='ltr'><strong>et</strong></span> <span class='ocrx_word' id='word_1_721' title='bbox 910 4731 1419 4808; x_wconf 58' lang='lat' dir='ltr'><strong>dispositionesqure</strong></span> <span class='ocrx_word' id='word_1_722' title='bbox 1446 4736 1558 4808; x_wconf 87' lang='lat' dir='ltr'><strong>ipse</strong></span> <span class='ocrx_word' id='word_1_723' title='bbox 1580 4731 1912 4808; x_wconf 84' lang='lat' dir='ltr'><strong>Epiphanius</strong></span> <span class='ocrx_word' id='word_1_724' title='bbox 1930 4738 2097 4808; x_wconf 84' lang='lat' dir='ltr'><strong>jactat</strong></span> 
     </span>
    </p>
   </div>
   <div class='ocr_carea' id='block_1_103' title="bbox 517 4802 2098 4882">
    <p class='ocr_par' dir='ltr' id='par_1_103' title="bbox 517 4802 2098 4882">
     <span class='ocr_line' id='line_1_103' title="bbox 517 4802 2098 4882; baseline 0.005 -25"><span class='ocrx_word' id='word_1_725' title='bbox 517 4804 670 4882; x_wconf 80' lang='lat' dir='ltr'><strong>irrita</strong></span> <span class='ocrx_word' id='word_1_726' title='bbox 700 4802 889 4882; x_wconf 77' lang='lat' dir='ltr'><strong>fecerit</strong></span> <span class='ocrx_word' id='word_1_727' title='bbox 920 4802 1227 4882; x_wconf 59' lang='lat' dir='ltr'><strong>griecorum</strong></span> <span class='ocrx_word' id='word_1_728' title='bbox 1249 4802 1351 4882; x_wconf 83' lang='lat' dir='ltr'><strong>_il_la</strong></span> <span class='ocrx_word' id='word_1_729' title='bbox 1385 4802 1819 4882; x_wconf 58' lang='lat' dir='ltr'><strong>multitudoque</strong></span> <span class='ocrx_word' id='word_1_730' title='bbox 1839 4810 1907 4863; x_wconf 92' lang='lat' dir='ltr'><strong>ab</strong></span> <span class='ocrx_word' id='word_1_731' title='bbox 1930 4802 2098 4882; x_wconf 82' lang='lat' dir='ltr'><strong>hujus</strong></span> 
     </span>
    </p>
   </div>
   <div class='ocr_carea' id='block_1_104' title="bbox 518 4875 2097 4950">
    <p class='ocr_par' dir='ltr' id='par_1_104' title="bbox 518 4875 2097 4950">
     <span class='ocr_line' id='line_1_104' title="bbox 518 4875 2097 4950; baseline 0.004 -20"><span class='ocrx_word' id='word_1_732' title='bbox 518 4877 791 4950; x_wconf 68' lang='lat' dir='ltr'><strong>haereseos</strong></span> <span class='ocrx_word' id='word_1_733' title='bbox 811 4875 985 4950; x_wconf 84' lang='lat' dir='ltr'><strong>illiciis</strong></span> <span class='ocrx_word' id='word_1_734' title='bbox 1006 4875 1225 4950; x_wconf 79' lang='lat' dir='ltr'><strong>detenta</strong></span> <span class='ocrx_word' id='word_1_735' title='bbox 1243 4876 1362 4932; x_wconf 90' lang='lat' dir='ltr'><strong>fuit.</strong></span> <span class='ocrx_word' id='word_1_736' title='bbox 1389 4878 1519 4945; x_wconf 85' lang='lat' dir='ltr'><strong>Quis</strong></span> <span class='ocrx_word' id='word_1_737' title='bbox 1544 4892 1671 4933; x_wconf 90' lang='lat' dir='ltr'><strong>vero</strong></span> <span class='ocrx_word' id='word_1_738' title='bbox 1691 4879 1807 4950; x_wconf 86' lang='lat' dir='ltr'><strong>sine</strong></span> <span class='ocrx_word' id='word_1_739' title='bbox 1834 4882 1984 4950; x_wconf 88' lang='lat' dir='ltr'><strong>gravi</strong></span> <span class='ocrx_word' id='word_1_740' title='bbox 2009 4875 2097 4937; x_wconf 66' lang='lat' dir='ltr'><strong>&#39;sui</strong></span> 
     </span>
    </p>
   </div>
   <div class='ocr_carea' id='block_1_105' title="bbox 515 4945 2102 5019">
    <p class='ocr_par' dir='ltr' id='par_1_105' title="bbox 515 4945 2102 5019">
     <span class='ocr_line' id='line_1_105' title="bbox 515 4945 2102 5019; baseline 0.006 -20"><span class='ocrx_word' id='word_1_741' title='bbox 515 4945 680 5019; x_wconf 86' lang='lat' dir='ltr'><strong>animi</strong></span> <span class='ocrx_word' id='word_1_742' title='bbox 707 4948 1086 5010; x_wconf 88' lang='lat' dir='ltr'><strong>commotione,</strong></span> <span class='ocrx_word' id='word_1_743' title='bbox 1119 4947 1185 5002; x_wconf 89' lang='lat' dir='ltr'><strong>ad</strong></span> <span class='ocrx_word' id='word_1_744' title='bbox 1211 4946 1349 5002; x_wconf 88' lang='lat' dir='ltr'><strong>hanc</strong></span> <span class='ocrx_word' id='word_1_745' title='bbox 1379 4964 1595 5019; x_wconf 92' lang='lat' dir='ltr'><strong>pravam</strong></span> <span class='ocrx_word' id='word_1_746' title='bbox 1617 4958 1671 5004; x_wconf 91' lang='lat' dir='ltr'><strong>et</strong></span> <span class='ocrx_word' id='word_1_747' title='bbox 1692 4945 1908 5019; x_wconf 72' lang='lat' dir='ltr'><strong>impiam</strong></span> <span class='ocrx_word' id='word_1_748' title='bbox 1934 4950 2102 5008; x_wconf 82' lang='lat' dir='ltr'><strong>Beau-</strong></span> 
     </span>
    </p>
   </div>
   <div class='ocr_carea' id='block_1_106' title="bbox 516 5018 2102 5089">
    <p class='ocr_par' dir='ltr' id='par_1_106' title="bbox 516 5018 2102 5089">
     <span class='ocr_line' id='line_1_106' title="bbox 516 5018 2102 5089; baseline 0.005 -19"><span class='ocrx_word' id='word_1_749' title='bbox 516 5018 819 5089; x_wconf 81' lang='lat' dir='ltr'><strong>sobrianam</strong></span> <span class='ocrx_word' id='word_1_750' title='bbox 850 5032 1129 5089; x_wconf 82' lang='lat' dir='ltr'><strong>censuram</strong></span> <span class='ocrx_word' id='word_1_751' title='bbox 1176 5018 1602 5075; x_wconf 87' lang='lat' dir='ltr'><strong>animadvertere</strong></span> <span class='ocrx_word' id='word_1_752' title='bbox 1630 5018 1862 5089; x_wconf 83' lang='lat' dir='ltr'><strong>poterit?</strong></span> <span class='ocrx_word' id='word_1_753' title='bbox 1892 5024 1970 5077; x_wconf 83' lang='lat' dir='ltr'><strong>An</strong></span> <span class='ocrx_word' id='word_1_754' title='bbox 2021 5025 2102 5078; x_wconf 89' lang='lat' dir='ltr'><strong>di-</strong></span> 
     </span>
    </p>
   </div>
   <div class='ocr_carea' id='block_1_107' title="bbox 521 5087 2102 5160">
    <p class='ocr_par' dir='ltr' id='par_1_107' title="bbox 521 5087 2102 5160">
     <span class='ocr_line' id='line_1_107' title="bbox 521 5087 2102 5160; baseline 0.007 -22"><span class='ocrx_word' id='word_1_755' title='bbox 521 5087 1047 5160; x_wconf 45' lang='lat' dir='ltr'><strong>viinrovidcntim</strong></span> <span class='ocrx_word' id='word_1_756' title='bbox 1074 5089 1359 5145; x_wconf 90' lang='lat' dir='ltr'><strong>consilium</strong></span> <span class='ocrx_word' id='word_1_757' title='bbox 1380 5101 1435 5146; x_wconf 94' lang='lat' dir='ltr'><strong>et</strong></span> <span class='ocrx_word' id='word_1_758' title='bbox 1454 5087 1832 5160; x_wconf 83' lang='lat' dir='ltr'><strong>dispositiones</strong></span> <span class='ocrx_word' id='word_1_759' title='bbox 1856 5092 2102 5149; x_wconf 82' lang='lat' dir='ltr'><strong>humanis</strong></span> 
     </span>
    </p>
   </div>
   <div class='ocr_carea' id='block_1_108' title="bbox 516 5157 2103 5231">
    <p class='ocr_par' dir='ltr' id='par_1_108' title="bbox 516 5157 2103 5231">
     <span class='ocr_line' id='line_1_108' title="bbox 516 5157 2103 5231; baseline 0.004 -19"><span class='ocrx_word' id='word_1_760' title='bbox 516 5157 788 5213; x_wconf 85' lang='lat' dir='ltr'><strong>mentibus</strong></span> <span class='ocrx_word' id='word_1_761' title='bbox 828 5162 1203 5231; x_wconf 78' lang='lat' dir='ltr'><strong>necessitatem</strong></span> <span class='ocrx_word' id='word_1_762' title='bbox 1235 5157 1554 5231; x_wconf 66' lang='lat' dir='ltr'><strong>imponunt,</strong></span> <span class='ocrx_word' id='word_1_763' title='bbox 1580 5170 1637 5217; x_wconf 89' lang='lat' dir='ltr'><strong>ut</strong></span> <span class='ocrx_word' id='word_1_764' title='bbox 1675 5162 1867 5218; x_wconf 86' lang='lat' dir='ltr'><strong>borum</strong></span> <span class='ocrx_word' id='word_1_765' title='bbox 1899 5166 2103 5219; x_wconf 89' lang='lat' dir='ltr'><strong>malitia</strong></span> 
     </span>
    </p>
   </div>
   <div class='ocr_carea' id='block_1_109' title="bbox 521 5230 2102 5304">
    <p class='ocr_par' dir='ltr' id='par_1_109' title="bbox 521 5230 2102 5304">
     <span class='ocr_line' id='line_1_109' title="bbox 521 5230 2102 5304; baseline 0.005 -22"><span class='ocrx_word' id='word_1_766' title='bbox 521 5244 627 5282; x_wconf 92' lang='lat' dir='ltr'><strong>non</strong></span> <span class='ocrx_word' id='word_1_767' title='bbox 654 5238 880 5304; x_wconf 73' lang='lat' dir='ltr'><strong>conetur</strong></span> <span class='ocrx_word' id='word_1_768' title='bbox 901 5246 959 5286; x_wconf 88' lang='lat' dir='ltr'><strong>se</strong></span> <span class='ocrx_word' id='word_1_769' title='bbox 980 5230 1050 5287; x_wconf 88' lang='lat' dir='ltr'><strong>ab</strong></span> <span class='ocrx_word' id='word_1_770' title='bbox 1076 5231 1143 5304; x_wconf 87' lang='lat' dir='ltr'><strong>iis</strong></span> <span class='ocrx_word' id='word_1_771' title='bbox 1172 5230 1513 5304; x_wconf 75' lang='lat' dir='ltr'><strong>subtrahere,</strong></span> <span class='ocrx_word' id='word_1_772' title='bbox 1540 5243 1592 5289; x_wconf 88' lang='lat' dir='ltr'><strong>et</strong></span> <span class='ocrx_word' id='word_1_773' title='bbox 1613 5248 1771 5304; x_wconf 89' lang='lat' dir='ltr'><strong>quam</strong></span> <span class='ocrx_word' id='word_1_774' title='bbox 1802 5236 2102 5303; x_wconf 65' lang='lat' dir='ltr'><strong>satpissime</strong></span> 
     </span>
    </p>
   </div>
   <div class='ocr_carea' id='block_1_110' title="bbox 518 5300 2099 5376">
    <p class='ocr_par' dir='ltr' id='par_1_110' title="bbox 518 5300 2099 5376">
     <span class='ocr_line' id='line_1_110' title="bbox 518 5300 2099 5376; baseline 0.004 -22"><span class='ocrx_word' id='word_1_775' title='bbox 518 5302 816 5376; x_wconf 85' lang='lat' dir='ltr'><strong>eas_va|ea_t</strong></span> <span class='ocrx_word' id='word_1_776' title='bbox 857 5300 1147 5376; x_wconf 82' lang='lat' dir='ltr'><strong>frustrari?</strong></span> <span class='ocrx_word' id='word_1_777' title='bbox 1174 5302 1369 5376; x_wconf 85' lang='lat' dir='ltr'><strong>Primis</strong></span> <span class='ocrx_word' id='word_1_778' title='bbox 1393 5300 1538 5360; x_wconf 87' lang='lat' dir='ltr'><strong>enim</strong></span> <span class='ocrx_word' id='word_1_779' title='bbox 1564 5300 2099 5376; x_wconf 39' lang='lat' dir='ltr'><strong>parentibus—lignum</strong></span> 
     </span>
    </p>
   </div>
   <div class='ocr_carea' id='block_1_111' title="bbox 520 5372 2103 5445">
    <p class='ocr_par' dir='ltr' id='par_1_111' title="bbox 520 5372 2103 5445">
     <span class='ocr_line' id='line_1_111' title="bbox 520 5372 2103 5445; baseline 0.005 -20"><span class='ocrx_word' id='word_1_780' title='bbox 520 5372 744 5427; x_wconf 83' lang='lat' dir='ltr'><strong>vetitum</strong></span> <span class='ocrx_word' id='word_1_781' title='bbox 776 5372 828 5427; x_wconf 91' lang='lat' dir='ltr'><strong>in</strong></span> <span class='ocrx_word' id='word_1_782' title='bbox 859 5374 1133 5445; x_wconf 89' lang='lat' dir='ltr'><strong>originalis</strong></span> <span class='ocrx_word' id='word_1_783' title='bbox 1177 5374 1498 5431; x_wconf 63' lang='lat' dir='ltr'><strong>innocentia</strong></span> <span class='ocrx_word' id='word_1_784' title='bbox 1527 5372 1801 5431; x_wconf 82' lang='lat' dir='ltr'><strong>munimen</strong></span> <span class='ocrx_word' id='word_1_785' title='bbox 1832 5387 1887 5433; x_wconf 90' lang='lat' dir='ltr'><strong>et</strong></span> <span class='ocrx_word' id='word_1_786' title='bbox 1913 5372 2103 5433; x_wconf 76' lang='lat' dir='ltr'><strong>mortis</strong></span> 
     </span>
    </p>
   </div>
   <div class='ocr_carea' id='block_1_112' title="bbox 518 5444 2102 5519">
    <p class='ocr_par' dir='ltr' id='par_1_112' title="bbox 518 5444 2102 5519">
     <span class='ocr_line' id='line_1_112' title="bbox 518 5444 2102 5519; baseline 0.004 -22"><span class='ocrx_word' id='word_1_787' title='bbox 518 5444 963 5519; x_wconf 67' lang='lat' dir='ltr'><strong>prteservativurn</strong></span> <span class='ocrx_word' id='word_1_788' title='bbox 978 5444 1160 5519; x_wconf 81' lang='lat' dir='ltr'><strong>datum</strong></span> <span class='ocrx_word' id='word_1_789' title='bbox 1191 5446 1307 5519; x_wconf 82' lang='lat' dir='ltr'><strong>fuit,</strong></span> <span class='ocrx_word' id='word_1_790' title='bbox 1325 5456 1552 5503; x_wconf 90' lang='lat' dir='ltr'><strong>mortem</strong></span> <span class='ocrx_word' id='word_1_791' title='bbox 1566 5445 1802 5519; x_wconf 84' lang='lat' dir='ltr'><strong>quidem,</strong></span> <span class='ocrx_word' id='word_1_792' title='bbox 1830 5459 2102 5519; x_wconf 88' lang='lat' dir='ltr'><strong>tamquam</strong></span> 
     </span>
    </p>
   </div>
   <div class='ocr_carea' id='block_1_113' title="bbox 520 5516 2101 5589">
    <p class='ocr_par' dir='ltr' id='par_1_113' title="bbox 520 5516 2101 5589">
     <span class='ocr_line' id='line_1_113' title="bbox 520 5516 2101 5589; baseline 0.004 -20"><span class='ocrx_word' id='word_1_793' title='bbox 520 5516 755 5569; x_wconf 78' lang='lat' dir='ltr'><strong>ctuniutn</strong></span> <span class='ocrx_word' id='word_1_794' title='bbox 809 5516 1126 5571; x_wconf 90' lang='lat' dir='ltr'><strong>terribilium</strong></span> <span class='ocrx_word' id='word_1_795' title='bbox 1153 5557 1167 5581; x_wconf 91' lang='lat'><strong>,</strong></span> <span class='ocrx_word' id='word_1_796' title='bbox 1210 5516 1595 5574; x_wconf 87' lang='lat' dir='ltr'><strong>exhorrescere</strong></span> <span class='ocrx_word' id='word_1_797' title='bbox 1632 5516 1970 5577; x_wconf 69' lang='lat' dir='ltr'><strong>debuissent</strong></span> <span class='ocrx_word' id='word_1_798' title='bbox 2000 5520 2101 5589; x_wconf 83' lang='lat' dir='ltr'><strong>ipsi</strong></span> 
     </span>
    </p>
   </div>
   <div class='ocr_carea' id='block_1_114' title="bbox 591 5650 2102 5724">
    <p class='ocr_par' dir='ltr' id='par_1_114' title="bbox 591 5650 2102 5724">
     <span class='ocr_line' id='line_1_114' title="bbox 591 5650 2102 5724; baseline 0.002 -20"><span class='ocrx_word' id='word_1_799' title='bbox 591 5650 930 5724; x_wconf 59' lang='lat' dir='ltr'><strong>(aiCyrillus</strong></span> <span class='ocrx_word' id='word_1_800' title='bbox 970 5650 1522 5724; x_wconf 24' lang='lat' dir='ltr'><strong>IIieArosplymitanus,</strong></span> <span class='ocrx_word' id='word_1_801' title='bbox 1566 5654 1931 5724; x_wconf 87' lang='lat' dir='ltr'><strong>catechesi6;</strong></span> <span class='ocrx_word' id='word_1_802' title='bbox 1974 5653 2102 5724; x_wconf 79' lang='lat' dir='ltr'><strong>Epi-</strong></span> 
     </span>
    </p>
   </div>
   <div class='ocr_carea' id='block_1_115' title="bbox 522 5721 2099 5791">
    <p class='ocr_par' dir='ltr' id='par_1_115' title="bbox 522 5721 2099 5791">
     <span class='ocr_line' id='line_1_115' title="bbox 522 5721 2099 5791; baseline 0.004 -17"><span class='ocrx_word' id='word_1_803' title='bbox 522 5721 771 5791; x_wconf 79' lang='lat' dir='ltr'><strong>phanius,</strong></span> <span class='ocrx_word' id='word_1_804' title='bbox 801 5721 992 5777; x_wconf 58' lang='lat' dir='ltr'><strong>haeresi</strong></span> <span class='ocrx_word' id='word_1_805' title='bbox 1014 5722 1112 5787; x_wconf 82' lang='lat'><strong>66;</strong></span> <span class='ocrx_word' id='word_1_806' title='bbox 1140 5721 1294 5777; x_wconf 37' lang='lat' dir='ltr'><strong>Tit—us</strong></span> <span class='ocrx_word' id='word_1_807' title='bbox 1318 5723 1644 5791; x_wconf 89' lang='lat' dir='ltr'><strong>Bostrensis,</strong></span> <span class='ocrx_word' id='word_1_808' title='bbox 1671 5727 1721 5779; x_wconf 89' lang='lat' dir='ltr'><strong>in</strong></span> <span class='ocrx_word' id='word_1_809' title='bbox 1745 5723 1895 5780; x_wconf 87' lang='lat' dir='ltr'><strong>libris</strong></span> <span class='ocrx_word' id='word_1_810' title='bbox 1914 5721 2099 5780; x_wconf 83' lang='lat' dir='ltr'><strong>conira</strong></span> 
     </span>
    </p>
   </div>
   <div class='ocr_carea' id='block_1_116' title="bbox 525 5789 1211 5861">
    <p class='ocr_par' dir='ltr' id='par_1_116' title="bbox 525 5789 1211 5861">
     <span class='ocr_line' id='line_1_116' title="bbox 525 5789 1211 5861; baseline 0 -15"><span class='ocrx_word' id='word_1_811' title='bbox 525 5789 845 5861; x_wconf 68' lang='lat' dir='ltr'><strong>Hattichtros</strong></span> <span class='ocrx_word' id='word_1_812' title='bbox 873 5792 1211 5861; x_wconf 72' lang='lat' dir='ltr'><strong>conscriptis.</strong></span> 
     </span>
    </p>
   </div>
   <div class='ocr_carea' id='block_1_117' title="bbox 600 5859 2103 5940">
    <p class='ocr_par' dir='ltr' id='par_1_117' title="bbox 600 5859 2103 5940">
     <span class='ocr_line' id='line_1_117' title="bbox 600 5859 2103 5940; baseline 0.009 -30"><span class='ocrx_word' id='word_1_813' title='bbox 600 5859 678 5929; x_wconf 71' lang='grc' dir='ltr'><strong>(ὁ)</strong></span> <span class='ocrx_word' id='word_1_814' title='bbox 712 5859 791 5916; x_wconf 86' lang='lat' dir='ltr'><strong>De</strong></span> <span class='ocrx_word' id='word_1_815' title='bbox 832 5862 953 5915; x_wconf 85' lang='lat' dir='ltr'><strong>aliis</strong></span> <span class='ocrx_word' id='word_1_816' title='bbox 995 5859 1155 5933; x_wconf 84' lang='lat' dir='ltr'><strong>atque</strong></span> <span class='ocrx_word' id='word_1_817' title='bbox 1183 5860 1341 5929; x_wconf 76' lang='lat' dir='ltr'><strong>huius</strong></span> <span class='ocrx_word' id='word_1_818' title='bbox 1371 5863 1600 5921; x_wconf 78' lang='lat' dir='ltr'><strong>nominis</strong></span> <span class='ocrx_word' id='word_1_819' title='bbox 1628 5865 1970 5937; x_wconf 79' lang='lat' dir='ltr'><strong>etymologiis</strong></span> <span class='ocrx_word' id='word_1_820' title='bbox 1991 5866 2103 5940; x_wconf 79' lang='lat' dir='ltr'><strong>agit</strong></span> 
     </span>
    </p>
   </div>
   <div class='ocr_carea' id='block_1_118' title="bbox 2200 3322 3750 3393">
    <p class='ocr_par' dir='ltr' id='par_1_118' title="bbox 2200 3322 3750 3393">
     <span class='ocr_line' id='line_1_118' title="bbox 2200 3322 3750 3393; baseline -0.003 -17"><span class='ocrx_word' id='word_1_821' title='bbox 2200 3323 2430 3390; x_wconf 91' lang='lat' dir='ltr'><strong>primum</strong></span> <span class='ocrx_word' id='word_1_822' title='bbox 2476 3323 2545 3378; x_wconf 87' lang='lat' dir='ltr'><strong>ibi</strong></span> <span class='ocrx_word' id='word_1_823' title='bbox 2574 3322 2849 3378; x_wconf 88' lang='lat' dir='ltr'><strong>describat</strong></span> <span class='ocrx_word' id='word_1_824' title='bbox 2878 3364 2892 3387; x_wconf 95' lang='lat'><strong>,</strong></span> <span class='ocrx_word' id='word_1_825' title='bbox 2934 3324 3023 3393; x_wconf 93' lang='lat' dir='ltr'><strong>qui</strong></span> <span class='ocrx_word' id='word_1_826' title='bbox 3077 3332 3133 3378; x_wconf 90' lang='lat' dir='ltr'><strong>et</strong></span> <span class='ocrx_word' id='word_1_827' title='bbox 3173 3337 3355 3379; x_wconf 89' lang='lat' dir='ltr'><strong>sacros</strong></span> <span class='ocrx_word' id='word_1_828' title='bbox 3392 3323 3750 3393; x_wconf 70' lang='lat' dir='ltr'><strong>scripturarum</strong></span> 
     </span>
    </p>
   </div>
   <div class='ocr_carea' id='block_1_119' title="bbox 2200 3389 3753 3464">
    <p class='ocr_par' dir='ltr' id='par_1_119' title="bbox 2200 3389 3753 3464">
     <span class='ocr_line' id='line_1_119' title="bbox 2200 3389 3753 3464; baseline 0.001 -17"><span class='ocrx_word' id='word_1_829' title='bbox 2200 3389 2365 3447; x_wconf 79' lang='lat' dir='ltr'><strong>iihros</strong></span> <span class='ocrx_word' id='word_1_830' title='bbox 2395 3395 2607 3459; x_wconf 91' lang='lat' dir='ltr'><strong>docuit,</strong></span> <span class='ocrx_word' id='word_1_831' title='bbox 2642 3404 2696 3448; x_wconf 90' lang='lat' dir='ltr'><strong>et</strong></span> <span class='ocrx_word' id='word_1_832' title='bbox 2724 3389 3104 3461; x_wconf 80' lang='lat' dir='ltr'><strong>interpretatus</strong></span> <span class='ocrx_word' id='word_1_833' title='bbox 3125 3406 3241 3461; x_wconf 87' lang='lat' dir='ltr'><strong>est;</strong></span> <span class='ocrx_word' id='word_1_834' title='bbox 3276 3395 3476 3464; x_wconf 89' lang='lat' dir='ltr'><strong>quique</strong></span> <span class='ocrx_word' id='word_1_835' title='bbox 3507 3389 3638 3448; x_wconf 74' lang='lat' dir='ltr'><strong>cum</strong></span> <span class='ocrx_word' id='word_1_836' title='bbox 3675 3389 3753 3464; x_wconf 60' lang='lat' dir='ltr'><strong>tiq-</strong></span> 
     </span>
    </p>
   </div>
   <div class='ocr_carea' id='block_1_120' title="bbox 2197 3459 3754 3536">
    <p class='ocr_par' dir='ltr' id='par_1_120' title="bbox 2197 3459 3754 3536">
     <span class='ocr_line' id='line_1_120' title="bbox 2197 3459 3754 3536; baseline -0.001 -19"><span class='ocrx_word' id='word_1_837' title='bbox 2197 3463 2331 3536; x_wconf 61' lang='lat' dir='ltr'><strong>datis</strong></span> <span class='ocrx_word' id='word_1_838' title='bbox 2350 3505 2366 3521; x_wconf 85' lang='lat'><strong>.</strong></span> <span class='ocrx_word' id='word_1_839' title='bbox 2410 3464 2577 3534; x_wconf 89' lang='lat' dir='ltr'><strong>magis</strong></span> <span class='ocrx_word' id='word_1_840' title='bbox 2617 3459 2954 3536; x_wconf 84' lang='lat' dir='ltr'><strong>ethnicisque</strong></span> <span class='ocrx_word' id='word_1_841' title='bbox 2992 3459 3265 3535; x_wconf 84' lang='lat' dir='ltr'><strong>disputare</strong></span> <span class='ocrx_word' id='word_1_842' title='bbox 3294 3459 3555 3520; x_wconf 76' lang='lat' dir='ltr'><strong>assuetus</strong></span> <span class='ocrx_word' id='word_1_843' title='bbox 3579 3507 3593 3531; x_wconf 90' lang='lat'><strong>,</strong></span> <span class='ocrx_word' id='word_1_844' title='bbox 3617 3480 3646 3536; x_wconf 83' lang='lat' dir='ltr'><strong>a</strong></span> <span class='ocrx_word' id='word_1_845' title='bbox 3670 3459 3754 3516; x_wconf 82' lang='lat' dir='ltr'><strong>fide</strong></span> 
     </span>
    </p>
   </div>
   <div class='ocr_carea' id='block_1_121' title="bbox 2200 3535 3759 3605">
    <p class='ocr_par' dir='ltr' id='par_1_121' title="bbox 2200 3535 3759 3605">
     <span class='ocr_line' id='line_1_121' title="bbox 2200 3535 3759 3605; baseline 0 -17"><span class='ocrx_word' id='word_1_846' title='bbox 2200 3535 2414 3589; x_wconf 89' lang='lat' dir='ltr'><strong>tandem</strong></span> <span class='ocrx_word' id='word_1_847' title='bbox 2438 3536 2734 3602; x_wconf 71' lang='lat' dir='ltr'><strong>desciscatis,</strong></span> <span class='ocrx_word' id='word_1_848' title='bbox 2768 3535 2989 3605; x_wconf 78' lang='lat' dir='ltr'><strong>seipsttm</strong></span> <span class='ocrx_word' id='word_1_849' title='bbox 3018 3536 3261 3591; x_wconf 76' lang='lat' dir='ltr'><strong>Messium</strong></span> <span class='ocrx_word' id='word_1_850' title='bbox 3284 3537 3577 3591; x_wconf 72' lang='lat' dir='ltr'><strong>nominavit.</strong></span> <span class='ocrx_word' id='word_1_851' title='bbox 3611 3535 3759 3589; x_wconf 84' lang='lat' dir='ltr'><strong>Porro</strong></span> 
     </span>
    </p>
   </div>
   <div class='ocr_carea' id='block_1_122' title="bbox 2197 3604 3758 3678">
    <p class='ocr_par' dir='ltr' id='par_1_122' title="bbox 2197 3604 3758 3678">
     <span class='ocr_line' id='line_1_122' title="bbox 2197 3604 3758 3678; baseline -0.002 -20"><span class='ocrx_word' id='word_1_852' title='bbox 2197 3605 2243 3658; x_wconf 82' lang='lat' dir='ltr'><strong>si</strong></span> <span class='ocrx_word' id='word_1_853' title='bbox 2273 3606 2338 3659; x_wconf 79' lang='lat' dir='ltr'><strong>ad</strong></span> <span class='ocrx_word' id='word_1_854' title='bbox 2365 3608 2529 3678; x_wconf 86' lang='lat' dir='ltr'><strong>hocce</strong></span> <span class='ocrx_word' id='word_1_855' title='bbox 2552 3604 2932 3678; x_wconf 72' lang='lat' dir='ltr'><strong>Ahnlpharagii</strong></span> <span class='ocrx_word' id='word_1_856' title='bbox 2958 3608 3027 3678; x_wconf 75' lang='grc' dir='ltr'><strong>(ε)</strong></span> <span class='ocrx_word' id='word_1_857' title='bbox 3054 3609 3415 3664; x_wconf 75' lang='lat' dir='ltr'><strong>teSIimonium</strong></span> <span class='ocrx_word' id='word_1_858' title='bbox 3448 3604 3758 3678; x_wconf 77' lang='lat' dir='ltr'><strong>animadver-</strong></span> 
     </span>
    </p>
   </div>
   <div class='ocr_carea' id='block_1_123' title="bbox 2201 3674 3747 3756">
    <p class='ocr_par' dir='ltr' id='par_1_123' title="bbox 2201 3674 3747 3756">
     <span class='ocr_line' id='line_1_123' title="bbox 2201 3674 3747 3756; baseline 0 -27"><span class='ocrx_word' id='word_1_859' title='bbox 2201 3685 2398 3756; x_wconf 78' lang='lat' dir='ltr'><strong>tamus,</strong></span> <span class='ocrx_word' id='word_1_860' title='bbox 2447 3677 2576 3732; x_wconf 90' lang='lat' dir='ltr'><strong>illud</strong></span> <span class='ocrx_word' id='word_1_861' title='bbox 2624 3674 2707 3731; x_wconf 90' lang='lat' dir='ltr'><strong>ad</strong></span> <span class='ocrx_word' id='word_1_862' title='bbox 2742 3674 3149 3756; x_wconf 38' lang='lat' dir='ltr'><strong>verte-criticcn</strong></span> <span class='ocrx_word' id='word_1_863' title='bbox 3193 3681 3417 3756; x_wconf 74' lang='lat' dir='ltr'><strong>regulas</strong></span> <span class='ocrx_word' id='word_1_864' title='bbox 3449 3674 3747 3756; x_wconf 67' lang='lat' dir='ltr'><strong>reducendo.</strong></span> 
     </span>
    </p>
   </div>
   <div class='ocr_carea' id='block_1_124' title="bbox 2199 3747 3751 3827">
    <p class='ocr_par' dir='ltr' id='par_1_124' title="bbox 2199 3747 3751 3827">
     <span class='ocr_line' id='line_1_124' title="bbox 2199 3747 3751 3827; baseline -0.001 -26"><span class='ocrx_word' id='word_1_865' title='bbox 2199 3749 2345 3827; x_wconf 69' lang='lat' dir='ltr'><strong>varia</strong></span> <span class='ocrx_word' id='word_1_866' title='bbox 2377 3757 2832 3827; x_wconf 12' lang='lat' dir='ltr'><strong>occurruntiquze</strong></span> <span class='ocrx_word' id='word_1_867' title='bbox 2854 3749 3099 3827; x_wconf 76' lang='lat' dir='ltr'><strong>falsitatis</strong></span> <span class='ocrx_word' id='word_1_868' title='bbox 3117 3747 3317 3827; x_wconf 77' lang='lat' dir='ltr'><strong>indicia</strong></span> <span class='ocrx_word' id='word_1_869' title='bbox 3352 3747 3653 3827; x_wconf 64' lang='lat' dir='ltr'><strong>pmscferre</strong></span> <span class='ocrx_word' id='word_1_870' title='bbox 3672 3747 3751 3827; x_wconf 81' lang='lat' dir='ltr'><strong>vi-_</strong></span> 
     </span>
    </p>
   </div>
   <div class='ocr_carea' id='block_1_125' title="bbox 2197 3817 3758 3892">
    <p class='ocr_par' dir='ltr' id='par_1_125' title="bbox 2197 3817 3758 3892">
     <span class='ocr_line' id='line_1_125' title="bbox 2197 3817 3758 3892; baseline 0 -21"><span class='ocrx_word' id='word_1_871' title='bbox 2197 3817 2415 3875; x_wconf 90' lang='lat' dir='ltr'><strong>dentur.</strong></span> <span class='ocrx_word' id='word_1_872' title='bbox 2470 3818 2621 3892; x_wconf 80' lang='lat' dir='ltr'><strong>Mitto</strong></span> <span class='ocrx_word' id='word_1_873' title='bbox 2677 3817 2941 3892; x_wconf 82' lang='lat' dir='ltr'><strong>Imprimis</strong></span> <span class='ocrx_word' id='word_1_874' title='bbox 2987 3822 3130 3892; x_wconf 89' lang='lat' dir='ltr'><strong>quod</strong></span> <span class='ocrx_word' id='word_1_875' title='bbox 3189 3817 3369 3875; x_wconf 86' lang='lat' dir='ltr'><strong>nullus</strong></span> <span class='ocrx_word' id='word_1_876' title='bbox 3410 3836 3475 3875; x_wconf 87' lang='lat' dir='ltr'><strong>ex</strong></span> <span class='ocrx_word' id='word_1_877' title='bbox 3520 3817 3661 3892; x_wconf 81' lang='lat' dir='ltr'><strong>tertii</strong></span> <span class='ocrx_word' id='word_1_878' title='bbox 3708 3824 3758 3892; x_wconf 75' lang='lat' dir='ltr'><strong>et</strong></span> 
     </span>
    </p>
   </div>
   <div class='ocr_carea' id='block_1_126' title="bbox 2197 3886 3759 3962">
    <p class='ocr_par' dir='ltr' id='par_1_126' title="bbox 2197 3886 3759 3962">
     <span class='ocr_line' id='line_1_126' title="bbox 2197 3886 3759 3962; baseline 0 -21"><span class='ocrx_word' id='word_1_879' title='bbox 2197 3892 2375 3962; x_wconf 68' lang='lat' dir='ltr'><strong>quarti</strong></span> <span class='ocrx_word' id='word_1_880' title='bbox 2400 3890 2579 3962; x_wconf 70' lang='lat' dir='ltr'><strong>smcnli</strong></span> <span class='ocrx_word' id='word_1_881' title='bbox 2602 3890 2849 3962; x_wconf 88' lang='lat' dir='ltr'><strong>Patribns</strong></span> <span class='ocrx_word' id='word_1_882' title='bbox 2874 3886 3031 3960; x_wconf 78' lang='lat' dir='ltr'><strong>atque</strong></span> <span class='ocrx_word' id='word_1_883' title='bbox 3054 3892 3407 3962; x_wconf 86' lang='lat' dir='ltr'><strong>scriptoribus</strong></span> <span class='ocrx_word' id='word_1_884' title='bbox 3426 3892 3492 3945; x_wconf 80' lang='lat' dir='ltr'><strong>de</strong></span> <span class='ocrx_word' id='word_1_885' title='bbox 3512 3886 3759 3962; x_wconf 81' lang='lat' dir='ltr'><strong>ejusmodi</strong></span> 
     </span>
    </p>
   </div>
   <div class='ocr_carea' id='block_1_127' title="bbox 2198 3959 3759 4032">
    <p class='ocr_par' dir='ltr' id='par_1_127' title="bbox 2198 3959 3759 4032">
     <span class='ocr_line' id='line_1_127' title="bbox 2198 3959 3759 4032; baseline 0 -18"><span class='ocrx_word' id='word_1_886' title='bbox 2198 3959 2547 4014; x_wconf 81' lang='lat' dir='ltr'><strong>Manichaicis</strong></span> <span class='ocrx_word' id='word_1_887' title='bbox 2575 3964 2737 4029; x_wconf 84' lang='lat' dir='ltr'><strong>gestis</strong></span> <span class='ocrx_word' id='word_1_888' title='bbox 2766 3959 3019 4032; x_wconf 88' lang='lat' dir='ltr'><strong>illiusque</strong></span> <span class='ocrx_word' id='word_1_889' title='bbox 3046 3959 3347 4018; x_wconf 83' lang='lat' dir='ltr'><strong>sacerdotio</strong></span> <span class='ocrx_word' id='word_1_890' title='bbox 3375 3959 3759 4032; x_wconf 53' lang='lat' dir='ltr'><strong>verba&#39;l’eCerit.</strong></span> 
     </span>
    </p>
   </div>
   <div class='ocr_carea' id='block_1_128' title="bbox 2198 4029 3762 4104">
    <p class='ocr_par' dir='ltr' id='par_1_128' title="bbox 2198 4029 3762 4104">
     <span class='ocr_line' id='line_1_128' title="bbox 2198 4029 3762 4104; baseline -0.001 -21"><span class='ocrx_word' id='word_1_891' title='bbox 2198 4046 2269 4104; x_wconf 80' lang='lat' dir='ltr'><strong>ne</strong></span> <span class='ocrx_word' id='word_1_892' title='bbox 2298 4032 2348 4083; x_wconf 89' lang='lat' dir='ltr'><strong>itt</strong></span> <span class='ocrx_word' id='word_1_893' title='bbox 2380 4046 2596 4104; x_wconf 67' lang='lat' dir='ltr'><strong>eritnan</strong></span> <span class='ocrx_word' id='word_1_894' title='bbox 2620 4040 2861 4104; x_wconf 73' lang='lat' dir='ltr'><strong>vertatur</strong></span> <span class='ocrx_word' id='word_1_895' title='bbox 2888 4029 3027 4101; x_wconf 81' lang='lat' dir='ltr'><strong>quod</strong></span> <span class='ocrx_word' id='word_1_896' title='bbox 3068 4038 3313 4104; x_wconf 82' lang='lat' dir='ltr'><strong>negativa</strong></span> <span class='ocrx_word' id='word_1_897' title='bbox 3348 4044 3655 4103; x_wconf 85' lang='lat' dir='ltr'><strong>argumenta</strong></span> <span class='ocrx_word' id='word_1_898' title='bbox 3683 4029 3762 4104; x_wconf 83' lang='lat' dir='ltr'><strong>ad-</strong></span> 
     </span>
    </p>
   </div>
   <div class='ocr_carea' id='block_1_129' title="bbox 2199 4100 3766 4175">
    <p class='ocr_par' dir='ltr' id='par_1_129' title="bbox 2199 4100 3766 4175">
     <span class='ocr_line' id='line_1_129' title="bbox 2199 4100 3766 4175; baseline 0.003 -22"><span class='ocrx_word' id='word_1_899' title='bbox 2199 4100 2463 4175; x_wconf 83' lang='lat' dir='ltr'><strong>hibuerim</strong></span> <span class='ocrx_word' id='word_1_900' title='bbox 2485 4142 2501 4165; x_wconf 87' lang='lat'><strong>,</strong></span> <span class='ocrx_word' id='word_1_901' title='bbox 2534 4102 2601 4157; x_wconf 87' lang='lat' dir='ltr'><strong>ad</strong></span> <span class='ocrx_word' id='word_1_902' title='bbox 2634 4100 3006 4158; x_wconf 83' lang='lat' dir='ltr'><strong>infirmandam</strong></span> <span class='ocrx_word' id='word_1_903' title='bbox 3033 4100 3318 4175; x_wconf 60' lang='lat' dir='ltr'><strong>pusitivam</strong></span> <span class='ocrx_word' id='word_1_904' title='bbox 3350 4100 3469 4174; x_wconf 71' lang='lat' dir='ltr'><strong>Syri</strong></span> <span class='ocrx_word' id='word_1_905' title='bbox 3496 4102 3766 4175; x_wconf 72' lang='lat' dir='ltr'><strong>scriptoris</strong></span> 
     </span>
    </p>
   </div>
   <div class='ocr_carea' id='block_1_130' title="bbox 2197 4173 3767 4241">
    <p class='ocr_par' dir='ltr' id='par_1_130' title="bbox 2197 4173 3767 4241">
     <span class='ocr_line' id='line_1_130' title="bbox 2197 4173 3767 4241; baseline 0.002 -19"><span class='ocrx_word' id='word_1_906' title='bbox 2197 4173 2583 4239; x_wconf 84' lang='lat' dir='ltr'><strong>assertionem;</strong></span> <span class='ocrx_word' id='word_1_907' title='bbox 2637 4175 2879 4241; x_wconf 86' lang='lat' dir='ltr'><strong>quamvis</strong></span> <span class='ocrx_word' id='word_1_908' title='bbox 2922 4173 3222 4231; x_wconf 84' lang='lat' dir='ltr'><strong>Beausobre</strong></span> <span class='ocrx_word' id='word_1_909' title='bbox 3264 4173 3527 4229; x_wconf 87' lang='lat' dir='ltr'><strong>sintiIibtts</strong></span> <span class='ocrx_word' id='word_1_910' title='bbox 3575 4173 3767 4229; x_wconf 79' lang='lat' dir='ltr'><strong>indiciis</strong></span> 
     </span>
    </p>
   </div>
   <div class='ocr_carea' id='block_1_131' title="bbox 2199 4243 3771 4314">
    <p class='ocr_par' dir='ltr' id='par_1_131' title="bbox 2199 4243 3771 4314">
     <span class='ocr_line' id='line_1_131' title="bbox 2199 4243 3771 4314; baseline 0.002 -20"><span class='ocrx_word' id='word_1_911' title='bbox 2199 4244 2567 4314; x_wconf 81' lang='lat' dir='ltr'><strong>ratiocinando</strong></span> <span class='ocrx_word' id='word_1_912' title='bbox 2594 4243 2707 4314; x_wconf 86' lang='lat' dir='ltr'><strong>fere</strong></span> <span class='ocrx_word' id='word_1_913' title='bbox 2736 4258 2948 4314; x_wconf 89' lang='lat' dir='ltr'><strong>semper</strong></span> <span class='ocrx_word' id='word_1_914' title='bbox 2978 4254 3176 4301; x_wconf 88' lang='lat' dir='ltr'><strong>utatur.</strong></span> <span class='ocrx_word' id='word_1_915' title='bbox 3207 4249 3275 4302; x_wconf 83' lang='lat' dir='ltr'><strong>At</strong></span> <span class='ocrx_word' id='word_1_916' title='bbox 3296 4247 3506 4301; x_wconf 85' lang='lat' dir='ltr'><strong>silentio</strong></span> <span class='ocrx_word' id='word_1_917' title='bbox 3533 4244 3771 4301; x_wconf 79' lang='lat' dir='ltr'><strong>occulere</strong></span> 
     </span>
    </p>
   </div>
   <div class='ocr_carea' id='block_1_132' title="bbox 2199 4312 3769 4389">
    <p class='ocr_par' dir='ltr' id='par_1_132' title="bbox 2199 4312 3769 4389">
     <span class='ocr_line' id='line_1_132' title="bbox 2199 4312 3769 4389; baseline 0.001 -23"><span class='ocrx_word' id='word_1_918' title='bbox 2199 4312 2613 4389; x_wconf 81' lang='lat' dir='ltr'><strong>hattd__possum</strong></span> <span class='ocrx_word' id='word_1_919' title='bbox 2672 4312 2866 4389; x_wconf 78' lang='lat' dir='ltr'><strong>Cyrilli</strong></span> <span class='ocrx_word' id='word_1_920' title='bbox 2921 4317 3393 4389; x_wconf 84' lang='lat' dir='ltr'><strong>IIierosolymitani</strong></span> <span class='ocrx_word' id='word_1_921' title='bbox 3442 4318 3769 4389; x_wconf 81' lang='lat' dir='ltr'><strong>potissimum</strong></span> 
     </span>
    </p>
   </div>
   <div class='ocr_carea' id='block_1_133' title="bbox 2198 4384 3773 4457">
    <p class='ocr_par' dir='ltr' id='par_1_133' title="bbox 2198 4384 3773 4457">
     <span class='ocr_line' id='line_1_133' title="bbox 2198 4384 3773 4457; baseline 0.004 -21"><span class='ocrx_word' id='word_1_922' title='bbox 2198 4384 2389 4457; x_wconf 86' lang='lat' dir='ltr'><strong>agendi</strong></span> <span class='ocrx_word' id='word_1_923' title='bbox 2428 4384 2731 4457; x_wconf 48' lang='lat' dir='ltr'><strong>rationem:</strong></span> <span class='ocrx_word' id='word_1_924' title='bbox 2761 4386 2851 4455; x_wconf 92' lang='lat' dir='ltr'><strong>qui</strong></span> <span class='ocrx_word' id='word_1_925' title='bbox 2888 4400 2981 4442; x_wconf 88' lang='lat' dir='ltr'><strong>sua</strong></span> <span class='ocrx_word' id='word_1_926' title='bbox 3010 4388 3061 4442; x_wconf 92' lang='lat' dir='ltr'><strong>itt</strong></span> <span class='ocrx_word' id='word_1_927' title='bbox 3099 4384 3390 4454; x_wconf 71' lang='lat' dir='ltr'><strong>caiechesi,</strong></span> <span class='ocrx_word' id='word_1_928' title='bbox 3415 4384 3664 4457; x_wconf 84' lang='lat' dir='ltr'><strong>graviora</strong></span> <span class='ocrx_word' id='word_1_929' title='bbox 3692 4386 3773 4442; x_wconf 87' lang='lat' dir='ltr'><strong>de-</strong></span> 
     </span>
    </p>
   </div>
   <div class='ocr_carea' id='block_1_134' title="bbox 2197 4455 3775 4527">
    <p class='ocr_par' dir='ltr' id='par_1_134' title="bbox 2197 4455 3775 4527">
     <span class='ocr_line' id='line_1_134' title="bbox 2197 4455 3775 4527; baseline 0.004 -20"><span class='ocrx_word' id='word_1_930' title='bbox 2197 4456 2441 4527; x_wconf 71' lang='lat' dir='ltr'><strong>scribens</strong></span> <span class='ocrx_word' id='word_1_931' title='bbox 2470 4455 2695 4527; x_wconf 80' lang='lat' dir='ltr'><strong>Manetis</strong></span> <span class='ocrx_word' id='word_1_932' title='bbox 2732 4457 2967 4512; x_wconf 87' lang='lat' dir='ltr'><strong>facinora</strong></span> <span class='ocrx_word' id='word_1_933' title='bbox 2986 4502 3001 4527; x_wconf 93' lang='lat'><strong>,</strong></span> <span class='ocrx_word' id='word_1_934' title='bbox 3035 4458 3203 4515; x_wconf 90' lang='lat' dir='ltr'><strong>hocce</strong></span> <span class='ocrx_word' id='word_1_935' title='bbox 3230 4474 3330 4515; x_wconf 91' lang='lat' dir='ltr'><strong>nec</strong></span> <span class='ocrx_word' id='word_1_936' title='bbox 3361 4455 3552 4514; x_wconf 77' lang='lat' dir='ltr'><strong>leviter</strong></span> <span class='ocrx_word' id='word_1_937' title='bbox 3583 4459 3775 4514; x_wconf 80' lang='lat' dir='ltr'><strong>indica-</strong></span> 
     </span>
    </p>
   </div>
   <div class='ocr_carea' id='block_1_135' title="bbox 2198 4526 3774 4598">
    <p class='ocr_par' dir='ltr' id='par_1_135' title="bbox 2198 4526 3774 4598">
     <span class='ocr_line' id='line_1_135' title="bbox 2198 4526 3774 4598; baseline 0.003 -20"><span class='ocrx_word' id='word_1_938' title='bbox 2198 4526 2302 4598; x_wconf 68' lang='lat' dir='ltr'><strong>vit;</strong></span> <span class='ocrx_word' id='word_1_939' title='bbox 2329 4528 2467 4596; x_wconf 90' lang='lat' dir='ltr'><strong>quod</strong></span> <span class='ocrx_word' id='word_1_940' title='bbox 2484 4526 2657 4582; x_wconf 92' lang='lat' dir='ltr'><strong>facere</strong></span> <span class='ocrx_word' id='word_1_941' title='bbox 2676 4527 2813 4581; x_wconf 88' lang='lat' dir='ltr'><strong>haud</strong></span> <span class='ocrx_word' id='word_1_942' title='bbox 2834 4532 3283 4598; x_wconf 68' lang='lat' dir='ltr'><strong>praetermisisset,</strong></span> <span class='ocrx_word' id='word_1_943' title='bbox 3312 4531 3355 4584; x_wconf 86' lang='lat' dir='ltr'><strong>si</strong></span> <span class='ocrx_word' id='word_1_944' title='bbox 3373 4530 3664 4585; x_wconf 69' lang='lat' dir='ltr'><strong>hereticus</strong></span> <span class='ocrx_word' id='word_1_945' title='bbox 3681 4530 3774 4583; x_wconf 85' lang='lat' dir='ltr'><strong>mi-</strong></span> 
     </span>
    </p>
   </div>
   <div class='ocr_carea' id='block_1_136' title="bbox 3058 4601 3778 4669">
    <p class='ocr_par' dir='ltr' id='par_1_136' title="bbox 3058 4601 3778 4669">
     <span class='ocr_line' id='line_1_136' title="bbox 3058 4601 3778 4669; baseline 0.006 -18"><span class='ocrx_word' id='word_1_946' title='bbox 3058 4601 3247 4655; x_wconf 89' lang='lat' dir='ltr'><strong>rimum</strong></span> <span class='ocrx_word' id='word_1_947' title='bbox 3276 4603 3545 4669; x_wconf 86' lang='lat' dir='ltr'><strong>ascriptus</strong></span> <span class='ocrx_word' id='word_1_948' title='bbox 3577 4602 3635 4656; x_wconf 89' lang='lat' dir='ltr'><strong>in</strong></span> <span class='ocrx_word' id='word_1_949' title='bbox 3668 4604 3778 4655; x_wconf 77' lang='lat' dir='ltr'><strong>hor-</strong></span> 
     </span>
    </p>
   </div>
   <div class='ocr_carea' id='block_1_137' title="bbox 2199 4616 3779 4743">
    <p class='ocr_par' dir='ltr' id='par_1_137' title="bbox 2199 4616 3779 4743">
     <span class='ocr_line' id='line_1_137' title="bbox 2200 4616 3778 4669; baseline 0.003 -19"><span class='ocrx_word' id='word_1_950' title='bbox 2200 4616 2329 4651; x_wconf 79' lang='lat' dir='ltr'><strong>mia:</strong></span> <span class='ocrx_word' id='word_1_951' title='bbox 2350 4616 2584 4653; x_wconf 85' lang='lat' dir='ltr'><strong>ctertcan</strong></span> <span class='ocrx_word' id='word_1_952' title='bbox 2612 4616 2668 4654; x_wconf 83' lang='lat' dir='ltr'><strong>et</strong></span> <span class='ocrx_word' id='word_1_953' title='bbox 2693 4616 2995 4655; x_wconf 81' lang='lat' dir='ltr'><strong>saceraouo</strong></span> <span class='ocrx_word' id='word_1_954' title='bbox 3058 4616 3247 4655; x_wconf 85' lang='lat' dir='ltr'><strong>rimum</strong></span> <span class='ocrx_word' id='word_1_955' title='bbox 3276 4616 3545 4669; x_wconf 86' lang='lat' dir='ltr'><strong>ascriptus</strong></span> <span class='ocrx_word' id='word_1_956' title='bbox 3577 4618 3635 4656; x_wconf 87' lang='lat' dir='ltr'><strong>tn</strong></span> <span class='ocrx_word' id='word_1_957' title='bbox 3668 4616 3778 4655; x_wconf 81' lang='lat' dir='ltr'><strong>nor-</strong></span> 
     </span>
     <span class='ocr_line' id='line_1_138' title="bbox 2199 4616 3779 4743; baseline 0.003 -22"><span class='ocrx_word' id='word_1_958' title='bbox 2199 4669 2425 4743; x_wconf 77' lang='lat' dir='ltr'><strong>rendttm</strong></span> <span class='ocrx_word' id='word_1_959' title='bbox 2450 4669 2578 4743; x_wconf 80' lang='lat' dir='ltr'><strong>illud</strong></span> <span class='ocrx_word' id='word_1_960' title='bbox 2596 4678 2665 4743; x_wconf 89' lang='lat' dir='ltr'><strong>et</strong></span> <span class='ocrx_word' id='word_1_961' title='bbox 2690 4670 2921 4743; x_wconf 83' lang='lat' dir='ltr'><strong>immane</strong></span> <span class='ocrx_word' id='word_1_962' title='bbox 2942 4616 3052 4743; x_wconf 50' lang='grc' dir='ltr'><em>δέ</em></span> <span class='ocrx_word' id='word_1_963' title='bbox 3077 4672 3417 4743; x_wconf 87' lang='lat' dir='ltr'><strong>sacrilegium</strong></span> <span class='ocrx_word' id='word_1_964' title='bbox 3448 4674 3636 4739; x_wconf 91' lang='lat' dir='ltr'><strong>lapsus</strong></span> <span class='ocrx_word' id='word_1_965' title='bbox 3664 4673 3779 4726; x_wconf 77' lang='lat' dir='ltr'><strong>fuis-</strong></span> 
     </span>
    </p>
   </div>
   <div class='ocr_carea' id='block_1_138' title="bbox 2199 4739 3777 4813">
    <p class='ocr_par' dir='ltr' id='par_1_138' title="bbox 2199 4739 3777 4813">
     <span class='ocr_line' id='line_1_139' title="bbox 2199 4739 3777 4813; baseline 0.002 -22"><span class='ocrx_word' id='word_1_966' title='bbox 2199 4747 2303 4792; x_wconf 81' lang='lat' dir='ltr'><strong>set.</strong></span> <span class='ocrx_word' id='word_1_967' title='bbox 2341 4739 2480 4794; x_wconf 87' lang='lat' dir='ltr'><strong>Istud</strong></span> <span class='ocrx_word' id='word_1_968' title='bbox 2517 4742 2722 4813; x_wconf 80' lang='lat' dir='ltr'><strong>quippe</strong></span> <span class='ocrx_word' id='word_1_969' title='bbox 2755 4739 3118 4813; x_wconf 75' lang='lat' dir='ltr'><strong>illuminaridis</strong></span> <span class='ocrx_word' id='word_1_970' title='bbox 3152 4739 3476 4813; x_wconf 81' lang='lat' dir='ltr'><strong>hominibus,</strong></span> <span class='ocrx_word' id='word_1_971' title='bbox 3509 4756 3777 4813; x_wconf 83' lang='lat' dir='ltr'><strong>tamquam</strong></span> 
     </span>
    </p>
   </div>
   <div class='ocr_carea' id='block_1_139' title="bbox 2203 4811 3781 4885">
    <p class='ocr_par' dir='ltr' id='par_1_139' title="bbox 2203 4811 3781 4885">
     <span class='ocr_line' id='line_1_140' title="bbox 2203 4811 3781 4885; baseline 0.003 -21"><span class='ocrx_word' id='word_1_972' title='bbox 2203 4823 2412 4885; x_wconf 82' lang='lat' dir='ltr'><strong>summe</strong></span> <span class='ocrx_word' id='word_1_973' title='bbox 2434 4811 2819 4885; x_wconf 80' lang='lat' dir='ltr'><strong>exsecrandum</strong></span> <span class='ocrx_word' id='word_1_974' title='bbox 2851 4812 3158 4885; x_wconf 69' lang='lat' dir='ltr'><strong>objecisset.</strong></span> <span class='ocrx_word' id='word_1_975' title='bbox 3193 4813 3303 4868; x_wconf 84' lang='lat' dir='ltr'><strong>Nisi</strong></span> <span class='ocrx_word' id='word_1_976' title='bbox 3330 4811 3597 4885; x_wconf 76' lang='lat' dir='ltr'><strong>suspicari</strong></span> <span class='ocrx_word' id='word_1_977' title='bbox 3631 4811 3781 4870; x_wconf 76' lang='lat' dir='ltr'><strong>velle-</strong></span> 
     </span>
    </p>
   </div>
   <div class='ocr_carea' id='block_1_140' title="bbox 2204 4880 3783 4956">
    <p class='ocr_par' dir='ltr' id='par_1_140' title="bbox 2204 4880 3783 4956">
     <span class='ocr_line' id='line_1_141' title="bbox 2204 4880 3783 4956; baseline 0.004 -22"><span class='ocrx_word' id='word_1_978' title='bbox 2204 4895 2324 4935; x_wconf 90' lang='lat' dir='ltr'><strong>mus</strong></span> <span class='ocrx_word' id='word_1_979' title='bbox 2361 4880 2592 4956; x_wconf 74' lang='lat' dir='ltr'><strong>hominis</strong></span> <span class='ocrx_word' id='word_1_980' title='bbox 2623 4880 2982 4956; x_wconf 78' lang='lat' dir='ltr'><strong>sacerdotium</strong></span> <span class='ocrx_word' id='word_1_981' title='bbox 3009 4882 3266 4956; x_wconf 85' lang='lat' dir='ltr'><strong>Cyrillum</strong></span> <span class='ocrx_word' id='word_1_982' title='bbox 3291 4880 3530 4950; x_wconf 78' lang='lat' dir='ltr'><strong>latuisse,</strong></span> <span class='ocrx_word' id='word_1_983' title='bbox 3559 4899 3654 4940; x_wconf 83' lang='lat' dir='ltr'><strong>aut</strong></span> <span class='ocrx_word' id='word_1_984' title='bbox 3682 4888 3783 4940; x_wconf 66' lang='lat' dir='ltr'><strong>sal-</strong></span> 
     </span>
    </p>
   </div>
   <div class='ocr_carea' id='block_1_141' title="bbox 2205 4952 3783 5024">
    <p class='ocr_par' dir='ltr' id='par_1_141' title="bbox 2205 4952 3783 5024">
     <span class='ocr_line' id='line_1_142' title="bbox 2205 4952 3783 5024; baseline 0.003 -20"><span class='ocrx_word' id='word_1_985' title='bbox 2205 4961 2315 5005; x_wconf 91' lang='lat' dir='ltr'><strong>tem</strong></span> <span class='ocrx_word' id='word_1_986' title='bbox 2364 4952 2491 5006; x_wconf 89' lang='lat' dir='ltr'><strong>illttd</strong></span> <span class='ocrx_word' id='word_1_987' title='bbox 2532 4952 2871 5009; x_wconf 88' lang='lat' dir='ltr'><strong>dissimulare</strong></span> <span class='ocrx_word' id='word_1_988' title='bbox 2916 4952 3183 5024; x_wconf 75' lang='lat' dir='ltr'><strong>voluisse,</strong></span> <span class='ocrx_word' id='word_1_989' title='bbox 3218 4971 3288 5011; x_wconf 94' lang='lat' dir='ltr'><strong>ne</strong></span> <span class='ocrx_word' id='word_1_990' title='bbox 3336 4965 3567 5011; x_wconf 65' lang='lat' dir='ltr'><strong>cancros</strong></span> <span class='ocrx_word' id='word_1_991' title='bbox 3610 4971 3783 5011; x_wconf 77' lang='lat' dir='ltr'><strong>sacros</strong></span> 
     </span>
    </p>
   </div>
   <div class='ocr_carea' id='block_1_142' title="bbox 2208 5024 3786 5095">
    <p class='ocr_par' dir='ltr' id='par_1_142' title="bbox 2208 5024 3786 5095">
     <span class='ocr_line' id='line_1_143' title="bbox 2208 5024 3786 5095; baseline 0.002 -19"><span class='ocrx_word' id='word_1_992' title='bbox 2208 5024 2557 5095; x_wconf 88' lang='lat' dir='ltr'><strong>presbyteros</strong></span> <span class='ocrx_word' id='word_1_993' title='bbox 2586 5024 2884 5095; x_wconf 89' lang='lat' dir='ltr'><strong>horumque</strong></span> <span class='ocrx_word' id='word_1_994' title='bbox 2912 5026 3154 5080; x_wconf 86' lang='lat' dir='ltr'><strong>ordinem</strong></span> <span class='ocrx_word' id='word_1_995' title='bbox 3187 5027 3241 5082; x_wconf 92' lang='lat' dir='ltr'><strong>in</strong></span> <span class='ocrx_word' id='word_1_996' title='bbox 3278 5028 3531 5082; x_wconf 85' lang='lat' dir='ltr'><strong>invidiam</strong></span> <span class='ocrx_word' id='word_1_997' title='bbox 3570 5039 3625 5083; x_wconf 87' lang='lat' dir='ltr'><strong>et</strong></span> <span class='ocrx_word' id='word_1_998' title='bbox 3661 5044 3786 5083; x_wconf 80' lang='lat' dir='ltr'><strong>eon-</strong></span> 
     </span>
    </p>
   </div>
   <div class='ocr_carea' id='block_1_143' title="bbox 2209 5094 3785 5168">
    <p class='ocr_par' dir='ltr' id='par_1_143' title="bbox 2209 5094 3785 5168">
     <span class='ocr_line' id='line_1_144' title="bbox 2209 5094 3785 5168; baseline 0.001 -21"><span class='ocrx_word' id='word_1_999' title='bbox 2209 5094 2469 5168; x_wconf 80' lang='lat' dir='ltr'><strong>temptum</strong></span> <span class='ocrx_word' id='word_1_1000' title='bbox 2500 5094 2638 5164; x_wconf 87' lang='lat' dir='ltr'><strong>apud</strong></span> <span class='ocrx_word' id='word_1_1001' title='bbox 2662 5097 2916 5164; x_wconf 86' lang='lat' dir='ltr'><strong>quosdam</strong></span> <span class='ocrx_word' id='word_1_1002' title='bbox 2945 5097 3175 5168; x_wconf 87' lang='lat' dir='ltr'><strong>gentiles</strong></span> <span class='ocrx_word' id='word_1_1003' title='bbox 3205 5108 3257 5152; x_wconf 93' lang='lat' dir='ltr'><strong>et</strong></span> <span class='ocrx_word' id='word_1_1004' title='bbox 3285 5098 3498 5155; x_wconf 70' lang='lat' dir='ltr'><strong>Iudaeus</strong></span> <span class='ocrx_word' id='word_1_1005' title='bbox 3532 5100 3785 5153; x_wconf 81' lang='lat' dir='ltr'><strong>Hieroso-</strong></span> 
     </span>
    </p>
   </div>
   <div class='ocr_carea' id='block_1_144' title="bbox 2210 5163 3786 5239">
    <p class='ocr_par' dir='ltr' id='par_1_144' title="bbox 2210 5163 3786 5239">
     <span class='ocr_line' id='line_1_145' title="bbox 2210 5163 3786 5239; baseline 0.004 -24"><span class='ocrx_word' id='word_1_1006' title='bbox 2210 5163 2370 5239; x_wconf 56' lang='lat' dir='ltr'><strong>Ijtnis</strong></span> <span class='ocrx_word' id='word_1_1007' title='bbox 2399 5175 2511 5239; x_wconf 83' lang='lat' dir='ltr'><strong>turn</strong></span> <span class='ocrx_word' id='word_1_1008' title='bbox 2537 5163 3290 5239; x_wconf 55' lang='lat' dir='ltr'><strong>commorantes&#39;adduceret.</strong></span> <span class='ocrx_word' id='word_1_1009' title='bbox 3322 5173 3391 5224; x_wconf 83' lang='lat' dir='ltr'><strong>At</strong></span> <span class='ocrx_word' id='word_1_1010' title='bbox 3419 5170 3786 5239; x_wconf 74' lang='lat' dir='ltr'><strong>confingamus</strong></span> 
     </span>
    </p>
   </div>
   <div class='ocr_carea' id='block_1_145' title="bbox 2254 5234 3789 5307">
    <p class='ocr_par' dir='ltr' id='par_1_145' title="bbox 2254 5234 3789 5307">
     <span class='ocr_line' id='line_1_146' title="bbox 2254 5234 3789 5307; baseline 0.003 -19"><span class='ocrx_word' id='word_1_1011' title='bbox 2254 5234 2464 5305; x_wconf 76' lang='lat' dir='ltr'><strong>yrillum</strong></span> <span class='ocrx_word' id='word_1_1012' title='bbox 2498 5235 2597 5291; x_wconf 90' lang='lat' dir='ltr'><strong>hac</strong></span> <span class='ocrx_word' id='word_1_1013' title='bbox 2635 5238 2707 5290; x_wconf 91' lang='lat' dir='ltr'><strong>uti</strong></span> <span class='ocrx_word' id='word_1_1014' title='bbox 2740 5240 2974 5293; x_wconf 72' lang='lat' dir='ltr'><strong>voluisse</strong></span> <span class='ocrx_word' id='word_1_1015' title='bbox 3011 5242 3344 5307; x_wconf 85' lang='lat' dir='ltr'><strong>ceconomia,</strong></span> <span class='ocrx_word' id='word_1_1016' title='bbox 3378 5252 3435 5294; x_wconf 93' lang='lat' dir='ltr'><strong>ut</strong></span> <span class='ocrx_word' id='word_1_1017' title='bbox 3463 5234 3789 5296; x_wconf 72' lang='lat' dir='ltr'><strong>sacerdotali</strong></span> 
     </span>
    </p>
   </div>
   <div class='ocr_carea' id='block_1_146' title="bbox 2208 5303 3787 5381">
    <p class='ocr_par' dir='ltr' id='par_1_146' title="bbox 2208 5303 3787 5381">
     <span class='ocr_line' id='line_1_147' title="bbox 2208 5303 3787 5381; baseline 0.005 -23"><span class='ocrx_word' id='word_1_1018' title='bbox 2208 5303 2398 5381; x_wconf 61' lang='lat' dir='ltr'><strong>honori</strong></span> <span class='ocrx_word' id='word_1_1019' title='bbox 2426 5308 2753 5381; x_wconf 78' lang='lat' dir='ltr'><strong>consuleret.</strong></span> <span class='ocrx_word' id='word_1_1020' title='bbox 2773 5308 2854 5381; x_wconf 76' lang='grc' dir='ltr'><strong>ᾼη</strong></span> <span class='ocrx_word' id='word_1_1021' title='bbox 2894 5325 3022 5380; x_wconf 87' lang='lat' dir='ltr'><strong>ergo</strong></span> <span class='ocrx_word' id='word_1_1022' title='bbox 3055 5310 3193 5381; x_wconf 83' lang='lat' dir='ltr'><strong>idem</strong></span> <span class='ocrx_word' id='word_1_1023' title='bbox 3222 5312 3290 5366; x_wconf 90' lang='lat' dir='ltr'><strong>de</strong></span> <span class='ocrx_word' id='word_1_1024' title='bbox 3310 5303 3517 5368; x_wconf 56' lang='lat' dir='ltr'><strong>iacteris</strong></span> <span class='ocrx_word' id='word_1_1025' title='bbox 3548 5315 3787 5381; x_wconf 87' lang='lat' dir='ltr'><strong>scripto-</strong></span> 
     </span>
    </p>
   </div>
   <div class='ocr_carea' id='block_1_147' title="bbox 2206 5376 3790 5450">
    <p class='ocr_par' dir='ltr' id='par_1_147' title="bbox 2206 5376 3790 5450">
     <span class='ocr_line' id='line_1_148' title="bbox 2206 5376 3790 5450; baseline 0.003 -19"><span class='ocrx_word' id='word_1_1026' title='bbox 2206 5376 2358 5432; x_wconf 86' lang='lat' dir='ltr'><strong>ribus</strong></span> <span class='ocrx_word' id='word_1_1027' title='bbox 2387 5378 2491 5450; x_wconf 84' lang='lat' dir='ltr'><strong>erit</strong></span> <span class='ocrx_word' id='word_1_1028' title='bbox 2527 5379 2900 5435; x_wconf 82' lang='lat' dir='ltr'><strong>affirmandum</strong></span> <span class='ocrx_word' id='word_1_1029' title='bbox 2940 5376 3027 5450; x_wconf 80' lang='lat' dir='ltr'><strong>qui</strong></span> <span class='ocrx_word' id='word_1_1030' title='bbox 3070 5380 3426 5439; x_wconf 77' lang='lat' dir='ltr'><strong>Manichaicas</strong></span> <span class='ocrx_word' id='word_1_1031' title='bbox 3460 5399 3547 5438; x_wconf 89' lang='lat' dir='ltr'><strong>res</strong></span> <span class='ocrx_word' id='word_1_1032' title='bbox 3584 5376 3790 5438; x_wconf 75' lang='lat' dir='ltr'><strong>descri-</strong></span> 
     </span>
    </p>
   </div>
   <div class='ocr_carea' id='block_1_148' title="bbox 2210 5449 3794 5522">
    <p class='ocr_par' dir='ltr' id='par_1_148' title="bbox 2210 5449 3794 5522">
     <span class='ocr_line' id='line_1_149' title="bbox 2210 5449 3794 5522; baseline 0.004 -21"><span class='ocrx_word' id='word_1_1033' title='bbox 2210 5449 2401 5522; x_wconf 69' lang='lat' dir='ltr'><strong>psere?</strong></span> <span class='ocrx_word' id='word_1_1034' title='bbox 2426 5451 2797 5522; x_wconf 61' lang='lat' dir='ltr'><strong>domnientum</strong></span> <span class='ocrx_word' id='word_1_1035' title='bbox 2821 5449 3010 5522; x_wconf 84' lang='lat' dir='ltr'><strong>apage.</strong></span> <span class='ocrx_word' id='word_1_1036' title='bbox 3036 5452 3243 5508; x_wconf 86' lang='lat' dir='ltr'><strong>Etenim</strong></span> <span class='ocrx_word' id='word_1_1037' title='bbox 3272 5455 3351 5509; x_wconf 91' lang='lat' dir='ltr'><strong>illi</strong></span> <span class='ocrx_word' id='word_1_1038' title='bbox 3376 5470 3585 5519; x_wconf 84' lang='lat' dir='ltr'><strong>omnes,</strong></span> <span class='ocrx_word' id='word_1_1039' title='bbox 3612 5455 3709 5522; x_wconf 88' lang='lat' dir='ltr'><strong>qui</strong></span> <span class='ocrx_word' id='word_1_1040' title='bbox 3730 5453 3794 5507; x_wconf 78' lang='lat' dir='ltr'><strong>da</strong></span> 
     </span>
    </p>
   </div>
   <div class='ocr_carea' id='block_1_149' title="bbox 2209 5516 3788 5596">
    <p class='ocr_par' dir='ltr' id='par_1_149' title="bbox 2209 5516 3788 5596">
     <span class='ocr_line' id='line_1_150' title="bbox 2209 5516 3788 5596; baseline 0.004 -24"><span class='ocrx_word' id='word_1_1041' title='bbox 2209 5516 2409 5575; x_wconf 77' lang='lat' dir='ltr'><strong>Xenaia</strong></span> <span class='ocrx_word' id='word_1_1042' title='bbox 2432 5519 2534 5591; x_wconf 82' lang='grc' dir='ltr'><strong>(ά),</strong></span> <span class='ocrx_word' id='word_1_1043' title='bbox 2566 5520 2768 5577; x_wconf 90' lang='lat' dir='ltr'><strong>Severo</strong></span> <span class='ocrx_word' id='word_1_1044' title='bbox 2806 5516 3212 5594; x_wconf 74' lang='lat' dir='ltr'><strong>Sozopolitano,</strong></span> <span class='ocrx_word' id='word_1_1045' title='bbox 3246 5524 3406 5582; x_wconf 84' lang='lat' dir='ltr'><strong>Petro</strong></span> <span class='ocrx_word' id='word_1_1046' title='bbox 3442 5516 3788 5596; x_wconf 36' lang='lat' dir='ltr'><strong>Apami‘ensi.</strong></span> 
     </span>
    </p>
   </div>
   <div class='ocr_carea' id='block_1_150' title="bbox 2209 5657 3499 5736">
    <p class='ocr_par' dir='ltr' id='par_1_150' title="bbox 2209 5657 3499 5736">
     <span class='ocr_line' id='line_1_151' title="bbox 2209 5657 3499 5736; baseline 0.007 -25"><span class='ocrx_word' id='word_1_1047' title='bbox 2209 5657 2515 5736; x_wconf 79' lang='lat' dir='ltr'><strong>Beausobre</strong></span> <span class='ocrx_word' id='word_1_1048' title='bbox 2540 5668 2764 5736; x_wconf 82' lang='lat' dir='ltr'><strong>t_parte,</strong></span> <span class='ocrx_word' id='word_1_1049' title='bbox 2783 5674 2903 5736; x_wconf 81' lang='lat' dir='ltr'><strong>ca_p.</strong></span> <span class='ocrx_word' id='word_1_1050' title='bbox 2932 5661 2986 5727; x_wconf 84' lang='lat'><strong>6,</strong></span> <span class='ocrx_word' id='word_1_1051' title='bbox 3020 5676 3140 5733; x_wconf 89' lang='lat' dir='ltr'><strong>pag.</strong></span> <span class='ocrx_word' id='word_1_1052' title='bbox 3172 5664 3242 5719; x_wconf 82' lang='lat'><strong>70</strong></span> <span class='ocrx_word' id='word_1_1053' title='bbox 3269 5672 3323 5719; x_wconf 89' lang='lat' dir='ltr'><strong>et</strong></span> <span class='ocrx_word' id='word_1_1054' title='bbox 3352 5678 3499 5736; x_wconf 88' lang='lat' dir='ltr'><strong>seqq.</strong></span> 
     </span>
    </p>
   </div>
   <div class='ocr_carea' id='block_1_151' title="bbox 2305 5728 3037 5806">
    <p class='ocr_par' dir='ltr' id='par_1_151' title="bbox 2305 5728 3037 5806">
     <span class='ocr_line' id='line_1_152' title="bbox 2305 5728 3037 5806; baseline 0.011 -26"><span class='ocrx_word' id='word_1_1055' title='bbox 2305 5728 2353 5806; x_wconf 77' lang='grc' dir='ltr'><strong>ο)</strong></span> <span class='ocrx_word' id='word_1_1056' title='bbox 2381 5728 2807 5806; x_wconf 73' lang='lat' dir='ltr'><strong>i_\_bt_ilpbaragi_us</strong></span> <span class='ocrx_word' id='word_1_1057' title='bbox 2836 5728 3037 5806; x_wconf 64' lang='lat' dir='ltr'><strong>Dynasl</strong></span> 
     </span>
    </p>
   </div>
   <div class='ocr_carea' id='block_1_152' title="bbox 2341 5799 3795 5876">
    <p class='ocr_par' dir='ltr' id='par_1_152' title="bbox 2341 5799 3795 5876">
     <span class='ocr_line' id='line_1_153' title="bbox 2341 5799 3795 5876; baseline 0.01 -24"><span class='ocrx_word' id='word_1_1058' title='bbox 2341 5803 2360 5867; x_wconf 82' lang='lat'><strong><em>)</em></strong></span> <span class='ocrx_word' id='word_1_1059' title='bbox 2394 5799 2532 5855; x_wconf 83' lang='lat' dir='ltr'><strong>Vide</strong></span> <span class='ocrx_word' id='word_1_1060' title='bbox 2548 5804 2678 5876; x_wconf 80' lang='lat' dir='ltr'><strong>Acta</strong></span> <span class='ocrx_word' id='word_1_1061' title='bbox 2699 5799 2984 5876; x_wconf 68' lang='lat' dir='ltr'><strong>Constant.</strong></span> <span class='ocrx_word' id='word_1_1062' title='bbox 3009 5806 3217 5860; x_wconf 89' lang='lat' dir='ltr'><strong>concilii</strong></span> <span class='ocrx_word' id='word_1_1063' title='bbox 3240 5806 3338 5861; x_wconf 85' lang='lat' dir='ltr'><strong>sub</strong></span> <span class='ocrx_word' id='word_1_1064' title='bbox 3360 5810 3599 5876; x_wconf 80' lang='lat' dir='ltr'><strong>Agapeto</strong></span> <span class='ocrx_word' id='word_1_1065' title='bbox 3632 5806 3707 5863; x_wconf 71' lang='grc' dir='ltr'><strong>ιι.</strong></span> <span class='ocrx_word' id='word_1_1066' title='bbox 3727 5804 3795 5867; x_wconf 76' lang='grc' dir='ltr'><strong>Ρ.</strong></span> 
     </span>
    </p>
   </div>
   <div class='ocr_carea' id='block_1_153' title="bbox 2207 5872 3724 5946">
    <p class='ocr_par' dir='ltr' id='par_1_153' title="bbox 2207 5872 3724 5946">
     <span class='ocr_line' id='line_1_154' title="bbox 2207 5872 3724 5946; baseline 0.007 -21"><span class='ocrx_word' id='word_1_1067' title='bbox 2207 5876 2261 5925; x_wconf 79' lang='lat' dir='ltr'><strong>et</strong></span> <span class='ocrx_word' id='word_1_1068' title='bbox 2282 5872 2468 5925; x_wconf 79' lang='lat' dir='ltr'><strong>Menna</strong></span> <span class='ocrx_word' id='word_1_1069' title='bbox 2501 5872 2829 5941; x_wconf 81' lang='lat' dir='ltr'><strong>patriarcha,</strong></span> <span class='ocrx_word' id='word_1_1070' title='bbox 2854 5884 2983 5932; x_wconf 86' lang='lat' dir='ltr'><strong>tom.</strong></span> <span class='ocrx_word' id='word_1_1071' title='bbox 3014 5876 3076 5946; x_wconf 85' lang='lat' dir='ltr'><strong>V,</strong></span> <span class='ocrx_word' id='word_1_1072' title='bbox 3106 5879 3310 5935; x_wconf 73' lang='lat' dir='ltr'><strong>Concii.</strong></span> <span class='ocrx_word' id='word_1_1073' title='bbox 3344 5872 3724 5937; x_wconf 59' lang='lat' dir='ltr'><strong>Cineralium.</strong></span> 
     </span>
    </p>
   </div>
  </div>
