3988 6314
1207 321 1267 378 P.
1306 314 1625 381 CACCIARI
1663 312 2259 373 EXERCITATIONES
2296 312 2361 368 IN
2400 312 2458 369 S.
2501 308 2738 370 LEONIS
2765 311 2974 370 MAGNI
3002 306 3249 370 OPERA.

660 443 715 498 7.
746 439 823 494 Ex
852 434 1204 493 Orientalium
1248 449 1377 504 ergo
1416 431 1627 502 scriptis
1684 432 2021 504 innotescere
2065 430 2165 504 sibi
2194 435 2249 495 Α
2273 429 2382 504 isti,
2421 432 2772 500 .pecuniarum
2816 431 3092 498 subsidio,
3124 429 3265 500 apud
3293 427 3608 486 Orientales
3651 434 3866 492 mercati

672 508 885 566 rsuadet
914 507 1234 569 Beausobre,
1265 502 1378 577 ΕΒ
1408 504 1691 577 Persarum
1733 503 1874 577 regis
1902 502 2084 577 odium
2116 502 2169 555 in

650 581 947 637 anichreutn
971 573 1375 648 haudquaquam
1393 590 1463 648 ex
1486 574 1618 644 regii
1646 573 1797 648 pueri
1820 574 2081 648 nece,_sed
2105 587 2171 627 ex

599 652 903 709 Christiana
922 644 1199 718 religione,
1212 644 1369 717 quam
1390 646 1573 702 Manes
1593 644 1940 718 proﬁtebatur
1956 645 2173 699 duxisse

602 723 883 793 originem.
917 715 1152 775 Nov—erat
1177 715 1535 793 quidem__rex
1564 715 1969 793 ille,_idolor_u_m
2001 725 2056 771 et
2080 728 2173 769 su-

602 785 923 864 perstitiosa:
951 793 1137 859 magia:
1166 785 1359 864 cultor,
1389 787 1596 843 Martem
1621 787 1834 864 misisse
1862 785 2168 864 Thomam,

602 855 832 931 Addam,
864 855 1137 927 Hennam,
1178 861 1418 931 aliosque
1470 857 1948 931 pseudoapostolos
1999 856 2051 911 in
2090 855 2171 911 di-

603 950 789 992 versas
817 929 985 988 orbis
1022 946 1177 999 oras,
1232 929 1468 1002 qui'huc
1506 930 1739 1002 illucque
1773 929 2169 1002 discurrentes,

604 1007 796 1061 Christi
832 1018 1027 1058 nomen
1054 998 1452 1067 annuntiarent,
1480 1001 1633 1070 cujus
1655 998 1843 1070 verum
1873 998 2170 1068 apostolum

602 1077 782 1133 Manes
811 1073 1151 1146 praedicando
1170 1088 1230 1128 se
1250 1086 1370 1128 esse
1397 1069 1755 1146 conﬁngebat.
1794 1069 1999 1125 Idcirco
2023 1077 2171 1146 certa

601 1141 1197 1217 persuasioneductus,
1236 1158 1389 1217 novae
1415 1143 1571 1211 hujus
1610 1152 1773 1197 seeue
1824 1141 2165 1217 propagatio-

602 1211 747 1287 item,
776 1215 1126 1287 prolationem
1152 1225 1311 1284 atque
1337 1214 1749 1287 incrementum,
1778 1213 1979 1287 sensim
2002 1211 2174 1287 idolo-

601 1281 813 1345 latriam
842 1298 895 1343 et
916 1300 1189 1355 magorum
1210 1281 1578 1352 superstitiosa
1592 1283 1844 1355 ﬁgmenta
1867 1282 1931 1337 ad
1950 1281 2171 1355 exitium

600 1373 759 1429 posse
780 1354 1052 1427 redigere,
1102 1357 1287 1411 statuit
1320 1354 2075 1429 Manentrcomprehendere,
2118 1354 2172 1429 in

599 1424 873 1486 carcerem
900 1424 1264 1497 compingere,
1294 1435 1351 1481 ut
1378 1426 1510 1479 tanti
1533 1424 1719 1494 ﬂagitii
1746 1438 1933 1497 ptenas
1958 1424 2173 1494 capitali

601 1500 864 1570 supplicio
903 1496 1303 1570 lueret._’ﬂujus_
1346 1512 1507 1566 porro
1536 1497 1686 1570 regii
1727 1496 1930 1551 decreti
1958 1509 2173 1550 causam

676 1566 884 1640 rspieue
905 1570 957 1624 in
990 1568 1236 1625 Archelai
1258 1568 1426 1640 rActis
1466 1566 1680 1640 referri,
1711 1576 2013 1640 asseverat,
2053 1580 2175 1640 eum

676 1586 957 1640 rSpIcuetn
990 1586 1236 1625 arcnetal
1278 1586 1426 1623 ACtts
1466 1586 1680 1630 reterrl,
1711 1586 2013 1632 asseverat,
2053 1586 2175 1620 cum

602 1586 792 1712 {Legitur
822 1659 836 1696 :
868 1640 1027 1695 Mittit
1046 1638 1326 1709 discipulos
1363 1653 1484 1693 suos
1514 1638 1881 1712 prtedicaturos
1927 1636 2177 1712 intrepide

600 1705 746 1782 ﬁc'tos
770 1714 1132 1780 simulatasque
1161 1705 1377 1782 errores,
1402 1705 1524 1764 etei
1542 1709 1690 1782 Quod
1713 1724 1829 1782 cum
1857 1723 1947 1782 rea:
1986 1705 2176 1762 Persa-

602 1778 719 1837 rum
740 1778 1074 1854 cognovisset,
1099 1781 1409 1854 digniseum
1450 1778 1715 1854 suppliciis
1740 1778 1956 1854 subdere
2004 1788 2173 1854 paret.

602 1849 889 1910 Censorem
916 1849 1220 1908 Beausobre
1248 1852 1332 1907 hic
1360 1849 1556 1921 rogare
1568 1850 1741 1921 juvat,
1758 1849 1825 1903 ad
1855 1864 2013 1921 quam
2044 1849 2176 1904 mis-

602 1927 808 1980 sionem
840 1924 1050 1979 laudata
1076 1926 1333 1978 Actorum
1346 1919 1590 1979 Archelai
1620 1920 1781 1977 verba
1796 1919 2001 1975 referre
2015 1933 2176 1988 opor-

603 1996 743 2051 teat'!
764 1997 845 2049 An
872 1996 939 2049 ad
964 1995 1194 2061 priorem
1221 1993 1789 2062 pseudoapostolorum
1812 1989 2035 2046 Mauetis
2049 1992 2175 2045 mis-

602 2066 832 2131 sionem,
852 2080 957 2136 qua
982 2066 1143 2119 t’uncti
1174 2072 1300 2118 sunt
1341 2072 1627 2136 antequam
1652 2062 1891 2136 ipsorum
1922 2062 2177 2136 magister

602 2152 633 2191 a
655 2131 1028 2206 Sapore'esset
1055 2135 1259 2192 accitus
1275 2143 1330 2188 et
1350 2131 1660 2206 carceribus
1686 2131 1971 2206 detentus;
1996 2133 2079 2187 vel
2105 2133 2172 2188 ad

603 2202 1015 2275 subsequentem
1040 2246 1055 2271 ,
1097 2221 1255 2276 quam
1296 2205 1511 2275 aggredi
1555 2219 1663 2276 non
1717 2202 2132 2276 reformidarunt
2156 2242 2172 2269 ,

603 2273 883 2348 postquam
905 2278 1064 2332 etiam
1092 2273 1429 2347 magistrum,
1451 2275 1743 2348 capitalem
1773 2273 1922 2348 regio
1959 2273 2176 2348 decreto

604 2344 903 2404 subiturum
931 2362 1053 2402 esse
1080 2344 1308 2402 mortem
1350 2344 1749 2416 cognoverunt?
1790 2344 1910 2400 Non
1952 2344 2028 2416 ad
2070 2344 2177 2413 pri-

602 2435 745 2475 mam
776 2419 990 2489 quidem
1023 2433 1089 2473 ea
1122 2418 1283 2473 verba
1316 2415 1510 2472 referri
1548 2431 1709 2489 posse
1746 2426 1907 2486 atque
1947 2415 2174 2489 debere,

603 2486 908 2545 Beausobre
931 2492 1158 2545 fateatur
1177 2501 1397 2543 necesse
1420 2496 1524 2543 est.
1552 2486 1697 2544 Nam
1729 2502 1800 2543 ex
1838 2501 1901 2541 ea
1946 2487 2177 2554 regressi

604 2560 859 2627 Thomas,
881 2560 1085 2626 Addas,
1118 2570 1170 2614 et
1212 2558 1455 2625 Hermas,
1489 2557 1750 2613 reddituri
1796 2559 1862 2612 de
1904 2558 2177 2624 praeterita

604 2647 789 2687 eorum
847 2629 1226 2699 praedicatione
1262 2631 1558 2695 rationem,
1606 2630 1815 2685 Manem
1865 2627 2174 2682 carceribus

604 2703 877 2759 detentum
899 2702 1192 2771 reperiunt,
1216 2715 1375 2771 quem
1399 2700 1689 2771 adeuntes,
1724 2715 1831 2771 non
1862 2707 2065 2752 tantum
2092 2712 2178 2771 res

605 2788 635 2827 a
658 2788 716 2829 se
744 2781 919 2843 gestas
947 2769 1192 2838 narrant,
1216 2769 1332 2843 sed
1378 2769 1586 2843 aliquos
1620 2770 2017 2843 scripturarum
2040 2769 2178 2843 novi

605 2838 929 2899 Testamenti
956 2842 1169 2899 codices
1197 2838 1569 2910 depravandos
1601 2840 1868 2896 delerunt.
1901 2838 2012 2895 Nec
2035 2838 2181 2894 falsi-

608 2923 769 2969 tatem
792 2925 884 2969 aut
913 2914 1146 2969 fabulam
1165 2914 1315 2968 olere
1345 2911 1734 2981 pra-cedentem
1763 2910 1901 2965 hanc
1930 2910 2177 2965 Archelai

605 2986 993 3051 narrationem,
1018 2984 1211 3040 merito
1239 2982 1543 3039 Beausubre
1560 2982 1837 3052 conﬁngit,
1861 2981 1918 3037 S.
1949 2981 2179 3051 Epipha-

607 3057 681 3112 nii
713 3056 1016 3112 testimonio
1041 3054 1253 3121 ductus,
1283 3052 1601 3108 alﬁrmantis
1617 3051 1825 3108 Manem
1845 3051 2177 3107 Christiano-

604 3143 722 3184 rum
749 3128 916 3183 libros
936 3125 1254 3197 jampridem
1280 3123 1875 3197 habuisse_,_antequam_
1894 3122 2175 3197 Persarum

2206 1820 2255 1880 B

2275 500 2507 556 fuerant.

2345 573 2399 628 8.
2434 573 3136 647 Beausobriano_systemati
3164 572 3304 629 hanc
3335 571 3754 647 praecedentem
3779 591 3862 633 ex-

2276 643 2616 717 plicationem
2648 646 2789 700 haud
2816 643 2926 717 5'9
2955 659 3287 717 repugnare,
3306 643 3417 717 sed
3448 645 3530 699 illi
3567 647 3756 713 potius
3781 664 3859 703 eo-

2274 715 2505 786 lircrere,
2526 717 2644 786 quis
2660 733 2763 771 non
2780 715 2958 771 videt?
2986 716 3103 786 Ipse
3124 716 3265 772 enim
3287 716 3431 772 dicto
3451 732 3583 785 cap.
3612 718 3785 773 obiter
3800 721 3858 777 de

2274 785 2501 842 Mauetis
2532 785 2791 858 religione
2833 785 3343 858 agere’instituens.
3396 787 3547 843 hunc
3578 788 3654 844 ab
3692 788 3855 847 adole-

2274 858 2475 926 scentia
2526 856 2889 914 Christianam
2938 859 3117 913 multis
3167 858 3445 913 erroribus
3514 858 3851 926 depravatae:

2275 925 2550 1000 itnbibisse
2592 931 2865 997 supponit,
2911 944 2977 984 ex
3025 928 3300 1000 Scythiani
3343 925 3703 999 potissimum
3733 947 3853 989 enm-

2274 999 2576 1065 mentariis,
2607 1015 2765 1069 quam
2797 999 3134 1070 postmodum
3162 1001 3276 1071 ipse
3308 1000 3446 1055 forte
3476 1001 3665 1071 magis
3691 1018 3851 1058 curru-

2275 1071 2353 1195 rtit
2382 1080 2438 1127 et
2463 1071 2798 1141 depravavit,
2847 1081 2908 1126 ut
2935 1087 3046 1125 sum
3089 1079 3145 1126 et
3190 1086 3470 1141 magorum
3505 1072 3847 1154 philosophia

2298 1151 2478 1195 aceret
2522 1142 2868 1195 concordem.
2910 1141 3098 1195 Restat
3129 1156 3273 1195 nunc
3315 1158 3447 1195 eruo
3485 1154 3553 1195 ut
3602 1144 3845 1195 videamus

2298 1142 2478 1197 ‘aceret
2522 1142 2868 1197 concordem.
2910 1141 3098 1196 Restat
3129 1156 3273 1197 nunc
3315 1158 3447 1212 ergo
3485 1154 3553 1197 ut
3602 1141 3845 1202 videamus

2275 1226 2342 1265 au
2373 1212 2609 1282 Sapores
2658 1215 2710 1267 in
2742 1212 2949 1267 Manem
2979 1212 3095 1268 dire
3135 1213 3499 1270 excanduerit
3544 1227 3766 1283 propter
3799 1218 3845 1270 it-

2278 1283 2405 1355 Iamr
2435 1283 3006 1355 pseudoapostolorum
3060 1283 3396 1349 missionem,
3440 1299 3618 1355 quam
3662 1287 3841 1341 unicam

2278 1354 2410 1408 tanti
2441 1356 2781 1410 odiicausam
2805 1354 2969 1410 fuisse
2999 1356 3111 1422 ipse
3139 1354 3475 1422 Beausobre,
3508 1356 3765 1412 Archelai
3784 1368 3839 1413 te-

2277 1426 2529 1481 stimonio
2556 1426 2744 1498 ductus
2774 1425 2857 1497 (ut
2906 1423 3182 1498 vidimus),
3210 1435 3492 1481 asseverat
3527 1427 3634 1498 (ὁ).
3676 1428 3838 1497 Atque,

2278 1505 2337 1550 ut
2378 1497 2767 1561 praeteritarum
2811 1512 2989 1551 rerum
3021 1497 3264 1551 ordinem
3314 1497 3632 1565 servemus,
3679 1500 3837 1554 duas:

2279 1566 2489 1622 Manete
2531 1566 2697 1622 factas
2728 1566 2895 1623 fuisse
2923 1569 3115 1622 horum
3155 1566 3554 1635 discipulorum
3583 1571 3835 1627 missiones

2278 1639 2664 1721 colligipotest
2687 1656 2701 1693 :
2724 1639 2946 1721 alteram
2971 1640 3278 1721 priusquam
3302 1637 3488 1695 Manes
3519 1643 3673 1721 regio
3693 1657 3830 1711 puero

2280 1710 2482 1782 mederi
2524 1718 2807 1782 tentasset,
2849 1725 2916 1764 ex
2946 1724 3049 1782 qua
3081 1710 3229 1782 missi
3272 1724 3396 1763 cum
3422 1710 3827 1782 regrederentnr,

2279 1780 2480 1850 aliqum
2501 1782 2620 1835 uuvi
2658 1781 2988 1836 Testamenti
3026 1780 3241 1836 codices
3266 1780 3529 1850 magistro
3554 1784 3605 1838 in
3635 1785 3828 1841 vincula

2281 1859 2490 1925 retento
2512 1851 2895 1925 reddiderunt.
2927 1852 3075 1925 Haurit
3114 1861 3292 1925 autem
3309 1852 3547 1925 alteram
3576 1856 3831 1925 excepisse

2282 1922 2611 1992 probabilius
2650 1922 2997 1978 arbitramur.
3024 1922 3235 1977 Etenim
3274 1923 3323 1978 si
3347 1924 3658 1980 testimoniis
3686 1922 3833 1982 Acto-

2282 2008 2400 2047 rum
2451 1992 2699 2048 Archelai
2746 1992 3016 2057 insistere,
3049 2002 3107 2047 ut
3145 1992 3255 2062 jam
3300 1995 3527 2057 iecimus,
3570 1996 3829 2063 volumus,

2280 2079 2401 2118 cum
2448 2064 2631 2120 Manes
2655 2064 2724 2120 ab
2766 2064 2954 2120 iisdem
2986 2064 3262 2133 discipulis
3293 2064 3347 2119 in
3371 2079 3622 2121 carcerem
3646 2066 3832 2123 deten-

2282 2144 2367 2189 tus
2409 2135 2653 2190 visitatus
2691 2134 2903 2201 fuisset,
2954 2134 3063 2190 illis
3108 2136 3281 2190 suasit
3321 2135 3449 2189 nihil
3472 2138 3651 2202 vereri,
3680 2146 3733 2192 et
3754 2138 3819 2193 ad

2279 2205 2576 2277 orationem
2625 2207 2982 2262 consurrexit.
3017 2205 3149 2273 Quae
3199 2205 3391 2277 agendi
3436 2210 3584 2274 ratio,
3622 2216 3826 2263 auctore

2284 2276 2404 2347 ipso
2433 2276 2760 2342 Beausohre,
2791 2285 3110 2346 argumento
3148 2276 3269 2347 esse
3311 2286 3545 2346 poterat,
3574 2294 3691 2333 cum
3714 2292 3828 2332 san-

2279 2344 2477 2418 ctitatis
2503 2348 2740 2414 eximiae,
2769 2344 2880 2403 tum
2909 2344 3291 2416 magnitudinis
3313 2344 3508 2413 animi,
3540 2365 3695 2418 quam
3720 2350 3828 2405 lide-

2282 2417 2387 2490 lem
2442 2418 2640 2473 Christi
2692 2418 3265 2490 Dominirdiscipulum
3315 2420 3520 2473 habere
3560 2422 3815 2490 oportebat.

2279 2488 2458 2555 Quare
2497 2489 2766 2562 concludit
2796 2488 2937 2544 haud
2969 2488 3329 2562 facilesectae
3366 2490 3532 2558 hujus
3574 2488 3821 2562 princich

2279 2574 2341 2615 se
2368 2560 2695 2631 constituere
2725 2563 3008 2629 potuisset,
3053 2560 3155 2615 nisi
3199 2575 3421 2631 magnas
3453 2560 3823 2631 qualitates'sen

2280 2630 2450 2702 animi
2474 2630 2853 2700 prmrogativas
2876 2632 3168 2685 habuisset.
3209 2630 3305 2685 Ad
3320 2635 3460 2686 hanc
3478 2630 3671 2702 itaque
3694 2634 3827 2687 animi

2279 2700 2658 2756 conﬁdentiam
2681 2703 2851 2771 magis
2872 2714 3033 2771 atque
3063 2702 3231 2771 magis
3253 2700 3658 2768 ostentandam,
3688 2719 3741 2759 se
3763 2707 3829 2758 ni-

2284 2772 2360 2843 hil
2418 2787 2638 2843 prorsus
2692 2773 2869 2828 vereri
2929 2774 3218 2828 intentatas
3278 2788 3473 2843 poenas
3529 2784 3589 2829 et
3639 2783 3829 2831 mortem

2280 2842 2450 2915 ipsam
2480 2842 2661 2899 Manes
2695 2845 2871 2915 primo
2908 2844 3223 2909 simulabat;
3260 2842 3314 2899 et
3354 2854 3648 2913 propterea
3673 2846 3731 2899 ad
3754 2862 3831 2899 suo

2280 2914 2583 2987 ctoritatern
2640 2914 2742 2970 sibi
2797 2915 3187 2969 conciliandam
3243 2931 3509 2987 suamque
3566 2915 3829 2971 doctrinam

2279 2984 2663 3057 extollendam,
2691 2987 2874 3039 iterum
2903 2988 3053 3039 mittit
3082 2987 3361 3057 discipulos
3388 2984 3517 3041 suos
3561 2988 3829 3055 pradican-

2279 3069 2366 3109 ros
2384 3055 2633 3125 intrepide
2653 3057 2798 3126 ﬁctos
2823 3057 3184 3126 simulatasque
3205 3055 3425 3112 errores.
3446 3056 3722 3114 Postrema
3741 3056 3829 3113 hac

2282 3127 2443 3182 verba
2502 3128 2927 3197 prmeedentibus
2989 3128 3318 3197 respondere
3382 3130 3596 3185 nemini
3646 3129 3829 3185 dubiu

606 3212 701 3256 rex
731 3202 786 3254 in
813 3192 1086 3254 carcerem
1118 3196 1500 3268 compingeret.
1517 3192 1791 3262 Siquidem
1807 3194 2013 3268 aliqum
2041 3195 2179 3249 male
2207 3192 2253 3255 C
2282 3197 2404 3251 erit.
2434 3192 2746 3265 Propterea,
2781 3209 2941 3253 tanta:
2968 3192 3206 3255 audaciae
3233 3199 3473 3268 Sapores
3511 3200 3751 3255 conscius
3772 3199 3833 3253 la-

609 3279 790 3338 partos
819 3269 943 3324 novi
973 3264 1306 3338 Testatnenti
1342 3264 1549 3331 libros,
1591 3275 1647 3320 et
1680 3280 1774 3321 eos
1816 3264 1993 3338 forte,
2038 3279 2176 3338 quos

609 3335 963 3395 Valentiniani
985 3339 1179 3408 aliique
1203 3335 1949 3408 haereticorumcorruperant
1977 3336 2175 3408 habere

606 3413 796 3481 potuit,
820 3425 940 3466 cum
962 3409 1072 3479 jam
1094 3405 1326 3463 eruditis
1344 3419 1530 3481 notum
1544 3405 1615 3461 sit
1639 3405 1972 3481 Christianos
1992 3405 2176 3481 catho-

607 3476 738 3535 lices
763 3476 829 3536 ad
878 3476 1083 3550 integre
1132 3478 1702 3550 servandosucanonis
1744 3476 1910 3550 libros
1937 3476 2173 3550 multum

606 3550 785 3629 operis
812 3546 1119 3606 adhibuisse
1129 3564 1168 3629 _;_
1198 3548 1542 3629 neridelicet
1560 3547 1758 3629 ethnici
1782 3546 1904 3629 illos
1934 3547 2039 3616 igni
2068 3556 2176 3627 tra-

605 3617 814 3689 derent,
846 3628 904 3676 ut
922 3632 1099 3675 narrat
1129 3619 1420 3683 Eusebius;
1452 3626 1507 3672 et
1532 3632 1599 3670 ne
1630 3617 2001 3672 haereticorum
2030 3619 2176 3686 prin-

606 3691 751 3760 cipes
780 3706 875 3746 eos
902 3699 1309 3760 corrumperent
1334 3697 1391 3744 et
1414 3690 1800 3759 depravarent;
1832 3689 2176 3760 quemadmo-

608 3759 734 3816 dum
762 3777 827 3816 ex
860 3761 996 3817 libro
1025 3759 1473 3816 Constitutionum
1502 3774 1622 3828 qua:
1650 3759 2177 3828 apostolistribuun-

607 3841 694 3887 tur
735 3832 845 3902 jam
886 3831 1082 3887 factum
1128 3831 1292 3887 fuisse
1343 3827 1694 3902 colligimus,
1725 3828 1794 3902 de
1831 3827 2031 3902 quibus
2072 3830 2174 3902 ipsi

607 3899 957 3974 opportunius
1008 3917 1311 3958 sermonem
1367 3901 1702 3974 habebimus.
1742 3899 2016 3974 Quilergo
2058 3899 2173 3957 ﬁeri

606 3971 711 4029 non
739 3976 909 4045 potuit
938 3974 1204 4045 utManes
1232 3987 1415 4045 secum
1444 3973 1771 4045 incarceres
1806 3971 2014 4041 aliquos
2037 3974 2174 4045 novi

605 4043 934 4102 Testamenti
960 4044 1123 4101 libros
1144 4043 1415 4111 detulerit,
1443 4043 1527 4098 vel
1555 4043 1791 4113 integros
1815 4052 1868 4096 et
1893 4043 2171 4111 genuinos,

603 4131 739 4187 quos
768 4132 864 4187 pro
888 4115 1474 4187 libidinedepravavit,
1502 4123 1595 4168 aut
1616 4115 1725 4187 jam
1762 4113 2083 4187 depravatos
2120 4124 2175 4170 et

603 4183 904 4258 corruptos,
926 4188 1080 4257 juxta
1115 4183 1380 4258 Valentini
1406 4183 1749 4258 Carpocratis
1783 4183 2174 4258 Marcionisque

603 4254 1092 4327 interpretationes,
1134 4266 1189 4312 et
1239 4257 1306 4313 ad
1346 4257 1481 4313 alios
1517 4254 1733 4326 quoque
1771 4254 2174 4327 conquirendos

604 4344 731 4387 suos
749 4324 1045 4399 discipulos
1073 4324 1126 4385 in
1150 4328 1383 4384 Orientis
1410 4337 1466 4383 et
1486 4324 1626 4399 Asiae
1646 4324 1889 4399 partibus
1909 4328 2171 4399 transmi-

605 4401 776 4457 serit?
805 4396 1042 4457 AnTorte
1061 4412 1170 4456 tum
1202 4400 1439 4455 nondum
1468 4398 1775 4468 prodierant
1801 4396 1901 4468 sub
1929 4396 2049 4468 novi
2071 4397 2174 4452 Te-

606 4471 859 4528 stamenti
880 4472 1093 4527 nomine
1122 4471 1347 4526 iabulosi
1378 4471 1450 4525 illi
1472 4466 1595 4524 libri
1617 4467 1709 4539 qui
1741 4466 1921 4531 Petri,
1953 4466 2174 4539 Thema:

608 4554 664 4600 et
679 4542 907 4598 Matthiae
929 4541 1212 4612 Evangelia
1235 4537 1689 4596 inscribebautur?
1711 4542 1789 4591 Au
1812 4553 1917 4593 non
1940 4537 2171 4612 cireum-

609 4614 879 4669 ferebatur
909 4609 1251 4681 Evang'elium
1281 4612 1539 4681 Philippi,
1571 4612 1927 4681 excogitatum
1965 4623 1997 4663 a
2026 4609 2171 4665 Gno-

608 4683 797 4740 sticis‘!
829 4692 919 4736 aut
966 4679 1107 4737 aliud
1150 4681 1379 4751 denique
1423 4679 1566 4752 quod
1596 4680 1795 4752 Gaiani
1828 4679 2173 4752 subrnomine

607 4754 758 4811 Judze
778 4754 1063 4822 proditoris
1078 4752 1426 4822 evulgarunt?
1448 4752 1529 4806 Ex
1557 4751 1638 4805 his
1661 4751 1884 4822 aliisque
1909 4751 2173 4809 similibus

610 4826 885 4881 venenatis
917 4823 1175 4889 fontibus,
1210 4822 1278 4877 de
1308 4822 1500 4895 quibus
1529 4822 1790 4895 Eusebius
1828 4823 1924 4895 (a)
1972 4832 2027 4878 et
2052 4823 2169 4895 AI’P.

608 4910 914 4953 sermonem
946 4895 1263 4961 habuerunt,
1294 4908 1443 4965 suam
1484 4893 1728 4949 haeresim
1766 4893 2007 4949 hausisse
2040 4893 2173 4965 Scy-

607 4967 852 5023 thiauum
878 4975 933 5021 et
956 4965 1163 5022 Manent
1185 4964 1540 5020 certissimum
1567 4974 1671 5021 est.
1722 4965 1833 5020 Duo
1872 4965 1960 5020 illa
1992 4964 2169 5035 igitur,

607 5040 725 5095 sine
750 5037 862 5093 ullo
891 5051 1108 5108 prorsus
1140 5038 1499 5106 rcpugnantiae
1513 5036 1758 5108 vestigio,
1783 5036 1921 5092 inter
1949 5050 2008 5091 se
2037 5037 2173 5093 bene

606 5112 879 5166 cohaerere
911 5119 1131 5179 possunt
1165 5125 1181 5163 :
1212 5108 1416 5162 Martem
1436 5148 1452 5175 ,
1502 5108 1782 5172 videlicet,
1816 5110 1867 5162 iu
1897 5121 2171 5179 carcerem

607 5178 953 5237 constrictum
980 5181 1184 5250 aliquos
1216 5179 1463 5235 habuisse
1485 5181 1604 5235 novi
1623 5178 1951 5235 Testamenti
1982 5178 2168 5245 libros,

606 5269 741 5323 quos
766 5251 1022 5307 fabulosis
1049 5251 1405 5318 commentis,
1456 5250 1523 5304 ad
1576 5267 1687 5323 suae
1732 5261 1893 5323 sectm
1942 5251 2171 5323 patroci-

607 5321 776 5390 nium,
824 5323 993 5393 magis
1039 5333 1198 5394 atque
1245 5322 1787 5394 magiscorropitet
1828 5321 2168 5394 depravavit;

604 5395 741 5450 alios
766 5392 997 5463 denique
1024 5392 1297 5463 accepisse
1326 5392 1392 5447 ex
1419 5392 1647 5458 Thorna,
1676 5392 1824 5448 Adda
1859 5402 1913 5446 et
1939 5392 2129 5463 lierma
2152 5436 2167 5461 ,

603 5481 677 5522 ex
700 5464 864 5537 priori
895 5462 1166 5521 missione
1195 5464 1621 5537 regredientibus
1644 5505 1660 5532 ,
1697 5479 1832 5535 quos
1877 5462 2172 5520 nebulones

676 5673 751 5744 (a)
777 5674 1041 5730 Eusebius
1084 5674 1449 5743 Caesariensis,
1484 5675 1619 5731 Hist.
1654 5672 1861 5729 Eccles.
1910 5672 2006 5728 lib.
2054 5689 2168 5739 vru,

602 5759 725 5811 cap.
752 5746 804 5810 I,
829 5753 884 5799 et
906 5748 957 5799 in
982 5745 1254 5799 Ruﬁniaua
1289 5760 1467 5801 nostra
1507 5747 1636 5801 edit.
1671 5757 1799 5797 tom.
1832 5744 1846 5796 I
1891 5758 2010 5811 pag.
2041 5744 2168 5800 464.

650 5814 723 5871 ib.
746 5829 801 5871 vr
823 5816 1267 5871 Constitutiouum
1291 5834 1410 5876 cap.
1437 5818 1521 5876 t6.
1556 5819 1621 5873 de
1654 5816 1799 5874 libris
1825 5814 1960 5870 falso
1981 5815 2173 5872 inscri-

2198 4577 2254 4638 D

2280 3275 2419 3340 ctus,
2466 3270 2599 3339 regii
2644 3269 2741 3324 ﬁlii
2782 3284 2969 3326 necem
2996 3269 3143 3325 serio
3178 3269 3509 3340 recogitans,
3546 3271 3831 3327 homicidam

2282 3339 2480 3395 diutius
2510 3342 2562 3395 in
2585 3355 2854 3397 carcerem
2887 3342 3064 3395 vivum
3093 3339 3324 3411 detineri
3353 3341 3500 3396 haud
3522 3344 3826 3411 permittens,

2280 3411 2499 3466 dilatam
2520 3410 2779 3467 hactenus
2824 3421 3048 3467 mortem
3089 3426 3210 3466 eum
3252 3410 3438 3467 subire
3467 3410 3703 3478 mandat,
3738 3427 3831 3466 cert

2280 3483 2451 3554 dignis
2476 3483 2739 3554 suppliciis
2761 3497 2880 3537 eum
2905 3482 3124 3554 subdere
3140 3492 3310 3552 parat.
3346 3482 3552 3539 Verum
3578 3496 3831 3551 antequam

2280 3553 2674 3609 instruerentur
2743 3568 2861 3622 quae
2910 3553 2977 3607 ad
3042 3553 3198 3621 hujus
3269 3553 3578 3622 impiissimi
3633 3554 3835 3611 hominis

2280 3626 2639 3695 exemplarem
2691 3639 2877 3679 necem
2921 3623 3156 3691 Sapores
3206 3632 3563 3693 praeceperat,
3609 3635 3835 3695 corrupto

2279 3694 2553 3752 carcerum
2586 3694 2829 3767 custode,
2850 3695 3166 3765 exterisque
3202 3695 3486 3767 militibus,
3512 3694 3837 3767 fugamarri-

2282 3770 2415 3834 puit,
2456 3766 2904 3836 quemadmodum
2948 3768 3000 3821 in
3040 3765 3413 3831 superioribus
3447 3767 3556 3836 jam
3578 3765 3835 3821 'vidimns.

2278 3838 2406 3894 Haec
2430 3840 2496 3892 ad
2515 3837 2805 3892 refellenda
2826 3836 3224 3892 Beausobriana
3253 3848 3562 3904 argumenta
3586 3852 3685 3891 nos
3709 3836 3840 3893 scri-

2277 3909 2407 3965 bere
2454 3919 2509 3964 et
2553 3907 2981 3963 animadvertere
3010 3910 3269 3975 Oportuit,
3314 3908 3469 3977 idque
3510 3908 3833 3976 potissimum

2277 3983 2343 4034 ad
2391 3985 2729 4051 antiquorum
2769 3978 3091 4051 scriptorum
3138 3979 3445 4051 testimonia
3489 3978 3839 4043 concilianda,

2276 4068 2395 4123 quae
2432 4049 2546 4121 ipse
2587 4050 2907 4116 Beausobre,
2951 4065 3137 4123 parum
3177 4049 3280 4104 sibi
3323 4060 3595 4112 constans.
3624 4063 3847 4123 susque:

2277 4119 2650 4193 deque‘omnia
2684 4131 2896 4193 vertens
2919 4130 2993 4193 et
3017 4122 3370 4193 detorquens,
3405 4133 3674 4193 tamquam
3705 4119 3841 4193 parvi

2279 4191 2556 4263 pendenda
2587 4203 2640 4248 et
2677 4192 2877 4247 nullius
2908 4191 3031 4246 ﬁdei
3069 4191 3227 4261 digna
3258 4207 3381 4247 esse
3408 4191 3708 4248 contendit.
3738 4191 3840 4247 lam

2281 4282 2406 4321 vero
2428 4266 2494 4318 ad
2521 4263 2757 4319 historia:
2783 4263 3027 4319 ordinem
3054 4273 3411 4318 revertamur.

2876 4394 3104 4452 CAPUT
3145 4394 3254 4451 VII.

2280 4488 2721 4555 Quemadmodum
2736 4488 2975 4559 quibusve
2995 4488 3191 4542 artibus
3216 4487 3530 4560 catholicam
3562 4488 3841 4560 religiones:

2347 4563 2401 4647 in
2428 4558 2796 4647 diesepotqmia
2826 4560 3003 4642 Mettes
3038 4560 3323 4647 subvertere
3356 4558 3504 4647 nisus
3544 4570 3645 4615 est.
3664 4558 3737 4614 'S.
3759 4558 3844 4612 Ar-

2347 4633 2511 4686 chelai
2540 4630 2811 4701 (Inscitum
2836 4632 3061 4701 episwpi
3099 4630 3328 4684 studium
3358 4631 3428 4682 ad
3453 4630 3617 4685 hosce
3657 4641 3846 4684 conm:

2346 4704 2646 4759 eludendos.
2676 4700 3073 4757 BeausObriame
3098 4703 3161 4756 de
3183 4701 3336 4755 hocce
3362 4713 3677 4771 argumento
3703 4704 3849 4772 conje-

2347 4784 2507 4829 cturts
2536 4783 2873 4828 amiciuntur.

2347 4891 2396 4946 1.
2428 4890 2504 4946 De
2538 4891 2823 4961 postremis
2850 4889 3072 4946 Manetis
3110 4888 3391 4961 conatibus
3426 4888 3498 4945 ad
3540 4889 3846 4947 catholicam

2274 4963 2437 5018 ﬁdem
2464 4959 2808 5017 evertendam
2836 4964 2887 5015 in
2915 4975 3151 5031 praesens
3176 4964 3339 5016 verba
3368 4959 3596 5029 facturi,
3628 4964 3752 5017 illuc
3774 4973 3845 5013 rc-

2273 5044 2514 5089 vertatur
2550 5043 2731 5088 nostra
2752 5033 2924 5087 oratio
2966 5047 3187 5103 necesse
3227 5042 3331 5103 est,
3376 5033 3521 5087 unde
3562 5033 3851 5103 praecedam

2274 5115 2433 5173 caput
2453 5107 2520 5159 ad
2550 5106 2754 5159 exitum
2788 5104 2886 5157 luit
2910 5101 3250 5173 perductum.
3275 5102 3349 5158 Ea
3375 5101 3576 5170 itaque
3596 5105 3653 5159 in
3688 5102 3853 5158 solitu-

2274 5177 2399 5232 diue
2418 5176 2651 5245 degenti,
2676 5173 2763 5227 ubi
2795 5184 2913 5242 post
2950 5188 2981 5229 e
3007 5188 3229 5230 carcere
3260 5175 3530 5242 dilapsum
3565 5190 3631 5231 se
3658 5186 3853 5239 recept.

2274 5256 2380 5311 rat,
2412 5247 2608 5301 Maneti
2660 5247 2955 5299 nuntiatum
2996 5245 3093 5300 fuit
3139 5246 3657 5314 praestantissimum
3694 5256 3855 5312 quern-

2275 5319 2397 5373 dam
2426 5331 2548 5373 esse
2575 5316 2769 5383 virum,
2811 5330 2971 5386 atque
3007 5316 3288 5373 excellenti
3328 5318 3535 5386 pietate
3566 5314 3855 5386 praeditum.

2273 5388 2607 5453 Marcellum,
2654 5403 2749 5443 seu
2788 5386 3151 5443 Marcellinum
3185 5390 3424 5447 nomine,
3458 5390 3556 5456 qui

2276 5459 2438 5534 (quod
2450 5460 2558 5533 50
2574 5459 2971 5531 MesOpotamiae
2984 5460 3240 5531 Oppidum
3259 5456 3365 5528 est)
3384 5456 3696 5527 habitaret,
3708 5456 3860 5513 illm

2286 5684 2423 5815 puti.)
2458 5743 2588 5798 Acta
2633 5740 2829 5815 diSput.
2878 5755 2997 5811 pag.
3023 5740 3130 5815 _99,
3161 5751 3212 5797 ct
3256 5737 3573 5797 Beausobre
3614 5750 3741 5810 pag.
3773 5728 3854 5801 εἰ.

2278 5809 2483 5881 catulo
2511 5809 2889 5891 superioribus
2909 5809 3150 5869 laudato.

3588 5385 3856 5443 Cascharae
3956 5385 3957 5443 ἢ
