3988 6314
160 422 266 482 833

934 421 1019 476 DE
1067 421 1574 479 llAXlCilelmUM
1617 419 1891 480 IUERESI
1931 423 2018 480 ET
2057 424 2380 484 HISTORIA
2419 427 2549 485 ΜΒ.
2589 433 2632 488 l.

3317 436 3423 497 εει
3481 459 3488 476 ι

157 553 262 610 que
287 538 447 592 fuisse
469 537 644 592 virum
679 535 1028 610 Itttdequaque
1066 537 1454 610 (:lll‘lﬁli-ﬂllllm,
1484 545 1644 604 atque
1681 536 1731 588 in
1761 537 1816 596 Α
1840 533 2148 610 earumdem
2197 551 2485 603 summam,
2530 552 2623 592 seu
2671 540 3045 610 compendium
3089 542 3176 600 hic
3212 546 3422 605 indica-

155 607 402 664 dantibus
423 611 644 678 justitiw
675 608 846 677 ofﬁciis
876 610 1026 677 plane
1063 607 1369 660 mirabilem.
1423 609 1573 660 Iluttc
1602 620 1730 678 ergo

157 696 269 734 suae
312 676 557 749 nequitis:
593 676 817 741 socium,
856 676 1138 732 eriminum
1170 679 1454 741 vindicem,
1489 685 1544 732 et
1580 676 1729 731 nefa-

155 751 251 804 ria:
282 762 438 806 secta:
471 761 915 820 propugnatorem
944 749 1229 815 aliquando
1260 751 1494 803 futurum
1525 763 1727 820 ,Spera-

155 821 268 889 bat,
301 822 342 876 si
375 838 494 875 eum
526 818 804 875 diabolica:
849 837 957 875 sua:
984 820 1244 875 doctrina:
1285 821 1489 888 laqueis
1523 818 1730 874 irretire

157 902 355 960 posset.
387 892 750 948 Przesumebat
787 892 927 945 enim
959 894 1261 947 universam
1293 906 1354 946 se
1381 904 1540 959 posse
1569 905 1730 944 occu-

158 979 287 1028 pare
321 966 667 1032 provinciam,
703 965 746 1016 si
780 964 925 1033 prius
954 963 1112 1016 talem
1149 961 1324 1016 virum
1361 962 1577 1016 sibimet
1605 961 1732 1015 sub-

154 1034 397 1088 didisset.
431 1040 606 1100 Quare
641 1032 807 1087 Variis
835 1035 1156 1102 excogitatis
1182 1033 1500 1097 rationibus,
1531 1032 1732 1086 alteru-

156 1114 292 1158 tram
323 1117 522 1161 tantum
544 1122 606 1161 ex
633 1105 860 1171 duabus,
891 1121 1007 1174 quae
1027 1107 1220 1158 anxius
1245 1105 1426 1158 animo
1448 1104 1732 1164 retinebat,

153 1175 512 1230 adhibendam
563 1179 924 1232 necessarium
981 1176 1149 1230 duxit.
1209 1178 1316 1229 Aut
1360 1174 1609 1229 videlicet
1666 1175 1732 1228 ad

154 1261 276 1300 eum
306 1249 594 1316 proﬁcisci,
622 1258 675 1302 et
707 1248 919 1316 pietatis
960 1247 1160 1314 studio,
1193 1246 1276 1299 vel
1323 1245 1480 1314 hujus
1519 1253 1735 1299 (eterna:

155 1318 340 1372 salutis
375 1319 559 1373 colore
592 1318 962 1387 procurandae,
997 1317 1138 1372 inter
1166 1317 1578 1383 colluquendum
1603 1331 1735 1383 pau-

154 1387 301 1459 latim
334 1392 490 1444 noxia
521 1390 769 1459 dogmata
802 1390 850 1443 ei
888 1403 1199 1458 suggerere,
1229 1387 1514 1459 quibusgab
1542 1388 1738 1459 enim-

155 1457 355 1522 bibitis,
389 1457 666 1514 catholica:
691 1459 811 1514 ﬁdei
837 1457 1060 1527 puritas,
1089 1473 1246 1528 quam
1288 1460 1400 1527 ipse
1429 1457 1730 1522 Marcellus,

154 1544 249 1583 seu
281 1530 623 1585 Marcellinus
663 1530 1033 1598 prolitebatur,
1065 1531 1215 1598 quasi
1260 1529 1460 1583 sensim
1495 1543 1736 1584 corrum-

154 1612 395 1669 peretur.
427 1602 533 1657 Sed
563 1604 738 1656 minus
763 1610 930 1654 tutam
965 1602 1099 1655 hanc
1128 1599 1315 1668 agendi
1341 1598 1730 1669 rationemisibi

154 1668 394 1726 futuram
419 1674 724 1727 verebatur.
757 1671 887 1739 Quia
912 1672 1158 1726 videlicet
1189 1671 1258 1724 ab
1287 1671 1576 1738 improviso
1597 1668 1733 1724 forte

153 1758 219 1797 ac
265 1743 447 1796 subito
495 1746 755 1811 ingressu,
808 1743 872 1796 ad
916 1741 1190 1811 religionis
1228 1740 1504 1795 catholicze
1544 1741 1731 1811 funda-

156 1823 340 1867 menta
369 1809 682 1879 evertenda,
709 1827 869 1882 grave
891 1809 1101 1880 aliquod
1126 1811 1322 1864 malum
1355 1812 1404 1863 in
1436 1812 1517 1866 sui
1549 1809 1728 1879 perni-

151 1954 297 2026 quod
328 1957 509 2009 animo
537 1953 896 2026 pervolvebat,
929 1954 1031 2026 sibi
1055 1951 1230 2022 magis
1262 1951 1597 2026 profuturum
1639 1969 1728 2008 ar-

148 2021 380 2077 bitratus
421 2021 612 2080 esrfld
642 2033 722 2079 est
765 2023 1071 2078 Marcellum
1102 2026 1276 2092 primo
1315 2024 1554 2092 epistolis
1582 2039 1730 2078 com-

148 2094 375 2162 pellare,
399 2097 598 2165 quibus
620 2096 664 2149 si
693 2095 977 2165 benignum
1011 2095 1327 2164 pratbuisset
1355 2095 1613 2163 auditum,
1638 2105 1729 2150 aut

145 2165 340 2219 saltem
363 2164 408 2218 si
428 2167 688 2220 audenter
709 2181 813 2219 non
831 2164 905 2220 se
930 2175 1250 2234 Opponeret,
1278 2175 1385 2219 tum
1419 2167 1589 2234 majus
1617 2176 1732 2221 stu-
1777 2190 1786 2229 :

144 2235 296 2289 dium
328 2235 710 2304 adhibendum,
746 2246 806 2289 ut
839 2244 894 2291 et
931 2235 1123 2292 timore
1162 2247 1337 2302 actus,
1371 2237 1453 2290 vel
1501 2237 1729 2292 curiosi-
1773 2260 1788 2293 .-

147 2315 260 2361 tate
276 2307 491 2387 ductus,
523 2306 1023 2387 omniaManichea:
1051 2317 1215 2387 sectae
1241 2308 1594 2387 dogmata,_et
1613 2308 1732 2387 ejus
1761 2331 1783 2387 ,ρ

143 2393 280 2431 vana
316 2379 594 2446 ﬁgmenta,
624 2379 722 2435 sibi
748 2379 1031 2434 Marcellus
1054 2381 1168 2448 ipse
1192 2377 1479 2448 aperienda
1510 2378 1725 2449 ﬂagita-

142 2459 248 2503 ret.
275 2449 558 2505 Postremo
578 2461 759 2505 autem
789 2449 957 2504 hocce
990 2449 1065 2504 uti
1095 2449 1336 2504 subsidio
1364 2452 1528 2504 tutius
1557 2464 1610 2504 et
1633 2465 1729 2506 ex-

143 2521 381 2588 peditius
408 2521 586 2576 Manes
613 2521 888 2591 judicavit.
914 2521 1222 2589 Propterea,
1255 2522 1427 2575 accito
1454 2519 1726 2588 Turbone,

140 2607 252 2645 uno
293 2607 357 2646 ex
392 2592 687 2662 discipulis,
720 2606 856 2661 quos
892 2592 1071 2646 Addas
1092 2593 1156 2646 iis
1185 2591 1400 2646 nefariis
1433 2592 1725 2647 institutio-

139 2664 307 2716 nibus
341 2664 748 2731 depravaverat,
791 2666 839 2717 ei
876 2663 1155 2732 epistolam
1192 2662 1443 2717 Marcello
1487 2663 1722 2718 redden-

138 2735 272 2788 dam
319 2735 553 2798 tradidit,
581 2734 904 2804 praecipiens
933 2742 1006 2797 ut,
1037 2734 1216 2788 statim
1260 2743 1475 2803 arrepto
1502 2735 1720 2801 itinere,

137 2804 207 2858 Ca
222 2805 470 2860 scharam
502 2806 815 2861 festinanter
847 2805 1303 2874 proﬁcisceretur.

206 2875 263 2929 2.
316 2876 430 2932 Non
475 2886 558 2931 est
603 2886 837 2931 moratus
885 2877 1170 2945 imperium
1216 2875 1425 2942 Turbo;
1475 2876 1566 2946 qui
1603 2890 1725 2931 cum

140 2947 435 3016 plurimum
474 2949 670 3002 laboris
709 2963 770 3002 ac
815 2948 1074 3001 molestiae
1105 2949 1157 3001 in
1187 2946 1354 3002 veloci
1395 2961 1556 3000 cursu
1597 2962 1721 3016 per-

141 3033 338 3086 pessus
372 3019 592 3090 fuisset,
641 3019 876 3090 quinque
922 3017 1129 3072 itineris
1168 3017 1358 3072 diebus
1397 3019 1614 3090 elapsis,
1659 3018 1726 3072 ad

141 3089 387 3146 Marcelli
437 3091 752 3160 hospitalem
797 3092 1037 3154 domum,
1095 3098 1364 3160 tamquam
1414 3089 1727 3158 peregrinus

140 3162 401 3226 advenit;
431 3163 522 3215 sed
541 3158 616 3215 ab
645 3175 711 3216 eo
753 3161 818 3214 ad
847 3175 1006 3230 quem
1045 3159 1243 3230 missus
1273 3158 1444 3214 fuerat
1483 3175 1588 3213 non
1617 3169 1727 3214 sta-

140 3232 234 3287 tim
265 3243 541 3303 receptus.
586 3231 841 3287 llomines
867 3229 1133 3303 animiqui
1160 3229 1392 3303 Marcelli
1418 3232 1728 3300 peregrino-

1839 605 2038 661 bimus.

1910 677 1976 760 E_t_
1994 678 2168 760 primo
2180 678 2613 760 quidem_harum
2638 683 2931 760 litterarum
2949 688 3254 758 exemplum
3276 691 3420 760 ejus-

1833 747 1978 828 modi
2009 747 2362 828 tituiu_m_,‘seu
2395 751 2944 828 51inscriptionem,
2981 747 3415 828 cum-praescier-

1835 827 1919 900 ret
1941 820 2307 900 proculdubio
2327 820 2707 900 cujus—cumque
2731 825 2800 893 pii
2829 840 2889 900 ac
2916 820 3150 896 religiosi
3182 832 3415 889 hominis

1833 893 2094 956 animum,
2155 893 2206 946 in
2249 895 2535 948 maximam
2589 893 3293 965 indignationem'traheret
3322 921 3415 959 nc-

1834 974 2046 1042 cessum
2078 972 2212 1042 erat.
2247 966 2352 1042 Aui
2371 967 2413 1019 si
2445 966 2649 1042 titulus,
2678 983 2773 1021 seu
2813 966 2902 1021 illa
2928 968 3230 1042 inscriptio,
3261 976 3416 1030 alicui

1835 1032 1890 1114 in
1921 1032 2047 1114 ﬁdei
2074 1033 2235 1088 rebus
2277 1035 2454 1091 minus
2484 1039 2765 1114 instructo,
2785 1046 2896 1114 _ant
2923 1039 2978 1092 in
3017 1032 3276 1114 catholica
3305 1045 3421 1114 phi-

1837 1100 2080 1172 losophia
2117 1118 2566 1180 parumgversato,
2610 1100 2868 1179 legendus
2897 1113 3238 1180 occurrisset,
3282 1100 3420 1172 h'unc

1836 1185 1970 1248 sane
1999 1189 2120 1228 cum
2154 1175 2208 1248 in
2233 1177 2394 1232 animi
2425 1175 2720 1248 stuporem,
2747 1190 2854 1233 tum
2887 1180 2940 1235 in
2974 1175 3295 1238 anxietatem
3322 1188 3420 1240 de-

1839 1242 2040 1322 ducere
2066 1247 2345 1313 potuisset.
2379 1242 2857 1322 Inscriptioautem
2889 1252 2977 1305 illa
3008 1253 3272 1322 ejusmodi
3300 1267 3419 1311 est:

1839 1311 2471 1393 Martichteus,_apostolus
2499 1311 2856 1393 lésyﬂhristi,
2877 1331 2936 1393 _et
2963 1311 3055 1393 qui
3075 1340 3273 1379 mecum
3301 1337 3417 1381 sunt

1837 1389 2222 1462 o_mnes_sancti,
2249 1399 2295 1462 et
2316 1393 2556 1461 virgines,
2583 1390 2830 1462 Marcello
2851 1389 3286 1460 ﬁlio'charissimo
3307 1414 3421 1462 gra-

1836 1451 2330 1539 tlianniisericordia,
2367 1451 2471 1539 pvaa:
2503 1451 2554 1539 ρ’
2594 1463 2697 1535 Deo
2723 1451 2897 1524 Patre,
2932 1474 2992 1539 et
3025 1466 3245 1520 Domino
3276 1451 3420 1539 ΔῘεδιι

1835 1524 2059 1606 Christo,
2090 1538 2138 1606 et
2163 1524 2374 1584 dextera
2413 1531 2540 1606 lucis
2579 1526 2835 1587 conservet
2868 1543 2915 1606 te
2958 1535 3021 1588 de
3048 1537 3285 1606 praesenti
3326 1554 3426 1593 sae-

1836 1597 1954 1650 culo
2008 1599 2165 1679 male,
2210 1609 2333 1679 e_t_a
2371 1605 2536 1679 ruinis
2575 1607 2796 1679 ejus,_et
2844 1597 3143 1679 de_laqt'teis
3187 1609 3422 1679 maligni,

1832 1683 2001 1748 amen.
2027 1669 2288 1749 _Sed_quid
2316 1673 2572 1728 audacius
2595 1669 3128 1749 quidvescelest'ius,
3173 1679 3298 1749 quid
3313 1669 3423 1734 "de;

1834 1740 1996 1816 nique
2027 1742 2078 1794 iu
2122 1740 2290 1797 Deum
2341 1754 2394 1798 et
2420 1740 2636 1800 sanctos
2664 1746 2992 1816 iujuriosius,
3017 1763 3046 1802 a
3076 1740 3301 1804 barbaro
3331 1750 3424 1805 illo

1790 1849 1796 1855 .
1832 1807 1995 1863 Persa
2025 1822 2236 1880 poterat
2284 1816 2612 1884 excogitari?
2642 1807 2734 1871 Διί
2779 1807 3004 1886 apostoli
3049 1820 3180 1875 Jesu
3223 1821 3424 1877 Christi

157 1885 296 1971 cicni
327 1896 381 1939 et
403 1886 620 1965 exitium
645 1886 742 1971 sibi
768 1883 1027 1971 obvenire.
1051 1891 1276 1964 poterat.
1309 1882 1550 1971 Alterum
1571 1897 1724 1951 ergo,
1761 1910 1806 1971 Β

1833 1895 2050 1964 nomen,
2083 1891 2138 1937 et
2165 1886 2502 1964 munerade
2553 1889 2746 1957 quibus
2797 1889 3168 1964 sanctissimus
3224 1891 3422 1948 Paulus

1836 1957 2170 2034 potissimum
2225 1957 2570 2034 gloriabatur,
2622 1961 3108 2034 sua,gautalioru‘m
3140 1963 3417 2034 hominum

1836 2024 2460 2100 electione_,‘vocatione,
2498 2038 2661 2100 atque
2694 2032 2950 2086 missione
2992 2031 3095 2086 sibi
3125 2033 3420 2089 convenire

1835 2107 1994 2163 posse
2035 2095 2430 2173 arbitrabatur?
2461 2095 2630 2173 Impia
2650 2102 2764 2156 haec
2786 2103 2955 2170 prima
3002 2103 3056 2157 in
3103 2103 3419 2173 religionem

1833 2177 2164 2235 exsecratus,
2219 2170 2319 2244 alia
2379 2171 2538 2244 nimis
2567 2171 2743 2244 adhuc
2787 2174 3041 2244 nequiora
3094 2175 3147 2228 in
3177 2170 3420 2244 epistolae

1838 2245 1986 2313 textu
2017 2239 2322 2313 expressit.
2376 2243 2506 2296 Cum
2563 2243 2809 2298 videlicet
2872 2239 2938 2297 ad
2978 2239 3294 2313 captandam
3315 2245 3422 2301 sibi

1837 2305 2069 2384 Marcelli
2099 2305 2550 2384 benevolentiam,
2584 2317 2768 2384 paucis
2816 2316 2969 2370 istius
2996 2305 3195 2384 pietate
3235 2316 3423 2372 lauda-

1839 2385 1912 2458 ta,
1940 2380 2237 2458 molestiam
2270 2382 2509 2458 perlerre
2530 2380 2764 2458 fatetur,
2783 2387 2925 2458 quod
2955 2380 3058 2441 non
3097 2386 3248 2458 juxta
3302 2401 3420 2444 rec-

1834 2456 1940 2528 tam
1980 2453 2242 2528 rationem
2273 2455 2388 2522 ipse
2416 2456 2682 2528 crederet.
2725 2453 2894 2511 Valde
2938 2453 3253 2528 arroganter
3281 2473 3420 2527 pra:-

1833 2527 1978 2601 terea
2034 2522 2449 2604 subjicitse-ad
2484 2527 2700 2604 humani
2752 2529 2966 2604 generis
3015 2522 3421 2604 emendationem

1831 2595 2066 2672 missum,
2097 2595 2160 2647 iis
2201 2595 2572 2672 opitulaturum
2600 2603 2684 2667 qui
2736 2595 2789 2654 se
2835 2600 3213 2654 sedat-tionibus
3258 2611 3421 2670 atque

1831 2664 2106 2739 erroribus
2139 2666 2499 2722 tradiderunt.
2526 2664 2689 2739 Cujus
2719 2685 2879 2724 causa
2912 2672 3028 2725 haec
3073 2672 3272 2738 scripta
3327 2664 3422 2726 ne-

1830 2737 2124 2813 cessarium
2153 2739 2402 2813 ‘duxerat
2444 2737 2676 2813 mittere,
2727 2744 2890 2811 primo
2926 2741 3128 2811 quidem
3179 2737 3299 2813 (ait)
3353 2741 3422 2794 ad

1830 2807 2050 2882 salutem
2075 2809 2262 2862 animae
2293 2811 2626 2882 tuw,rdeinde
2657 2821 2702 2864 et
2727 2807 2908 2866 eorum
2939 2807 3033 2882 qui
3075 2807 3236 2865 tecum
3277 2807 3419 2867 sunt.

1833 2873 2314 2955 Qdmna‘mautem
2361 2873 2549 2955 salutis
2583 2882 2830 2955 dogmata
2871 2884 2919 2937 ei
2946 2873 3290 2955 suggesserit,
3316 2899 3423 2938 non

1829 2948 1935 3022 erit
1965 2945 2185 3022 difﬁcile
2221 2952 2555 3022 praesentire,
2573 2945 2693 3006 cum
2722 2953 2788 3008 de
2819 2955 2882 3007 iis
2913 2945 3248 3022 potissimum
3278 2945 3413 3021 'cap.

1829 3013 1866 3068 ὅ
1891 3027 1944 3069 et
1983 3017 2016 3070 4
2048 3019 2206 3098 verba
2221 3013 2342 3098 jam
2390 3013 2754 3098 habuerimus.
2801 3013 2945 3098 Diio's
2981 3023 3232 3098 videlicet
3279 3013 3419 3079 Deos

1831 3090 2138 3164 necessario
2198 3090 2579 3164 admittendos"
2604 3107 2726 3147 esse
2797 3093 3137 3158 affirmabat;
3193 3108 3423 3164 quorum

1830 3158 2061 3234 quilibet
2083 3175 2266 3234 earum
2299 3176 2476 3215 rerum
2506 3163 2730 3217 effector
2751 3165 2868 3229 fuit,
2903 3179 3024 3234 quae
3053 3165 3170 3234 ejus
3211 3158 3422 3220 natura:

1832 3230 2182 3302 respondent,
2212 3233 2282 3285 ita
2307 3241 2366 3285 ut
2384 3234 2520 3287 bona
2543 3243 2598 3290 et
2621 3235 2792 3290 lucem
2818 3230 3049 3290 nonnisi
3073 3230 3101 3288 a
3125 3234 3228 3290 deo
3254 3236 3415 3302 bono,

139 3318 258 3358 rum
306 3287 540 3374 hospitio
579 3311 863 3372 praaerant,
915 3317 980 3356 ex
1011 3287 1263 3356 Turbone
1306 3287 1574 3374 sciscitati
1602 3313 1728 3358 sunt
1751 3287 1800 3353 C
1833 3287 1971 3374 mala
2002 3317 2129 3356 vero
2149 3287 2213 3374 et
2243 3287 2671 3360 tenebrasa'deo
2686 3287 2851 3361 malo
2865 3287 3087 3361 condita
3103 3287 3280 3362 fuisse
3293 3287 3422 3361 con-'-

140 3377 260 3442 quis
300 3372 469 3441 esset,
504 3375 644 3429 unde
684 3374 982 3438 adveniret,
1016 3390 1042 3426 a
1085 3387 1192 3438 quo
1228 3380 1284 3426 et
1321 3386 1426 3442 qua
1465 3372 1532 3428 de
1562 3387 1723 3429 causa

142 3445 477 3501 mitteretur.
509 3445 610 3512 Qui
641 3443 908 3499 fatebatur
928 3459 989 3499 se
1013 3459 1080 3498 ex
1108 3444 1492 3514 Mesopotamia
1528 3444 1726 3510 ducere

140 3516 536 3588 originem,de
559 3514 780 3588 Perside
808 3514 934 3571 illuc
977 3515 1253 3588 advenire,
1296 3523 1466 3588 atque
1486 3531 1581 3585 pro
1611 3515 1724 3571 Ma-

141 3585 360 3642 nichaao
415 3587 844 3642 Christianorum
893 3586 1186 3656 magistro,
1241 3590 1381 3654 apud
1430 3585 1724 3642 Castellum

139 3658 470 3714 Arabionem
500 3666 887 3724 commorante,
922 3659 1188 3729 legatione
1216 3656 1380 3729 fungi.
1428 3658 1508 3712 llli
1545 3669 1724 3714 autem

142 3731 409 3784 mittentis
432 3744 624 3784 nomen
648 3728 988 3799 ignorantes,
1009 3742 1226 3798 prorsus
1254 3728 1558 3783 Turbonem
1591 3730 1728 3785 reci-

138 3816 270 3872 pere
300 3802 664 3856 detrectarunt
692 3800 833 3872 :sed
876 3815 997 3872 eum
1047 3801 1277 3867 hospitio
1315 3799 1626 3865 detrudunt,
1658 3817 1725 3857 ne

141 3870 294 3943 aqua:
319 3875 532 3941 quidem
559 3874 657 3941 ipsi
677 3870 992 3943 adhibenda:
1016 3871 1264 3925 facultate
1286 3884 1567 3926 concessa.
1590 3873 1722 3927 Rem

140 3941 294 3999 hisee
322 3946 436 3997 fere
465 3944 642 3998 verbis
671 3941 986 4012 Archelaus,
1014 3943 1298 3996 Caschara:
1322 3946 1607 4012 episcopus
1629 3943 1724 3999 de-

138 4016 355 4078 scribit,
388 4013 666 4069 subdens:
695 4011 825 4067 Haec
877 4021 925 4066 et
969 4012 1073 4066 alia
1122 4015 1364 4079 nequiora
1407 4011 1522 4066 cum
1553 4013 1724 4069 Turbo

140 4088 295 4140 uariis
330 4087 506 4139 diebus
542 4087 853 4156 pertulisset,
886 4084 1164 4148 laboribus,
1197 4083 1366 4136 inedia
1394 4092 1438 4136 et
1473 4087 1725 4153 angustiis

139 4159 426 4224 confectus,
469 4165 681 4210 mortem
717 4155 855 4208 haud
888 4170 1143 4224 quaquam
1176 4156 1432 4221 evasisset,
1477 4156 1574 4207 nisi
1606 4165 1723 4207 tan-

138 4229 254 4281 dem
285 4229 498 4297 hospitii
518 4225 807 4297 custodibus
833 4227 1124 4297 indicasset,
1153 4240 1326 4297 secum
1355 4224 1551 4297 litteras
1583 4225 1726 4278 Mar-

136 4302 267 4353 cello
303 4295 422 4367 (seu
455 4295 785 4366 Marcellino)
814 4295 1103 4350 reddendas
1147 4295 1390 4367 detulisse
1411 4296 1508 4366 (α).

206 4371 260 4425 3.
297 4365 530 4424 Litteras
563 4384 690 4439 ergo
732 4365 983 4439 Marcello
1023 4365 1280 4439 legendas
1304 4369 1532 4439 tandem
1563 4365 1722 4439 tradi-

139 4441 238 4507 dit,
290 4445 346 4495 iu
380 4441 530 4510 cujus
560 4436 719 4494 duino
761 4448 872 4493 tum
906 4436 1417 4510 aderatiArchelaus
1441 4436 1726 4510 Cascbarre

135 4508 457 4582 episcopus;
503 4511 602 4579 Qui
652 4525 774 4565 cum
822 4509 1059 4582 audisset
1103 4508 1483 4576 bIaSpliemias,
1529 4508 1723 4582 quibus

137 4579 349 4638 litterai
371 4584 471 4637 ill-.e
499 4582 708 4637 referta:
738 4593 913 4647 erant,
960 4581 1012 4634 in
1053 4594 1240 4634 earum
1269 4591 1540 4634 auctorem
1571 4579 1723 4649 quasi

1835 3371 2100 3442 tenderet.
2132 3373 2264 3442 Quae
2291 3389 2422 3430 sane
2449 3375 2588 3430 bona
2618 3385 2673 3431 et
2699 3378 2836 3433 mala
2855 3378 2920 3432 ad
2942 3377 3170 3433 invicem
3199 3377 3424 3434 confun-

1833 3440 1962 3498 dere
1988 3453 2042 3498 et
2075 3440 2401 3512 permiscere
2429 3446 2546 3502 sine
2579 3449 2780 3504 divina:
2810 3449 3066 3505 bonitatis
3095 3449 3421 3505 contumelia

1834 3526 2246 3590 nemouposset,
2279 3527 2336 3590 et
2377 3517 2504 3587 quin
2562 3528 2865 3574 extremam
2913 3521 3298 3590 omnipotentis
3327 3521 3423 3576 Dei

1832 3587 2262 3663 maledictionem
2294 3589 2613 3663 incurreret.
2646 3590 2814 3661 Cujus
2835 3592 3049 3661 quidem
3069 3587 3264 3647 nefarii
3295 3591 3426 3663 dog-

1833 3660 1990 3737 matis
2007 3661 2314 3737 occasione,
2347 3660 2600 3737 audacius
2629 3660 2952 3733 evangelicis
2974 3660 3422 3737 Salvatoris_ver-

1831 3727 1918 3803 bis
1971 3730 2333 3784 abutebatur:
2372 3731 2506 3795 Quia
2563 3749 2664 3786 non
2697 3727 2858 3803 polest
2903 3734 3057 3789 arbor
3085 3735 3224 3787 mala
3267 3735 3423 3789 bonos

1828 3801 2030 3877 [ructus
2049 3803 2235 3877 facere,
2259 3818 2418 3870 neque
2435 3803 2588 3877 arbor
2604 3801 2738 3858 bona
2755 3807 2916 3859 malos
2934 3806 3128 3875 fructus
3144 3809 3312 3875 facere
3327 3805 3423 3877 (c).

1831 3871 1985 3937 Quod
2031 3871 2280 3926 uimier
2327 3875 2688 3928 testimonium
2733 3892 2855 3930 cuin
2903 3871 2955 3930 in
3002 3871 3157 3930 suum
3207 3871 3424 3931 sensum

1830 3946 2076 4014 sequenti
2105 3954 2410 3998 commento
2443 3946 2654 4000 trahere
2701 3958 3010 4013 conaretur,
3065 3947 3421 4014 subjiciebat:

1835 4012 2106 4087 Quomodo
2141 4014 2429 4087 ﬂaminum
2461 4015 2676 4069 Satanae
2706 4027 2754 4070 et
2797 4012 3051 4068 malorum
3078 4012 3189 4087 ejus
3219 4026 3427 4068 actuum

1833 4085 2078 4152 factorem
2116 4083 2284 4137 dicere
2327 4085 2545 4138 audeant
2586 4096 2631 4139 et
2673 4089 2988 4139 conditorem
3017 4083 3298 4154 plurimum
3327 4087 3426 4138 nti-

1830 4170 1941 4206 ror.
1986 4154 2280 4208 Fabulosas
2322 4155 2417 4209 has
2442 4155 2508 4209 de
2550 4155 2754 4209 duabus
2785 4171 2964 4211 rerum
2996 4156 3174 4209 causis
3203 4167 3426 4209 senten-

1835 4227 1956 4289 tias,
1988 4224 2140 4294 juxta
2164 4224 2388 4278 Manetis
2421 4240 2633 4290 pravam
2658 4226 2987 4294 opinionem,
3021 4241 3127 4280 non
3158 4226 3427 4294 copiosius

1833 4303 2038 4350 tantum
2071 4296 2267 4349 Bailius
2322 4298 2372 4348 in
2404 4296 2669 4350 llistorico
2699 4311 2797 4351 suo
2831 4295 3160 4350 Dictionario
3189 4296 3429 4363 explica-

1832 4368 1909 4422 vit
1947 4368 2061 4438 (d);
2103 4367 2206 4438 sed
2249 4365 2435 4431 etiam,
2466 4368 2743 4438 peculiari
2789 4368 3042 4436 abreptus
3096 4367 3310 4437 spiritu,
3362 4383 3429 4423 ex

1831 4437 2030 4505 Ovidii,
2076 4437 2380 4492 ZoroaSIris
2428 4437 2764 4506 aliorumque
2815 4440 3154 4493 ethnicorum
3190 4440 3430 4511 philoso-

1831 4513 2060 4582 phorum
2110 4521 2185 4582 et
2223 4521 2496 4582 poetarum
2528 4511 2869 4582 testimoniis
2897 4551 2910 4574 ,
2972 4511 3132 4564 nimis
3193 4526 3427 4580 operose

1834 4579 2103 4652 produxit.
2136 4580 2191 4635 ld
2222 4596 2348 4635 vero
2376 4580 2562 4635 fecerit
2589 4579 2654 4634 ad
2687 4582 3006 4636 eruditionis
3049 4599 3160 4636 sum
3209 4579 3424 4652 copiam

135 4655 618 4741 religipnissuidio
641 4653 1028 4741 furerepoepit,
1060 4662 1113 4706 et
1136 4651 1299 4741 velulli
1330 4653 1415 4741 leo
1432 4652 1722 4741 conclusus
1747 4677 1804 4741 Ι)
1825 4651 2155 4741 iactantiam,
2186 4667 2254 4741 an
2295 4666 2430 4741 vero
2467 4661 2523 4706 ut
2553 4667 2730 4721 prava:
2763 4653 3260 4741 ManetisnOpinioni
3282 4651 3427 4724 pon-

137 4721 395 4781 deniibus
425 4724 765 4794 infringebat,
801 4724 1063 4779 Manetetn
1106 4721 1208 4776 sibi
1239 4722 1358 4794 dari
1385 4721 1720 4794 desiderans.

136 4795 389 4851 Pacalior
419 4793 719 4851 tainen’fuit
767 4795 1002 4849 Marcelli
1053 4795 1280 4848 animus.
1329 4793 1430 4859 Qui
1471 4809 1570 4849 suo
1608 4794 1723 4863 epi-

132 4882 307 4938 SCupO
339 4867 626 4937 spepondit
654 4881 712 4920 se
753 4867 944 4920 litteris
971 4875 1300 4938 curaturum,
1345 4875 1399 4938 ut
1426 4863 1606 4938 Manes
1637 4875 1721 4919 ta-

132 4936 257 4995 men
291 4936 615 4994 Cascharam
638 4939 866 5002 veniret,
896 4936 1342 5006 quemadmodum
1369 4937 1412 4990 is
1435 4937 1722 5006 polliceba-

134 5020 241 5077 tur,
286 5013 336 5065 si
365 5011 502 5065 idem
536 5009 816 5065 Marcellus
863 5009 913 5062 id
945 5007 1228 5078 flagitaret.
1272 5008 1411 5074 Quot
1437 5024 1584 5072 vero,
1631 5015 1725 5064 aut

129 5085 333 5150 quales
375 5083 428 5135 in
465 5082 654 5149 Deum,
695 5081 976 5149 Deiparam
1019 5090 1073 5150 et
1112 5088 1325 5134 sanctos
1363 5080 1721 5150 blasphemiae

129 5149 366 5209 Manetis
401 5153 592 5208 littera:
620 5151 978 5214 continerent,
1006 5149 1160 5204 facile
1204 5166 1270 5205 ex
1308 5149 1494 5206 earum
1534 5167 1722 5207 exem-

130 5227 415 5293 plaribus,
469 5234 579 5277 tum
623 5224 690 5278 ab
722 5222 1041 5292 Epiphanio,
1085 5230 1193 5275 tum
1225 5223 1293 5276 ab
1325 5226 1590 5278 Archelao
1629 5223 1724 5278 de-

129 5298 380 5366 scriptis,
410 5296 636 5366 quisque
682 5308 905 5349 noscere
936 5293 1138 5363 poterit
1160 5293 1258 5366 (b).
1309 5293 1411 5366 Eas
1455 5305 1632 5350 autem
1673 5296 1726 5351 in

129 5364 384 5436 praesens
412 5364 565 5421 haud
588 5367 894 5421 exscribere
935 5364 1297 5436 necessarium
1326 5364 1594 5421 ducimus.
1636 5366 1727 5422 Ni-

124 5435 435 5493 hilominus
465 5448 663 5509 tamen,
697 5445 754 5490 ut
775 5437 974 5509 nostris
998 5435 1288 5509 lectoribus
1318 5450 1455 5491 onus
1481 5451 1573 5493 eas
1600 5455 1725 5509 per-

124 5511 395 5566 curreudi
425 5508 566 5580 apud
593 5509 835 5564 laudatos
864 5508 1156 5577 scriptores
1192 5506 1508 5576 allavemus,
1538 5506 1724 5580 paucis

163 5720 285 5800 .(a)
315 5715 604 5771 Archelaus
631 5714 933 5785 episcopus,
967 5714 1021 5770 in
1041 5713 1299 5782 disputat.
1322 5712 1580 5770 adversus
1603 5715 1715 5771 Ma-

120 5792 433 5846 nichaaum.

195 5859 284 5930 (b)
323 5858 608 5930 Epiphan.,
646 5857 837 5930 haeresi
867 5857 954 5924 66,
985 5871 1132 5914 num.
1165 5857 1221 5914 6.

200 5929 284 6003 (ς)
314 5929 498 5986 Matth.
533 5945 627 5999 vn,
659 5929 743 5984 l8.

1827 4723 1928 4781 dus
1969 4726 2291 4794 adiiceretur
2317 4723 2563 4792 judicare
2612 4738 2719 4778 non
2769 4726 2964 4778 ausim.
2994 4725 3212 4780 Certum
3243 4723 3427 4781 tamen

1827 4809 1910 4853 est
1934 4793 2150 4867 prorsus
2171 4795 2380 4848 inﬁrma
2395 4806 2554 4864 atque
2576 4793 2742 4849 futilia
2764 4811 3023 4865 apparere
3047 4813 3106 4851 ea
3127 4807 3422 4860 momenta,

1827 4885 1900 4926 ex
1941 4869 2070 4924 solis
2109 4867 2650 4938 naturaeirationibus
2680 4875 2945 4934 mutuata,
2983 4869 3199 4938 quibus,
3248 4869 3429 4922 divina

1827 4941 2158 4997 revelatione
2205 4937 2503 5004 subducta,
2562 4938 2812 4993 insistere
2861 4937 3157 4993 contendit.
3209 4938 3425 4992 Annon

1827 5013 2159 5082 antiquiores
2193 5009 2296 5082 PP.
2327 5020 2486 5078 atque
2517 5008 2774 5082 theologi,
2804 5009 3430 5082 naturalibusdnmtaxat

1827 5080 1994 5140 innixi
2055 5081 2352 5136 rationibus
2413 5092 2600 5135 contra
2659 5081 3037 5144 Marcionitas,
3108 5080 3430 5135 Manichmos

1834 5157 2075 5226 aliosque
2099 5153 2256 5222 hujus
2288 5153 2550 5207 doctrinae
2580 5153 2885 5226 haereticos,
2920 5151 3068 5206 omni
3109 5160 3266 5203 aetate
3301 5166 3428 5220 pro-

1834 5224 2031 5283 havere
2060 5241 2217 5279 unam
2247 5232 2452 5278 tantum
2482 5238 2662 5278 rerum
2689 5224 2928 5277 omnium
2982 5237 3199 5276 causam
3239 5237 3430 5290 perpe-

1836 5309 1928 5354 tuo
1971 5297 2178 5353 fuiSse?
2231 5294 2285 5349 ld
2329 5309 2427 5349 nos
2480 5295 2580 5363 ipsi
2625 5294 2794 5363 paulo,
2843 5303 2967 5361 post
3013 5291 3427 5363 explicabimus,

1834 5385 2019 5427 eorum
2054 5367 2247 5436 scripta
2302 5362 2676 5430 recensenteS,
2707 5362 2822 5436 qui,
2854 5362 3163 5436 Manicbzeis
3201 5363 3431 5436 obstite-

1833 5451 1978 5498 runt.
2009 5439 2115 5496 Sed
2142 5432 2251 5509 jam
2284 5437 2476 5509 relicto
2509 5436 2699 5509 Bailio,
2726 5432 2943 5509 'suimet
2970 5432 3258 5509 scribendi
3283 5435 3431 5509 scepi

1833 5503 2158 5582 interprete,
2179 5511 2312 5564 alios
2335 5507 2557 5563 Manetis
2600 5519 2815 5561 errores
2856 5507 2909 5560 in
2934 5505 3164 5576 epistola
3193 5503 3260 5559 ad
3291 5505 3432 5562 Mar-

1898 5717 1981 5789 (d)
2009 5717 2208 5772 Bailius
2235 5715 2369 5789 Dict.
2399 5713 2536 5789 Hist.
2583 5722 2720 5789 toni.
2749 5714 2813 5789 ll,
2839 5714 2932 5789 qui
2962 5713 3128 5789 vaide
3162 5713 3430 5789 periculo-

1835 5785 2236 5857 samcauteque
2268 5786 2568 5856 legendam,
2604 5797 2657 5841 et
2702 5787 2800 5843 SS.
2837 5788 2938 5841 PP.
2972 5785 3305 5852 injuriosam,
3358 5787 3429 5845 de

1836 5860 2253 5932 Manichzeorum
2273 5857 2616 5930 dogmatibus
2639 5867 2799 5929 atque
2824 5857 3097 5929 principiis
3117 5860 3424 5932 composuit

1839 5929 2276 6001 descriptionem.
2357 5929 2364 5930 “
3249 5929 3265 5944 η
