3988 6314
2090 226 2251 245 "-"v-cw
2289 234 2337 246 ...η

541 328 651 389 839

1148 323 1213 383 P.
1248 322 1565 383 CACCIARI
1604 320 2201 383 EXERCITATIONES
2236 322 2303 383 IN
2337 324 2394 384 S.
2436 325 2681 385 LEONIS
2716 324 2933 386 MAGNI
2968 325 3217 386 OPERA.

3727 325 3842 384 διο

544 460 617 501 ne
652 439 904 516 Archelai
930 439 1064 496 Acta
1103 452 1326 516 prorsus
1348 438 1589 516 conficta
1622 438 1939 516 affirmaret,
1982 437 2128 516 judi-
2153 445 2205 507 Α
2231 454 2544 516 supremum
2591 442 2692 499 sibi
2742 444 2884 500 illius
2925 444 3102 516 gentis
3146 440 3480 516 dominatum
3523 439 3677 516 dari
3703 456 3839 500 con-

545 529 675 572 care
722 510 978 568 maluisse
1039 510 1255 565 tandem
1308 510 1585 564 historiam
1649 510 1719 565 de
1769 526 1874 580 qua
1922 514 2131 581 agimus

547 584 862 652 interpretis
910 597 1031 637 esse
1064 584 1400 646 mantissam,
1429 596 1591 649 quam
1631 582 1795 637 veluti
1832 596 2132 651 pannosum

546 656 971 713 additamentum
1023 652 1087 706 iis
1121 652 1373 707 Archelai
1403 652 1553 707 Actis
1589 667 1810 709 assuere
1836 654 1984 708 nisus
2026 663 2130 719 est,

547 727 644 784 sed
666 728 729 782 iis
760 724 916 780 ﬁdem
947 733 1001 779 et
1025 723 1401 779 auctoritatem
1422 724 1681 793 derogare
1694 724 1834 778 haud
1855 738 2011 793 posse
2034 726 2131 794 (a).

623 797 717 853 His
744 795 994 851 omnibus
1033 809 1141 849 non
1172 795 1534 864 obstantibus,
1590 794 1917 864 Beausobre,
1967 795 2132 850 Tille-

551 869 745 926 montii
776 868 972 938 rejecta
997 865 1267 938 opinione,
1317 863 1391 919 ita
1431 866 1736 922 ratiocinari
1794 880 1953 936 posse
1984 865 2133 938 arbi-

549 950 741 1005 tratur,
772 936 843 993 et'
866 936 1085 993 lectoris
1111 936 1350 992 animum
1383 938 1732 1007 sequentibus
1754 937 2131 1007 prtecautioui-

551 1013 653 1066 lius
694 1009 879 1065 statuit
920 1022 1316 1079 praeoccupare.
1342 1010 1542 1079 Omnes
1594 1008 1789 1063 fabula:
1820 1009 1943 1078 (ait)
1974 1007 2134 1063 alicui

549 1078 929 1145 lundamento,
953 1094 1018 1133 ex
1060 1080 1202 1136 veris
1234 1078 1478 1149 historiis
1503 1078 1807 1149 desumpto,
1846 1081 2028 1134 solent
2050 1079 2134 1133 in-

549 1154 673 1208 niti.
696 1151 846 1219 Quod
879 1152 931 1204 in
963 1152 1375 1219 praesentiarum
1402 1148 1714 1220 diligentius
1733 1149 2001 1220 inspicere
2019 1151 2135 1220 ipse

548 1224 759 1288 volens,
789 1220 920 1275 illud
971 1221 1299 1290 probabilius
1352 1220 1557 1276 hauriri
1606 1236 1761 1290 posse
1813 1220 2040 1276 credidit
2066 1235 2133 1276 ex

548 1293 781 1363 quodam
834 1303 1083 1363 veterum,
1116 1292 1446 1363 testimonio,
1492 1308 1521 1345 a
1563 1292 1781 1347 domino
1836 1291 1987 1363 Hyde
2032 1290 2135 1363 de:

547 1361 752 1434 scripto
783 1365 836 1418 in
865 1361 1126 1434 operede
1146 1362 1424 1434 Religione
1448 1373 1555 1417 vet.
1584 1363 1866 1418 Persarum
1886 1361 1994 1433 (tt).
2024 1361 2132 1418 Sed

548 1432 675 1491 cum
701 1433 843 1489 istud
891 1432 1087 1488 deinde
1137 1432 1514 1503 consuluisset,
1552 1434 1771 1503 suisque
1822 1432 1937 1503 ipse
1964 1434 2134 1488 oculis

548 1506 859 1569 lustrasset,
914 1513 1182 1573 tamquam
1235 1502 1506 1559 inﬁrmum
1534 1502 1715 1559 labare
1748 1502 2040 1570 intellexit;
2072 1503 2137 1558 il-

548 1577 745 1647 ludque
797 1575 1075 1647 dumtaxat
1122 1574 1391 1647 subjicere
1438 1589 1544 1629 non
1585 1577 1919 1647 detrectavit,
1960 1589 2029 1630 ne
2078 1575 2135 1630 in

548 1644 752 1704 fraudis
774 1644 1134 1716 suspicionem
1158 1648 1296 1715 apud
1316 1646 1543 1701 lectores
1564 1646 1882 1716 quandoque
1902 1647 2131 1701 veniret.

550 1720 642 1775 Sic
682 1718 861 1787 itaque
902 1717 1269 1787 ratiocinator.
1313 1716 1606 1771 Credamus
1653 1718 1813 1786 igitur
1865 1716 2132 1771 laudatam

548 1786 785 1845 fabulam
832 1786 992 1842 alicui
1021 1787 1372 1843 fundamento
1417 1802 1483 1844 ex
1516 1802 1643 1843 vera
1671 1787 1893 1844 historia
1941 1788 2135 1843 hausto

547 1875 668 1917 esse
689 1860 949 1913 innixam.

620 1931 730 2001 56
746 1931 799 1986 9.
821 1930 1109 2001 Propterea
1128 1927 1301 1998 primo
1312 1927 1416 2001 erit
1437 1929 1846 2000 supponendum
1866 1927 1983 2001 (ait)
1997 1927 2135 1985 Mar-

548 1999 743 2057 celiuin
780 2001 951 2068 illum,
982 2000 1134 2070 cujus
1174 2001 1227 2053 in
1255 1999 1404 2055 Actis
1447 1999 1648 2056 mentio
1677 2001 1814 2057 facta
1851 1999 1970 2067 est,
2011 2015 2136 2057 vere

551 2072 717 2130 fuisse
775 2070 1048 2126 hominem
1098 2070 1301 2125 clarum
1343 2080 1397 2124 et
1442 2072 1725 2137 illustrem,
1772 2086 1839 2128 ex
1892 2072 2134 2127 Romana

552 2157 713 2215 gente
771 2143 1159 2215 progenitum,_
1192 2138 1442 2215 maximis
1507 2143 1745 2215 ditatum
1782 2141 2002 2212 opibus,
2044 2142 2135 2212 qui

552 2211 746 2284 inagna
777 2211 1103 2284 auctoritate
1129 2213 1201 2284 in
1240 2211 1618 2281 Mesopotamia
1644 2211 1880 2283 pollebat
1908 2215 1979 2269 ob
2021 2227 2137 2268 om-

551 2282 702 2342 nium
732 2299 910 2340 rerum
930 2282 1480 2355 administrationem,
1503 2299 1607 2354 qua
1627 2282 1889 2355 imperiali
1920 2285 2137 2340 nomine

550 2355 891 2428 fungebatur.
921 2353 1173 2428 Secundo
1212 2366 1310 2408 nos
1343 2353 1557 2425 quoque
1584 2353 1889 2428 supponere
1921 2364 2137 2425 oportet

556 2425 739 2499 populi
780 2426 987 2499 turbam
1030 2425 1095 2499 (in
1139 2438 1337 2499 eampo
1374 2433 1625 2499 orantem,
1660 2436 1715 2481 et
1744 2426 2075 2496 jejunantem
2104 2440 2136 2481 a

554 2495 815 2555 iniiitibus
858 2497 1270 2566 deprehensam,
1325 2495 1631 2564 hujusmodi
1676 2495 1950 2566 religionis
1980 2511 2138 2552 exer-

550 2572 695 2627 citiis
724 2582 942 2624 vacasse
979 2577 1195 2623 servato
1225 2567 1509 2622 Persarum
1536 2569 1680 2622 cultu
1709 2580 1762 2623 et
1788 2568 2001 2633 ritibus,
2032 2571 2137 2621 mi-

554 2646 701 2697 nime
743 2654 869 2695 vero
916 2638 1102 2693 habita
1147 2640 1355 2693 ratione
1384 2639 1451 2693 ad
1490 2638 1849 2693 Christianam
1880 2638 2137 2707 pietatem

552 2722 611 2769 et
635 2711 944 2780 evangelica
975 2709 1239 2775 instituta,
1261 2708 1412 2779 juxta
1442 2709 1864 2765 ecclesiasticam
1893 2709 2139 2763 traditio-

554 2798 679 2840 nem
711 2779 995 2847 servanda,
1037 2784 1228 2850 quibus
1256 2780 1340 2833 vel
1362 2780 1868 2850 quadragesimalia,
1896 2780 1977 2835 vel
1998 2779 2139 2846 Qua-

557 2864 678 2910 tuor
707 2854 1030 2921 Temporum
1053 2850 1254 2921 jejunia
1300 2852 1561 2907 celebrari
1589 2854 1783 2906 solent.
1832 2851 2022 2905 Persas
2044 2865 2140 2904 au-

554 2936 665 2983 tem
690 2924 903 2982 statutis
921 2923 1047 2977 anni
1076 2922 1266 2978 diebus
1291 2921 1342 2976 in
1358 2924 1563 2990 campis
1592 2921 1881 2977 convenire
1906 2935 2137 2976 consue-

552 3001 715 3063 visse,
748 2994 1176 3051 benedictionem
1202 2994 1270 3047 ab
1293 2994 1542 3047 invisibili
1578 2993 1690 3048 Deo
1710 2992 2012 3062 flagitantes
2041 3007 2138 3062 pro

554 3078 714 3126 terrae
740 3068 1117 3134 fructuumque
1143 3063 1407 3129 ubertate,
1437 3074 1717 3134 asseverat
1752 3074 1937 3118 auctor
1958 3063 2026 3117 de
2052 3078 2138 3118 re-

550 3137 748 3209 ligione
793 3133 1371 3209 veterum’gPersarum
1415 3137 1574 3191 verba
1608 3133 1831 3200 faciens,
1890 3142 1946 3189 ut
1976 3134 2135 3204 paulo

553 3207 680 3283 post
697 3212 799 3283 ipsi
828 3207 1253 3283 observabimus.

626 3275 799 3337 Priori
851 3280 1027 3348 itaque
1077 3277 1445 3346 suppositione
1502 3286 1775 3346 Spectata,
1820 3275 2139 3348 ,Beausobre

550 3361 867 3423 sequentem
886 3347 1339 3423 propositionem,
1356 3417 1367 3423 _
1387 3357 1655 3423 tamquam
1685 3347 1907 3403 omnino
1935 3356 2137 3423 certam

551 3417 768 3489 subjicit
817 3437 831 3475 :
882 3420 1193 3477 Marcellum
1239 3417 1553 3489 nimirum,
1598 3421 1668 3471 ita
1728 3418 2138 3487 amqpuensium

552 3488 834 3550 oscitantia
877 3490 1237 3560 appellatum,
1262 3488 1723 3560 veramhabnisse
1748 3489 1987 3542 omnium
2028 3489 2139 3542 Meo

553 3563 871 3634 sopotamiae
890 3558 1177 3630 provincia:
1203 3573 1385 3613 rerum
1404 3558 2137 3634 adutinistrationemgiisque

553 3629 765 3705 populis
805 3629 1075 3705 tamquam
1117 3644 1321 3705 verum
1352 3629 1765 3705 gubernatorem
1826 3630 2135 3705 pratfuisse,

554 3699 844 3761 hdreliano
910 3699 1228 3769 imperante,
1277 3700 1421 3753 circa
1470 3699 1669 3753 Christi
1743 3714 1943 3754 annum
1994 3700 2133 3769 273,

554 3776 771 3846 quando
796 3770 1044 3846 videlicet
1061 3770 1269 3846 demota
1292 3769 1547 3836 Zenobia,
1574 3769 1921 3846 Palmyrenos
1944 3773 2141 3846 Roma-

554 3838 627 3902 no
672 3848 881 3913 subegit
925 3841 1173 3913 imperio.
1224 3840 1417 3896 Narrat
1462 3846 1604 3896 enim
1633 3838 1877 3913 Zosunus
1923 3842 2134 3896 cuidam

556 3912 868 3973 Marcellino
912 3912 1118 3967 illarum
1171 3914 1565 3983 provinciatum
1611 3912 2136 3968 administrationem

552 3988 735 4044 datam
760 3985 941 4056 fuisse
964 3984 1060 4056 (ε).
1090 3984 1275 4056 Quare
1317 3984 1468 4056 facile
1504 3984 1674 4054 potuit
1703 3983 1818 4038 ﬁeri
1841 3985 1980 4053 quod
2004 4000 2140 4039 non-

555 4060 689 4115 nulli
734 4072 831 4128 pro
890 4053 1193 4110 Marcellino
1224 4053 1532 4128 Marcellum
1579 4056 1822 4128 legerint.
1851 4056 1959 4110 Sed
1988 4057 2045 4128 in
2068 4056 2141 4109 si-

554 4125 1010 4193 miles'errores,
1061 4133 1272 4181 veteres
1330 4126 1527 4193 passim
1576 4125 1755 4194 lapsos
1801 4128 1987 4191 fuisse,
2027 4125 2138 4195 jam

553 4202 802 4257 omnibus
845 4202 1177 4268 exploratum
1232 4203 1335 4251 est.
1368 4196 1520 4250 Hunc
1572 4211 1701 4265 ergo
1753 4196 2136 4260 Marcellinum,

556 4277 810 4329 Romana:
832 4272 1006 4339 gentis
1026 4269 1241 4333 ducem,
1273 4282 1498 4339 summa;
1535 4268 1892 4339 maximaeque
1920 4268 2141 4339 integri-

556 4354 682 4399 tatis
732 4338 899 4397 virum
934 4339 1122 4405 fuisse,
1157 4339 1265 4408 jam
1299 4355 1331 4407 p
1354 4353 1456 4392 ane
1486 4338 1714 4391 innotuit
1739 4352 1804 4391 ex
1831 4338 1898 4391 iis
1926 4338 2141 4407 experi-

558 4417 755 4470 mentis
792 4422 953 4481 atque
982 4410 1235 4480 periculis
1262 4408 1455 4478 quibus
1484 4408 1753 4462 multoties
1783 4408 2139 4481 quorumdam

560 4494 832 4540 Lomtnutn
860 4480 990 4536 lides
1013 4481 1283 4551 animique
1308 4481 1609 4533 constantia
1649 4489 1846 4533 tentata
1891 4482 1975 4533 vix
2003 4480 2141 4534 resi-

556 4568 698 4608 stere
724 4554 914 4624 potuit.
942 4551 1265 4624 Quinimmo
1296 4552 1537 4619 plerique
1565 4552 1892 4624 mortalium,
1914 4553 2137 4624 gloriam

556 4638 609 4679 et
634 4620 890 4677 honorem
912 4621 1012 4675 sibi
1030 4622 1264 4675 nancisci
1290 4628 1559 4688 putarunt,
1575 4620 1789 4689 quando
1806 4632 1901 4687 Spe
1923 4620 2140 4690 majoris

558 4696 799 4757 honoris,
830 4691 1161 4747 auctoritatis
1196 4700 1251 4745 et
1274 4689 1484 4759 imperii
1509 4690 1783 4744 obtinendi
1809 4689 2141 4756 allecti,suis

557 4764 858 4818 commodis
891 4763 1247 4830 indulgentes,
1274 4760 1495 4829 justititc
1524 4770 1580 4816 et
1608 4762 1874 4831 aequitatis
1894 4762 2015 4832 jura
2044 4763 2140 4819 de-

555 4837 766 4904 spicere
795 4844 849 4889 et
878 4831 1171 4903 infringere
1199 4848 1302 4888 noa
1332 4834 1737 4904 erubescentes,
1768 4850 1878 4886 rem
1905 4836 2135 4890 alienam

557 4903 608 4964 in
641 4922 792 4963 suam
817 4914 1025 4959 vertere
1059 4914 1364 4972 potuerunt.
1395 4903 1697 4974 Palmyreni
1730 4918 1960 4974 namque
1978 4904 2137 4959 nimis

555 4996 698 5049 regre
734 4981 966 5034 ferentes
1003 4990 1218 5049 suarum
1251 4977 1463 5030 urbium
1509 4972 1999 5049 depopulationem,
2026 4984 2136 5031 tutn

555 5046 804 5107 Zénobitc
853 5051 1051 5119 reginae
1083 5046 1316 5102 dedecus
1340 5046 1806 5119 etcaptivitatem,
1837 5059 1896 5101 se
1936 5046 2006 5102 ab
2028 5052 2138 5101 Au-

554 5125 744 5179 reliani
789 5117 1456 5190 imperatoristyrannide
1485 5118 1784 5190 subducere
1821 5118 2135 5190 tentabant;

554 5204 611 5249 et
637 5189 915 5263 propterea
948 5189 1258 5263 Marcellino
1293 5190 1500 5263 oblatio
1540 5189 1675 5244 facta
1726 5199 1784 5243 ut
1809 5189 1877 5243 ab
1914 5195 2140 5263 impera-

560 5259 690 5322 toris
729 5259 1030 5320 obedientia
1060 5268 1116 5316 et
1143 5260 1250 5315 fide
1274 5259 1617 5323 descisceret,
1652 5272 1813 5330 atque
1841 5275 1963 5315 cum
1987 5260 2139 5326 ipsis,

555 5339 832 5393 societatis
858 5336 1055 5390 (cedere
1072 5333 1225 5397 inito,
1250 5330 1558 5386 universum
1583 5340 1695 5386 tum
1717 5330 2139 5401 Mesopotamiae,

556 5418 667 5464 tum
692 5408 925 5463 Orientis
954 5420 1178 5474 regnum
1204 5403 1303 5457 sibi
1338 5403 1653 5474 vindicttret.
1682 5403 1884 5457 lloruut
1901 5401 2140 5474 consiliis

554 5491 717 5551 atque
764 5477 1030 5534 blanditiis
1080 5473 1377 5530 Marcellini
1407 5476 1617 5529 animus
1665 5488 1785 5529 eum
1833 5473 2139 5540 restitisset,

629 5624 707 5693 (a)
734 5618 1056 5693 Beausobre,
1087 5619 1400 5693 ibid.,pag.
1428 5620 1528 5693 88Ἀ
1553 5618 1605 5673 in
1630 5617 1722 5673 ﬁn.

627 5687 967 5767 (bjinomas
1012 5691 1188 5762 Hyde,
1232 5687 1305 5747 de
1353 5687 1640 5760 Religione
1700 5697 1808 5746 vet.
1851 5687 2137 5744 Persarum

555 5766 996 5907 cm(abiesimus,
1026 5831 1276 5889 Historia:
1307 5832 1399 5886 lib.
1424 5849 1460 5897 ι,
1510 5846 1632 5903 pag.
1674 5831 1745 5888 55
1790 5831 1993 5887 cur-cm
2015 5830 2134 5887 edi-

2213 1948 2360 2007 ,cum
2382 1929 2596 2007 illorum
2621 1934 2954 2007 captivorum
2981 1929 3282 2007 innocentia
3311 1929 3674 2007 postmodum
3691 1945 3813 2007 coam

2235 514 2566 569 stantissime
2612 516 2902 582 recusavit,
2931 512 3247 585 diligentius
3293 515 3471 585 potius
3523 512 3836 584 inquirens,

2236 592 2315 647 ut,
2347 586 2571 641 semotis
2598 586 2847 641 omnibus
2873 584 3185 642 defectionis
3214 584 3430 651 studiis,
3448 585 3708 639 Romano
3740 586 3836 641 im-

2235 656 2405 739 perio,
2428 670 2459 710 a
2492 672 2599 739 quo
2634 656 3149 739 fuer_ant_debellati,
3172 656 3462 739 servirent.
3488 655 3627 738 {lem
3653 664 3833 739 tamen

2233 728 2301 782 ad
2344 726 2696 783 Aurelianum
2728 728 2953 794 detulit,
2984 742 3053 783 ne
3077 767 3092 790 ,
3134 726 3347 797 indies
3384 726 3555 797 magis
3585 728 3832 796 populari

2233 797 2499 854 seditione
2526 809 2806 855 crescente
2830 845 2845 867 ,
2883 797 3157 854 servitutis
3191 796 3378 866 jugum
3418 796 3528 867 quo
3568 798 3831 853 teneban-

2235 876 2322 941 tur
2352 869 2723 941 infringerent.
2760 870 2893 928 Esse
2934 870 3094 941 igitur
3116 871 3305 941 potuit
3331 867 3641 941 (concludit
3670 868 3829 941 Beati-

2234 939 2418 1022 sobre)
2447 948 2506 995 ut
2541 942 2882 1022 Marcellinus
2917 939 2974 996 iri
2999 939 3682 1010 Christianosborumque
3717 940 3828 995 reli-

2233 1012 2446 1082 gionem
2470 1012 2847 1082 propenderet.

2240 1110 2241 1113 η
2306 1081 2387 1137 Ad
2408 1082 2638 1166 alteram.
2653 1082 2849 1166 deinde
2874 1081 3299 1166 suppositionem
3327 1094 3490 1166 quam
3517 1079 3827 1162 Beausobrs

2235 1154 2571 1224 praemiserat
2620 1155 2845 1225 jamjam
2890 1152 3113 1225 gradum
3170 1152 3332 1225 facit,
3380 1165 3618 1225 eamque
3645 1153 3827 1225 _nimis

2236 1222 2425 1280 nutare
2466 1222 2759 1281 asseverat.
2808 1222 2939 1281 Nam
2985 1223 3115 1295 quis,
3146 1224 3246 1279 sibi
3295 1222 3467 1293 potuit
3514 1222 3827 1295 contingere

2244 1295 2515 1350 Romanos
2551 1296 2769 1362 milites,
2801 1296 2901 1352 sub
2928 1293 3214 1364 disciplina
3249 1309 3437 1349 eorum
3479 1293 3569 1363 qui
3627 1293 3825 1364 exerci-

2237 1367 2386 1422 tibus
2425 1365 2603 1421 solent
2646 1382 2907 1434 praeesse,
2944 1367 3015 1421 ita
3052 1363 3219 1421 fuisse
3264 1365 3528 1419 immanes
3565 1372 3641 1418 ut
3679 1363 3823 1419 exitio

2236 1436 2367 1493 dare
2394 1438 2665 1493 voluerint
2694 1438 2954 1493 inermem
2982 1436 3264 1492 infantium
3288 1444 3343 1491 et
3371 1435 3675 1488 mulierum
3705 1437 3821 1489 mul-

2238 1507 2545 1579 titudinem,
2571 1524 2690 1579 qua:
2711 1508 3018 1579 reipublicae
3037 1504 3476 1579 obtemperabat?
3498 1503 3690 1573 Eque
3717 1519 3819 1579 pm-

2240 1578 2514 1650 babilitate
2557 1574 2706 1634 caret
2742 1574 2885 1650 quod
2913 1579 3153 1650 captivas
3177 1574 3436 1650 duxerint
3457 1591 3732 1650 personas
3768 1574 3819 1629 li-

2238 1649 2396 1721 beras
2441 1660 2603 1721 atque
2650 1646 2998 1721 innocentes._
3024 1648 3157 1716 Quae
3199 1649 3246 1704 si
3290 1646 3636 1721 edeet-sica
3682 1657 3817 1716 gente

2239 1720 2485 1787 fuissent,
2516 1717 2717 1777 milites
2740 1719 3003 1791 suspicari
3030 1720 3331 1790 potuissent
3368 1718 3475 1772 illic
3519 1717 3595 1791 in;
3623 1732 3812 1791 campo,

2238 1800 2510 1861 tamquam
2559 1793 2741 1847 hostes
2766 1834 2781 1859 ,
2823 1788 3214 1861 congregatas,
3264 1798 3322 1861 ut
3364 1795 3538 1843 terras
3570 1788 3696 1857 jam
3735 1790 3812 1844 sub

2238 1859 2482 1919 Rom—ano
2505 1862 2733 1933 imperio
2760 1859 3054 1919 existentes
3075 1861 3253 1931 gladio
3278 1859 3628 1933 invaderent.
3659 1861 3811 1928 Quare

2238 2004 2459 2075 probata
2502 2002 2723 2071 fuisset,
2763 2004 2908 2060 illius
2948 2003 3238 2075 provincia:
3274 2015 3562 2075 supremus
3604 2002 3813 2075 admini-

2237 2072 2434 2131 strator
2467 2075 2659 2145 jubere
2702 2072 3035 2131 debebat‘ut
3072 2074 3282 2145 absque
3329 2072 3435 2127 ulla
3480 2073 3809 2142 pecuniarum

2239 2144 2505 2203 solutione
2524 2146 2764 2216 pristina:
2785 2145 3021 2216 libertati
3049 2144 3397 2216 donarentur.

2312 2217 2394 2273 Ad
2424 2214 2635 2272 tertiam
2666 2215 2808 2285 quod
2832 2218 3028 2273 attinet
3047 2214 3497 2285 suppositionem,
3525 2230 3659 2270 num
3685 2214 3808 2269 vide

2241 2287 2369 2343 licet
2402 2288 2470 2343 de
2501 2288 2783 2343 Persarum
2810 2288 2913 2359 57
2943 2286 3421 2359 supplicatioﬂib'ﬁ
3452 2288 3801 2359 “penu”

2239 2360 2385 2414 cultu
2424 2360 2708 2413 celebratis
2747 2353 3029 2428 εδει-ἰωή
3051 2353 3131 2411 ’0.
3165 2356 3315 2428 Hyde
3342 2356 3395 2410 id
3424 2353 3656 2412 voluisse
3682 2353 3793 2428 indi-

2238 2444 2365 2485 care
2408 2430 2489 2497 (ά)
2521 2430 2694 2500 primo
2726 2427 3031 2485 Beausobre
3068 2427 3359 2500 arbitratus
3387 2436 3497 2482 est.
3521 2429 3653 2500 Cum

2240 2500 2369 2556 licet
2395 2496 2652 2571 quasdam
2681 2515 2958 2571 magorum
2986 2498 3333 2571 caeremonias
3359 2538 3393 2571 ,γ
3420 2496 3804 2571 similitudinem

2240 2572 2523 2640 aliqualem
2560 2568 2819 2627 habentes
2848 2585 2973 2625 eum
2999 2572 3219 2633 nostris,
3251 2569 3503 2640 baptismi
3534 2578 3589 2623 et
3616 2568 3809 2640 Eucbaj

2239 2637 2407 2697 rist'ize
2450 2641 2638 2697 ritibus
2682 2642 3056 2710 descripserit,
3096 2641 3288 2696 ductus
3332 2639 3633 2695 testimonio
3676 2637 3814 2710 quod

2241 2727 2521 2782 perperam
2560 2713 2620 2766 Ι).
2655 2708 3042 2784 Chrysostomo
3072 2712 3322 2784 tribuitur
3344 2710 3632 2784 (e}._Hocee
3662 2708 3815 2784 testi-

2240 2780 2479 2838 inonium
2513 2785 2563 2837 in
2598 2786 2737 2838 notis
2770 2780 3036 2851 subjecit,
3074 2783 3327 2836 nimirum
3356 2780 3482 2834 {fit
3516 2780 3620 2833 suis
3650 2780 3817 2851 etiam

2240 2856 2399 2908 sacris
2421 2854 2669 2908 habebant
2698 2850 2961 2907 Mithridci
2985 2854 3207 2917 lavanti,
3231 2852 3379 2922 quasi
3402 2850 3814 2922 regenerationis,

2240 2924 2295 2978 in
2324 2925 2507 2994 quibus
2540 2925 2689 2997 tingit
2718 2936 2764 2978 et
2790 2927 2898 2997 ipse
2927 2923 3138 2995 (scilicet
3162 2920 3421 2997 sacerdos)
3449 2920 3698 2997 quosdam
3719 2920 3817 2973 atti-

2239 2993 2343 3066 que
2376 2993 2655 3062 credentes,
2684 3004 2733 3051 et
2762 2993 2943 3063 ﬁdeles
2968 3011 3109 3061 suos,
3139 3006 3185 3048 et
3214 2995 3500 3065 erpiaton‘a
3528 2993 3816 3046 delictoraa

2242 3068 2306 3118 de
2327 3067 2530 3120 lavacro
2561 3068 2885 3121 renromittit.
2907 3076 2957 3120 et
2987 3069 3060 3119 sic
3083 3064 3253 3119 adhuc
3284 3065 3459 3118 initiat
3494 3063 3721 3117 Mitline.
3749 3059 3817 3115 Ds

2243 3084 2306 3118 ae
2327 3084 2530 3120 tavacro
2561 3084 2885 3138 repromum,
2907 3084 2957 3120 et
2987 3084 3060 3119 sic
3083 3084 3253 3119 aauuc
3284 3084 3459 3118 mum
3494 3084 3721 3117 uitans.
3749 3084 3817 3115 us

2243 3137 2339 3190 hoc
2360 3139 2412 3217 in
2439 3138 2648 3217 Justino
2667 3146 2891 3208 martyre
2909 3146 2958 3191 et
2985 3135 3343 3217 Chrysoatopto
3373 3134 3589 3217 legitur.
3615 3131 3685 3187 Hi
3714 3148 3817 3217 ergo

2167 3212 2214 3277 C
2245 3222 2333 3279 per
2361 3209 2589 3279 singulos
2615 3207 2942 3279 αηηοσίροει
2965 3223 3177 3279 messem
3204 3207 3577 3279 trituratoriam
3599 3208 3817 3258 estinde-

2245 3278 2364 3331 bant
2388 3278 2453 3333 in
2472 3288 2693 3333 montem
2730 3278 2988 3349 aliquem,
3016 3278 3111 3349 qui
3145 3286 3375 3349 vocatur,
3407 3278 3593 3349 fingant
3622 3290 3812 3349 eorum.

2244 3365 2389 3419 mons
2422 3348 2714 3404 Victorialis
2733 3391 2747 3411 ,
2788 3345 2977 3403 habens
3005 3348 3057 3401 in
3077 3364 3131 3401 se
3157 3347 3437 3419 quamdam
3475 3345 3817 3419 speluncam!

2242 3420 2297 3473 t‘n
2323 3436 2470 3486 saxo,
2502 3421 2728 3489 fontibus
2755 3430 2803 3474 et
2840 3418 3011 3473 electis
3042 3418 3304 3491 arborist
3341 3417 3747 3491 amnissimis;
3772 3417 3818 3466 is

2242 3507 2387 3560 quem
2414 3487 2738 3545 ascendentes
2760 3500 2809 3544 et
2840 3488 3064 3544 (astantes
3082 3530 3097 3555 ,
3126 3487 3520 3560 se_olIerebant,
3550 3498 3598 3543 et
3623 3487 3818 3560 «abut

2241 3556 2294 3614 in
2319 3562 2517 3615 silentio
2547 3561 2715 3615 Deum
2738 3562 2898 3615 tribus
2924 3562 3123 3615 diebus.
3154 3558 3468 3614 Edilicium
3507 3560 3667 3613 hocce
3691 3556 3817 3610 haud

2242 3633 2385 3687 male
2429 3646 2551 3693 esse
2596 3641 2958 3687 constructum
3000 3631 3140 3685 idem
3181 3630 3493 3684 Beausobre
3540 3636 3809 3683 asseverat.

2242 3702 2349 3757 Sed
2391 3701 2818 3769 fundamentum,
2851 3703 2936 3756 cui
2975 3703 3177 3769 nititur,
3213 3715 3434 3768 prorsus
3463 3701 3638 3754 labare
3662 3705 3815 3769 atque

2242 3789 2401 3828 ruere
2427 3774 2719 3828 contendit.
2742 3768 2875 3827 Cum
2910 3787 3009 3827 nec
3034 3768 3237 3841 martyr
3264 3769 3508 3826 Justinus
3535 3785 3632 3826 nec
3657 3768 3821 3837 Chry-

2241 3854 2510 3899 sostomus
2551 3845 2602 3898 id
2646 3843 3053 3901 allirmaverint.
3084 3842 3395 3907 Quinimmo
3435 3842 3553 3911 (ait)
3589 3844 3827 3911 testimoe

2243 3916 2389 3969 nium
2431 3930 2556 3968 mox
2602 3915 2869 3969 laudatum
2896 3957 2911 3981 ,
2956 3928 3023 3969 ex
3061 3922 3283 3969 auctore
3312 3908 3495 3981 Operis
3522 3908 3829 3979 imperfecti

2245 3985 2299 4039 in
2345 3985 2647 4040 Matthzeum
2690 3985 3029 4052 desumptum
3071 3994 3173 4046 est,
3215 3983 3359 4054 quod
3404 3996 3525 4054 opus
3562 3994 3669 4033 non
3703 3981 3830 4054 nisi

2246 4055 2503 4110 fabulosis
2545 4051 2958 4111 narratiunculis
3002 4065 3086 4110 est
3124 4051 3404 4109 refertum.
3438 4051 3489 4107 lu
3526 4064 3589 4106 eo
3622 4051 3835 4120 quippe

2245 4126 2313 4180 de
2354 4141 2634 4195 magorum
2679 4126 3165 4197 supplicationibus
3178 4126 3421 4197 minime
3469 4136 3653 4197 se_r_m_9
3702 4132 3832 4197 est.

2245 4198 2384 4252 bene
2442 4192 2567 4251 vero
2634 4197 2703 4253 de
2745 4192 2997 4267 'quadam
3054 4195 3336 4251 traditione
3408 4209 3435 4247 a
3505 4192 3835 4267 Christianis

2245 4267 2533 4323 Orientalis
2567 4263 2960 4322 communionis
2999 4267 3294 4337 generatim
3330 4263 3630 4337 approbata
3663 4263 3836 4337 disse-

2245 4340 2400 4406 ritur,
2436 4342 2504 4393 de
2536 4354 2638 4407 qua
2675 4334 3090 4393 luculentius'se
3124 4336 3284 4392 verba
3320 4334 3582 4390 facturum
3616 4334 3839 4407 promit-

2246 4410 2327 4473 tit,
2363 4425 2483 4464 cum
2512 4406 2579 4463 de
2610 4408 3021 4464 Manichaeorum
3052 4407 3372 4479 apocryphis
3401 4406 3837 4479 scripturisudiso

2244 4481 2468 4550 putabit.
2514 4481 2693 4546 Quare
2743 4480 2944 4535 sensim
2990 4480 3185 4550 stylutn
3219 4476 3396 4533 etiam
3446 4478 3519 4550 iu_
3557 4477 3625 4530 υ.
3674 4476 3838 4550 ίιιγάα

2245 4548 2532 4617 convertit,
2566 4552 2797 4607 lectores
2826 4548 3125 4605 admonens
3170 4564 3237 4604 ne
3270 4550 3389 4603 sine
3430 4548 3683 4619 diligenti
3717 4562 3840 4601 exa-

2245 4624 2388 4677 mine
2421 4632 2658 4678 veterum
2691 4621 3011 4677 testimoniis
3032 4661 3047 4684 ,
3079 4621 3239 4675 etiam
3281 4635 3310 4673 a
3350 4619 3478 4673 viris
3516 4620 3707 4673 doctis
3741 4619 3841 4674 hil-

2247 4692 2421 4757 datis,
2449 4708 2508 4748 se
2544 4693 2912 4758 substrihant;
2950 4694 3063 4762 qui,
3094 4692 3335 4762 quamvis
3363 4689 3418 4744 in
3445 4704 3646 4762 eorum
3680 4690 3843 4759 operi

2242 4763 2344 4819 bus
2386 4779 2485 4819 nec
2536 4764 2749 4819 mentiri
2796 4780 2896 4819 nec
2923 4760 3083 4816 verba
3116 4760 3363 4816 ‘veudcre
3400 4760 3501 4815 sibi
3539 4776 3843 4830 proposue-

2243 4835 2373 4903 rint,
2406 4845 2582 4891 tamen
2612 4834 2663 4890 in
2689 4835 2953 4891 similibus
2985 4833 3118 4889 locis
3154 4832 3433 4887 laudandis
3460 4841 3632 4902 atque
3675 4846 3842 4887 anno-

2242 4905 2417 4960 taudis
2453 4905 2831 4961 allucinatione
2871 4905 3200 4959 laborarunt.

2317 4976 2404 5032 l0.
2435 4974 2600 5031 Paulo
2627 4977 2795 5032 fusius
2816 4988 2993 5031 autem
3013 4975 3123 5029 hrec
3140 4973 3443 5029 describere
3463 4987 3553 5029 me
3573 4977 3841 5043 oportuit,

2240 5046 2576 5117 iudicaturus
2604 5048 2798 5104 deinde
2820 5064 2889 5102 an
2921 5046 3104 5115 nugari
3133 5046 3360 5100 voluerit
3394 5047 3742 5114 Beausohre,
3771 5048 3849 5102 vel

2244 5134 2311 5173 an
2338 5160 2351 5183 ,
2400 5127 2609 5173 semoto
2652 5120 2797 5174 omni
2849 5120 3078 5189 partium
3125 5117 3340 5180 studio,
3384 5117 3690 5189 quemadm
3731 5119 3850 5173 dum

2242 5189 2521 5259 gloriatur,
2554 5191 2830 5244 veritatem
2850 5186 3017 5244 fuerit
3046 5198 3383 5259 prosecutus.
3420 5188 3480 5240 Et
3513 5186 3707 5257 primo
3735 5190 3851 5259 qui-

2244 5258 2402 5327 dem,
2442 5261 2584 5329 quod
2626 5260 2816 5316 attinet
2864 5260 2930 5314 ad
2972 5259 3271 5326 Justinum,
3318 5258 3466 5312 fateri
3507 5275 3723 5327 cogor,
3762 5258 3854 5315 rel

2248 5330 2551 5385 Beausobre
2589 5332 2884 5387 oscitanter
2930 5330 3087 5399 hujus
3137 5333 3312 5399 Opera
3351 5329 3741 5399 percurrisse,
3776 5334 3855 5385 vel

2245 5402 2436 5457 saltem
2465 5402 2625 5471 lippis
2654 5416 2716 5456 ea
2748 5405 3006 5458 lustrasse
3031 5401 3223 5456 oculis.
3252 5401 3483 5457 Sanctus
3523 5405 3684 5455 enim
3715 5419 3858 5456 mar-

2244 5481 2331 5544 tyr
2358 5473 2535 5528 tribus
2570 5473 2625 5529 in
2666 5474 2800 5529 locis
2829 5472 3162 5544 potissimum
3198 5473 3264 5528 de
3302 5472 3587 5527 Persarum
3636 5476 3860 5541 ritibus,

2250 5616 2500 5767 mutili.-
2532 5687 2682 5761 Hyde
2715 5686 2784 5744 de
2816 5686 3091 5759 sessione
3130 5694 3235 5742 νει·
3279 5684 3597 5751 Ρ⁸τ⁸³τ¹¹ω¹
3636 5698 3777 5767 ’³³⁸³⁸
3808 5685 3866 5754 ⁴¹

2246 5760 2523 5833 pa.ll3.
2584 5760 2591 5761 “

2316 5778 2387 5906 ἵε)
2422 5830 2745 5900 Beansobre,
2775 5829 2926 5896 ibid.,
2954 5845 3073 5902 pag.
3101 5828 3190 5892 90.
3218 5828 3306 5883 9|.
