3988 6314
347 341 456 399 849

1118 341 1205 396 DE
1246 338 1769 396 MANICIIA‘ZURUM
1816 338 2097 394 HEllESl
2139 337 2226 391 ET
2269 336 2579 393 HISTORIA
2624 340 2748 394 LIB.
2793 343 2825 396 l.

3514 342 3623 396 8ft?

3224 328 3299 411 ᾗ.

344 457 581 528 digeant.
632 458 803 528 Atque
832 458 1075 519 tandem,
1124 468 1405 527 utrumque
1448 456 1848 529 Testamentum
1871 463 1927 529 et
1955 460 2006 518 Α
2036 454 2255 523 injecta,
2307 463 2363 507 ut
2401 456 2539 529 ultro
2592 458 2833 527 citroque
2873 459 3243 526 contenderet,
3297 460 3455 515 tertio
3504 463 3618 529 jam

347 527 681 585 retinendum
722 527 785 585 et
832 529 1192 584 venerandum
1249 544 1370 584 esse
1417 528 1624 599 parvuli
1673 527 1921 599 exemplo

346 601 558 671 probat,
591 601 678 671 qui
704 601 810 669 jam
837 599 974 655 lacte
1002 601 1263 665 nutritus,
1294 610 1344 653 et
1375 596 1440 653 ad
1467 598 1752 671 validiores
1772 596 1922 651 cibos

346 668 655 741 proficiens,
689 668 795 727 non
839 671 957 727 sine
983 671 1131 742 gravi
1161 672 1352 741 injuria
1384 678 1560 740 potest
1588 668 1819 742 abjicere
1844 677 1921 723 at-

345 758 450 809 que
476 745 863 798 exhorrescere
890 740 1109 797 nutricis
1140 740 1437 804 mamillas;
1471 741 1598 807 quin
1632 740 1805 807 p0tins
1827 754 1921 794 ve-

340 822 563 938 ?eretur
594 823 647 870 et
672 814 839 882 colit,
866 824 919 870 et
967 813 1214 870 beneﬁcii
1260 813 1343 869 sui
1386 827 1445 868 se
1475 812 1772 868 debitorem
1801 824 1921 867 esse

363 896 447 938 ate
474 901 553 938 ur.

363 893 553 940 'atetur.

413 957 465 1011 7.
508 958 633 1013 Haec
654 972 804 1028 ergo,
837 965 892 1013 et
915 957 967 1012 id
996 971 1165 1028 genus
1190 956 1313 1021 alia,
1344 956 1396 1010 in
1426 970 1519 1011 sua
1542 954 1697 1028 valde
1718 953 1923 1028 prolixa

339 1028 591 1099 epistola,
621 1025 797 1099 quam
821 1025 1150 1099 Epiphanius
1193 1027 1386 1083 librum
1430 1027 1691 1099 appellat,
1723 1025 1924 1099 Arche-

338 1098 453 1153 laus
484 1096 718 1155 Diodoro
741 1114 841 1155 suo
867 1096 1185 1170 presbytero
1209 1096 1493 1169 suggessit,
1527 1097 1591 1170 ad
1625 1096 1920 1150 mirabilem

246 1169 264 1209 ι
335 1183 571 1238 semper,
612 1179 671 1225 ut
713 1169 964 1237 diximus,
1020 1172 1391 1240 sinceramque
1437 1169 1714 1240 utriusque
1763 1175 1923 1240 tesia-

336 1236 504 1296 menti
529 1243 860 1297 harmoniam
884 1236 1046 1308 atque
1068 1236 1332 1295 summam
1350 1236 1695 1294 concordiam
1714 1236 1920 1307 patefa-

334 1314 606 1367 ciendam.
621 1313 821 1368 Verum
837 1324 1002 1368 totum
1022 1312 1272 1368 Archelai
1296 1326 1513 1381 scopum
1530 1311 1582 1365 in
1601 1310 1700 1364 hac
1714 1322 1919 1381 summa

335 1382 806 1439 Testamentorum
835 1385 1116 1441 concordia
1145 1379 1431 1439 asserenda
1458 1383 1615 1436 situm
1648 1396 1787 1442 esse,
1816 1379 1915 1435 mi-

336 1454 483 1509 nime
518 1456 865 1518 arbitramur,
894 1455 988 1511 sed
1027 1456 1184 1509 altius
1214 1455 1427 1524 aliquod
1457 1470 1520 1509 ex
1553 1452 1797 1524 adductis
1828 1466 1915 1505 ra-

338 1525 575 1595 tionibus
600 1526 658 1581 S.
691 1528 1002 1595 episcOpum
1026 1520 1320 1581 ostendere
1341 1525 1572 1579 voluisse
1598 1541 1609 1577 :
1641 1520 1913 1595 videlicet,

334 1593 574 1669 hominis
611 1592 891 1664 naturam,
910 1598 1019 1669 jam
1046 1597 1193 1669 inter
1221 1607 1298 1652 tot
1333 1606 1579 1669 tantaque
1606 1594 1738 1669 vitia.
1777 1592 1918 1669 peri-

338 1666 599 1737 clitatam,
643 1679 699 1724 et
740 1664 1139 1723 obscurioribus
1180 1664 1504 1737 ignorantia!
1538 1664 1771 1721 tenebris
1810 1664 1916 1737 cir-

340 1735 726 1805 cumvolutam,
757 1756 859 1793 non
889 1740 1031 1793 illico
1052 1740 1117 1792 ad
1155 1735 1356 1794 claram
1382 1737 1622 1793 veritatis
1651 1735 1914 1806 cognitio-

338 1824 460 1864 nem
490 1811 650 1865 fuisse
675 1810 1051 1874 revocandam,
1085 1818 1139 1864 et
1158 1826 1187 1864 a
1224 1811 1411 1864 mortis
1437 1818 1653 1863 asterna:
1679 1806 1909 1877 laqueis,

334 1881 529 1949 quibus
575 1881 1060 1945 constringebatur,
1110 1881 1246 1936 solvi
1307 1880 1576 1936 debuisse.
1620 1878 1728 1935 Sed
1778 1892 1913 1943 opus

334 1958 452 2003 erat
484 1960 537 2004 ut
563 1951 663 2019 ipsi
686 1951 955 2019 homines,
988 1952 1095 2021 qui.
1133 1952 1363 2006 ferarum
1397 1966 1548 2006 more
1577 1950 1913 2016 aberrantes,

333 2034 622 2091 numquam
652 2022 719 2076 de
748 2021 949 2077 Divinis
975 2022 1283 2091 cogitabant
1321 2023 1501 2087 rebus,
1536 2021 1765 2077 diversis
1804 2036 1918 2077 ca:-

328 2089 906 2164 iestibusiteternzeque
937 2089 1215 2162 sapientia:
1248 2095 1503 2163 gradibus
1534 2092 1913 2148 edocerentur.

325 2158 507 2235 Primo
533 2163 779 2219 videlicet
806 2158 902 2235 per
922 2158 1099 2221 rerum
1133 2158 1458 2221 naturalium
1489 2165 1688 2235 ﬁguras
1718 2173 1770 2218 et
1799 2180 1918 2218 um-

324 2231 473 2300 bras,
507 2250 638 2304 qnas
660 2231 820 2290 lactis
846 2237 1016 2290 instar
1046 2253 1111 2290 ex
1137 2236 1365 2291 Mosaica
1397 2237 1514 2306 lege
1530 2231 1915 2305 exsugerent;

324 2305 494 2374 gratia
540 2306 757 2361 demum
805 2317 859 2362 et
900 2309 1177 2376 perSpicua
1219 2324 1394 2362 rerum
1442 2307 1741 2361 divinarum
1787 2322 1918 2363 con-

326 2377 695 2445 templatione,
729 2394 887 2439 quam
916 2378 981 2433 ad
1011 2379 1278 2434 solidioris
1309 2379 1412 2433 cibi
1458 2378 1707 2445 formam,
1739 2378 1915 2448 ipsum

320 2448 512 2518 {eterni
544 2448 719 2504 Patris
742 2450 961 2514 Filium,
996 2466 1139 2505 novo
1170 2451 1516 2505 Testamento
1556 2453 1910 2518 pr0ponebat.

326 2517 421 2590 _His
453 2519 629 2588 itaque
655 2523 981 2590 gravissimis
1003 2522 1319 2584 rationibus,
1347 2524 1390 2574 si
1414 2517 1681 2576 Diodorus
1710 2522 1917 2577 Arche-

324 2588 413 2661 lao
434 2588 756 2661 suggerente
788 2595 860 2647 uti
894 2593 1173 2655 voluisset.
1209 2592 1473 2647 Manetem
1507 2592 1660 2646 facile
1688 2593 1915 2647 confun»

325 2660 456 2734 dere
490 2660 553 2717 et
572 2675 852 2719 conterere
894 2666 1184 2734 potuisset;
1216 2673 1270 2719 et
1319 2668 1432 2733 ipsa
1470 2663 1751 2719 catholicae
1790 2665 1911 2720 tidei

318 2730 597 2805 dogmata,
617 2745 667 2789 et
683 2734 847 2789 divini
874 2730 1070 2790 veteris
1092 2730 1423 2790 Testamenti
1450 2736 1767 2800 auctoritas,
1793 2752 1913 2805 quae

320 2804 664 2871 potissimum
706 2806 758 2860 in
788 2806 1075 2861 discrimen
1107 2806 1496 2872 adducebatur,
1529 2806 1691 2862 dubio
1726 2804 1914 2875 procul

318 2877 822 2948 comprobarentur.
870 2878 1117 2933 Archelai
1176 2879 1352 2948 itaque
1393 2878 1607 2946 scriptis
1651 2877 1915 2933 Diodorus

319 2946 901 3018 presbyterinsistens,
935 2949 1035 3004 etsi
1065 2946 1299 3018 episcopi
1333 2949 1414 3001 sui
1450 2949 1735 3002 adventum
1775 2964 1911 3016 pra:-

318 3015 635 3088 stolaretur,
668 3020 862 3074 iterum
888 3015 1303 3088 disputationem
1330 3020 1467 3073 inire
1493 3019 1719 3074 Manetis
1748 3015 1914 3073 auda-

316 3086 408 3141 cia
437 3090 798 3159 compellitur.
828 3086 1177 3146 Nam’Maues
1205 3091 1256 3143 in
1284 3089 1517 3144 medium
1553 3090 1668 3158 pagi
1702 3104 1914 3143 summo

316 3159 560 3215 diluculo
587 3163 861 3231 prodieus,
895 3177 1047 3216 suam
1076 3176 1197 3216 cum
1238 3161 1473 3215 Diodoro
1503 3163 1693 3216 iterum
1727 3161 1911 3229 dispu-

1942 1847 1991 1910 Β

2032 535 2286 602 currente
2315 527 2536 590 saeculo,
2563 543 2742 602 _veram
2774 530 3047 585 catholicae
3080 542 3133 586 et
3159 532 3483 602 Apostolica:
3507 527 3620 587 Ec-

2028 596 2210 651 clesiae
2241 598 2382 651 circa
2420 598 2682 671 prmcipua
2717 610 2910 655 nostra:
2946 603 3067 657 lidei
3094 596 3339 671 dogmata
3376 603 3619 657 traditio-

2026 684 2149 742 nem
2182 677 2517 742 corruptam,
2538 669 2907 742 labefactatam
2923 684 2976 727 et
3000 669 3397 741 pessumdatam
3428 674 3613 742 fuisse,

2025 738 2093 792 ab
2134 741 2280 793 omni
2328 740 2596 794 calumnia
2642 751 2697 795 et
2727 742 2908 797 dolosa
2950 738 3293 800 accusatione
3339 738 3617 801 vindicare

2026 818 2270 865 nostrum
2294 811 2398 866 erit
2423 811 2741 866 institutum.
2764 812 2834 869 Ut
2856 814 3109 869 videlicet
3131 831 3353 871 summa;
3377 815 3617 871 audacia

2026 880 2298 959 hominem
2331 893 2588 959 perpetuo
2633 900 2802 953 nugas
2829 893 2885 941 et
2918 896 3219 941 commenta
3248 897 3493 959 agentem
3516 900 3616 957 pro

2028 953 2233 1008 viribus
2260 955 2635 1022 corripiamus.

2641 1046 2867 1104 CAPUT
2909 1048 2997 1104 IX.

2028 1138 2271 1213 Archelai
2306 1141 2446 1209 apud
2478 1138 2815 1213 Diodoridem
2854 1158 2970 1195 cum
3017 1140 3224 1195 Hanete
3271 1143 3550 1213 disputatio
3578 1161 3614 1200 α

2099 1212 2231 1265 notis
2270 1213 2456 1264 criticis
2495 1222 2543 1265 et
2570 1211 2967 1267 Beausobrianis
2998 1212 3269 1266 calumniis
3302 1211 3607 1271 vindicatur.

2101 1282 2245 1354 Mala
2275 1282 2545 1335 acatholici
2574 1285 2836 1354 scriptoris
2861 1285 2987 1354 ﬁdes
3013 1286 3066 1336 in
3088 1286 3403 1337 recensendis
3430 1286 3613 1340 Arche-

2096 1353 2167 1406 lai
2205 1355 2505 1425 testimoniis
2554 1353 2859 1421 explicatur.
2894 1353 3110 1408 Demum
3146 1356 3325 1425 merito
3353 1366 3614 1425 tamquam

2094 1424 2401 1478 catholicum
2422 1436 2469 1477 et
2495 1434 2726 1478 sanctum
2758 1426 3065 1479 Archelaum
3086 1427 3139 1479 in
3161 1424 3394 1479 Ecclesia
3415 1425 3612 1491 haberi,

2093 1510 2205 1548 cum
2230 1497 2526 1568 exscriptis
2549 1512 2662 1568 qua:
2688 1498 3142 1568 circumferuntur,
3187 1506 3294 1550 tum
3332 1512 3396 1550 ea:
3422 1499 3536 1568 ejus
3557 1498 3612 1551 in

2092 1581 2259 1621 veram
2288 1566 2478 1620 Christi
2499 1566 2796 1638 religionem
2829 1566 3001 1623 studio
3030 1570 3431 1623 demonstratur.

2093 1670 2146 1724 1.
2188 1668 2531 1725 Sufficienter
2561 1672 2664 1725 mei
2696 1674 2934 1728 muneris
2957 1683 3136 1742 partes
3159 1674 3355 1727 abiisse
3384 1674 3609 1729 arbitra-

2019 1738 2282 1813 bar,cum
2325 1742 2650 1809 praecedenti
2690 1746 2863 1813 capite
2892 1738 3195 1799 summatim
3246 1748 3609 1803 recensuerim

2022 1812 2229 1884 quaead
2245 1814 2467 1867 Manetis
2488 1829 2608 1867 cum
2639 1815 2904 1869 Archelao
2928 1816 3313 1883 disputationes
3337 1818 3609 1884 pertinere

2018 1882 2356 1957 videbantur.
2373 1884 2480 1939 Nec
2496 1886 2636 1939 enim
2653 1887 2935 1941 consilium
2952 1882 3065 1942 erat
3082 1882 3440 1957 apologeticas
3457 1889 3608 1942 theo-

2018 1953 2219 2024 logicas
2254 1965 2542 2011 contexere
2578 1958 3006 2023 dissertationes,
3062 1953 3156 2013 sed
3192 1953 3609 2014 Manichaeorum

2018 2023 2318 2092 historiam,
2334 2030 2485 2106 quasi
2501 2030 2551 2082 in
2566 2028 2888 2106 breviarium
2908 2045 2974 2106 ex
2999 2031 3158 2106 certis
3180 2030 3609 2106 authen_ticis_que

2019 2100 2388 2170 monumentis
2418 2111 2471 2154 et
2498 2101 2803 2154 auctoribus
2839 2102 3091 2170 colligere
3109 2100 3609 2170 {quemadmodum

2014 2167 2125 2237 jam
2159 2172 2583 2237 praestantissimi
2631 2171 2727 2225 viri
2758 2172 2892 2225 alias
2921 2167 3131 2226 et'alias
3173 2167 3427 2226 historias
3457 2172 3608 2226 Pela-

2017 2240 2322 2307 gianorum,
2370 2241 2789 2308 Donatistarum,
2839 2243 3178 2310 Arianorum,
3248 2243 3608 2313 Eutychiano-

2019 2326 2159 2393 rum,
2187 2321 2242 2367 et
2278 2314 2505 2367 aliorum
2550 2314 2945 2378 hmreticorum,
2977 2315 3073 2393 qui
3108 2314 3426 2369 catholicam
3467 2314 3607 2393 _reli-

2016 2385 2229 2450 gionem
2253 2398 2601 2453 corrumpere
2623 2394 2676 2439 et
2702 2395 2947 2441 evertere
2974 2387 3074 2439 nisi
3101 2394 3247 2450 sunt,
3272 2385 3607 2451 conscripse-

2018 2463 2159 2508 runt.
2181 2454 2287 2525 Sed
2312 2456 2565 2523 quoniam
2594 2472 2713 2510 eum
2741 2457 2791 2510 in
2824 2458 3186 2525 percurrendo
3206 2457 3608 2511 Beausohriauo

2016 2524 2272 2607 opere_(a)
2295 2529 2489 2595 passim
2514 2528 2637 2607 taiia
2666 2524 2918 2607 tantaque
2934 2528 3286 2607 mendaciaet
3310 2527 3607 2607 calumnias

2016 2596 2387 2662 ollendisSem,
2417 2600 2613 2653 crassis
2634 2596 2990 2655 circumfusas
3022 2600 3273 2662 tenebris,
3306 2599 3496 2653 nmniis
3522 2605 3606 2651 at-

2015 2683 2118 2736 que
2157 2669 2573 2738 sophismatihus
2596 2671 2768 2725 lucem
2792 2671 3026 2741 aliquam
3060 2670 3251 2725 all'erre
3280 2668 3606 2741 irecogitavi,

2015 2754 2116 2809 qua
2148 2742 2296 2809 quasi
2328 2742 2444 2796 sole
2471 2758 2537 2796 ex
2566 2741 2786 2797 Oriente
2815 2742 3151 2796 diluerentur
3183 2750 3237 2795 et
3270 2740 3602 2807 fugarentur.

2016 2808 2228 2877 Alioqui
2258 2812 2311 2865 in
2329 2811 2484 2879 hujus
2500 2813 2735 2866 haeretici
2772 2812 3151 2866 hominismala
3190 2812 3293 2865 fide
3326 2810 3608 2867 dumtaxat

2017 2880 2340 2947 indigitanda
2373 2883 2419 2937 si
2452 2883 2827 2952 perstitissem,
2854 2882 3009 2937 facile
3044 2882 3319 2949 praesentis
3343 2882 3606 2948 temporis

2015 2953 2228 3017 eruditi,
2256 2952 2347 3019 qui
2388 2968 2492 3006 non
2526 2953 2626 3007 nisi
2668 2954 2719 3007 in
2768 2968 2946 3006 rerum
2974 2953 3206 3007 cortices
3238 2966 3357 3006 sese
3399 2961 3605 3015 amant,

2014 3022 2122 3092 67
2136 3024 2506 3077 existimarent
2522 3024 2916 3077 Beausobriana
2933 3031 3244 3092 argumenta
3269 3036 3388 3077 esse
3406 3022 3607 3089 majora

2016 3109 2173 3160 quam
2212 3101 2269 3145 ut
2299 3110 2326 3145 a
2354 3094 2509 3149 nobis
2536 3094 2705 3149 refelli
2728 3103 2968 3163 possent,
3000 3096 3044 3148 si
3078 3093 3316 3148 breviter
3340 3093 3602 3163 perstrin-

2022 3178 2291 3233 gereinus,
2329 3174 2419 3219 aut
2447 3180 2508 3219 ea
2548 3162 2765 3234 prorsus
2803 3162 3287 3219 dissimularemus.
3331 3162 3498 3232 Cujus
3526 3163 3608 3224 rei

320 3228 769 3305 tationemiorsus
801 3243 905 3305 est.
930 3233 1151 3305 Primus
1179 3232 1415 3287 Diodoro
1446 3232 1631 3287 Manes
1659 3246 1752 3286 sua
1781 3228 1916 3305 dog-
1945 3228 1991 3291 C
2025 3228 2081 3288 ut
2110 3228 2319 3289 initium
2354 3228 2632 3299 faciamus,
2668 3235 2848 3290 licebit
2878 3235 3051 3305 primo
3077 3235 3285 3304 aliquas
3312 3228 3471 3303 hujus
3501 3234 3607 3287 Ba-

318 3312 465 3356 tnata
496 3303 806 3372 objiciebat.
837 3304 941 3360 Sed
974 3304 1018 3359 is
1041 3305 1290 3359 omnibus
1316 3305 1632 3359 occurrebat
1665 3304 1921 3372 quaestio-

316 3372 504 3439 nibus,
536 3384 712 3445 atque,
749 3390 843 3443 pro
863 3392 926 3431 ea
952 3391 1110 3445 quam
1140 3391 1167 3428 a
1194 3375 1304 3430 Deo
1320 3382 1606 3444 acceperat
1630 3375 1915 3443 sapientia,

322 3445 501 3517 lenius
531 3460 688 3501 suum
717 3447 1019 3513 exagitabat
1046 3448 1415 3517 impostorem.
1448 3448 1517 3500 At
1547 3462 1667 3500 cum
1699 3445 1916 3501 demum

315 3515 551 3587 apudise
574 3533 677 3572 non
702 3518 832 3573 nihil
857 3515 1390 3587 inciperet'baesitare
1410 3526 1615 3586 repente
1637 3517 1919 3571 Archelaus

315 3586 419 3656 (ait
450 3586 822 3659 Epiphanius),
841 3606 943 3662 nec
969 3586 1198 3662 opinato,
1224 3599 1520 3662 conspectus
1548 3599 1643 3654 est,
1671 3588 1758 3657 qui
1781 3599 1915 3662 tam-

315 3673 479 3733 quam
507 3662 786 3715 acerrimus
817 3661 927 3733 66
953 3659 1344 3733 paterfamilias,
1377 3659 1918 3733 suorumqueistudiof

314 3730 573 3797 tissimus,
614 3730 855 3786 audacter
882 3730 933 3785 in
953 3730 1248 3801 prdenem
1273 3731 1493 3799 fremens
1518 3732 1752 3785 incurrit.
1776 3731 1918 3797 Quid

317 3814 455 3873 vero
486 3801 670 3857 Manes
702 3803 849 3857 tum?
879 3803 1173 3872 Tamquam
1218 3802 1441 3857 callidus
1478 3802 1799 3873 versipellis,
1844 3802 1919 3857 si-

312 3872 519 3927 mulata
544 3874 821 3941 blanditia,
837 3890 895 3929 se
915 3876 981 3928 ad
1000 3874 1322 3929 Archelaum
1348 3872 1635 3940 convertit,
1657 3873 1800 3928 hunc
1822 3875 1918 3927 ob-

317 3953 628 4015 secraturus
667 3946 767 4001 sibi
828 3946 942 3999 dari
1005 3955 1206 4000 utcum
1264 3945 1579 4015 presbytero
1634 3945 1921 3999 dumtaxat

314 4013 637 4085 disputaret,
668 4032 985 4072 asseverans
1026 4026 1290 4085 praeterea
1333 4013 1569 4070 maxime
1598 4015 1915 4084 episcopum

314 4084 584 4141 dedecere
613 4103 732 4143 cum
760 4088 979 4143 homine
1009 4084 1111 4142 sibi
1140 4086 1378 4139 inferiori
1411 4088 1477 4141 de
1508 4086 1613 4140 illis
1642 4085 1919 4154 religionis

314 4155 482 4211 rebus
505 4154 853 4214 contendere.
887 4159 1119 4228 Populus
1146 4165 1351 4223 autem,
1382 4157 1702 4228 quiaderat,
1736 4156 1922 4211 Mane-

318 4228 394 4301 εἰς
418 4231 661 4301 nequitia
694 4227 992 4301 comperta,
1020 4230 1087 4283 ita
1108 4230 1172 4301 in
1204 4227 1643 4301 euminvehitur,
1668 4236 1729 4301 ut
1755 4228 1917 4301 etiam

317 4298 591 4367 lapidibus
620 4298 851 4356 obruere
874 4300 1163 4370 quaesierit.
1198 4298 1347 4370 Quod
1373 4298 1588 4369 quidem
1619 4298 1917 4370 periculum

320 4371 547 4440 minime
576 4375 855 4437 evasisset,
883 4367 985 4426 nisi
1008 4372 1162 4426 tertio
1183 4367 1438 4440 jaml‘uga
1457 4378 1696 4437 arrepta,
1722 4369 1915 4424 iterum

313 4440 388 4495 ad
418 4439 705 4499 Arabionis
748 4442 1062 4511 Castellum,
1094 4457 1201 4512 quo
1235 4439 1465 4511 primum
1502 4455 1562 4496 se
1614 4450 1915 4510 receperat,

310 4514 680 4570 convolasset.

392 4585 449 4656 8.
496 4586 665 4642 Aliter
695 4596 872 4643 tamen
910 4600 1070 4656 quam
1112 4582 1498 4656 descripsimus
1539 4584 1675 4637 hanc
1722 4597 1913 4656 novam

313 4654 568 4711 Archelai
598 4672 718 4711 cum
750 4654 964 4714 Manete
998 4655 1413 4725 disputationem
1460 4655 1510 4709 in
1540 4668 1690 4708 suam
1737 4654 1921 4708 retulit

313 4725 609 4782 Historiam
656 4730 976 4785 Beausobre.
1018 4727 1141 4795 Qui,
1184 4737 1240 4780 ut
1285 4727 1394 4792 jam
1453 4726 1552 4780 sibi
1588 4727 1919 4794 propositum

315 4798 483 4852 linem
516 4800 822 4869 attingeret,
858 4803 1211 4866 untlequaque
1253 4806 1568 4868 argumenta
1607 4798 1838 4869 exquirit
1867 4808 1922 4869 et

311 4870 547 4940 colligit,
574 4867 680 4925 non
708 4881 907 4926 tantum
936 4882 989 4924 ut
1021 4869 1104 4922 illa
1130 4870 1257 4923 Acta
1285 4867 1554 4934 tamquam
1579 4867 1918 4940 supposititia

310 4938 550 5007 rejiciat,
579 4942 674 4997 sed
699 4943 753 4997 in
773 4960 834 4998 ea
859 4945 1019 4996 etiam
1036 4949 1304 5008 tamquam
1329 4940 1616 4993 multarum
1642 4938 1920 5008 luereseon

309 5009 495 5066 fontes
522 5013 790 5067 declamat
816 5024 867 5067 et
895 5007 1283 5067 debacchatur.
1316 5010 1477 5078 Cujus
1508 5007 1788 5063 achatolici
1818 5008 1920 5061 ho-

310 5082 484 5154 minis
520 5096 792 5139 versutum
826 5095 990 5154 atque
1032 5082 1331 5154 malignum
1364 5080 1659 5149 ingenium,
1709 5094 1836 5154 eum
1865 5079 1918 5133 in

316 5153 507 5209 varias
531 5156 783 5211 nimirum
814 5149 1184 5210 accusationes
1211 5161 1264 5206 et
1291 5152 1684 5217 simulationes,
1715 5149 1921 5204 Arche.

315 5224 408 5308 lae
439 5228 697 5309 episcopo
726 5238 780 5281 et
813 5228 1066 5281 universo
1092 5224 1481 5309 catholicorum
1511 5222 1920 5309 cinluijprnrsus

318 5293 645 5365 tnjuriosas,
668 5312 954 5367 erumpere
984 5294 1354 5367 ausumfuisse
1382 5293 1920 5367 deprehenderimus,

324 5382 393 5420 ne
424 5367 573 5422 falsae
603 5365 1271 5425 criticeswassentatorihus
1301 5365 1405 5419 alta
1440 5380 1629 5434 sapere
1656 5365 1921 5428 videatur,

320 5437 527 5493 idcirco
548 5450 732 5494 noster
752 5440 803 5494 in
830 5441 1113 5494 veritatem
1143 5451 1295 5489 amor
1322 5450 1383 5489 ca
1407 5436 1621 5490 silentio
1642 5434 1925 5503 prieterire

319 5507 462 5581 haud
488 5510 723 5578 patitur;
756 5511 918 5581 igitur
936 5507 1190 5581 Archelai
1212 5509 1508 5581 sententias
1530 5514 1585 5561 et
1608 5521 1759 5581 tiovae
1786 5504 1927 5581 illius

313 5576 704 5650 disputationis
736 5576 1048 5651 argumenta
1080 5579 1132 5633 in
1158 5580 1336 5631 varias
1370 5578 1534 5631 tricas
1563 5592 1591 5629 a
1619 5576 1927 5629 Beaustibre

508 5719 837 5784 Beausobre,
862 5716 956 5771 lih.
983 5732 999 5771 ι
1024 5715 1160 5770 Hist.
1198 5710 1584 5784 Manich.iea_p.
1612 5707 1696 5763 10.

412 5739 443 5774 a
508 5720 837 5784 Beausobre,
862 5720 956 5771 lih.
983 5732 999 5771 ι
1024 5720 1160 5770 Hist.
1198 5720 1434 5767 Manich.
1465 5724 1584 5777 cap.
1612 5720 1696 5763 to.

388 5720 470 5865 lbi
502 5790 828 5865 βερναρδι-9,
859 5789 950 5865 lib.
976 5802 1017 5851 ι,
1040 5783 1416 5865 _cap._lu,_pag.
1437 5782 1539 5864 il?)
1568 5789 1809 5865 et_seqq_..

394 5851 471 5925 lc')
505 5851 865 5921 Gothofredus
894 5851 1139 5918 Arnold;
1175 5858 1226 5915 in
1258 5851 1509 5913 Ecclesiae
1548 5861 1602 5913 et
1624 5851 1906 5909 heretico-

1947 4617 1996 4675 D

2030 3306 2134 3360 lavi
2151 3307 2428 3374 scriptoris
2443 3306 2942 3362 animadversiones
2959 3306 3173 3361 silentio
3195 3310 3470 3375 praeterire
3494 3305 3597 3375 (b);

2022 3392 2136 3449 eas,
2176 3378 2447 3443 videlicet,
2492 3379 2683 3449 quibus
2734 3378 2953 3449 pingere
3009 3387 3235 3433 conatus
3285 3384 3367 3431 est
3404 3374 3606 3449 Arche.

2026 3448 2167 3503 lantn
2227 3448 2575 3517 episcopum,
2612 3460 2881 3519 tamquam
2934 3448 3205 3503 hominem
3256 3448 3488 3519 superbe
3541 3448 3607 3503 de

2024 3520 2361 3591 antecedenti
2390 3528 2655 3591 reportata
2683 3518 2902 3575 victoria
2931 3520 3273 3589 gloriantem,
3304 3518 3393 3588 qui
3420 3534 3605 3591 coram

2025 3590 2309 3645 humiliato
2339 3589 2500 3660 atque
2530 3592 2742 3647 devicto
2792 3592 3029 3647 inimico.
3083 3592 3273 3646 iterum
3305 3589 3443 3659 apud
3479 3589 3605 3641 Dio-

2023 3662 2262 3717 tloridem
2295 3666 2468 3717 vicum
2490 3678 2550 3719 se
2577 3664 2771 3719 sistere
2790 3662 2978 3728 voluit,
3006 3662 3316 3724 Diodorum,
3348 3674 3443 3713 seu
3473 3660 3604 3729 Try-

2025 3736 2279 3802 phonem,
2307 3736 2676 3805 presbyterum
2696 3735 3038 3802 obstringens
3062 3734 3352 3801 inemptum
3382 3732 3602 3805 abrnm:

2026 3799 2150 3874 pere
2174 3799 2486 3872 certaman
2521 3814 2579 3860 ut
2610 3808 2722 3876 ipse
2754 3822 2872 3859 cum
2910 3799 3121 3860 Manete
3150 3799 3343 3876 novam
3383 3799 3604 3876 deiidei

2023 3871 2184 3931 rebus
2214 3871 2668 3931 concertationem
2708 3876 2886 3931 iniret.
2924 3878 3209 3929 Dumtaxat
3259 3871 3399 3926 haud
3448 3871 3606 3925 dissi-

2024 3947 2237 4000 mulabo
2267 3948 2507 4017 episcopi
2529 3948 2583 4001 in
2604 3946 2924 4001 Christianae
2940 3946 3212 4015 religionis
3242 3958 3328 4017 res
3342 3940 3604 4017 studium,

2023 4012 2351 4084 superbiam,
2388 4012 2654 4071 tumorem
2678 4029 2838 4085 atque
2867 4012 3101 4069 furorem
3130 4014 3450 4085 appellasse,
3484 4012 3605 4085 plu:

2024 4080 2465 4155 rimumque'ipsi
2492 4088 2719 4141 Manetis
2751 4080 2942 4155 agendi
2971 4080 3232 4137 rationem
3269 4092 3324 4136 et
3347 4080 3604 4155 loquendi

2025 4152 2282 4212 formulas
2312 4152 2671 4226 displicuisse.
2707 4152 2840 4211 Cum
2889 4156 3137 4226 videlicet
3177 4152 3459 4206 harreticus
3500 4155 3604 4203 Ar-

2024 4228 2269 4283 chelaum
2303 4225 2601 4281 obtestatus
2631 4236 2714 4281 est
2760 4238 2816 4280 tit
2845 4226 2945 4280 sibi
2979 4225 3133 4277 daret
3163 4226 3447 4291 incaplam
3476 4236 3601 4275 cum

2026 4300 2337 4371 presbytero
2351 4298 2767 4371 disputationem
2800 4298 2864 4350 ad
2888 4296 3101 4371 exitum
3120 4293 3434 4371 perducere,
3461 4293 3603 4345 veri-

2027 4363 2110 4424 tus
2134 4363 2415 4441 pr'opterea
2439 4363 2569 4422 cum
2601 4365 3218 4441 episcopu,‘auctoriiate
3239 4363 3604 4441 dignitateque

2025 4432 2441 4511 sibi'snpcriore
2470 4441 2536 4494 de
2569 4432 3213 4511 religionisdogmatibus
3247 4432 3601 4511 coniendere:

2024 4513 2198 4568 Grave
2231 4504 2533 4566 'ahsurdutn
2566 4504 2695 4579 (εἰιῖ
2729 4509 2829 4564 fuit
2855 4504 3039 4563 istliacc
3070 4510 3232 4562 verba
3262 4507 3327 4579 in
3359 4504 3603 4579 haeretici

2027 4584 2256 4637 hominis
2288 4600 2379 4635 ore
2406 4575 2734 4652 confingere.
2765 4582 2865 4649 Qui
2890 4596 2994 4634 non
3028 4590 3230 4652 tantum
3252 4578 3360 4652 jam
3392 4575 3603 4652 pridem

2028 4657 2237 4725 publice
2259 4671 2418 4721 super
2440 4668 2573 4706 nova
2592 4648 2852 4725 'dogmata
2879 4668 2998 4705 cum
3022 4650 3288 4725 Archelao
3306 4648 3601 4725 disseruit;

2026 4717 2118 4779 sed
2176 4717 2371 4788 etiam,
2429 4726 2631 4779 nefarie
2677 4717 2949 4785 lumidus,
2996 4738 3054 4776 se
3100 4720 3320 4777 vocitari
3373 4717 3604 4775 audebat

2026 4796 2215 4868 Chrisli
2246 4796 2581 4868 discipulum,
2613 4796 2899 4868 apostolum
2926 4793 3103 4868 Iesus,
3135 4805 3181 4846 et
3216 4791 3543 4868 Paraeletum
3570 4802 3605 4844 tl

2030 4869 2122 4922 Dei
2152 4866 2291 4921 Filio
2317 4860 2657 4938 promissum;
2684 4867 2852 4933 Quam
2891 4866 3269 4938 gravissimam
3317 4860 3605 4938 diflicuita-

2026 4951 2155 5002 tem,
2189 4927 2326 4992 cum.
2347 4927 3329 5009 Gothofredus'ArnoldiicognOvisset
3369 4927 3463 4998 (ο),
3496 4928 3604 5009 Ar-

2026 5010 2199 5081 chelai
2230 5010 2358 5063 Acta
2391 5012 2697 5081 authentico
2727 5023 2845 5081 esse
2876 5007 2975 5081 sibi
3020 5002 3375 5081 persuadens,
3404 5002 3604 5081 cogita-‘-

2027 5082 2102 5133 vit
2132 5080 2370 5135 ofliciosa
2402 5081 2487 5133 illa
2521 5080 2682 5136 verba
2713 5077 2936 5132 subdole
2978 5069 3035 5128 et
3071 5073 3272 5127 ironice
3303 5073 3385 5142 (ut
3428 5069 3605 5139 aiunt)

2029 5167 2056 5205 a
2108 5152 2317 5205 Manete
2376 5152 2539 5205 fuisse
2594 5150 2849 5219 prolata,
2880 5157 2935 5199 nt
2974 5144 3222 5219 videlieet
3268 5149 3606 5219 praecaveret

2027 5222 2170 5276 illam
2197 5224 2564 5276 confusionem
2590 5210 2748 5288 quam
2772 5210 2945 5287 primo
2966 5214 3106 5284 apud
3128 5212 3448 5288 Cascharam
3470 5210 3604 5288 s_u_h-

2029 5295 2105 5347 ire
2138 5293 2307 5347 fuerat
2337 5304 2577 5358 coactus,
2610 5281 2945 5365 potissimum
2988 5281 3108 5341 cum
3154 5284 3206 5365 in
3252 5297 3405 5352 spem
3436 5281 3605 5335 addu-

2034 5373 2250 5419 ceretur
2280 5365 2488 5417 facilius
2520 5362 2892 5430 presbyterum
2921 5372 3080 5430 quam
3106 5362 3415 5423 episcOpum
3446 5366 3607 5430 posse

2029 5452 2307 5504 superare.
2354 5421 2535 5502 Quale.
2578 5421 2737 5499 igitur
2765 5421 3054 5504 absurdum
3090 5421 3170 5504 _e_x
3216 5434 3327 5478 tam
3374 5421 3588 5504 natural

2030 5493 2399 5575 explicatione
2409 5493 2709 5578 sequatur,
2733 5501 2889 5578 plane
2916 5514 3020 5553 non
3051 5496 3233 5578 video,
3266 5510 3388 5550 cum
3428 5493 3606 5578 hiera-

2034 5571 2261 5632 ficorum
2277 5571 2552 5630 hominum
2574 5572 2807 5627 studium
2822 5572 2874 5625 in
2902 5585 2968 5625 eo
2990 5571 3323 5638 potissimum
3341 5571 3603 5632 versetur,

2017 5725 2135 5764 rum
2166 5710 2422 5776 Historia,
2450 5707 2657 5764 Gallice
2682 5705 2904 5775 scripta,
2934 5711 3065 5759 tom.
3092 5700 3136 5768 Ι,
3165 5698 3259 5759 lib.
3288 5713 3368 5765 nr,
3400 5711 3516 5767 cap.
3548 5693 3603 5761 7,

2017 5780 2045 5852 ς
2072 5780 2142 5836 24
2168 5790 2222 5836 et
2251 5794 2399 5853 seqq.
