3988 6314
497 324 608 381 855

1078 320 1136 375 P.
1178 314 1490 376 CACClARl
1534 314 2125 373 EXERCITATIONES
2165 316 2231 372 IN
2271 318 2325 372 S.
2371 318 2606 373 LEONIS
2645 317 2857 374 MAGNI
2894 316 3141 374 OPERA.

3634 314 3730 379 856

498 446 557 490 ut
595 434 945 503 Evangeliswc
986 442 1266 487 testantur.
1325 432 1511 505 Christi
1542 444 1674 505 vero
1699 442 1943 499 personat
1971 444 2068 483 no-
2098 433 2149 490 Α
2174 445 2297 482 uum
2317 432 2580 505 appellat;
2613 431 2804 505 sabbati
2830 439 3115 505 auctonem,
3144 429 3735 505 heatitudinisquelargi-

499 522 622 562 men
654 502 873 559 minime
903 519 1021 559 esse
1050 513 1244 573 potest,
1278 504 1369 556 sed
1394 502 1826 573 nuncupatioiest
1847 510 2070 573 potesta-

499 580 564 631 tis
609 586 663 631 et
705 576 847 646 regni
888 592 907 629 :
949 570 1067 643 quae
1112 576 1218 629 duo
1264 573 1477 646 nomina
1524 572 1688 646 unico
1724 572 1816 625 Dei
1858 570 1991 624 Filio
2022 572 2073 624 iti

497 662 658 703 carne
684 664 746 701 ex
762 642 933 700 Maria
960 646 1164 713 virgine
1190 654 1315 699 nato
1341 643 1458 697 sine
1488 644 1589 696 ulla
1624 642 1698 713 (a)
1727 657 2073 713 personarum

499 719 823 773 discretione
860 728 909 772 et
948 712 1241 770 differentia
1273 716 1607 769 strictissime
1636 712 1942 779 Convenire,
1973 712 2074 767 Ar-

498 791 715 846 chelaus
737 805 801 843 ex
823 789 988 842 sacris
1009 788 1198 841 litteris
1217 795 1270 842 et
1290 786 1558 841 communi
1580 800 1795 839 suorum
1816 786 2076 855 majorum

498 860 878 925 consensione,
904 867 1015 912 tum
1048 859 1138 925 ibi,
1166 868 1274 911 tum
1318 858 1367 909 in
1396 857 1619 926 epistola
1648 872 1804 926 quam
1835 859 1899 909 ad
1928 870 2076 925 pres-

498 931 744 1003 byterum
799 930 1082 1003 Diodorum
1128 928 1379 1003 dederat,
1412 928 1687 1003 probavit;
1718 927 1928 1003 illorum
1958 926 2074 980 hae-

500 996 788 1055 reticorum
818 1000 1164 1054 deliramenta
1198 996 1505 1065 refellendo,
1539 999 1625 1065 qui
1653 996 1831 1051 Iesum
1857 999 2015 1051 alium
2042 1013 2073 1053 a

502 1070 704 1126 Christo
754 1072 885 1125 Filio
926 1072 1016 1124 Dei
1066 1071 1227 1124 fuisse
1272 1070 1664 1138 contingebant.
1708 1068 1864 1123 Falso
1894 1069 2076 1138 itaque

498 1145 839 1197 ratiocinator
880 1142 1211 1208 Beausobre,
1254 1142 1583 1196 contendens
1621 1140 1747 1194 Iesu
1788 1155 1978 1194 nomen
2008 1155 2072 1194 ex

496 1228 616 1268 sese
658 1213 935 1282 indigitare
968 1228 1125 1265 unam
1158 1228 1439 1278 personam
1469 1222 1763 1278 separatam
1802 1228 1828 1262 ιι
1859 1211 2073 1282 Christo

501 1284 593 1338 Dei
622 1283 755 1337 Filio
779 1281 886 1353 ’(b).
918 1282 1047 1337 Nam
1080 1286 1239 1336 etiam
1276 1282 1614 1345 Lactantius,
1647 1283 1714 1338 de
1741 1282 1821 1353 his
1848 1281 2073 1335 nomini-

498 1354 599 1408 bus
619 1352 993 1424 agens’contra
1022 1355 1262 1421 gentiles,
1288 1354 1365 1407 sic
1395 1353 1580 1407 scribit
1610 1354 1680 1423 (c)
1713 1370 1726 1407 :
1762 1352 1868 1407 Sed
1888 1369 2071 1419 quam-

498 1426 570 1496 uis
600 1442 781 1479 nomen
808 1428 919 1496 ejus
951 1424 1093 1494 (Filii
1124 1425 1215 1478 Dei
1244 1426 1499 1494 intelligo)
1532 1425 1666 1487 quod
1695 1426 1738 1478 ei
1768 1441 1797 1474 a
1823 1424 2074 1496 principio

497 1495 656 1549 Pater
701 1494 925 1549 suntmus
975 1496 1255 1564 imposuit,
1304 1497 1475 1549 nullus
1504 1497 1641 1547 alius
1683 1494 2074 1565 prwtergipsum

494 1568 644 1631 sciat,
673 1567 819 1619 habet
850 1577 1015 1637 tamen
1047 1563 1089 1619 et
1119 1568 1247 1637 inter
1271 1566 1478 1637 angelos
1504 1566 1646 1618 aliud
1672 1563 1997 1629 uocabulum,
2030 1573 2076 1618 et

494 1638 623 1691 inter
648 1638 873 1708 homines
904 1636 1068 1689 aliud.
1106 1636 1256 1690 Iesus
1283 1639 1469 1708 quippe
1495 1638 1626 1689 inter
1654 1638 1879 1689 homines
1911 1637 2075 1688 nomi-

494 1717 665 1763 natur.
718 1707 853 1761 Nam
908 1708 1137 1761 Christus
1175 1725 1276 1760 non
1316 1707 1577 1778 proprium
1624 1724 1803 1778 nomen
1840 1716 1955 1771 est,
1986 1707 2075 1759 sed

493 1780 802 1868 nuncupntio
831 1780 1094 1868 plotest‘atisl
1122 1788 1169 1868 et
1193 1780 1355 1861 regni.
1375 1777 1733 1868 lNimisligitur
1760 1787 2071 1868 arroganter
2101 1808 2147 1868 Β

493 1846 796 1904 Beausobre
832 1846 926 1905 illa
972 1850 1213 1906 Archelai
1250 1846 1437 1903 'verba
1492 1846 1865 1903 calumniatur.
1894 1846 1901 1847 “
1934 1846 2066 1901 Cum

492 1920 868 1975 animadvertit
896 1921 955 1975 S.
985 1920 1293 1989 episcopum
1325 1920 1603 1987 scripsisse
1648 1938 1659 1969 :
1696 1918 1786 1972 Est
1818 1918 1950 1971 enim
1980 1920 2068 1987 qui

490 1993 553 2043 de
574 1989 744 2044 Maria
772 1999 920 2045 natus
947 2003 1017 2043 est
1045 1990 1237 2052 Filius,
1262 1991 1346 2059 qui
1371 1999 1529 2042 totum
1555 1992 1647 2042 hoc
1672 1990 1827 2042 voluit
1850 1989 2074 2058 perferre

491 2071 741 2115 certamen
761 2061 911 2114 Iesus
940 2060 1043 2132 (ά).
1068 2061 1147 2114 Ad
1176 2062 1301 2113 illud
1318 2069 1588 2132 certamen
1617 2060 1823 2132 alludit,
1848 2059 1989 2127 quod
2018 2060 2071 2114 in

498 2148 651 2186 truce
680 2132 853 2195 Jesus,
881 2129 1229 2200 ut‘regnarel,
1257 2129 1436 2184 subiit.
1465 2130 1598 2185 Cum
1621 2130 1867 2184 videlicet
1890 2145 2070 2184 veram

462 2200 720 2255 'mortem
751 2210 804 2255 et
832 2204 1155 2269 sepulturam
1183 2202 1473 2266 sustinens,
1506 2203 1659 2256 tertia
1682 2201 1769 2255 die
1801 2200 2069 2256 redivivus

490 2273 751 2337 apparuit,
788 2272 851 2323 ad
886 2272 1124 2336 Patrem,
1158 2289 1185 2323 a
1217 2288 1323 2341 quo
1354 2271 1703 2326 descenderat
1734 2287 2065 2326 reversurus.

490 2341 596 2413 Hic
616 2343 767 2396 Iesus
791 2342 1354 2412 (subjicitArchelaus)
1377 2355 1449 2395 est
1472 2344 1700 2397 Christus
1726 2343 1842 2407 Dei,
1862 2343 1967 2413 72
1982 2344 2070 2411 qui

491 2412 750 2467 descendit
779 2430 930 2483 super
950 2416 1168 2483 eumqui
1192 2419 1255 2465 de
1280 2414 1447 2466 Maria
1477 2424 1570 2467 est.
1599 2413 1766 2468 Nemo
1793 2412 2070 2483 ergofnisi

489 2484 578 2551 qui
605 2485 833 2552 maligne
852 2493 905 2538 et
926 2486 1183 2538 violenter
1201 2485 1338 2538 dicta
1362 2487 1523 2539 verba
1555 2490 1891 2553 interpretari
1918 2485 2067 2549 velit,

495 2553 781 2609 affirmahit
829 2570 1116 2624 umquam,
1150 2555 1465 2609 Archelaum
1514 2572 1584 2611 ex
1625 2556 1716 2610 illa
1769 2556 2065 2618 nominum,

494 2640 774 2679 munerum
802 2635 856 2680 et
883 2636 1187 2680 naturarum
1210 2626 1538 2693 diversitate,
1567 2642 1913 2695 personarum
1939 2641 2071 2693 quo-

489 2710 593 2764 que
621 2696 1013 2751 distinctionem
1049 2698 1280 2751 indicare
1308 2698 1559 2753 voluisse.
1614 2698 1824 2752 Etenim
1852 2706 2068 2751 sanctus

492 2767 775 2833 episcoiius
806 2776 944 2822 totus
973 2778 1215 2823 versatur
1246 2769 1297 2822 in
1326 2785 1384 2821 ea
1414 2769 1728 2837 quaestione,
1752 2768 1890 2837 quod
1922 2766 2070 2821 Chri-

487 2847 593 2889 stus
619 2878 632 2900 ,
672 2838 722 2891 id
752 2848 832 2892 est
862 2838 1026 2892 Filius
1065 2838 1200 2904 Dei,
1234 2855 1412 2893 veram
1458 2838 1689 2893 hominis
1732 2849 1971 2891 naturam
2002 2854 2068 2891 ex

489 2907 649 2961 Maria
677 2912 1025 2976 assumpserit
1050 2950 1064 2975 ,
1093 2912 1169 2964 sic
1198 2920 1385 2965 contra
1430 2912 1636 2964 Manem
1677 2910 2063 2964 ratiocinando.

487 2979 544 3031 Si
575 2980 717 3033 enim
767 2978 1046 3034 confessus
1075 2981 1237 3034 fueris
1282 2997 1401 3035 eum
1444 2982 1511 3035 de
1555 2982 1715 3033 Maria
1768 2991 1945 3032 natum
1973 3022 1985 3042 ,
2016 2988 2069 3034 et

490 3049 668 3117 passio
694 3060 949 3119 sequatur
994 3065 1215 3105 necesse
1245 3062 1358 3117 est;
1409 3062 1463 3105 et
1491 3052 1790 3121 passionem
1827 3066 2069 3103 resurre-

486 3121 608 3185 ctio,
635 3129 686 3174 et
712 3123 1153 3176 resurrectionem
1174 3122 1460 3190 judicium,
1492 3135 1545 3176 et
1572 3123 1713 3175 salva
1742 3130 1901 3175 erunt
1922 3123 2067 3174 Scri-

484 3197 653 3259 ptura:
683 3200 970 3260 praecepta.
993 3193 1169 3257 Quare
1196 3194 1345 3262 quasi
1375 3195 1561 3247 volens
1591 3193 1777 3246 fortius
1808 3192 2063 3245 adversa-

486 3264 621 3315 rium
653 3278 865 3331 urgere,
890 3264 1132 3316 eumdem
1157 3272 1211 3317 et
1241 3263 1451 3318 unicum
1487 3266 1576 3317 Dei
1604 3263 1791 3316 Filium
1817 3279 1877 3315 ex
1907 3262 2065 3316 Maria

486 3332 539 3385 in
606 3336 777 3387 lucem
830 3335 1120 3387 secundum
1178 3349 1358 3387 veram
1423 3336 1806 3389 humanitatem
1864 3334 2065 3387 editum

486 3404 648 3457 fuisse
696 3405 1042 3471 sequentibus
1086 3406 1482 3472 Scripturarum
1546 3405 1777 3458 testibus
1856 3406 2065 3472 prohat.

487 3472 743 3527 Videlicet
776 3492 788 3526 :
820 3473 946 3528 Cum
980 3485 1149 3528 autem
1177 3476 1273 3544 {uit
1302 3474 1399 3529 Dei
1427 3475 1678 3538 voluntas,
1709 3476 1840 3527 misit
1869 3473 2067 3527 Filium

487 3560 633 3597 suum
662 3546 851 3613 factum
877 3562 939 3600 ea:
967 3546 1201 3598 muliere.
1248 3547 1311 3599 Et
1340 3547 1528 3601 iterum
1560 3564 1571 3597 :
1608 3546 1807 3598 Pascha
1837 3556 2067 3597 nostrum

486 3615 779 3669 immolatus
824 3627 894 3669 est
936 3616 1187 3669 Christus.
1243 3617 1306 3670 Et
1349 3618 1469 3684 quia
1521 3616 1657 3668 Deus
1696 3627 1744 3669 et
1790 3616 2067 3669 Dominum

483 3687 783 3753 suscitavit,
834 3696 879 3740 et
933 3703 1024 3739 nos
1073 3702 1188 3739 cum
1242 3688 1333 3739 illo
1390 3687 1645 3739 suscitabit
1698 3704 1785 3753 per
1837 3688 2065 3739 virtutem

485 3773 629 3809 suam
671 3758 761 3827 (ε).
803 3758 1041 3829 Decehat
1078 3772 1223 3829 ergo.
1248 3766 1303 3809 ut
1343 3757 1644 3811 Beausobre
1675 3758 1883 3825 objecta
1915 3758 2068 3811 nobis

484 3829 643 3880 verba
688 3827 957 3899 conferret
1000 3843 1119 3882 cum
1170 3827 1375 3897 reliquo
1418 3829 1794 3897 disputationis
1835 3829 1909 3899 (Ii)
1941 3843 2069 3881 con-

486 3906 660 3963 textu,
694 3910 745 3952 et
775 3914 892 3952 cum
921 3898 985 3951 iis
1013 3912 1129 3967 quze
1163 3899 1225 3951 ad
1267 3900 1574 3962 Diodorum,
1606 3914 1697 3950 seu
1728 3898 2066 3967 Tryphonem

484 3970 851 4039 presbyterum
893 3969 1128 4037 scripsit.
1180 3970 1253 4023 lbi
1284 3969 1425 4024 enim
1456 4010 1471 4035 ,
1510 3970 1745 4022 instituta
1791 3984 2071 4036 compara-

483 4039 627 4092 tione
652 4048 804 4093 vetus
834 4040 974 4094 inter
1002 4040 1399 4093 Testamentum
1434 4052 1483 4094 et
1536 4056 1755 4104 novum,
1788 4052 2069 4109 utrumque

482 4124 508 4160 ιι
536 4109 643 4163 Deo
670 4124 789 4165 esse
813 4111 881 4164 ob
904 4126 1166 4165 summam
1198 4112 1592 4180 prophetiarmn
1636 4112 2063 4179 consonantiam,

484 4180 663 4233 multis
690 4181 949 4251 exemplis
994 4182 1042 4234 in
1085 4183 1316 4235 medium
1358 4181 1621 4251 adductis,
1658 4182 1864 4249 prohat.
1898 4184 1959 4234 Et
1990 4184 2067 4236 lo-

480 4265 651 4317 quens
682 4251 1015 4319 potissimum
1046 4252 1113 4307 de
1144 4253 1343 4322 Moyse,
1375 4263 1427 4307 et
1456 4254 1606 4321 Jesu,
1638 4253 1777 4305 hunc
1810 4268 2068 4321 expresse

480 4322 597 4375 sine
633 4322 739 4375 ullo
768 4322 1052 4377 verborum
1103 4326 1378 4378 involucro
1423 4339 1608 4378 verum
1659 4323 1854 4395 Moysis
1884 4322 2071 4377 Domi-

552 4458 629 4538 (α)
685 4457 1378 4538 Ophitte_Cliristum_uon
1436 4466 1494 4538 in
1551 4466 1833 4538 substantia
1886 4468 2055 4520 carnis

483 4530 675 4581 uenisse
720 4529 1070 4595 afﬁrmabant,
1114 4552 1173 4587 ac
1214 4532 1389 4588 Iesum
1426 4536 1585 4589 alium
1630 4554 1661 4589 a
1700 4534 1899 4590 Christo
1948 4555 2056 4593 esse

478 4599 817 4678 statuebant;
850 4610 903 4653 et
930 4601 1106 4678 Iesum
1136 4606 1346 4678 quidem
1375 4622 1440 4659 ex
1469 4607 1679 4674 Virgine
1708 4617 1885 4661 natum
1912 4623 2050 4675 esse,

481 4668 736 4722 Christum
766 4683 894 4723 vero
930 4673 982 4725 in
1011 4688 1129 4726 eum
1154 4668 1187 4727 ξε
1213 4677 1349 4729 C(Blo
1378 4668 1740 4731 descetidisse.
1774 4668 2053 4733 Tertullia;

2181 508 2333 552 torem
2357 501 2534 555 Jesum
2562 516 2680 555 esse
2701 501 2949 556 affirmat.
2979 502 3080 566 Qui
3107 504 3285 557 virtute
3305 503 3519 571 propria
3539 501 3736 559 educent

2177 574 2415 640 papulum
2448 588 2475 625 e
2511 583 2831 639 peccatorum
2869 574 3120 640 vinculis,
3163 582 3211 627 et
3250 573 3578 643 captivitate,
3615 572 3736 629 hunc

2176 652 2375 714 (eterna:
2403 644 2617 695 tradidit
2660 644 2834 697 saluti.
2887 644 3087 698 Omnes
3128 644 3342 714 quidem
3388 644 3608 713 aliaeque
3641 660 3735 700 non

2177 711 2449 767 absimiles
2480 714 2725 781 loquendi
2759 714 3001 769 formula:
3029 756 3044 779 ,
3088 711 3541 783 quemadmodum
3571 715 3735 771 Iesum

2177 798 2358 856 verum
2410 786 2501 839 Dei
2552 785 2742 839 Filium
2800 785 2963 840 fuisse
3020 786 3299 856 perSpicue
3354 786 3630 849 indicant,
3674 786 3738 843 ita

2177 852 2234 909 S.
2265 857 2497 927 episcopi
2549 857 2688 910 circa
2734 852 3115 927 incarnationis
3146 852 3464 927 'mysterium
3494 870 3669 909 sanam
3689 864 3739 912 et

2176 925 2487 981 catholicam
2532 928 2686 981 fidem
2737 926 2935 995 absque
2968 928 3072 981 ulla
3104 925 3371 982 haereseos
3402 935 3526 981 nota
3561 941 3739 995 praese-

2178 996 2352 1050 ferunt
2376 1007 2429 1051 et
2461 998 2801 1065 patefaciunt.
2830 996 2957 1065 Qute
2981 1000 3158 1053 omnia
3188 1015 3252 1053 ne
3276 1008 3455 1052 nostra
3485 1012 3738 1053 commen-

2181 1075 2229 1119 ta
2260 1068 2557 1133 videantur,
2588 1068 2797 1123 abunde
2824 1071 3099 1123 sententiis
3133 1071 3183 1123 in
3214 1069 3437 1136 epistola
3467 1068 3535 1123 ad
3566 1068 3739 1124 Diodo-
3772 1124 3775 1129 _

2176 1152 2293 1191 rum
2318 1140 2684 1210 presbyterum
2716 1140 2910 1208 scripta
2935 1138 3011 1210 (g)
3038 1142 3114 1209 (ut
3139 1138 3391 1209 diximus)
3418 1140 3777 1206 roborantur,“

2176 1224 2291 1275 quae
2321 1225 2347 1260 a
2380 1210 2632 1264 studiosis
2666 1210 2817 1265 facile
2849 1227 2968 1263 cum
2998 1212 3209 1265 lustrari
3244 1213 3468 1279 possint,
3506 1222 3738 1279 superva<

2175 1293 2399 1333 cuneum
2448 1280 2696 1335 duximus
2735 1280 2973 1335 eamdem
3024 1282 3076 1336 in
3127 1281 3228 1337 hoc
3273 1296 3408 1352 opus
3453 1282 3736 1336 exscribere

2176 1358 2336 1417 atque
2367 1352 2629 1406 conferre.

2246 1422 2298 1476 6.
2328 1422 2478 1489 Quod
2519 1437 2649 1475 vero
2674 1422 2739 1476 de
2767 1422 2871 1476 alio
2900 1422 3133 1492 Spiritus
3158 1423 3328 1479 sancti
3356 1424 3408 1477 in
3440 1423 3621 1477 Iesum
3660 1422 3733 1475 ba-

2179 1492 2429 1558 ptizatum
2481 1493 2738 1547 descensu
2783 1492 3084 1549 Beausobre
3132 1494 3587 1555 comminiscitur.
3616 1508 3733 1547 nunc

2178 1571 2387 1633 tempus
2424 1574 2506 1618 est
2556 1564 2735 1633 paucis
2783 1565 3149 1633 expediamus.
3200 1564 3281 1619 Ex
3332 1564 3730 1634 praecedentibus

2177 1647 2305 1699 ergo
2331 1636 2470 1689 male
2498 1635 2713 1703 digestis
2743 1636 3037 1689 ratiociniis
3061 1682 3075 1705 ,
3121 1637 3317 1705 quibus
3362 1636 3591 1689 maxima
3630 1650 3729 1689 cum

2179 1704 2418 1760 veritatis
2441 1708 2645 1774 jactura
2692 1714 2745 1760 et
2781 1704 3079 1761 sanctitatis
3124 1704 3392 1762 dedecore
3435 1707 3728 1760 Archelaum

2179 1775 2396 1829 nefariis
2426 1776 2689 1831 hmreticis
2718 1776 3090 1832 associandum
3117 1792 3236 1832 esse
3275 1776 3533 1846 conﬁngit
3558 1817 3573 1841 ,
3611 1776 3727 1830 affir~

2176 1846 2371 1917 mando
2400 1848 2539 1917 quod
2570 1848 2851 1917 episcopus
2898 1863 2995 1902 nec
3037 1850 3271 1903 sanctius
3320 1862 3421 1901 nec
3468 1847 3726 1913 sapientius

2179 1916 2470 1991 Manichaee
2506 1918 2620 1991 ipso
2651 1918 2718 1972 de
2748 1918 3127 1973 incarnationis
3156 1919 3413 1991 mysterio
3454 1918 3725 1991 disputave-

2177 1987 2267 2053 rit,
2297 1988 2362 2041 ad
2388 1989 2533 2042 aliud
2563 2000 2930 2055 argumentum
2958 1991 3180 2059 gradum
3213 1987 3353 2044 'facit
3379 2030 3393 2054 ,
3433 1989 3577 2058 quod
3610 1989 3724 2043 hisce

2178 2060 2416 2113 terminis
2444 2060 2583 2114 idem
2614 2060 2917 2116 Beausobre
2944 2061 3169 2115 orditur.

2247 2129 2590 2184 Manichzeum
2633 2131 2992 2185 adversarium
3024 2142 3177 2201 rogat
3211 2129 3542 2195 Archelaus,
3579 2130 3723 2201 illum-

2174 2214 2278 2321 gue
2312 2202 2635 2271 respondere
2663 2211 2842 2268 urget,
2888 2213 3074 2271 negata
3100 2200 3233 2256 reali
3278 2217 3342 2255 ac
3388 2216 3512 2255 vera
3562 2200 3725 2255 Chriin

2222 2272 2383 2321 omini
2430 2289 2493 2321 ex
2527 2273 2689 2321 Maria
2733 2274 3033 2321 nativitate-
3068 2282 3126 2321 ut
3164 2273 3304 2321 idem
3333 2270 3582 2321 Christus
3607 2272 3725 2321 dum-

2222 2270 2493 2326 omini’ex
2527 2273 2689 2326 Maria
2733 2270 3036 2342 nativitate,
3068 2282 3126 2327 ut
3164 2273 3304 2327 idem
3333 2270 3582 2325 Christus
3607 2272 3729 2325 dum-

2174 2349 2319 2395 taxat
2351 2344 2577 2396 hominis
2608 2342 2861 2410 speciem,
2894 2360 2997 2397 non
3029 2344 3304 2398 veritatem
3333 2343 3577 2410 corporis
3598 2354 3728 2412 atque

2174 2413 2364 2466 animae
2383 2454 2395 2475 ,
2425 2413 2623 2468 habere
2653 2416 2920 2469 videretur
2942 2456 2956 2479 ,
2989 2430 3148 2482 supra
3174 2428 3332 2483 quem
3363 2412 3599 2476 Spiritus
3634 2428 3733 2467 san-

2172 2492 2291 2536 ctus
2332 2487 2380 2536 in
2422 2485 2681 2538 columba:
2730 2486 2907 2554 specie
2956 2485 3325 2540 descenderit?
3380 2485 3513 2537 Eum
3561 2487 3734 2553 pariter

2175 2554 2505 2675 persningit,
2554 2566 2608 2608 ut
2655 2555 2797 2609 dicat
2824 2557 3064 2621 quisnam
3115 2567 3223 2610 tum
3265 2570 3296 2608 a
3345 2554 3553 2609 Joanne
3596 2554 3737 2614 fuerit

2196 2626 2505 2675 iautizatus?
2540 2626 2739 2675 Deinde
2767 2627 2977 2675 subiicit
3008 2645 3020 2675 :
3054 2626 3112 2675 Si
3144 2632 3397 2675 perfectus
3429 2635 3550 2675 erat-
3583 2626 3628 2675 si
3650 2623 3733 2675 Fis

2196 2626 2505 2691 iaptizatus?
2539 2626 2739 2681 Deinde
2767 2627 2977 2696 subjicit
3008 2645 3020 2679 :
3054 2626 3112 2681 Si
3143 2632 3397 2697 perfectus
3429 2635 3550 2689 erat,
3583 2626 3628 2679 si
3650 2623 3733 2677 Fis

2172 2695 2273 2747 lius
2292 2708 2421 2758 erat,
2439 2714 2538 2749 non
2569 2706 2763 2764 poterat
2786 2695 3012 2765 Spiritus
3039 2695 3255 2767 ingredi,
3279 2698 3409 2751 sicut
3428 2711 3509 2748 nec
3531 2712 3726 2765 regnans

2172 2777 2329 2834 potest
2357 2768 2553 2837 ingredi
2582 2769 2716 2821 intra
2740 2786 2972 2838 regnum.
3004 2768 3278 2836 Ejusmodi
3306 2769 3410 2837 jam
3439 2767 3719 2838 testimonio

2172 2833 2439 2905 descripto
2461 2879 2475 2901 ,
2510 2833 2816 2893 BeauSobre
2844 2833 3115 2893 contendit
3140 2833 3386 2893 Latinam
3413 2840 3537 2890 hanc
3558 2833 3721 2890 (ἔτιξεί

2170 2919 2222 2961 et
2251 2909 2463 2963 Arahici
2512 2920 2684 2963 textus
2728 2911 3220 2977 interpretationem
3270 2909 3515 2964 redolere
3557 2907 3732 2961 barba-

2171 2980 2339 3044 riem;
2382 2991 2434 3033 et
2464 2980 2704 3034 ercutn
2748 2998 2941 3036 nomen
2982 2980 3166 3035 Latine
3210 2980 3478 3035 redditum
3522 2994 3737 3047 regnum,

2173 3051 2348 3116 potius
2375 3051 2702 3120 significasse
2730 3054 2986 3113 thronum,
3011 3052 3434 3113 dominationem,
3469 3050 3588 3112 vim,
3610 3050 3741 3120 prin-

2173 3119 2573 3192 cipatum,’qu'.e
2612 3138 2770 3177 voces
2802 3124 3129 3192 frequentius
3158 3126 3209 3175 in
3234 3121 3530 3190 Scripturis
3558 3119 3621 3173 ad
3648 3134 3741 3192 (πως

2174 3190 2335 3263 lestes
2410 3193 2787 3263 intelligentias
2853 3190 3206 3263 designandas
3276 3201 3602 3259 usurpantur
3653 3191 3742 3263 (h).

2174 3260 2352 3327 Quare
2368 3272 2550 3317 noster
2572 3260 2807 3319 veterum
2826 3260 3191 3333 theologorum
3210 3265 3469 3333 magister
3487 3263 3538 3315 in
3555 3260 3741 3333 Arche-

2178 3333 2319 3385 laum
2368 3333 2627 3403 hujusque
2674 3337 2832 3390 verba
2876 3332 3281 3403 animadvertit,
3314 3342 3629 3403 sequent_em
3658 3332 3742 3385 fal-

2174 3418 2290 3456 sam
2318 3401 2603 3473 suhjiciens
2626 3422 2925 3473 censuram,
2950 3407 3087 3473 quod
3110 3402 3370 3459 Christum
3397 3401 3498 3473 pro
3523 3401 3641 3458 Iesu
3664 3418 3738 3473 p03

2174 3474 2361 3538 suerit,
2390 3475 2535 3528 illum
2560 3472 2621 3528 es
2650 3478 2805 3531 Maria
2831 3472 3007 3531 natum
3034 3472 3414 3541 afﬁrmaveritj
3444 3472 3736 3543 quasiquod

2174 3543 2325 3598 Iesus
2351 3555 2510 3598 etiam
2540 3548 2771 3601 Christus
2792 3550 3080 3602 secundum
3104 3562 3321 3602 carnem
3350 3556 3584 3614 nequeat
3614 3544 3715 3597 voci

2178 3618 2300 3669 tari.
2326 3616 2431 3685 73
2462 3622 2529 3670 At
2556 3620 2691 3672 istud
2719 3622 2942 3684 crimen,
2972 3618 3111 3688 quod
3135 3620 3317 3687 objicit
3344 3617 3665 3677 Beausobre,
3689 3614 3732 3667 in

2176 3689 2532 3753 evangelistas
2562 3691 2735 3758 potius
2764 3700 2881 3743 erat
2908 3690 3249 3744 vertendum.
3280 3689 3564 3743 Matthazus
3587 3688 3731 3748 enim,

2174 3758 2239 3809 de
2266 3759 2613 3824 geneiatione
2641 3760 2759 3814 Filii
2793 3760 2883 3815 Dei
2915 3762 2965 3814 in
2998 3776 3159 3814 carne
3186 3761 3296 3814 nati
3332 3760 3495 3813 verba
3528 3758 3729 3819 faciens,

2174 3838 2459 3900 utrumque
2511 3847 2701 3885 nomen
2745 3831 3020 3896 adhibuit,
3054 3832 3296 3885 scribens
3324 3848 3337 3883 :
3366 3828 3523 3900 Liber
3547 3842 3731 3900 genera-

2174 3899 2327 3970 tionis
2355 3897 2479 3953 Jesu
2517 3900 2707 3955 Christi
2749 3903 2843 3969 ﬁlii
2884 3901 3084 3970 David,
3115 3911 3169 3957 et
3199 3916 3386 3955 rursus
3428 3897 3574 3954 addit
3605 3898 3729 3970 (ἢ)

2172 3968 2323 4043 Iesus
2348 3973 2435 4037 qui
2460 3972 2646 4025 dicitur
2668 3967 2916 4027 Christus.
2942 3967 3107 4041 Cujus
3136 3974 3329 4043 quippe
3362 3971 3581 4043 generis
3603 3967 3729 4043 testi-

2176 4041 2389 4114 monia,
2422 4057 2541 4095 cum
2587 4044 2688 4114 alia
2734 4059 2869 4110 pene
2912 4037 3183 4098 innumera
3229 4037 3280 4096 in
3325 4037 3728 4114 Scripturis“?

2172 4112 2524 4179 quentissime
2554 4113 2918 4179 offendamus,
2950 4130 3068 4183 quae
3114 4114 3305 4167 Filium
3352 4114 3449 4167 Dei
3488 4128 3551 4167 ex
3586 4110 3726 4162 Maris

2173 4184 2642 4254 natnmhinomine
2658 4186 2985 4254 exprimunt,
3008 4186 3207 4239 nullam
3236 4199 3461 4254 prorsus
3490 4194 3723 4254 persona-

2172 4270 2287 4308 rum
2320 4252 2932 4310 diStinctionem'Iesum
2968 4258 3108 4310 inter
3137 4268 3189 4311 et
3219 4252 3481 4310 Christum
3512 4252 3723 4307 indican-

2176 4326 2269 4389 tia,
2297 4325 2436 4378 haud
2466 4326 2624 4381 video
2644 4341 2762 4393 cur,
2784 4343 2886 4396 qua
2909 4328 3187 4411 religione,
3218 4337 3269 4381 et
3292 4342 3399 4396 quo
3423 4324 3542 4379 nisu
3558 4332 3722 4378 censor

2163 4466 2429 4521 luctantur
2455 4467 2765 4536 explicavit.

2162 4532 2572 4663 Vl(e1)d‘Apost.',
2604 4538 2670 4591 ad
2701 4538 2872 4593 Galat.
2902 4552 2983 4603 tv,
3027 4536 3091 4603 4;
3131 4534 3297 4591 lCor.
3332 4552 3386 4601 ν,
3420 4536 3485 4600 7;
3526 4532 3717 4594 ibidem,

2222 4651 2248 4747 ⁹(
2268 4651 2589 4749 ίῐλιειιθὴιί
2618 4680 2814 4745 disput.
2845 4693 2963 4747 cap.
2992 4678 3076 4743 49,
3102 4676 3238 4745 apud
3266 4676 3581 4746 Zacagnium
3611 4673 3689 4728 49.

480 4753 603 4822 nus,
630 4738 1243 4822 denPrmscriptionihus,
1268 4761 1385 4813 cap.
1413 4746 1513 4811 47;
1546 4749 1837 4822 Origenes,
1872 4751 1963 4803 ιιι).
1999 4767 2053 4807 νι
2080 4742 2135 4801 D
2335 4750 2597 4822 Archelai
2631 4738 2866 4822 rt-p'istola
2905 4738 2969 4803 ad
3016 4738 3325 4822 Diodoruni_
3354 4738 3716 4822 presbyteri-tm.

479 4819 664 4890 contra
690 4808 900 4890 Celsum
937 4808 1549 4890 :Vlidem‘_serpentem,va
1578 4808 1679 4888 quo
1719 4808 1925 4890 decepta
1958 4822 2055 4889 fuit

477 4879 618 4959 Eva,
641 4881 1023 4959 venerabantur,
1057 4895 1100 4937 et
1132 4879 1385 4959 Christum
1415 4879 1769 4959 indigilabant.

549 4951 625 5021 (ὁ)
674 4952 1125 5026 Beausobrianum
1158 4958 1426 5024 snphisma
1456 4951 1561 5026 quo
1592 4961 1910 5015 Archelaum
1943 4962 2051 5017 cri-

476 5022 710 5075 minatur
734 5023 878 5101 clare
917 5025 1127 5101 diluunt
1167 5022 1484 5084 Tertulliani
1521 5032 1683 5101 verba
1712 5034 1900 5101 quibus
1927 5034 2053 5087 Pra-

476 5108 626 5173 xeam
652 5096 957 5173 aggreditur
987 5096 1245 5173 ;__It_aque.
1275 5100 1376 5173 ait,
1408 5105 1507 5154 sive
1533 5100 1683 5156 Iesus
1708 5096 2055 5159 tantummodo

475 5168 695 5244 positum
736 5173 807 5244 est
830 5209 844 5231 ,
876 5168 1178 5244 intelligitur
1212 5179 1259 5223 et
1295 5171 1561 5233 Christus;
1606 5175 1708 5226 sive
1738 5174 2054 5230 solummodo

477 5234 728 5297 Christus,
744 5236 884 5311 idem
908 5247 977 5311 est
998 5234 1057 5291 ac
1076 5238 1246 5305 Iesus,
1269 5244 1388 5310 quia
1413 5254 1593 5296 unctus
1622 5255 1692 5297 est
1716 5245 1745 5295 J
1754 5262 1886 5299 esus.
1917 5247 2054 5311 Quoo

473 5319 587 5384 rum
620 5305 880 5385 nominum
908 5308 1125 5385 alterum
1152 5322 1227 5365 est
1260 5305 1555 5381 proprium,
1597 5316 1734 5384 quod
1769 5318 1831 5369 ab
1868 5305 2051 5385 αιιξμιίο

473 5384 1176 5453 impositum_es_t,_atterum
1214 5386 1481 5447 accidens,
1528 5387 1662 5450 quod
1709 5387 1771 5438 ab
1824 5384 2057 5441 unctione

473 5446 722 5525 convenit.
756 5446 904 5525 Dnde
928 5449 1084 5505 habet
1107 5469 1235 5521 ergo
1264 5446 1564 5509 Beausobre
1591 5457 1697 5509 duo
1728 5456 1811 5509 illa
1842 5462 2056 5513 nomina

471 5514 605 5594 duas
640 5516 956 5594 rsigniﬁcare
994 5514 1264 5592 separavtas
1304 5527 1607 5594 personas?
1654 5527 1856 5581 Tcrtul.
1891 5571 1904 5594 ,
1960 5529 2054 5582 ιιι).

475 5584 705 5655 laudato,
736 5602 851 5655 cap.
883 5590 972 5643 28.

544 5654 617 5775 (9
650 5654 971 5740 Lactantius,
1002 5662 1093 5716 lib.
1122 5677 1195 5745 tv,
1215 5680 1333 5733 cap.
1365 5666 1415 5721 7.

544 5722 564 5775 (
613 5727 627 5775 l
665 5724 895 5775 Lonsnle
941 5735 1275 5775 Amlirnemm
1323 5738 1373 5775 in

544 5722 627 5807 (ti)
665 5724 895 5807 Consule
940 5722 1295 5807 Ambrosium.
1323 5738 1375 5789 in
1424 5738 1684 5806 psalmum
1735 5754 1897 5792 xxxix
1925 5780 1939 5801 .
1970 5741 2059 5807 qui

480 5803 645 5848 nocce
670 5794 867 5852 Christi
900 5810 1171 5859 certamen
1199 5794 1467 5862 uberrime
1483 5809 1729 5863 exemplo
1756 5794 1939 5864 eorum
1968 5794 2058 5869 lllli

2156 4809 2503 4876 ex‘D'obiensi
2544 4809 2729 4876 codice
2761 4821 2897 4889 typis
2924 4821 3203 4874 commissa
3236 4835 3263 4871 a
3294 4809 3716 4889 doctissiinoVa-

2157 4893 2289 4946 lesio
2336 4894 2399 4945 ad
2443 4892 2643 4947 calcem
2694 4888 3077 4945 Ecclesiasticte
3127 4890 3373 4943 Historia:
3414 4888 3636 4944 Socratis
3674 4892 3719 4937 et

2157 4962 2460 5027 Sozomeni,
2494 4973 2542 5016 et
2571 4962 2709 5029 apud
2743 4962 3082 5015 Laurentium
3113 4960 3468 5030 Zacagnium,
3501 4975 3611 5080 pag.
3639 4955 3718 5036 η.

2228 5033 2310 5080 lhl
2354 5034 2670 5080 Beausobre-
2700 5034 2819 5080 loco
2849 5032 3093 5080 superius
3123 5033 3355 5080 laudato-
3388 5047 3506 5080 nae.
3537 5030 3558 5080 l
3598 5028 3718 5080 6.111

2228 5033 2310 5104 (h)
2354 5028 2671 5101 Beausobre,
2700 5034 2819 5087 loco
2849 5032 3093 5101 superius
3122 5028 3355 5098 laudato,
3388 5028 3511 5101 pag.
3537 5028 3649 5095 ll6,
3673 5028 3719 5079 in

2159 5104 2572 5245 nolifhiatthaai
2605 5190 2642 5239 ι,
2677 5175 2727 5239 l,
2755 5172 3378 5245 16.7Frequentissimam
3402 5182 3581 5245 autem
3610 5182 3720 5245 esse

2165 5247 2215 5300 in
2240 5240 2414 5300 sacris
2445 5247 2638 5300 litteris
2670 5247 2806 5299 hanc
2848 5240 3133 5298 binominis
3163 5244 3568 5311 appellationem
3590 5284 3602 5305 ,
3648 5240 3720 5292 in-

2163 5331 2385 5370 numera
2416 5317 2518 5370 alia
2548 5317 2659 5371 loca
2683 5315 2990 5370 ostendunt.
3016 5315 3257 5376 Joannis,
3286 5315 3549 5375 videlicet,
3580 5331 3612 5375 ι,
3639 5311 3716 5369 17,

2162 5388 2354 5456 legitur
2388 5406 2400 5440 :
2436 5387 2615 5441 Gratia
2652 5398 2698 5439 et
2733 5388 2913 5439 veritas
2962 5402 3049 5453 per
3079 5384 3264 5456 Iesum
3303 5384 3558 5439 Christum
3593 5384 3718 5456 facta

2162 5453 2237 5529 esi
2254 5474 2271 5521 ;
2296 5466 2353 5513 et
2382 5460 2572 5513 iterum
2612 5474 2729 5527 cap.
2762 5473 2902 5529 xvn,
2930 5458 2967 5529 73
2997 5473 3011 5529 ς
3046 5455 3113 5529 ζΙι
3142 5466 3445 5529 cognoscant
3483 5453 3717 5529 teraoltttll

2163 5527 2328 5582 Deum
2358 5546 2549 5589 verum,
2578 5538 2623 5579 et
2654 5521 2801 5599 quem
2824 5527 3007 5579 misisti
3031 5521 3505 5580 Iesum'Christum.
3528 5521 3716 5577 Similia

2166 5599 2399 5654 oﬂendes
2428 5602 2478 5653 in
2510 5598 3065 5661 Actis'apostolorum,
3098 5612 3216 5668 capi.
3246 5613 3306 5668 ι,
3328 5612 3393 5661 ιι,
3427 5613 3507 5659 ιιι,
3532 5604 3713 5668 xt,_xv,

2167 5686 2308 5737 xxiv,
2339 5686 2464 5724 xxxi
2488 5710 2501 5735 ,
2525 5678 2580 5724 et
2603 5670 2798 5737 passim
2830 5669 2881 5722 in
2913 5668 3159 5722 omnibus
3187 5667 3334 5721 Pauli
3359 5665 3573 5735 apostoli
3600 5665 3714 5737 l‘l_l'_i'

2163 5731 2339 5864 lstolis,
2373 5731 2497 5811 quae
2515 5731 2871 5796 abundantius
2896 5738 3322 5794 Beausohriauas
3353 5731 3546 5793 nuntias
3565 5731 3713 5789 refel-

2186 5821 2280 5864 unt

2186 5821 2280 5869 ιιιιι
