3988 6314
186 329 294 384 857

959 329 1045 383 DE
1086 325 1602 383 MANICHIEORUM
1648 314 1921 378 IliERES‘i
1967 324 2046 378 ΕΤ
2096 326 2411 385 HISTORIA
2454 330 2579 387 LIB.
2623 333 2660 389 I.

3343 332 3449 391 858

186 453 372 499 noster
401 441 707 498 existimare
736 440 970 514 potuerit
1009 456 1126 497 eam
1168 441 1378 497 duabus
1408 440 1768 514 illisvocibus
1794 441 1845 499 A
1875 439 2027 514 nobis
2057 456 2190 514 opus
2216 458 2335 498 esse
2359 457 2530 514 potest
2556 449 2781 505 aliorum
2812 451 3197 507 catholicorum
3230 449 3451 508 Patrum

185 514 345 568 simul
376 514 636 583 copulatis
666 510 986 569 Archelaum
1032 522 1307 579 astruere,
1340 526 1431 568 aut
1462 512 1653 568 saltem
1686 510 1767 565 in-

185 600 356 639 nuere
398 585 653 640 voluisse.
698 585 768 641 At
812 584 1127 640 detrahendi
1156 584 1627 654 maledicendique
1657 591 1771 638 stu-

184 656 280 709 dio
310 656 360 708 id
395 656 695 712 Beausobre
722 657 1047 711 conﬁnxisse
1067 699 1081 721 ,
1115 657 1279 711 altera
1306 655 1579 709 calumnia
1610 670 1767 724 quam

182 728 369 780 statim
396 728 610 796 subjicit
631 728 1036 783 evidentissime
1057 729 1413 796 demonstrat.
1438 725 1572 781 Nam
1598 726 1771 781 anim-

182 792 586 870 advertens'ad
632 800 835 870 reliqua
881 800 1109 855 laudatae.
1151 792 1434 854 se'ntentiae
1461 799 1647 867 verba,
1683 799 1769 854 illa

180 868 446 924 violenter
479 870 530 923 in
561 868 885 927 contrarium
936 886 1153 926 sensum
1206 871 1522 941 detorquet;
1572 880 1625 925 et
1672 870 1773 927 sibi

183 942 504 1011 conﬁngens
530 941 731 1010 alloqui
764 946 1041 998 dumtaxat
1068 942 1263 996 bardos
1296 950 1353 996 et
1380 942 1658 1011 plumbeos
1686 943 1773 997 hoc

180 1012 390 1076 mines,
420 1013 510 1082 qui
543 1013 871 1083 theologicae.
904 1014 1301 1069 lucubrationes
1334 1027 1621 1082 numquam
1656 1016 1774 1068 atti-

183 1090 412 1151 gerunt,
443 1099 540 1139 nec
569 1097 784 1140 sanctos
816 1086 1003 1139 Patres
1042 1096 1201 1154 atque
1247 1084 1554 1152 Scripturas
1583 1084 1777 1140 lustra-

182 1156 553 1216 runt,'iterttm
586 1157 637 1209 in
666 1168 908 1211 sanctum
941 1158 1250 1225 episcopum
1280 1156 1570 1220 invehitur,
1606 1156 1775 1212 illius-

181 1232 291 1292 que
318 1226 591 1281 haéreseos
623 1226 749 1282 facit
775 1238 1088 1292 auctorem,
1124 1243 1225 1296 qua
1254 1228 1417 1294 impie
1451 1228 1772 1283 afﬁrmatum

179 1296 465 1367 eleesum
483 1297 760 1353 Christum
788 1314 891 1352 non
914 1299 1019 1350 nisi
1044 1308 1165 1367 post
1188 1309 1494 1366 susceptum
1517 1314 1545 1351 a
1571 1298 1775 1355 Joanne

179 1365 514 1437 baptismum
567 1370 658 1423 Dci
707 1370 900 1424 Filium
942 1365 1193 1423 enectum
1240 1365 1423 1423 fuisse.
1468 1370 1614 1423 Alias
1669 1371 1773 1426 dici

179 1448 459 1507 oporteret
489 1439 728 1495 divinam
760 1444 1035 1509 virtutem,
1061 1440 1215 1494 aliain
1241 1440 1557 1507 ingressam,
1587 1457 1773 1495 unum-

177 1525 286 1577 que
306 1510 591 1579 Spiritum,
610 1512 772 1565 alium
798 1527 917 1567 esse
936 1513 1254 1578 ingressum.
1274 1511 1475 1565 Idcirco
1495 1526 1773 1567 necessum

180 1580 353 1637 fuisse
384 1580 569 1636 Jesunt
598 1582 869 1637 Christum
907 1598 1087 1637 veram
1127 1582 1323 1636 habere
1363 1582 1594 1636 hominis
1628 1593 1772 1637 natu-

180 1665 296 1705 ram
316 1693 332 1717 ,
364 1661 423 1705 ut
452 1651 685 1718 Spiritus
707 1665 922 1709 sanctus
950 1654 1003 1707 in
1033 1670 1153 1708 eum
1193 1654 1563 1708 descenderet.
1597 1655 1773 1720 Quan-

181 1731 294 1775 tum
338 1730 520 1777 tamen
566 1724 771 1779 alienus
812 1725 964 1780 fuerit
997 1726 1063 1778 ab
1095 1726 1355 1793 ejusmodi
1388 1726 1651 1790 cogitandi
1685 1742 1770 1779 ra-

182 1793 331 1863 tione
387 1794 506 1861 pius
552 1806 711 1863 atque
758 1796 1052 1849 catholicus
1093 1796 1339 1849 Archelai
1391 1797 1629 1859 animus,
1658 1797 1768 1863 jam

181 1862 325 1919 dicta
359 1864 409 1917 in
441 1862 865 1932 praecedentibus
894 1867 1173 1931 perspicue
1218 1866 1563 1934 patefaciunt.
1590 1862 1768 1923 Semel

177 1934 323 2005 enim
366 1936 508 2003 quod
542 1935 724 1991 Manes
768 1946 820 1989 et
861 1935 1158 1990 Archelaus
1196 1938 1246 1989 itt
1285 1952 1350 1990 eo
1380 1937 1767 2005 convenirent,

173 2003 449 2076 videlicet,
480 2006 531 2058 in
560 2006 938 2061 exordiislesu
956 2006 1155 2061 Christi
1181 2007 1551 2076 apparitionis,
1578 2003 1766 2064 verum

169 2072 340 2128 fuisse
371 2074 537 2129 Deum
558 2086 611 2129 et
642 2077 733 2131 Dei
765 2078 993 2141 Filium,
1033 2087 1088 2131 et
1122 2072 1403 2133 dumtaxat
1434 2080 1502 2135 de
1538 2072 1662 2135 vera
1703 2098 1768 2136 ex

168 2143 341 2215 Maria
376 2146 688 2215 nativitate,
735 2149 803 2203 de
842 2164 968 2203 vera
1016 2148 1250 2204 hominis
1296 2161 1485 2204 natura
1529 2152 1580 2204 in
1614 2163 1771 2207 utero

164 2214 358 2271 Matris
384 2228 659 2287 assumpta
692 2228 747 2275 et
773 2220 950 2274 Verbo
982 2220 1163 2273 divino
1196 2220 1395 2276 sociata
1415 2264 1428 2287 ,
1457 2233 1772 2277 controver-

166 2286 251 2341 sia
304 2289 663 2363 procederet,
716 2292 825 2360 jatn
876 2291 1144 2346 Archelao
1193 2292 1357 2347 licere
1406 2286 1511 2347 non
1562 2306 1772 2363 poterat

169 2368 330 2414 extra
360 2361 685 2416 constitutos
716 2365 813 2417 hos
852 2364 1228 2432 disputationis
1269 2364 1492 2426 limites,
1537 2361 1637 2420 nec
1674 2382 1768 2420 va-

164 2440 357 2500 gatum
387 2432 569 2497 abire,
618 2448 717 2489 nec
763 2450 943 2489 veram
985 2434 1319 2489 divinitatem
1360 2435 1576 2490 Christo
1605 2437 1772 2494 deue-

168 2516 339 2570 gare;
373 2504 488 2576 sed
536 2503 804 2561 afﬁrmare
846 2517 1007 2572 atque
1055 2506 1332 2560 dumtaxat
1374 2508 1603 2576 probare
1645 2525 1766 2563 eum

167 2575 463 2645 oportebat
489 2576 808 2631 descensum
840 2578 986 2631 illum
1020 2576 1253 2645 Spiritus
1297 2575 1465 2633 sancti
1502 2580 1551 2632 in
1582 2578 1764 2634 Jesum

169 2644 502 2721 baptizatum
547 2647 599 2700 in
632 2651 856 2721 gratiam
907 2644 1155 2721 humanae
1203 2658 1409 2721 naturae
1452 2652 1762 2721 contigisse.

167 2714 249 2790 _Ut
275 2718 525 2773 nimirum
558 2714 789 2784 mundo,
822 2719 1027 2789 angelis
1064 2730 1223 2790 atque
1250 2714 1767 2786 hominibusfcerto

163 2787 560 2853 innotesceret,
587 2790 732 2845 illum
762 2807 886 2845 esse
899 2787 1366 2861 Ituninni'generis
1388 2793 1765 2860 opitulatorent

163 2868 514 2933 sequestrem
540 2904 553 2927 ,
582 2871 635 2915 et
664 2878 846 2916 verum
878 2862 1280 2933 propitiatorem
1308 2864 1373 2933 ab
1401 2874 1603 2917 aeterno
1631 2880 1769 2933 prae-

164 2930 491 2997 delinitum,
536 2942 589 2987 et
628 2933 679 2986 in
712 2942 952 3002 tempore
976 2930 1006 2987 e
1036 2934 1162 2988 sede
1194 2932 1368 2986 Patris
1413 2934 1475 2988 ad
1521 2930 1768 2989 homines

168 3002 405 3057 missum
426 3045 438 3067 ,
472 3013 528 3056 ut
568 3005 886 3072 prtedicaret
914 3004 1140 3073 captivis
1178 3005 1581 3069 remissionem,
1610 3007 1768 3060 caecis

166 3073 379 3147 visum,
410 3074 701 3147 dimitteret
722 3078 1026 3147 contractos
1052 3074 1103 3128 iu
1127 3075 1521 3141 remissionem,
1553 3085 1607 3129 ct
1634 3093 1770 3144 pra:-

166 3144 383 3199 dicaret
428 3162 625 3200 annum
668 3144 877 3201 Domini
908 3154 1221 3215 acceptum,
1255 3157 1306 3199 et
1341 3147 1483 3199 diem
1530 3147 1764 3201 retribu-

170 3215 341 3270 tionis
391 3216 489 3286 (a).
524 3217 795 3273 Descensu
838 3218 1017 3287 itaque
1038 3203 1144 3270 'ilIo
1184 3203 1523 3271 titanifestata
1556 3228 1638 3271 est
1677 3219 1763 3273 illa
1791 3203 1836 3265 Ο

171 3287 369 3355 gratia:
396 3289 720 3343 abundantia
752 3298 807 3344 et
827 3288 1123 3359 plenitudo,
1150 3304 1307 3358 quam
1343 3304 1438 3342 nos
1461 3304 1649 3343 omnes
1674 3304 1769 3358 per

172 3359 570 3425 mediatorem,
612 3376 881 3414 summum
932 3359 1271 3429 pontiﬁcem,
1312 3374 1343 3413 a
1388 3359 1499 3415 Deo
1550 3370 1767 3415 unctutn

169 3430 507 3498 accepimus.
566 3432 740 3486 Hocce
802 3446 932 3499 ergo
993 3431 1392 3497 ministerium,
1446 3442 1766 3500 potestatem

168 3501 660 3573 auctoritatemque
686 3503 881 3558 deinde
916 3502 1307 3567 exercendam,
1346 3503 1416 3557 ob
1456 3520 1577 3573 qua:
1614 3504 1769 3557 inuu-

169 3581 297 3626 ctus
350 3571 658 3640 dicebatur,
719 3574 883 3627 voluit
935 3573 1169 3641 Spiritus
1229 3571 1764 3642 sanctus'indicare;

168 3644 628 3711 quemadmodum
672 3646 781 3714 jam
832 3644 1037 3715 pridem
1090 3644 1255 3699 Isaias
1294 3644 1467 3698 fuerat
1507 3646 1767 3700 vaticina-

172 3724 263 3769 tus
304 3716 403 3784 (ιι).
446 3715 783 3785 Quapropter
828 3717 924 3769 etsi
977 3716 1115 3781 PP.,
1165 3716 1217 3769 in
1260 3716 1525 3770 catholico
1569 3734 1764 3784 sensu,

169 3787 337 3841 aliter
374 3796 429 3840 et
468 3788 623 3841 aliter
662 3789 805 3842 illum
848 3788 1078 3853 Spiritus
1135 3788 1299 3841 sancti
1348 3787 1664 3843 descensum
1713 3792 1765 3844 in

171 3856 368 3912 Jesum
400 3857 723 3926 baptizatum
748 3858 1161 3926 explicavetint,
1194 3872 1381 3913 omnes
1414 3870 1589 3913 tamen
1622 3860 1672 3913 in
1704 3877 1770 3916 eo

180 3929 550 3993 conveniunt,
584 3930 728 3983 illum
760 3931 1051 3999 contigisse
1080 3939 1133 3981 ut
1154 3932 1505 3984 edoceremur
1531 3932 1770 3986 humanm

172 4010 383 4073 ποιείτω
413 4002 663 4071 primitias
687 4000 798 4073 74
821 4004 975 4071 fuisse
1006 4003 1345 4073 instauratus,
1380 4018 1492 4053 cum
1516 4019 1770 4070 apparere

172 4071 396 4125 voluerit
441 4088 585 4125 verus
618 4071 788 4139 homo,
836 4072 1257 4140 sanctiﬁcationis
1304 4088 1496 4141 capax,
1539 4082 1594 4124 ut
1638 4073 1771 4127 dicit

180 4141 461 4211 Cyrillus;
511 4143 772 4214 simulque
824 4144 1185 4197 innotesceret
1236 4158 1302 4195 eo
1362 4154 1604 4209 tempore
1651 4146 1769 4211 ejus

181 4214 497 4284 unctionem
525 4216 685 4269 fuiSse
716 4217 1021 4284 expletam,
1053 4214 1177 4281 quia
1217 4214 1394 4265 omnia
1442 4214 1767 4281 ministeria,

170 4283 491 4339 functiones
520 4296 572 4340 et
606 4283 860 4341 exercitia
895 4285 963 4339 ab
989 4284 1106 4353 ipso
1135 4284 1268 4337 Isaia
1291 4283 1598 4351 vaticinata,
1630 4293 1684 4339 et
1703 4286 1770 4339 ad

168 4356 543 4411 sacerdotium
573 4356 915 4426 pertinentia,
948 4355 1202 4423 suscepit.

241 4427 303 4482 7.
349 4426 431 4481 Ex
458 4429 650 4497 quibus
680 4430 927 4483 omnibus
972 4426 1097 4480 illud
1139 4428 1503 4496 consequitur,
1538 4426 1768 4481 maxima

168 4498 407 4567 injuria,
454 4500 506 4553 iu
549 4501 818 4554 luereseos
849 4498 1207 4566 suspicionem
1254 4497 1576 4552 Archelaum
1607 4501 1770 4554 luisse

169 4569 509 4649 adductum,
556 4572 695 4649 quod
742 4568 1437 4649 titruntque_ttomen_1esus
1474 4580 1527 4624 et
1559 4568 1766 4649 Christi
1796 4591 1846 4649 ο

168 4640 366 4696 Mariae
396 4644 550 4697 unico
574 4642 682 4697 ﬁlio
712 4642 981 4696 tribuerit.
1015 4640 1159 4695 lianc
1180 4641 1320 4695 enim
1347 4642 1592 4708 loquendi
1621 4656 1766 4695 mcu-

170 4712 421 4766 nomiam
455 4730 576 4767 eum
604 4729 818 4768 servare
846 4714 1101 4781 oportuit,
1138 4721 1194 4765 ut
1220 4712 1437 4764 duarum
1470 4723 1764 4766 naturarum

168 4783 595 4852 conjunctionem
624 4786 893 4849 indicaret,
914 4794 962 4835 ιιι
985 4792 1129 4837 notat
1150 4782 1538 4837 Theodoretus.
1568 4783 1760 4849 Iittmo,

171 4863 407 4925 auctore
463 4855 792 4925 Augustino,
839 4857 881 4908 si
935 4855 1052 4922 quis
1084 4852 1595 4925 glesumiChristum
1648 4856 1765 4922 plus

167 4941 335 4995 quam
372 4924 629 4979 hominem
658 4943 759 4980 non
789 4926 1025 4991 novisset,
1064 4924 1243 4977 Iesum
1291 4924 1551 4978 Christum
1593 4930 1767 4994 utique

168 4994 280 5051 non
311 5000 548 5052 novisset.
583 4997 645 5052 Si
674 5000 809 5051 enim
840 4999 1190 5050 tantummodo
1221 4994 1374 5050 homo
1399 5007 1501 5062 est,
1547 5006 1594 5050 et
1635 4997 1767 5050 nihil

167 5067 442 5139 amplius,
472 5086 574 5123 non
602 5078 676 5122 est
719 5070 827 5140 ipse
869 5068 1022 5140 Jesus
1046 5066 1300 5140 Christus.
1336 5067 1441 5140 Sed
1470 5070 1535 5123 ad
1576 5084 1769 5137 quain-

167 5138 414 5209 cumque
476 5138 935 5210 callidam'atque
991 5138 1230 5193 fallacem
1290 5138 1540 5194 Archelai
1587 5140 1770 5194 verbis

168 5214 376 5265 tactam
425 5210 921 5282 interpretationem
968 5211 1180 5281 penitus
1225 5212 1599 5281 eripiendatn,
1643 5212 1769 5281 quid

244 5418 329 5491 (a)
356 5418 523 5491 μιοω
544 5434 625 5488 tv,
656 5419 805 5491 I9Aet
832 5434 982 5489 seqq.

241 5486 325 5560 (ὁ)
354 5489 540 5557 Isaias,
566 5486 654 5545 ut
679 5508 693 5543 :
724 5486 960 5557 Spiritus
985 5486 1195 5541 Domini
1219 5502 1372 5560 super
1406 5503 1486 5560 me
1514 5503 1534 5541 :
1560 5496 1768 5559 propter

139 5558 316 5634 'quod
348 5564 635 5634 unxitme,
659 5561 1014 5634 evangelizare
1047 5558 1519 5634 pauperibus_inisit
1543 5576 1651 5634 me,
1683 5576 1767 5613 sa-

168 5629 302 5689 nare
346 5633 592 5703 contrita
633 5629 811 5687 corde:
849 5630 1078 5703 Cyrillus
1128 5629 1565 5703 Alexandrinus,»
1597 5630 1687 5703 lib.
1729 5646 1765 5684 ιι

167 5716 365 5760 contra
423 5702 757 5768 Nestorium;
816 5698 1393 5773 Hiéronym.,§otnm.
1452 5701 1501 5773 i_n
1558 5701 1766 5756 laudata

168 5778 329 5836 Isaia:
362 5775 548 5831 verba.
580 5774 812 5830 Consule
837 5770 1113 5830 Petavi'um
1133 5813 1146 5837 ,
1176 5770 1435 5835 Theolog.
1466 5771 1595 5841 Dog.
1633 5782 1761 5825 tom.

172 5852 277 5911 γι,
337 5850 409 5906 de
454 5846 939 5907 Incarnationelib.
990 5860 1077 5909 ιι,
1120 5858 1237 5912 cap.
1286 5846 1348 5907 9,
1399 5841 1424 5915 ς
1470 5842 1563 5909 10,
1608 5842 1666 5898 lt
1712 5850 1767 5897 et

1874 511 2130 593 loquendi
2182 511 2432 593 modo—et
2480 522 2796 593 sententiis?
2840 522 3055 578 Plenius
3101 523 3451 593 semetipsum

1875 585 2198 657 Archelaum
2246 589 2572 657 explicasse,
2624 592 3019 650 evidentissime
3058 585 3453 657 produnt-tum

1874 656 2109 731 prmtatze
2130 656 2527 731 Adistiutationis
2556 673 2865 731 argumenta
2893 676 2946 721 et
2968 656 3255 721 verborum
3280 666 3455 721 serios

1874 728 2324 819 etfig‘iiiﬁcatio,
2377 742 2502 819 tum‘
2522 728 3131 819 Manetisublasphemiie
3150 744 3216 819 et
3242 736 3451 819 objecta

1875 813 1996 877 quae
2034 801 2436 877 scripturarum
2474 804 2809 877 testimoniis
2849 801 3070 877 rejicere
3110 818 3163 862 et
3206 801 3454 864 evertere

1877 872 1935 947 _S_.
1997 874 2641 947 episcopuscouabatur.
2708 872 3083 947 Hocce'igitur
3136 889 3453 947 argumento

1880 942 2086 1017 Maneto
2116 944 2413 1001 Archelaus
2439 962 2721 1017 aggressus
2747 958 2847 1002 est.
2884 942 3129 1012 Si'enim,
3175 942 3453 1004 dcundum

1878 1023 1931 1067 tu
1954 1014 2087 1091 dicis
2104 1057 2125 1091 ,Δ
2152 1032 2249 1068 non
2278 1027 2349 1069 est
2380 1014 2528 1071 natus
2548 1062 2562 1084 ,
2596 1021 2703 1072 sine
2724 1018 2877 1072 dubio
2900 1036 2989 1072 nec
3017 1036 3193 1091 passus
3216 1029 3321 1085 est;
3347 1022 3454 1091 pati

1880 1086 2015 1137 enim
2041 1087 2125 1154 qui
2149 1097 2298 1141 natus
2322 1106 2418 1141 non
2443 1100 2537 1151 est,
2562 1090 2872 1159 impossibile
2896 1100 2988 1143 est.
3020 1090 3169 1155 Quod
3187 1092 3231 1143 si
3256 1086 3358 1145 non
3380 1100 3454 1147 est

1878 1173 2090 1230 passus,
2136 1161 2298 1211 crucis
2353 1177 2535 1214 nomen
2578 1162 2831 1229 aufertur.
2875 1162 2939 1215 Et
2976 1161 3292 1230 quihusdam
3338 1162 3452 1218 aliis

1880 1227 2037 1295 hujus
2063 1231 2273 1297 generis
2306 1231 2629 1296 interiectis,
2649 1227 2914 1287 eumdem
2954 1227 3160 1287 Martem
3190 1233 3453 1300 perstrin-

1876 1300 2050 1365 geudo
2081 1301 2293 1366 subjicit
2328 1320 2339 1353 :
2378 1303 2503 1356 lltec
2532 1314 2700 1356 autem
2747 1306 2918 1357 omnia
2946 1305 3233 1366 connectis,
3264 1320 3455 1372 negans

1874 1372 2292 1445 quoddeMaria
2317 1385 2463 1426 natus
2487 1385 2595 1437 est;
2622 1376 2666 1427 si
2694 1376 2829 1428 enim
2866 1379 3127 1445 confessus
3160 1375 3318 1443 fueris
3343 1390 3457 1430 eum

1878 1442 1941 1493 de
1974 1440 2144 1515 Maria
2175 1455 2379 1505 natum,
2413 1456 2461 1497 et
2493 1447 2659 1512 passio
2688 1440 3021 1515 subsequatur
3051 1440 3250 1499 necesse
3279 1455 3382 1507 est,
3412 1453 3457 1501 et

1876 1512 2160 1586 passionem
2191 1517 2486 1568 resurrectio
2506 1556 2519 1577 ,
2552 1526 2599 1569 et
2620 1512 2924 1571 resurrectio
2946 1518 3223 1586 judicium,
3248 1527 3296 1571 et
3318 1518 3458 1571 salva

1876 1585 2015 1659 nobis
2036 1595 2184 1659 erant
2208 1586 2493 1651 Scripturte
2522 1598 2793 1659 pra’cepta.
2830 1589 2893 1642 Et
2926 1597 3043 1656 post
3071 1604 3267 1656 pauca,
3306 1603 3457 1642 eum-

1875 1652 1994 1705 dem
2037 1656 2110 1731 ita
2154 1660 2478 1726 compellat:
2516 1652 2638 1712 Ideo
2682 1652 2939 1730 responde
2978 1652 3105 1712 milii
3146 1663 3214 1714 ad
3255 1652 3457 1731 singula

1879 1740 1993 1801 qua:
2030 1726 2347 1801 interrOgabo
2377 1746 2394 1783 :
2422 1732 2673 1801 quomodo
2696 1726 2991 1801 abjiciemus
3031 1741 3201 1785 tantas
3239 1740 3283 1783 et
3333 1726 3457 1785 iales

1880 1797 2111 1873 Apostoli
2144 1797 2239 1873 (οἱ
2264 1797 2442 1866 voces,
2483 1797 2801 1873 quiedicunt
2835 1821 2853 1855 :
2875 1803 3002 1855 Cum
3031 1813 3201 1855 autem
3231 1804 3327 1871 fuit
3362 1801 3457 1855 Dei

1874 1872 2107 1942 voluntg
2137 1872 2189 1922 in
2217 1872 2379 1935 nobis,
2406 1874 2538 1926 misit
2576 1872 2768 1927 Filium
2795 1890 2974 1941 suum,
3016 1874 3207 1942 factum
3243 1889 3307 1927 ex
3343 1890 3457 1926 nm-

1876 1939 2015 1992 liere.
2055 1938 2118 1991 Et
2145 1941 2328 1995 iterum
2358 1959 2375 1995 :
2406 1942 2610 1997 Pascha
2639 1956 2868 1997 nostrum
2900 1938 3192 1997 immolatus
3213 1954 3284 1997 est
3312 1944 3457 1997 Chri-

1873 2021 2003 2083 stus.
2040 2008 2102 2061 Et
2129 2013 2249 2080 quia
2285 2014 2417 2067 Deus
2463 2014 2741 2067 Dominum
2770 2016 3061 2083 suscitavit,
3094 2026 3140 2069 et
3172 2031 3262 2069 nos
3290 2017 3458 2069 susci-

1875 2081 1997 2154 tabit
2040 2100 2129 2151 per
2158 2086 2390 2138 virtutem
2424 2103 2588 2138 suam.
2627 2087 2717 2139 llis
2744 2103 2873 2154 ergo
2904 2098 2957 2142 et
2993 2081 3111 2140 aliis
3140 2085 3457 2141 testimoniis

1873 2166 1938 2205 ex
1967 2151 2222 2218 Apostolo
2260 2157 2589 2225 depromptis
2618 2151 2912 2212 Archelaus
2938 2160 3159 2211 ﬁrmiter
3182 2158 3457 2213 insistebat

1875 2233 1929 2274 ut
1962 2225 2129 2277 solam
2164 2242 2340 2280 veram
2365 2245 2427 2281 ex
2459 2228 2619 2299 Mat-ia
2652 2230 2855 2299 virgine
2876 2230 2998 2283 Jesu
3025 2228 3221 2283 Christi
3262 2230 3455 2283 nativi-

1875 2302 2465 2371 t_atein_propugnaret.
2522 2298 2644 2351 Post
2696 2298 2808 2355 huic
2856 2310 3034 2354 autem
3070 2302 3288 2371 gradum
3334 2300 3457 2355 fecit

1876 2366 2171 2421 Archelaus
2196 2370 2259 2421 ad
2295 2371 2442 2423 illttm
2474 2372 2703 2438 Spiritus
2724 2375 2892 2427 sancti
2926 2372 2976 2425 in
3006 2366 3185 2425 Iesum
3220 2373 3457 2438 baptiza-

1878 2446 1987 2509 tum
2021 2439 2373 2506 descensum,
2417 2458 2573 2509 quem
2620 2445 2888 2498 haereseos
2926 2452 3081 2497 notas
3111 2444 3258 2498 olere
3291 2443 3457 2497 Beati-

1872 2508 2030 2562 sobre
2060 2513 2365 2575 contendit;
2402 2524 2453 2567 et
2506 2515 2695 2568 iterum
2727 2514 3075 2569 Manichazum
3110 2514 3255 2570 hisce
3282 2514 3457 2569 verbis

1871 2582 2178 2651 aggreditur
2208 2602 2218 2635 :
2248 2583 2341 2635 Dic
2371 2584 2498 2638 mihi
2520 2587 2650 2638 illud
2674 2589 2859 2651 etiam,
2897 2604 2926 2639 ο
2960 2586 3264 2640 Manichaee.
3292 2586 3352 2639 Si
3378 2586 3456 2637 ais

1872 2649 2130 2729 Christum
2160 2670 2263 2729 non
2306 2672 2412 2709 esse
2450 2672 2513 2711 ex
2556 2655 2727 2709 Maria
2769 2649 2979 2720 natum,
3026 2658 3116 2710 sed
3158 2658 3456 2729 apparuisse

1871 2722 2075 2841 quidem
2118 2735 2173 2777 ut
2220 2725 2502 2789 hominem,
2537 2744 2651 2780 cum
2683 2730 2830 2781 homo
2868 2746 2968 2781 non
3004 2739 3158 2793 esset,
3188 2722 3456 2798 prwstanta

1911 2808 1969 2841 oc
2008 2805 2053 2841 et
2091 2808 2272 2841 (tuente
2311 2798 2495 2841 virtut»
2519 2816 2631 2841 num
2671 2802 2721 2841 in
2752 2802 2861 2841 imm
2889 2809 2961 2841 nt
2993 2816 3008 2841 r
3038 2801 3119 2841 dir
3146 2800 3269 2841 mihi
3307 2813 3456 2841 sunpr

1911 2808 1969 2843 oc
2008 2805 2071 2867 et;
2091 2808 2272 2864 agente
2311 2798 2495 2851 virtute
2519 2816 2631 2867 qua:
2671 2802 2721 2851 in
2752 2802 2861 2866 ipso
2889 2809 2961 2852 est
2990 2816 3008 2852 :
3038 2801 3119 2851 dic
3146 2800 3269 2851 mihi
3306 2813 3457 2866 super

1871 2879 2018 2930 quem
2043 2865 2270 2935 Spiritus
2296 2878 2499 2922 sanctus
2518 2865 2645 2922 sicut
2670 2865 2899 2922 columba
2923 2871 3179 2922 descendit
3197 2871 3221 2922 ?
3238 2865 3456 2933 Quisest

1872 2935 2025 2985 etiam
2043 2938 2130 3002 qui
2148 2938 2436 3005 baptizatur
2452 2957 2482 2991 a
2498 2937 2699 2992 Joanne
2716 2942 2737 2992 ἶ)
2754 2942 2798 2993 si
2815 2945 3067 3008 perfectus
3088 2952 3219 2999 erat,
3235 2942 3278 2992 si
3299 2940 3457 2993 virtut

1873 3014 2002 3081 erat,
2026 3022 2126 3059 non
2160 3019 2357 3081 poterat
2382 3008 2607 3079 Spiritus
2629 3011 2850 3081 ingredi,
2873 3012 3004 3063 sicut
3035 3028 3124 3062 nec
3144 3026 3351 3081 regnum
3369 3025 3460 3075 po-

1872 3082 1968 3126 test
1986 3077 2181 3146 ingredi
2212 3084 2346 3131 intra
2368 3077 2595 3149 regnum.
2614 3077 2770 3149 Cu'jus
2796 3092 2967 3134 autem
2987 3082 3031 3134 ei
3058 3077 3253 3134 calitus
3276 3082 3457 3133 emissa

1873 3159 1969 3199 von:
2010 3151 2349 3202 testimonium
2392 3150 2572 3204 detulit
2612 3153 2783 3204 dicens
2817 3172 2832 3208 ;
2866 3150 2970 3204 Hic
3003 3162 3074 3204 est
3123 3150 3289 3204 Filius
3322 3167 3459 3204 nutus

1870 3216 2086 3295 dilectus
2101 3221 2272 3295 inquo
2288 3221 2410 3295 bene
2435 3221 2757 3295 complacui?
2780 3221 2894 3289 Dic,
2909 3240 3022 3295 age,
3040 3223 3172 3275 nihil
3192 3223 3461 3295 remoreris

1873 3290 1985 3365 quis
2007 3301 2079 3365 est
2108 3292 2311 3365 ille,qui
2335 3302 2481 3365 parat
2506 3292 2613 3347 hth
2642 3295 2829 3357 omnia,
2851 3290 3071 3365 t/ui'ugit
3091 3295 3322 3347 universa
3346 3293 3461 3364 (tl)?

1945 3360 2000 3416 8.
2044 3363 2305 3415 Archelao
2334 3364 2403 3417 ita
2436 3364 2814 3430 interroganti,
2853 3360 3105 3419 audacius
3144 3365 3324 3419 Manes
3356 3360 3460 3418 're-

1872 3432 2145 3505 Spondere
2168 3448 2332 3487 ausus
2363 3444 2444 3488 est
2474 3435 2569 3488 sibi
2602 3437 2742 3504 pium
2783 3437 2943 3490 videri
2973 3438 3140 3490 dicere
3169 3437 3304 3505 quod
3329 3433 3458 3488 nihil

1874 3506 2068 3581 eguerit
2098 3504 2146 3557 F
2153 3505 2269 3558 ilius
2301 3505 2427 3570 Dei,
2465 3507 2517 3559 in
2554 3525 2611 3561 co
2638 3509 2773 3581 quod
2800 3512 3045 3563 adventus
3064 3504 3185 3581 ejus
3212 3522 3459 3578 procura-

1876 3584 1957 3649 tur
1986 3576 2053 3626 ad
2085 3587 2243 3629 terras
2285 3592 2303 3629 :
2346 3595 2503 3647 neque
2546 3596 2670 3649 opus
2713 3579 2942 3633 habuerit
2991 3576 3252 3644 columba,
3300 3594 3460 3643 neque

1874 3646 2193 3715 baptismate,
2226 3665 2383 3715 neque
2421 3646 2599 3711 matre,
2634 3667 2791 3719 neque
2820 3651 3092 3721 fratribus,
3124 3652 3339 3719 fortasse
3364 3666 3457 3702 ne-

1872 3735 1969 3792 que
2002 3729 2163 3792 patre,
2196 3721 2283 3787 qui
2311 3724 2354 3772 ei
2377 3721 2649 3774 secundum
2670 3732 2714 3774 te
2736 3721 3028 3792 (Archelao
3052 3722 3329 3789 videlicet)
3361 3722 3460 3790 fuit

1872 3786 2087 3859 Ioseph,
2119 3786 2215 3843 sed?
2234 3802 2367 3845 totus
2394 3794 2488 3845 iste
2513 3786 2823 3847 descendens
2845 3835 2857 3856 ,
2896 3795 3219 3862 semetipsum
3248 3786 3459 3861 inquo-

1873 3876 2089 3933 euntque
2110 3864 2267 3915 voluit
2298 3865 2679 3933 transformatvit
2708 3866 2760 3917 in
2792 3868 3065 3929 hominem,
3098 3881 3154 3917 eo
3181 3874 3331 3933 pacto
3357 3877 3458 3928 quo

1880 3929 2074 3985 Paulus
2100 3936 2221 3985 dicit
2242 3937 2359 3996 quia
2379 3932 2555 3987 habitu
2575 3944 2801 4004 repertus
2823 3947 2893 3987 est
2914 3947 2965 3987 ut
2987 3935 3138 3988 homo
3156 3929 3269 4003 (ὀ).
3296 3932 3459 4003 Cujus

1874 4004 2028 4070 igitur
2054 4004 2127 4055 rei
2159 4004 2429 4074 indiguerit
2458 4006 2500 4057 is
2525 4008 2610 4074 qui
2632 4006 2957 4071 semetipsum
2986 4007 3039 4057 in
3076 4007 3247 4057 omnia
3286 4011 3459 4056 trans-

1875 4075 2131 4142 forinarit,
2169 4074 2414 4127 ostende?
2446 4075 2635 4128 Postea
2668 4075 2887 4127 eludere
2912 4088 3179 4142 qttmrens,
3211 4088 3329 4138 quae
3360 4074 3459 4126 Ar-

1876 4144 2094 4195 chelaus
2134 4144 2396 4197 catholice
2445 4152 2905 4213 propuguavcrat,
2940 4145 3107 4197 hocce
3133 4144 3274 4196 aliud
3302 4158 3458 4209 argu-

1878 4222 2114 4267 mentum
2145 4214 2386 4281 subjicit,
2422 4230 2528 4283 quo
2567 4214 2625 4269 S.
2661 4215 2999 4280 episcOpum,
3042 4214 3456 4283 quasijugulum

1876 4294 2060 4352 petere
2090 4284 2418 4356 arbitratus,
2449 4286 2554 4356 75
2590 4284 2728 4338 dixit
2758 4301 2769 4335 :
2810 4284 2869 4339 Si
2902 4287 3031 4337 enim
3069 4285 3319 4337 hominem
3345 4300 3457 4356 eum

1877 4358 2228 4408 tantummodo
2258 4371 2319 4408 es
2345 4353 2650 4410 Maria'esse
2677 4356 2826 4416 dicis,
2860 4365 2903 4407 et
2928 4356 2981 4408 in
3006 4355 3307 4426 baptismate
3339 4355 3457 4423 Spi¢

1875 4428 2031 4479 ritum
2061 4427 2370 4497 percepisse,
2403 4444 2521 4498 ergo
2565 4443 2653 4490 per
2678 4427 2957 4497 profectum
2993 4424 3160 4479 Filius
3182 4427 3443 4498 videbitur,

1877 4510 2051 4552 etnon
2100 4514 2189 4567 per
2230 4508 2492 4551 naturam.
2524 4498 2761 4552 Tandem
2803 4501 3259 4565 comparationem
3293 4497 3449 4566 Spiri

1878 4580 1986 4621 tum
2033 4579 2273 4623 sanctum
2306 4570 2443 4624 inter
2487 4580 2541 4623 et
2582 4570 2754 4638 ipsum
2793 4568 3065 4624 Christum
3116 4571 3207 4623 Dei
3262 4569 3455 4624 Filium

1877 4641 2196 4699 instituens.
2238 4641 2315 4694 sic
2349 4643 2518 4709 pergit
2557 4640 2860 4695 ratiocinari
2894 4658 2907 4695 :
2942 4641 3000 4695 Si
3030 4650 3196 4694 tamen
3228 4641 3317 4695 tibi
3340 4658 3457 4694 con-

1877 4715 2050 4765 cedam
2079 4712 2244 4764 dicere
2281 4715 2558 4765 secundum
2602 4716 2885 4782 profectum
2914 4729 3021 4767 esse
3054 4712 3278 4777 Filium,
3314 4713 3458 4782 quasi

1876 4782 2132 4836 hominem
2161 4785 2381 4853 factum,
2421 4782 2675 4837 hominem
2707 4800 2819 4838 vere
2848 4802 2954 4838 csse
2978 4785 3235 4852 apinaris,
3269 4786 3323 4837 id
3350 4794 3456 4847 est,

1872 4856 1961 4925 qui
1992 4870 2110 4927 caro
2137 4866 2182 4909 et
2208 4856 2415 4923 sanguis
2456 4855 2554 4921 sit;
2599 4872 2799 4909 necesse
2827 4868 2897 4908 est
2937 4872 3057 4927 ergo
3098 4867 3145 4909 et
3175 4854 3455 4924 Spiritum,

1874 4928 1959 4995 qui
1987 4926 2116 4979 sicut
2140 4927 2372 4979 columba
2404 4928 2671 4994 apparuit.
2703 4944 2802 4979 non
2836 4927 2977 4979 aliud
2998 4926 3113 4978 esse
3132 4941 3286 4993 quam
3309 4934 3457 4975 natu-

1875 4997 2033 5049 ralem
2059 4997 2342 5049 coluinbam
2370 5013 2388 5049 :
2416 5012 2567 5051 srcur
2590 5013 2733 5051 anno
2754 5000 2885 5049 enim
2906 4998 3096 5049 dictum
3126 5007 3218 5059 est,
3242 5006 3286 5047 et
3307 5009 3457 5048 srcur

1876 5084 2146 5132 COLUMBA;
2174 5080 2221 5121 et
2241 5068 2592 5137 quodcumque
2627 5070 2827 5133 opinari
2863 5074 3021 5131 potest
3053 5068 3114 5118 de
3148 5082 3203 5117 eo
3230 5080 3456 5117 sermone

1878 5141 2013 5209 quod
2045 5140 2234 5193 dirtum
2285 5149 2390 5197 est.
2436 5155 2583 5193 stco'r
2627 5154 2803 5196 nono.
2849 5138 2945 5189 hac
2984 5137 3221 5208 opinione
3252 5137 3457 5201 concipe

1880 5212 2032 5265 etiam
2074 5211 2136 5265 de
2173 5226 2232 5264 eo
2262 5211 2396 5280 quod
2422 5210 2615 5263 dictant
2641 5219 2742 5273 est,
2773 5223 2921 5263 SICUT
2951 5222 3228 5272 COLUIBA;
3260 5222 3456 5259 necesse

1875 5432 2059 5487 seqq.;
2084 5415 2479 5474 Theodoretus,
2510 5423 2634 5465 tom.
2667 5411 2753 5474 IV,
2788 5426 2903 5487 pag.
2934 5410 3248 5487 279,_lib._v
3270 5422 3455 5466 conua

1878 5480 2140 5553 hat-reses;
2198 5487 2559 5556 Augustinus,
2604 5498 2765 5535 serm.
2818 5481 2884 5535 δὲ
2928 5483 2994 5537 de
3049 5480 3232 5535 Verbis
3280 5492 3453 5550 apost.

1874 5574 1991 5627 cap.
2024 5562 2078 5612 ‘2.

1948 5623 2021 5701 lc)
2050 5628 2129 5685 Ad
2161 5628 2336 5701 G_a_l-.tt.
2384 5642 2454 5694 tv,
2488 5624 2541 5689 4,
2574 5625 2636 5689 5;
2672 5624 2736 5678 ad
2767 5624 3005 5679 Corinth.
3048 5623 3103 5690 I,
3148 5636 3266 5693 cap.
3302 5637 3358 5689 v,
3391 5623 3451 5688 7;

1876 5698 2029 5764 il)id.,
2066 5716 2152 5758 xv,
2186 5698 2272 5751 12.

1945 5770 2025 5840 (d)
2056 5770 2241 5825 Matth.
2275 5784 2361 5833 ιιι,
2396 5768 2480 5824 16.

1946 5846 2020 5911 (ε)
2050 5842 2243 5909 Philip.
2276 5854 2352 5905 ιι,
2389 5841 2438 5894 7.

3508 5556 3515 5601 i
