3988 6314
571 308 680 370 850

1145 310 1205 365 P.
1247 307 1568 366 CACCIARI
1610 303 2207 363 EXERCITATIONES
2245 301 2310 358 IN
2354 305 2408 359 S.
2451 303 2697 362 LEOle
2736 304 2948 362 MACNI
2988 304 3240 362 OPERA.

3751 301 3857 360 86η

569 435 715 484 utet
739 427 851 481 iure
883 425 1149 497 mlier
1183 426 1446 495 recipere,
1495 425 1570 478 ita
1593 424 1746 497 enim
1785 423 1839 476 in
1886 420 2167 493 Scripturis
2193 422 2247 484 Α
2271 419 2437 497 Maria
2465 430 2623 497 natus
2675 429 2792 477 erat
2841 420 3054 497 Filius:
3089 421 3192 497 {iis
3214 428 3290 497 est
3336 417 3568 475 Christus
3621 418 3720 476 Dei
3769 426 3857 492 qui

569 513 687 572 qua
707 500 770 572 de
789 513 850 552 eo
877 491 1069 572 scripta
1091 508 1205 553 euut
1230 491 1557 572 ini'eniuutur
1582 494 1642 564 (a

642 572 696 624 Θ.
734 571 955 626 Interim
981 563 1171 624 autem
1199 569 1362 623 multa
1402 563 1922 621 animorevolvebat
1953 563 2162 622 Arche-

566 638 712 707 δοίη,
758 651 833 695 tot
862 649 1144 711 tantasque
1165 656 1236 694 ex
1269 639 1491 694 Manetis
1515 653 1610 694 ore
1638 639 1871 708 prolatas
1906 636 2160 711 blasphe-

568 713 709 768 mias
727 713 1036 780 excipiens;
1056 709 1152 768 sed
1175 712 1511 780 potissimum
1535 711 1819 765 verebatur
1837 723 1924 775 ne,
1942 709 2162 763 omnino

565 784 960 852 circumspecte
984 783 1288 848 disserens,
1321 783 1442 851 plus
1467 781 1694 851 periculi
1723 781 1919 852 ignaris
1946 788 2000 834 et
2026 780 2160 834 iusi-

565 851 950 926 plentibusiqui
971 855 1199 926 aderant
1215 870 1371 922 quam
1398 853 1640 908 utilitatis
1664 853 1852 926 isthmc
1871 851 2162 926 disputatio

565 923 804 981 inferret.
833 924 964 979 Nam
1000 941 1121 980 cum
1153 925 1552 994 Scripturarum
1587 923 2023 993 intelligentiam,
2053 937 2158 977 non

563 997 816 1054 omnibus
844 996 1021 1052 datam
1059 1011 1182 1052 esse
1224 1007 1373 1052 certo
1419 997 1616 1058 sciret,
1649 1011 1752 1049 non
1789 1003 1996 1066 poterat
2040 994 2163 1066 dili-

561 1076 757 1138 genter
791 1077 1020 1139 aptatam
1050 1069 1381 1138 qurestionent
1417 1069 1744 1137 manifestare
1786 1065 1938 1136 atque
1969 1065 2157 1139 dissol-

564 1154 681 1210 uere
705 1180 720 1205 ,
766 1139 868 1192 nisi
915 1149 1122 1210 propter
1169 1140 1259 1193 hos
1295 1139 1383 1208 qui
1427 1141 1670 1193 assistunt
1710 1147 1756 1192 et
1794 1155 1882 1192 nos
1920 1138 2157 1191 audiunt.

566 1209 949 1266 Verumtamen
977 1225 1043 1264 ex
1083 1211 1263 1280 populi
1307 1211 1625 1275 frequentia,
1659 1210 1808 1280 quasi
1837 1210 2161 1264 necessitate

561 1281 782 1349 ductus,
809 1282 1080 1336 nossnullis
1113 1282 1488 1350 praetermissis
1511 1297 1575 1336 ex
1609 1281 1672 1335 iis
1703 1297 1820 1350 quae
1849 1281 2029 1335 Manes
2059 1280 2158 1334 ob-

565 1352 799 1425 iecerat,
823 1366 886 1407 ea
930 1354 1099 1425 solum
1133 1369 1251 1422 quin
1283 1353 1350 1406 ab
1376 1367 1440 1405 eo
1483 1353 1829 1425 palmaribus
1856 1351 2160 1418 crassisque

560 1423 840 1479 erroribus
870 1424 1105 1477 involuta
1139 1425 1312 1492 palam
1351 1425 1734 1490 pradicet-erat
1757 1423 1965 1491 eripere
1999 1430 2158 1492 atque

562 1498 880 1552 subvertere
905 1498 1149 1564 sequenti
1186 1496 1390 1549 ratione
1430 1497 1574 1549 nisus
1617 1504 1717 1549 est.
1750 1496 1925 1561 Quare
1966 1495 2156 1548 iterum

561 1580 719 1620 suam
762 1568 1196 1636 congressionem
1232 1577 1630 1635 prosecuturus,
1663 1568 1840 1620 statim
1871 1567 1938 1636 ita
1967 1565 2033 1618 ad
2062 1565 2157 1619 ho-

561 1637 788 1705 minem,
815 1635 1088 1691 ritscholaa
1130 1638 1448 1707 loquuntur.
1483 1637 1834 1692 ratiocinator
1864 1655 1876 1688 :
1911 1635 2008 1689 Dic
2039 1654 2157 1706 ergo

565 1709 697 1763 mihi
728 1712 772 1762 si
800 1707 974 1762 Iesum
1008 1709 1263 1780 hominem
1293 1709 1594 1762 naturaliter
1626 1711 1819 1780 factum
1848 1707 2156 1780 intellexeri-

562 1794 677 1874 τηις
712 1796 782 1863 ea:
814 1780 1006 1843 Maria,
1042 1779 1304 1861 habentem
1335 1792 1623 1874 cumrerum
1670 1780 1969 1850 sanguinem
2005 1779 2157 1832 iutel-
2185 1810 2234 1874 Β

563 1851 872 1913 (exuimus;
897 1867 1097 1906 necesse
1134 1862 1206 1905 est
1235 1853 1385 1904 etiam
1416 1851 1670 1918 Spiritum
1709 1861 1944 1904 sanctum
1986 1867 2154 1904 ueram

563 1938 672 1976 esse
696 1921 1016 1985 columbam,
1041 1933 1086 1976 et
1118 1939 1219 1976 non
1250 1921 1538 1988 Spiritum?
1569 1921 1639 1977 Ut
1671 1923 1768 1976 hoc
1793 1921 1985 1975 falsum
2016 1937 2152 1975 con-

560 1995 850 2050 sectarium
875 1993 1107 2060 refellat,
1125 1993 1370 2061 protinus
1391 1993 1626 2047 ostendit
1644 2009 1822 2048 veram
1849 1993 2151 2048 columbam

562 2077 751 2119 Verum
785 2063 1058 2118 hominem
1085 2063 1294 2132 ingredi
1321 2063 1463 2116 haud
1494 2078 1652 2131 posse
1674 2074 1834 2131 atque
1860 2064 1910 2118 in
1939 2080 2004 2118 eo
2030 2080 2154 2134 per-

563 2147 819 2196 manere;
866 2136 1006 2188 sicut
1043 2150 1143 2189 nec
1173 2149 1298 2188 caro
1338 2135 1651 2190 naturaliter
1691 2150 1908 2188 carnem
1950 2135 2156 2204 ingredi

566 2214 764 2276 potest.
794 2205 995 2260 Contra
1026 2221 1154 2258 vero
1180 2248 1192 2267 ,
1225 2205 1619 2274 Scripturaruru
1655 2206 1904 2276 loquendi
1937 2207 2153 2260 modum

563 2287 726 2344 atque
751 2276 1016 2331 rationem
1045 2277 1275 2331 ﬁdeliter
1305 2276 1670 2346 intelligimus,
1701 2281 1744 2331 si
1774 2277 1955 2332 Jesnm
2003 2278 2157 2332 Chri-

562 2356 707 2402 stum
759 2363 943 2402 verum
985 2347 1252 2402 hominem
1303 2363 1423 2402 cum
1468 2364 1590 2404 vera
1623 2364 1783 2403 carne
1813 2360 1863 2402 et
1896 2352 2156 2416 sanguine

565 2433 638 2474 ex
685 2418 846 2472 Maria
901 2429 1080 2473 uatum
1134 2420 1496 2488 proﬁteantur,
1530 2430 1583 2474 ct
1624 2420 1880 2488 Spiritum
1911 2429 2152 2475 sanctum

565 2491 830 2544 columbae
852 2490 1071 2559 ﬁgurant
1113 2491 1284 2544 solum
1319 2500 1580 2560 gestasse.
1614 2490 1751 2546 Nam
1787 2492 2050 2556 Spiritus,
2079 2509 2157 2545 se-

565 2561 791 2616 cundum
815 2573 1006 2614 certam
1041 2563 1293 2615 rationem
1313 2605 1327 2628 ,
1369 2561 1565 2615 habitat
1600 2564 1652 2616 in
1680 2564 1884 2615 homine
1902 2604 1915 2625 ,
1943 2565 2153 2616 descen-

570 2631 668 2699 dit,
701 2641 748 2685 ct
774 2643 1055 2702 permanet,
1084 2642 1131 2687 et
1162 2642 1498 2703 competenter
1528 2632 1624 2687 hoc
1648 2676 1660 2696 ,
1695 2644 1739 2686 et
1769 2635 1957 2701 factum
1986 2645 2078 2697 est,
2108 2644 2156 2688 et

613 2713 629 2754 t
651 2719 868 2774 semper.
890 2704 1052 2758 Veras
1075 2719 1204 2771 ergo
1223 2704 1456 2759 hominis
1480 2706 1834 2774 proprietates
1854 2705 1919 2758 de
1939 2704 2156 2760 Christo

599 2789 696 2828 esu
719 2776 1035 2829 naturaliter
1057 2776 1316 2846 allirmari
1340 2788 1608 2846 oportere,
1630 2776 1702 2829 ibi
1734 2777 1922 2845 probat
1947 2776 2154 2831 Arche-

565 2843 705 2899 laus.
745 2847 917 2900 Sectis
947 2861 1075 2900 vero
1106 2847 1174 2900 de
1201 2843 1400 2911 Spiritu
1444 2860 1630 2901 saneto
1689 2843 1844 2901 veras
1890 2848 2153 2902 columba:

564 2916 920 2987 proprietates
939 2915 1212 2972 eilirmare
1241 2918 1388 2972 nefas
1411 2933 1558 2983 esse;
1591 2919 1748 2987 idque
1779 2918 2068 2987 prohiberi,
2088 2935 2154 2973 ex

561 2986 736 3042 sancti
763 2987 996 3051 Spiritus
1023 2989 1336 3058 operatione
1355 3029 1370 3054 ,
1412 2986 1848 3056 perfectionibus,
1877 2990 2149 3045 attributis

565 3068 620 3113 et
651 3058 840 3127 agendi
870 3059 1096 3122 ratione.
1124 3059 1526 3114 evidentissima
1554 3061 1816 3128 probavit.
1852 3060 2019 3128 Quam
2047 3061 2156 3116 dis-

569 3143 753 3198 parem
803 3131 1250 3194 rationcrn,cum
1297 3131 1348 3184 in
1405 3132 1637 3186 medium
1697 3132 2034 3194 adduxisset,
2066 3131 2152 3186 cui

2268 492 2531 564 descendit
2560 507 2848 564 super_eum
2879 492 2966 564 qui
2993 493 3055 545 de
3090 493 3259 546 Maria
3288 501 3381 547 est.

2336 564 2422 618 10.
2457 563 2572 616 Non
2604 559 2690 630 rue
2717 560 2847 618 latet
2877 559 3198 632 postremam
3235 565 3371 617 hanc
3397 565 3668 618 seruitutis
3698 559 3853 632 phra-

2263 633 2364 706 sim
2389 650 2416 688 a
2446 633 2750 706 Bcausobre
2780 649 2886 690 non
2917 634 3045 688 satis
3073 635 3284 706 probari
3319 653 3330 687 :
3373 635 3538 706 inuno
3578 642 3847 706 tamquam

2268 704 2600 760 Nestorianm
2631 705 2900 761 btcrescos
2936 704 3135 760 torrte’rn
3164 722 3285 761 esse
3315 704 3700 760 insitmrlatam.
3750 705 3848 760 Sed

2263 776 2401 831 absit
2431 776 2572 845 quod
2603 779 2762 833 etiam
2795 779 2844 832 'rn
2879 778 2995 846 ipso
3025 778 3403 846 disputationis
3434 786 3563 830 :cstu
3611 778 3746 829 duas
3772 777 3838 832 ibi

2265 847 2561 904 Archelaus
2591 849 2640 902 in
2668 847 2882 904 Christo
2927 849 3231 905 distinxerit
3285 863 3543 918 personas
3589 847 3843 910 hominis,

2265 920 2540 983 nimirum,
2574 929 2625 974 et
2657 920 2771 974 Dei.
2805 921 2935 976 Cum
2965 922 3097 989 ipse,
3127 917 3335 974 nonnisi
3365 917 3430 973 de
3451 919 3666 973 duabus
3697 931 3846 972 natu-

2263 991 2338 1047 ris
2362 992 2585 1047 invicem
2614 991 2876 1058 Copttiolis
2901 991 3248 1052 disseruerit.
3277 1006 3408 1060 quas
3431 993 3620 1044 unicus
3645 989 3744 1046 Dei
3767 990 3849 1046 Fi-

2265 1061 2391 1127 lius,
2417 1075 2544 1117 vere
2573 1080 2636 1118 ex
2661 1062 2820 1116 Maria
2852 1075 3005 1117 natus
3034 1065 3085 1119 in
3119 1079 3177 1118 se
3198 1062 3385 1116 habuit
3406 1062 3728 1131 oortjuuctss
3748 1104 3764 1124 ,
3801 1074 3848 1116 ut

2263 1141 2374 1187 tota
2400 1135 2758 1202 disputatione
2789 1135 3052 1190 catholico
3091 1135 3363 1202 prol'eSStts
3395 1144 3499 1190 εει.
3532 1131 3601 1188 lit
3631 1134 3843 1202 qnidem

2263 1219 2368 1258 non
2403 1205 2546 1260 aliud
2580 1221 2774 1259 sonare
2807 1211 2934 1258 istas
2976 1206 3224 1262 Archelai
3254 1221 3434 1266 voces,
3464 1220 3586 1270 qum
3622 1205 3845 1272 maligne

2264 1275 2602 1341 interpretari
2631 1277 2934 1331 Boausobre
2958 1279 3102 1330 nisus
3126 1287 3226 1341 est,
3247 1275 3543 1331 clarissime
3575 1275 3666 1329 illa
3689 1278 3839 1330 verba

2264 1345 2594 1416 patefaciunt
2622 1365 2637 1407 ;
2675 1347 2769 1402 llic
2795 1359 2876 1405 est
2916 1347 3147 1403 Christus
3177 1347 3272 1401 Dei
3293 1387 3305 1410 .
3335 1348 3384 1402 id
3416 1356 3500 1401 est
3530 1345 3703 1401 Filius
3727 1390 3741 1408 ,
3768 1350 3843 1416 "Ri

2263 1419 2520 1490 descendit
2548 1437 2700 1490 super
2737 1437 2865 1490 eum,
2889 1423 2975 1487 qui
3007 1422 3069 1473 de
3099 1419 3271 1472 Maria
3300 1431 3389 1473 est.
3423 1418 3490 1472 Et
3520 1418 3683 1490 paulo
3711 1429 3837 1488 post,

2266 1487 2455 1562 Filium
2489 1487 2631 1546 hunc
2664 1491 2823 1562 Deiia
2854 1489 3014 1548 Maria
3046 1493 3281 1562 genitum
3311 1491 3426 1562 sine
3457 1487 3728 1562 ambiguis
3758 1505 3837 1543 vo-

2261 1560 2412 1614 cibus
2433 1572 2725 1617 asseverat.
2749 1561 2878 1616 Nam
2899 1560 3281 1618 verba—faciens
3305 1561 3373 1618 de
3395 1561 3519 1616 Jesu
3553 1561 3834 1629 baptizata,

2261 1633 2350 1701 qui
2398 1648 2428 1687 e
2475 1632 2722 1688 Jordauis
2765 1635 2914 1702 aquis
2951 1636 3058 1702 jam
3091 1634 3448 1700 ascenderat,
3487 1632 3564 1688 ait
3597 1649 3614 1686 :
3664 1633 3834 1687 Statim

2263 1704 2404 1758 enim
2435 1705 2487 1758 in
2517 1705 2788 1760 desertum
2820 1722 2849 1758 a
2885 1706 3083 1773 Spiritu
3110 1705 3300 1759 ductus
3328 1714 3411 1759 est
3430 1703 3615 1768 Jesus,
3652 1715 3707 1759 ut
3741 1715 3834 1757 ten.

2265 1785 2467 1846 tarctur
2495 1792 2524 1830 a
2547 1777 2780 1842 diabolo,
2811 1793 2968 1846 quem
2991 1791 3110 1832 cum
3133 1775 3380 1831 diabolus
3407 1777 3685 1845 ignoraret
3704 1775 3832 1830 dice-

2260 1845 2348 1901 bat
2378 1849 2449 1918 ei,
2495 1847 2555 1902 Si
2591 1846 2761 1900 Filius
2809 1845 2861 1901 es
2907 1847 3024 1902 Dei.
3076 1848 3588 1918 lgnerabatiautem
3636 1857 3830 1916 propter

2262 1917 2402 1987 quod
2435 1919 2705 1990 genuisset
2730 1918 2918 1972 Filium
2968 1915 3204 1990 Deifqui
3249 1915 3577 1990 przedicabat
3629 1915 3830 1988 regnum

2262 1987 2542 2061 cmlortim.
2595 1989 2786 2061 Filium
2827 2005 2956 2061 ergo
3003 1989 3094 2046 Dei
3124 1987 3146 2053 ,⁷
3184 1992 3234 2044 in
3253 1987 3391 2046 vera
3443 1987 3774 2061 humanitate
3808 2007 3828 2044 a

2261 2059 2425 2115 Maria
2471 2064 2709 2132 genitum
2759 2059 2946 2126 fuisse,
2989 2061 3283 2117 Archelaus
3323 2059 3700 2131 proﬁtebatur.
3744 2063 3828 2127 Qui

2257 2143 2514 2200 praeterea
2569 2134 2827 2203 Spiritum
2879 2145 3120 2188 sanctum
3154 2134 3205 2187 in
3238 2133 3566 2202 baptismate
3616 2135 3826 2200 recepit,

2264 2221 2355 2272 per
2382 2222 2525 2274 quem
2556 2221 2653 2258 vos:
2696 2216 2906 2275 paterna
2937 2218 3148 2261 testatur
3194 2206 3363 2258 dicens
3391 2222 3409 2257 :
3443 2203 3547 2258 Hic
3576 2214 3654 2258 est
3684 2203 3826 2258 Filius

2260 2292 2402 2348 meus
2425 2275 2674 2344 dilectus,
2709 2277 2880 2331 nullus
2917 2279 3050 2332 alius
3078 2288 3286 2348 portare
3316 2275 3609 2348 prcerajuit,
3644 2278 3737 2348 nisi
3755 2278 3826 2346 qui

2259 2362 2321 2400 ex
2351 2345 2520 2400 Maria
2551 2343 2702 2402 natus
2731 2360 2823 2414 est,
2858 2365 3008 2416 super
3034 2343 3206 2404 omnes
3233 2343 3438 2403 sanctos
3465 2343 3619 2400 Iesus
3649 2347 3733 2416 (ε).

2333 2418 2697 2484 H.0noniam
2730 2435 2857 2474 vero
2881 2423 3021 2475 varia
3046 2419 3228 2476 Manes
3256 2420 3523 2476 Archelao
3550 2417 3821 2487 objecerat.

2258 2502 2378 2563 quae
2429 2490 2664 2544 nondum
2716 2501 2934 2560 erepta,
2969 2504 3126 2563 atque
3166 2507 3353 2546 eversa
3385 2489 3740 2563 videbantur,
3767 2490 3823 2546 ita

2258 2561 2529 2628 sapienter
2570 2563 2931 2644 adversarium
2965 2561 3154 2646 fortius
3203 2562 3562 2646 perstririgere
3588 2571 3816 2646 comitur,

2261 2647 2550 2706 numquam
2579 2649 2608 2686 a
2642 2637 2930 2703 proposita:
2966 2631 3343 2706 disputationis
3373 2634 3617 2706 limitibus
3645 2631 3821 2706 absce.

2260 2702 2413 2775 dens.
2450 2704 2656 2773 Quare,
2702 2702 2876 2773 neque
2905 2702 3085 2762 habitu
3117 2707 3235 2761 solo
3263 2715 3320 2761 et
3345 2704 3602 2775 apparenti
3644 2703 3816 2775 specie

2257 2771 2439 2829 Jcsum
2470 2771 2648 2830 Marize
2682 2771 2845 2831 lilium
2879 2778 3149 2832 hominem
3182 2779 3348 2832 fuisse
3376 2771 3703 2846 probaturus,
3737 2774 3803 2826 ita

2260 2849 2545 2919 episc0ptts
2573 2846 2763 2901 effatur
2790 2866 2800 2899 :
2838 2849 2897 2902 Si
2923 2849 3096 2902 habitu
3139 2867 3257 2904 eum
3299 2857 3346 2902 et
3378 2844 3530 2919 specie
3562 2844 3679 2919 dicis
3705 2860 3807 2919 esse

2259 2917 2534 2990 hominem,
2567 2919 2821 2986 quomodo
2848 2920 2910 2974 ab
2940 2921 3018 2974 his
3057 2921 3146 2990 qui
3169 2938 3231 2975 ea:
3265 2921 3372 2976 uiro
3407 2916 3452 2972 et
3479 2917 3669 2970 muliere
3705 2916 3813 2990 uati

2256 2997 2374 3040 sunt
2422 2985 2698 3062 I’harisa'is
2722 2990 2880 3046 teneri
2908 2985 3092 3060 potuit,
3122 2999 3170 3046 et
3198 2991 3264 3043 ad
3298 2990 3549 3062 judicium
3577 2985 3785 3062 pertrahi
3804 3030 3818 3052 ,

2258 3075 2373 3112 cum
2407 3061 2674 3128 spirituale
2721 3059 2971 3128 corpus'a
3014 3059 3350 3117 crassioribus
3406 3059 3691 3129 corporibus
3733 3074 3820 3110 ttctt

2259 3132 2854 3204 ualeatcomprehendi?
2878 3131 2943 3188 Et
2964 3134 3277 3204 corripiens,
3305 3142 3360 3188 et
3393 3132 3820 3204 euagitangepm-

566 3215 669 3255 nee
698 3201 906 3274 Manes,
938 3216 1038 3257 nec
1056 3202 1344 3274 quisquam
1387 3203 1522 3257 alius
1562 3203 1888 3273 impietatnm
1919 3213 2156 3258 assertor
2184 3200 2231 3263 C
2262 3201 2382 3253 dem
2425 3201 2656 3268 Manent,
2691 3205 2778 3274 qui
2825 3203 3032 3258 dixerat
3087 3199 3184 3274 pro
3232 3203 3386 3258 libito
3425 3201 3618 3258 Filium
3654 3199 3738 3255 Dei
3778 3201 3821 3253 in

568 3279 779 3342 poterat
808 3272 1102 3340 refragari,
1137 3273 1206 3328 ita
1247 3273 1610 3328 adversarium
1640 3272 1964 3343 compellat,
1999 3275 2158 3329 simul

572 3344 964 3413 perstringens,
998 3354 1049 3398 ct
1069 3345 1269 3410 joCnsis
1295 3346 1474 3400 verbis
1505 3347 1553 3400 ei
1584 3345 1828 3398 illudens.
1860 3345 1915 3399 Si
1945 3346 2157 3414 quidem

571 3428 694 3468 cum
727 3414 908 3469 Manes
937 3428 996 3469 se
1021 3415 1353 3470 Paracletum
1381 3417 1474 3469 Dei
1505 3419 1880 3484 proﬁteretur;
1909 3416 2161 3483 Spiritum

573 3487 718 3540 enim
752 3488 961 3540 venisse
987 3501 1151 3553 super
1181 3502 1239 3542 se
1270 3488 1500 3549 dixerat,
1534 3503 1690 3557 quem
1727 3489 2040 3555 promiserat
2073 3489 2161 3542 Je-

569 3569 664 3612 sus
703 3567 826 3612 esse
857 3557 1176 3622 missurum,
1211 3568 1258 3611 et
1299 3559 1430 3610 unde
1453 3559 1555 3628 (ait
1595 3559 1942 3627 Archelaus),
1974 3559 2072 3611 nisi
2101 3560 2163 3612 de

568 3628 699 3682 caelo
743 3627 1052 3682 descendat?
1100 3628 1306 3684 Caelum
1343 3627 1471 3696 ergo
1515 3629 1770 3696 Spiritum
1804 3640 2044 3682 sanctum
2079 3630 2161 3682 in-

569 3697 838 3766 habitare,
865 3707 920 3753 et
943 3715 973 3752 n
995 3699 1133 3752 caelo
1166 3701 1214 3753 in
1249 3699 1515 3753 hominem
1538 3700 1886 3760 dcsreudrrc,
1915 3699 1964 3752 iu
1993 3715 2161 3765 coutte

568 3783 915 3839 permanere,
949 3769 1177 3824 laudatis
1203 3770 1383 3824 verbis
1417 3771 1729 3835 conﬁrmat;
1768 3778 1824 3822 ut
1864 3771 1984 3824 inde
2013 3773 2162 3826 colli-

569 3850 681 3910 gat,
716 3856 822 3895 uon
850 3840 1179 3896 descendere
1227 3856 1386 3908 posse
1429 3843 1530 3896 nisi
1579 3857 1736 3909 supra
1780 3840 2050 3896 hominem
2083 3842 2163 3896 di-

564 3925 730 3982 gmnn
759 3926 840 3978 se,
873 3912 924 3967 id
953 3924 1038 3966 est
1065 3911 1277 3980 plenum
1320 3914 1490 3980 gratia
1529 3922 1580 3968 et
1612 3913 1830 3968 virzute.
1865 3911 1971 3967 Sed
2005 3927 2161 3968 veras

569 3982 848 4038 columbas
870 3999 1035 4054 super
1059 3985 1232 4052 ipsunt
1265 3984 1637 4048 Manicltmum,
1673 4000 1776 4037 non
1806 3999 1966 4050 supra
2007 3984 2161 4054 Chri-

569 4063 710 4109 stum
756 4054 1142 4121 descendisse,
1191 4056 1365 4124 potius
1396 4064 1540 4110 esset
1585 4054 1919 4109 sentiendum
1955 4074 1966 4109 :
2003 4053 2072 4107 Ut
2117 4067 2162 4108 te

519 4140 540 4159 ι
568 4124 725 4196 (ait)
755 4125 1103 4180 columbarum
1133 4130 1308 4197 potius
1347 4127 1511 4197 furem
1551 4127 1895 4194 accipiamus,
1945 4125 2160 4179 insidias

566 4197 640 4270 eis
663 4213 726 4270 ac
743 4197 950 4270 laqueos
976 4197 1269 4270 molientem
1290 4201 1521 4270 ,‘rdignus
1552 4197 1684 4251 enim
1711 4198 1876 4270 esqui
1897 4197 2060 4250 verbis
2077 4198 2161 4270 _ri-

566 4268 756 4321 dicetis
786 4268 1050 4324 illudaris.
1083 4269 1190 4326 Sed
1244 4267 1455 4324 rediens
1492 4271 1672 4324 statim
1723 4269 1786 4323 ad
1836 4267 2159 4338 disputatio-

566 4351 690 4410 nem
719 4355 747 4390 ιι
786 4353 896 4410 qua
924 4341 1196 4410 paululum
1230 4343 1400 4395 fuerat
1444 4341 1736 4410 digressus,
1769 4339 1835 4394 ad
1866 4333 1982 4394 eain
2013 4333 2162 4394 vide-

566 4407 694 4464 licet
725 4407 1286 4479 transl'o'rmationcm,
1316 4427 1416 4476 qua
1442 4407 1582 4468 Deus
1611 4428 1668 4467 se
1700 4413 1750 4466 in
1781 4411 2160 4474 hominem,vel

567 4479 620 4553 in
651 4481 838 4553 solem,
871 4481 1486 4553 transformasseMnnes
1515 4482 1869 4553 contingebat,
1899 4493 1953 4535 ut
1980 4491 2160 4536 osten-

2264 3289 2531 3342 quamque
2554 3277 2772 3329 lortnatn
2796 3285 2849 3329 et
2869 3275 3100 3345 speciem
3123 3291 3180 3330 sc
3206 3274 3640 3338 transformasse,
3659 3285 3821 3340 quem-

2262 3345 2547 3418 admodum
2579 3357 2637 3418 _et
2669 3345 2720 3399 in
2750 3346 2907 3400 solem
2927 3388 2941 3413 ,
2976 3345 3047 3400 ita
3076 3347 3308 3418 subjicit.
3343 3345 3515 3417 Perge
3542 3387 3556 3407 ,
3589 3360 3762 3418 qurere,
3788 3351 3824 3418 et

2264 3416 2514 3490 pugillum
2536 3411 2743 3490 plenum
2773 3417 2894 3471 solis
2916 3411 3039 3472 mihi
3066 3411 3214 3487 a/fer,
3246 3434 3334 3490 aut
3360 3411 3823 3490 modium'plruuru!

2264 3484 2386 3551 Ipse
2423 3503 2538 3540 vero
2579 3487 2688 3554 sol,
2732 3506 2824 3556 pro
2865 3507 2921 3544 eo
2952 3484 3418 3558 quod-subtilioris
3467 3499 3542 3542 est
3587 3484 3819 3556 corporis.

2264 3559 2522 3633 cooperire
2553 3568 2600 3612 te
2620 3571 2670 3633 et
2688 3559 3003 3633 circumdare
3023 3571 3205 3633 potest,
3229 3571 3282 3613 tu
3305 3574 3420 3613 vero
3444 3577 3580 3621 cum,
3611 3559 3696 3633 etsi
3715 3572 3816 3633 cgit-

2264 3621 2564 3694 culcaveris,
2597 3631 2725 3683 nihil
2752 3631 2916 3686 Ia'dis.
2947 3621 3134 3686 Contra
3174 3642 3344 3686 autem
3365 3673 3379 3692 .
3413 3629 3702 3694 concludit,
3724 3621 3816 3682 Do-

2263 3701 2432 3754 minus
2459 3717 2574 3754 vero
2601 3718 2740 3754 meus
2770 3700 2940 3768 Iesus,
2965 3704 3008 3756 si
3033 3714 3195 3756 tentus
3224 3711 3316 3770 est,
3341 3711 3396 3758 ut
3421 3698 3578 3755 homo
3598 3700 3655 3756 ab
3679 3700 3822 3770 homi-

2261 3770 2409 3824 nibus
2452 3781 2618 3827 tentus
2659 3782 2750 3826 est.
2787 3773 2849 3828 Si
2880 3767 2981 3827 nan
3018 3784 3090 3827 est
3118 3767 3413 3835 homo,'nec
3443 3782 3614 3826 tentus
3650 3781 3731 3826 est.
3772 3767 3824 3828 Si

2264 3857 2364 3916 non
2396 3851 2468 3896 est
2498 3851 2697 3916 tentus,
2729 3861 2820 3897 ncc
2862 3862 3041 3916 passus
3080 3857 3172 3912 est,
3206 3861 3296 3898 nec
3319 3845 3616 3914 baptizatus
3651 3847 3732 3916 est.

2262 3912 2352 3966 ille
2373 3929 2474 3966 non
2501 3911 2907 3986 estgboptizatu's,
2941 3933 3100 3986 neque
3128 3911 3399 3985 quisquam
3432 3927 3661 3969 nostrum
3680 3911 3822 3986 bapti-

2263 3994 2408 4038 zatus
2435 3995 2529 4041 est.
2572 3984 2833 4055 Baptisma
2859 3984 3028 4041 autem
3054 3989 3098 4041 si
3128 3984 3224 4042 non
3253 3984 3348 4054 est,
3373 4003 3467 4040 nec
3501 3988 3598 4040 erit
3625 3984 3822 4040 remissio

2263 4066 2605 4130 peccatorum,
2630 4058 2718 4130 sed
2746 4058 2930 4130 insitis
2961 4059 3175 4130 peccatis
3201 4060 3552 4130 unusquisque
3586 4056 3818 4130 morietur.

2337 4128 2423 4181 12.
2459 4123 2536 4181 Ex
2566 4123 2758 4197 quibus
2797 4123 3048 4186 Archelai
3085 4127 3241 4183 dir-tis
3287 4123 3585 4183 maximum
3627 4125 3718 4197 sibi
3747 4125 3820 4177 in-

2264 4196 2604 4253 eommodurn
2641 4201 2822 4254 Manes
2869 4199 3044 4254 aﬂ'erri
3085 4201 3460 4269 praesentiens,
3495 4209 3672 4269 totum
3699 4196 3821 4269 haec

2261 4283 2566 4325 sermonem
2601 4271 2995 4339 praetermittit,
3028 4265 3098 4326 et'
3122 4271 3399 4325 dumtaxat
3427 4265 3824 4339 postremisillis

2263 4341 2486 4395 vocibus
2532 4335 2819 4408 insistens,
2850 4342 2955 4397 duo
2985 4335 3084 4397 illa
3123 4335 3461 4397 consectaria
3514 4341 3568 4398 in
3612 4335 3821 4400 medium

2270 4411 2508 4467 adduxit.
2565 4413 2744 4468 Primo
2798 4407 3118 4482 reponens:
3176 4409 3318 4483 Ergo
3371 4407 3636 4483 baptisma
3684 4409 3825 4464 datur

2269 4492 2490 4551 propter
2543 4481 2914 4553 remissionem
2977 4481 3362 4553 peccatorum?
3418 4481 3674 4552 Quodque
3705 4495 3825 4553 cunt

571 4548 724 4625 deret
767 4548 946 4604 letum
977 4563 1205 4606 nostrum
1228 4592 1241 4617 ,
1273 4552 1453 4606 habitu
1482 4554 1588 4607 solo
1615 4565 1661 4607 et
1696 4548 1806 4608 uisu
1838 4553 2029 4625 factum
2059 4569 2166 4625 esse
2191 4549 2245 4616 D
2270 4548 2562 4625 Archelaus
2593 4551 2858 4621 dedisset,
2890 4548 3262 4625 respondendo
3295 4548 3471 4615 auten,
3499 4548 3826 4625 statimislud

567 4621 924 4693 hominem_,a
958 4632 1064 4690 quo
1097 4632 1369 4693 tamquam
1399 4625 1647 4678 hmretice
1674 4621 2066 4693 dicto'quilibet
2101 4624 2163 4677 ti-

565 4690 765 4744 delium
794 4691 1096 4745 abhorrere
1118 4692 1369 4757 debebat,
1403 4705 1654 4761 provocat
1677 4695 1742 4747 ad
1777 4690 2161 4760 protuissiones

565 4776 756 4815 omnes
783 4769 943 4830 atque
974 4764 1170 4831 liguras
1195 4764 1245 4815 in
1274 4763 1559 4829 Srriptttris
1587 4764 1654 4818 de
1688 4764 1846 4832 hujus
1885 4764 2162 4820 nativitate

561 4833 673 4903 76
717 4845 1030 4900 expressas;
1065 4833 1228 4886 immo
1265 4843 1318 4887 et
1359 4833 1423 4886 ad
1455 4837 1624 4903 ipsum
1655 4835 1898 4888 aduentus
1939 4849 2158 4901 nomen,

561 4919 683 4970 qua:
703 4903 876 4959 deleri
904 4918 1126 4960 necesse
1157 4914 1322 4968 esset,
1349 4920 1468 4957 cum
1497 4907 1547 4959 in
1569 4905 1718 4960 caelis
1748 4907 1956 4974 positus
1984 4905 2160 4962 facere

561 4984 772 5043 poterat
799 4989 921 5046 quin
951 4976 1213 5046 voluerat,
1256 4977 1298 5028 si
1337 4991 1451 5030 eum
1500 4975 1756 5044 Spiritum
1785 4976 1954 5029 solum
1982 4985 2028 5029 et
2060 4993 2160 5031 non

563 5045 825 5100 hominem
849 5045 1016 5099 fuisse
1043 5045 1396 5117 altirmemus.
1424 5050 1492 5100 At
1513 5063 1617 5102 non
1639 5048 1706 5102 ita
1737 5063 1857 5101 esse
1877 5087 1891 5112 ,
1923 5063 1983 5117 ex
2016 5049 2159 5117 Apo-

562 5117 684 5187 stoli
733 5117 914 5172 verbis
959 5117 1024 5171 ad
1072 5116 1441 5186 Pbilippenses
1488 5120 1675 5186 probat
1706 5119 1802 5187 (ὁ).
1839 5115 2098 5173 Nimirum
2135 5137 2146 5173 :

564 5184 864 5259 Eainanivit
885 5189 1110 5259 seipsum
1137 5184 1358 5258 formam
1384 5184 1515 5242 servi
1537 5184 1802 5259 accipiens.
1831 5192 2007 5256 Quare
2033 5193 2156 5244 sub-

558 5257 678 5330 jicit
709 5261 912 5314 statim.
945 5257 1072 5313 Dico
1108 5257 1278 5312 autem
1309 5261 1372 5313 de
1396 5277 1453 5314 eo
1489 5262 1573 5326 qui
1602 5257 1663 5313 ea:
1700 5260 1865 5312 Maria
1893 5264 2057 5330 factus
2085 5270 2158 5315 est

559 5327 733 5383 homo.
762 5330 863 5398 Qui
899 5331 1150 5402 loquendi
1181 5331 1390 5396 modus,
1416 5331 1580 5384 divini
1614 5331 1774 5385 Verbi
1798 5327 2042 5385 naturam
2071 5341 2154 5386 at-

480 5415 490 5466 ;
562 5413 668 5469 que
697 5414 978 5472 personant
1014 5412 1140 5455 ante
1171 5404 1504 5456 nativitatem
1535 5417 1597 5456 es
1631 5403 1847 5472 Virgine
1877 5406 2156 5472 perspicue

563 5473 833 5540 patefacit.
865 5471 1327 5539 Quemadmodum
1365 5474 1416 5527 in
1448 5473 1648 5527 mundo
1683 5471 1801 5542 pust
1832 5471 2153 5542 baptismum

563 5542 734 5599 Patris
762 5559 862 5598 vox
887 5544 1202 5600 annuntiare
1233 5545 1439 5611 voluit,
1470 5545 1744 5600 disserens
1773 5545 1840 5600 de
1861 5560 1927 5600 eo
1956 5545 2046 5615 qui
2085 5546 2153 5602 de

630 5683 706 5755 (a)
729 5683 871 5755 _Acta
891 5680 1171 5755 di_sputat.,
1206 5695 1322 5750 pag.
1354 5678 1456 5750 9'2,
1486 5695 1604 5752 cap.
1637 5680 1703 5738 49
1730 5721 1745 5749 ,
1778 5695 1895 5750 pag.
1930 5680 2019 5748 9i,
2049 5679 2139 5749 9‘2,

561 5753 695 5824 apud
728 5753 1070 5824 Zacaguitttn.

633 5824 707 5893 (bi
735 5821 962 5881 Enistol.
995 5821 1140 5877 Pauli
1166 5821 1231 5875 ad
1255 5820 1647 5891 Pitilippenses,
1669 5837 1788 5895 cap.
1815 5838 1874 5895 tt,
1909 5823 1961 5880 7.

2269 4622 3070 4700 alittdAblasphentnmsubjecit
3100 4644 3111 4679 :
3145 4624 3283 4700 Ergo
3322 4626 3552 4700 peccari!
3581 4622 3824 4685 Christus,

2263 4696 2385 4762 quia
2416 4696 2697 4768 baptizatus
2727 4697 2842 4752 est?
2867 4694 3020 4766 Quod
3051 4694 3380 4768 postte’mu‘m
3408 4694 3827 4768 pe'rhorresceliﬂ

2266 4751 2580 4840 Archelaus,
2633 4766 2774 4840 illico
2796 4751 3011 4840 Aeb's‘titit
3044 4751 3615 4840 chporrderts,'Absi_t_;
3654 4751 3829 4834 e177

2265 4837 2492 4909 apostoli
2520 4831 2667 4894 Pauli
2700 4831 2857 4894 verba
2890 4831 3180 4909 usurpans,
3214 4831 3521 4892 sermonem
3553 4835 3697 4890 hisce
3721 4831 3827 4887 rcf-

2263 4906 2348 4962 bis
2376 4908 2567 4963 clausit
2600 4927 2614 4963 :
2651 4911 2786 4975 Quin
2814 4911 2985 4982 potius
3023 4906 3127 4981 'pro
3146 4910 3323 4982 __nobis
3360 4921 3622 4982 peccatum
3675 4909 3829 4982 {actus

2265 4989 2358 5040 est,
2391 4990 2566 5036 nostra
2586 4990 2788 5052 peccata
2812 4975 3115 5052 suscipiens.
3135 4975 3528 5052 Proptcr'quodi
3547 4995 3605 5034 ex
3635 4975 3831 5052 muliere

2264 5061 2413 5106 nam;
2432 5062 2538 5116 εει,
2570 5047 2615 5105 έι
2637 5062 2843 5122 propter
2870 5047 3007 5122 quod
3038 5052 3104 5103 arl
3126 5047 3398 5121 Baptisnta
3422 5051 3572 5122 uenit,
3601 5055 3658 5102 ut
3690 5047 3830 5122 hujus

2265 5122 2422 5194 partis
2472 5118 2754 5194 perciperet
2795 5118 3252 5194 sancti/irationem
3277 5138 3295 5188 ;
3325 5132 3378 5175 ut
3424 5120 3709 5190 Spiritum,
3754 5118 3830 5187 qui

2265 5191 2595 5247 descenderat
2616 5191 2679 5246 in
2711 5194 2872 5264 specie
2902 5191 3166 5256 columbis.
3214 5208 3398 5264 corpus
3437 5193 3572 5262 quod
3600 5203 3831 5264 πίει-φιλο

2263 5273 2343 5316 rat
2367 5277 2569 5329 portare
2600 5259 2775 5332 possit.
2819 5259 3122 5318 Recessisse
3151 5259 3470 5317 Archelaum
3494 5277 3522 5314 a
3560 5259 3834 5332 catholica?

2264 5336 2502 5388 veritatis
2561 5331 2836 5405 principiis
2870 5380 2883 5401 ,
2941 5344 3208 5403 postrema
3267 5334 3425 5402 hujus
3478 5331 3835 5405 responsionis

2263 5415 2441 5474 parte,
2477 5402 2781 5461 Beausobre
2824 5402 3149 5461 contendere
3189 5419 3295 5460 non
3339 5415 3550 5459 veretur
3577 5402 3690 5474 tu).
3715 5402 3834 5455 Nam

2263 5472 2506 5545 quamvis
2532 5479 2659 5533 Jesu
2684 5477 2885 5532 Christi
2927 5491 3188 5545 summam
3216 5474 3567 5530 innocentiam
3599 5472 3836 5530 interno-

2265 5543 2432 5604 visset
2481 5558 2536 5604 et
2584 5548 2964 5618 pradicasset,
2997 5543 3225 5604 dicendo
3268 5561 3391 5603 cum
3435 5560 3538 5602 nou
3567 5545 3838 5616 recepise

2327 5685 2403 5770 lc.)
2435 5681 2684 5770 hrcbelai
2713 5665 2852 5770 acta,
2885 5699 3006 5756 pag.
3031 5680 3197 5770 93.”
3291 5761 3296 5770 ξ

2329 5747 2404 5810 ’di
2433 5757 2765 5827 Beausobre,
2789 5747 3102 5828 libftfcap.
3132 5753 3221 5826 10,
3247 5761 3367 5829 pag.
3390 5747 3510 5814 H7.
