3988 6314
607 367 716 428 865

1199 364 1260 422 Ρ.
1299 363 1611 423 CACCIARI
1651 317 2240 419 EXERCITATI‘TOI-VES
2278 362 2341 417 IN
2381 363 2437 417 S.
2483 361 2723 420 LEONIS
2765 361 2979 419 MAGNI
3020 363 3267 419 OPERA.

3778 364 3872 419 861

606 498 783 543 crates
828 486 1052 541 Manetis
1080 499 1268 541 necem
1316 486 1601 551 descripsit
1630 482 1727 551 ta).
1760 479 2181 551 Quippegeccle-
2206 486 2255 543 Α
2283 479 2370 544 tis,
2410 479 2514 535 etsi
2541 480 2843 551 Beausobre
2881 480 3105 535 inﬁciari
3135 495 3296 536 ausus
3342 495 3450 535 non
3480 480 3665 548 fuerit,
3703 485 3870 540 mult:

605 559 938 613 siasticarum
975 571 1154 611 rerum
1182 554 1471 611 memorias
1498 550 1703 609 referre
1732 554 1935 616 volens,
1968 550 2174 605 Arche-

606 628 677 683 lai
703 643 823 683 cum
853 628 1061 682 Manete
1091 627 1503 697 disputationem
1532 624 1640 693 jam
1667 622 1873 697 scripto
1892 621 2176 697 consigna-

607 706 715 753 tam
755 700 1000 754 manibus
1030 694 1206 753 terens
1226 739 1241 761 ,
1281 706 1335 752 et
1377 697 1565 752 eadem
1597 696 1709 749 suis
1738 694 1905 748 oculis
1933 694 2174 759 lustrata,

605 785 728 839 qua:
755 771 1011 825 hactenus
1036 769 1288 835 diximus,
1321 783 1498 823 rerum
1531 766 1720 821 ordine
1764 774 2003 839 servato,
2034 764 2178 839 fideli

608 835 911 897 narratione
950 841 1252 907 explicavit.
1291 839 1367 903 Ne
1396 852 1526 893 vero
1557 852 1618 893 ea
1646 851 1765 907 quae
1791 836 1987 890 ibidem
2017 835 2179 889 refert

606 912 660 966 in
690 912 937 967 falsitatis
957 913 1313 982 suspicionem
1337 910 1653 982 quandoque
1674 908 2085 982 adducerentur,
2121 914 2179 960 ut

603 982 863 1038 lectorum
908 977 1141 1037 animum
1191 999 1220 1038 a
1272 977 1595 1051 praejudiciis
1633 994 1857 1032 vacuum
1905 977 2173 1051 redderet,

604 1059 882 1123 postquam
913 1054 1218 1123 scripserat.
1251 1056 1315 1108 At
1336 1049 1429 1106 rex
1457 1051 1731 1105 Persarum
1756 1059 2010 1123 comperto
2038 1049 2177 1117 quod

604 1121 922 1179 Manichtzus
967 1121 1152 1179 in'illis
1174 1125 1399 1193 partibus
1427 1132 1709 1175 moraretur
1734 1161 1747 1181 ,
1784 1122 1901 1173 inde
1945 1121 2170 1188 abrepto,

602 1208 765 1249 cutem
796 1195 992 1249 detrahi
1011 1198 1191 1268 jussit,
1214 1211 1424 1265 eamque
1448 1194 1606 1268 paleis
1633 1194 2039 1268 oppletamante
2056 1207 2178 1261 por-

602 1277 678 1321 tas
710 1268 927 1321 civitatis
963 1262 1203 1338 appendit
1230 1284 1248 1332 ,'
1277 1262 1458 1321 statim
1492 1264 1556 1338 ad
1595 1278 1807 1338 omnem
1842 1262 1995 1316 lidetn
2021 1264 2176 1338 hisce

601 1338 759 1394 dictis
786 1333 1154 1413 vindicandam
1174 1380 1187 1403 ,
1218 1338 1445 1406 sahjecit
1474 1353 1484 1387 :
1520 1336 1836 1413 Atque__htec
1878 1349 1969 1413 nos
2011 1333 2178 1385 haud-

598 1424 857 1480 quaquam
886 1411 1154 1480 commenti
1197 1424 1413 1473 sumus;
1441 1408 1530 1480 sed
1573 1422 1635 1480 ex
1662 1406 2005 1480 disputatione
2048 1420 2177 1480 qua-

600 1474 725 1533 darn
746 1479 1389 1542 Archelai,Cascharorum
1410 1478 1546 1531 urbis
1576 1477 1628 1529 in
1659 1474 2034 1545 MesOpotamia
2064 1475 2172 1543 epi-

598 1554 762 1619 sc0pi,
789 1570 821 1605 a
847 1553 989 1604 nobis
1017 1551 1168 1614 lecta,
1209 1551 1571 1617 excerpsimus.

667 1615 723 1677 2.
752 1623 963 1691 Scripta
994 1637 1120 1692 ergo
1142 1615 1475 1692 consignata,
1495 1617 1751 1692 etGrzeco
1776 1632 2025 1692 sermone
2048 1615 2172 1670 red-

598 1695 729 1757 dita,
758 1688 1079 1748 tum—isthmc’
1095 1688 1341 1748 Archelai
1363 1691 1652 1760 disputatio
1674 1688 2170 1743 circnmferebatur.

597 1765 707 1821 Nec
737 1766 1012 1835 quisquam
1043 1765 1109 1818 ab
1138 1780 1204 1819 eo
1233 1772 1475 1833 tempore
1505 1761 1571 1814 ad
1602 1776 1798 1815 annum
1831 1760 2169 1813 millesimum

599 1839 1129 1907 septingentesimum
1168 1835 1633 1907 quadragesimum
1667 1846 1835 1899 usque
1878 1845 1998 1885 eam
2039 1842 2172 1907 tam-

595 1899 752 1976 quam
777 1899 963 1962 falsam
984 1916 1039 1961 et
1066 1899 1453 1976 supposititiam
1474 1904 1713 1972 judicare
1736 1916 1897 1955 ausus
1918 1913 2018 1976 e_st_.
2042 1899 2170 1976 N__ul-

598 1971 701 2043 lus,
734 1980 971 2047 inquam,
1014 1971 1524 2047 eam'commeutum
1558 1990 1721 2041 nugas
1745 1983 1905 2047 sique
1943 1971 2168 2047 fabellas

595 2042 870 2103 continere
904 2048 1206 2103 afﬁrmavit.
1240 2047 1294 2101 Id
1316 2062 1443 2117 erga
1470 2046 1744 2117 dumtaxat
1775 2042 2169 2117 [lenusobriano

593 2120 815 2189 judicio,
848 2120 1135 2189 paucisque
1159 2118 1299 2183 aliis,
1332 2114 1421 2186 qui
1453 2114 1953 2189 praclattrScriptori
1980 2127 2170 2189 assert:

598 2182 1000 2255 iaricona'ntur,
1044 2182 1373 2244 reservatum
1415 2188 1576 2241 fuisse
1616 2182 2033 2239 arbitrabimur?
2061 2182 2168 2239 Sed

593 2262 702 2330 jam
722 2261 1043 2315 luculentius
1063 2260 1130 2315 de
1151 2262 1252 2314 hoc
1276 2258 1622 2313 vindiciarum
1647 2271 1843 2330 genere
1861 2257 1914 2310 in
1934 2270 2168 2330 sequen—

597 2327 739 2386 tibus
778 2333 936 2387 verba
967 2332 1239 2386 faciemus.
1266 2330 1502 2385 Tandem
1529 2344 1656 2384 vero
1686 2330 1750 2381 de
1779 2327 2008 2381 Manetis
2038 2340 2169 2381 nece

596 2418 900 2458 sermonem
933 2402 1286 2473 prosecuturi,
1331 2409 1525 2471 praeter
1556 2398 1850 2473 iiﬂpiphauii
1881 2398 2169 2473 auctorita-

596 2483 729 2546 tem,
754 2478 843 2546 qui
864 2468 1290 2545 priecedentibas
1320 2468 2041 2546 scriptoribus:suffragatur,
2074 2468 2169 2546 ob-

594 2540 737 2599 vium
772 2540 1047 2601 cst—etiam
1079 2540 1443 2599 testimonium
1473 2541 1644 2595 Pbatii
1673 2540 1774 2612 (ὁ),
1795 2542 1893 2612 qui
1921 2541 2169 2612 quamvis

593 2617 665 2670 ob
690 2616 921 2671 schisma
951 2618 1003 2671 in
1037 2616 1325 2670 Ecclesiam
1356 2610 1692 2669 catholicam
1719 2610 1991 2664 inductum
2028 2610 2170 2664 laesa:

594 2687 719 2743 fidei
751 2690 911 2742 homo
950 2688 1141 2743 merito
1171 2686 1365 2741 debeat
1393 2683 1683 2754 appellari;
1725 2692 1899 2735 tamen
1942 2682 2166 2735 multam

594 2758 901 2814 adhibuisse
918 2759 1245 2828 diligentiam
1271 2757 1323 2811 in
1352 2754 1749 2828 perscrutandis
1768 2762 2014 2828 veterum
2036 2754 2181 2828 scri-.

595 2832 719 2899 ptis,
765 2822 1040 2900 multaque
1084 2822 1386 2884 eruditione
1434 2827 1597 2881 fuisse
1623 2824 1951 2900 praidituin,
1994 2822 2170 2900 adhuc

593 2894 871 2969 quiSquam
905 2894 1010 2955 non
1033 2912 1115 2955 est
1141 2914 1301 2954 ausus
1331 2900 1575 2953 inﬁciari.
1622 2896 1670 2969 ls
1696 2898 1893 2969 itaque,
1924 2894 2199 2969 quamvis.‘

592 2967 647 3027 in
680 2967 1003 3028 recensenda
1032 2973 1255 3026 Manetis
1277 2986 1428 3037 nece,
1454 2976 1510 3024 et
1533 2967 1778 3022 Archelai
1809 2968 1994 3034 gestis,
2029 2982 2169 3033 pra:-

592 3043 896 3098 cedcntium
924 3044 1246 3111 scriptorum
1277 3040 1601 3095 ordinariam
1624 3038 1930 3111 tnethodum
1956 3051 2171 3111 nongse-

593 3124 809 3184 quatur,
850 3130 972 3169 eum
1021 3109 1194 3168 tamen
1241 3115 1326 3167 vix
1371 3113 1437 3166 ab
1477 3125 1662 3184 eorum
1692 3109 1850 3164 dictis
1881 3109 2169 3184 recessisse

594 3180 929 3253 exploratum
960 3194 1062 3240 est.
1102 3185 1289 3251 Capite
1328 3185 1469 3238 enim
1508 3180 1576 3235 l3
1606 3190 1787 3235 narrat
1818 3180 2166 3246 quemadmo-

2285 561 2461 605 tamen
2491 552 2668 605 studio
2697 550 2954 617 adhibita,
3001 568 3119 607 eam
3161 553 3363 607 sensim
3401 552 3680 609 inﬁrmare
3703 571 3870 611 caua-

2283 629 2386 674 tur.
2412 622 2601 689 Capite
2622 622 2763 677 enim
2795 624 2855 677 11
2886 622 3078 691 prioris
3109 623 3251 687 libri,
3278 623 3503 679 Manetis
3534 638 3728 680 necem
3761 627 3862 683 de-

2280 693 2598 765 scripturus,
2629 693 2788 763 hujus
2827 705 3099 749 auctorem
3138 704 3195 750 et
3236 695 3389 765 quasi
3421 695 3733 751 ministrum
3766 700 3870 752 Ar-

2278 764 2523 839 chelaum
2546 767 2855 839 episcopum
2883 766 3051 839 fuisse
3062 764 3349 839 asseverat
3372 766 3475 839 (ά),
3506 777 3796 837 propterea
3821 770 3866 825 in

2280 836 2513 889 medium
2548 834 2751 908 Gallice
2780 838 3001 906 prolatis
3042 836 3147 892 illis
3177 834 3391 905 verbis,
3423 834 3477 892 in
3506 834 3631 908 quae
3660 841 3863 904 episeo-

2280 921 2379 975 pus
2414 915 2532 975 post
2559 907 2976 983 disputationem
3006 919 3272 983 eruperat,
3302 907 3582 983 videlicet:
3622 910 3759 966 Hac
3785 930 3862 983 ες(

2277 993 2391 1051 cum
2414 982 2778 1051 cognovissem,
2810 980 3148 1051 necessarium
3174 996 3253 1033 me
3272 982 3425 1033 etiam
3445 981 3590 1034 vobis
3616 980 3859 1051 indicare,

2275 1049 2396 1116 quia
2430 1050 2705 1121 requiritur
2732 1051 2839 1121 ipse
2864 1067 2895 1103 a
2928 1067 3044 1121 rege
3076 1049 3350 1105 Persarum
3378 1068 3542 1121 usque
3570 1054 3629 1106 in
3663 1052 3858 1108 hodier-

2277 1136 2401 1172 num
2432 1120 2584 1195 diem.
2614 1120 2847 1195 haudata
2880 1120 3094 1195 quidem
3123 1123 3282 1195 verba
3310 1122 3388 1195 ad
3419 1120 3655 1178 Manetis
3684 1140 3857 1195 perpe.

2279 1200 2412 1243 trata
2442 1192 2580 1258 apud
2618 1192 2809 1247 Persas
2854 1193 3085 1247 facinora
3135 1193 3343 1260 referri,
3393 1192 3855 1253 neminem’latere

2277 1262 2527 1315 arbitror.
2554 1262 2683 1329 Qum
2716 1264 3011 1320 Archelaus
3041 1278 3283 1319 eructare
3312 1269 3464 1334 quasi
3496 1265 3597 1319 fuit
3618 1280 3849 1333 coactus,

2276 1334 2489 1401 quando
2520 1334 2765 1389 videlicet
2806 1336 3052 1390 absoluta
3081 1352 3200 1389 cum
3242 1335 3538 1390 Manichan
3565 1341 3846 1395 novissima

2276 1406 2675 1479 congressione,
2703 1406 3097 1479 admirantibus
3123 1408 3327 1474 populis
3351 1417 3402 1461 et
3432 1408 3630 1473 turbis,
3657 1427 3773 1479 qua:
3794 1428 3845 1465 ex

2277 1472 2419 1527 illius
2450 1476 2734 1543 provincia:
2763 1477 2893 1532 locis
2926 1479 3047 1531 illuc
3069 1472 3456 1542 canvenerant,
3492 1488 3549 1531 ut
3577 1472 3715 1534 duos
3743 1483 3846 1536 illos

2278 1546 2527 1617 virosde
2571 1548 2827 1617 religione
2865 1548 3202 1617 disputantes
3250 1549 3535 1613 audirent,
3585 1552 3843 1608 silentium

2278 1614 2489 1693 indixit,
2525 1614 2795 1693 totamque
2823 1614 3026 1693 seriem;
3051 1631 3322 1693 gestorum
3350 1629 3515 1691 atque
3554 1636 3841 1693 perpetrata

2278 1686 2505 1763 Manetis
2536 1686 2771 1763 facinora
2808 1686 3177 1763 patefecit'(e).

2349 1758 2494 1838 lianc
2548 1761 2728 1827 itaque
2782 1762 3028 1838 Archelai
3071 1758 3257 1838 agendi
3301 1763 3566 1838 rationem
3610 1768 3836 1838 maligne

2278 1829 2328 1882 in
2371 1833 2571 1884 crimen
2603 1847 2800 1886 vocare
2842 1834 2988 1887 nisus
3028 1829 3127 1887 est'
3148 1834 3476 1899 Beausobre,
3522 1829 3833 1894 mntendEns

2277 1914 2381 1952 non
2412 1902 2659 1956 debuisse
2680 1903 2989 1973 episcopum
3016 1919 3075 1958 ea
3110 1904 3335 1961 Manetis
3362 1906 3597 1961 crimina
3629 1919 3746 1964 nota
3775 1911 3835 1965 fa-

2274 1986 2400 2025 cere
2432 1974 2647 2045 populo,
2696 1976 2765 2029 ob
2793 1990 2911 2045 qua:
2941 1992 2969 2029 a
2994 1975 3153 2043 regiis
3179 1976 3463 2031 Persarum
3498 1981 3756 2035 ministris
3782 1982 3833 2036 ad

2276 2056 2461 2119 necem
2496 2044 2895 2119 inquirebatur,
2939 2046 3185 2101 videlicet
3232 2048 3375 2118 quod
3431 2051 3643 2119 regium
3692 2050 3831 2106 ﬁlium

2271 2113 2551 2188 occiderit.
2598 2115 2898 2188 iDumtaxat
2951 2128 3220 2187 tamquam
3248 2113 3448 2174 'bonus
3495 2113 3691 2188 pastor
3733 2140 3833 2177 eum

2272 2185 2550 2251 Oportebat
2576 2187 2643 2239 de
2669 2186 3011 2243 Manichaicis
3031 2185 3176 2243 circa
3205 2188 3364 2244 ﬁdem
3388 2185 3668 2247 erroribus
3694 2195 3831 2249 verba

2271 2254 2471 2328 facere,
2508 2268 2561 2309 ut
2597 2258 2826 2326 populus
2859 2259 2981 2313 illos
3012 2271 3357 2328 prtecaveret.
3384 2261 3566 2328 Quare
3588 2264 3688 2317 sibi
3708 2265 3834 2318 blan-

2271 2324 2434 2405 ditur,
2483 2328 2539 2381 S.
2572 2324 2827 2405 _cp_i_scopi
2877 2324 3137 2405 animum,
3190 2324 3518 2405 voluntatem
3558 2335 3833 2405 agendique

2272 2398 2541 2475 rationem
2566 2398 2723 2475 facile
2760 2403 2967 2475 assequi
3012 2417 3176 2475 posse
3206 2412 3261 2475 et
3291 2398 3670 2470 interpretari;
3710 2398 3831 2475 judi-

2271 2468 2464 2545 cando,
2494 2470 2763 2545 videlicet,
2796 2468 3029 2545 voluisse
3056 2473 3375 2527 Archelaum
3407 2468 3519 2529 suis
3548 2468 3726 2530 verbis
3748 2493 3827 2545 po-

2274 2539 2452 2607 pulum
2482 2543 2716 2595 excitare
2742 2544 2805 2594 ad
2841 2544 3095 2607 furorem,
3126 2552 3178 2597 et
3220 2545 3561 2609 seditionem,
3591 2557 3647 2601 ut
3690 2539 3832 2602 nimi-

2273 2626 2413 2676 rum,
2440 2613 2828 2677 comprehenso
2856 2613 3085 2679 Manete,
3122 2618 3171 2667 in
3217 2618 3495 2669 Persarum
3524 2634 3707 2672 manus
3733 2631 3831 2671 tra-

2272 2680 2506 2755 deretur.
2547 2682 2725 2735 Persa:
2748 2684 2889 2737 enim
2924 2686 2973 2738 in
3002 2686 3247 2740 colitiniis
3279 2686 3656 2755 Mesopotamiae
3682 2705 3831 2743 com-

2274 2753 2639 2815 morabautur,
2671 2769 2769 2808 nec
2797 2770 2826 2808 a
2850 2755 3213 2810 Romanorum
3235 2753 3492 2811 ditioneet
3514 2758 3829 2813 stationibus

2275 2824 2675 2891 separabantur,
2736 2825 2836 2879 nisi
2880 2842 2974 2893 per
3014 2828 3231 2881 ﬁavium
3278 2830 3561 2897 Strangam.
3605 2828 3828 2883 Pravam

2272 2909 2399 2968 ergo
2425 2905 2498 2968 et,
2533 2906 2589 2948 ut
2618 2908 2826 2968 vocant,
2873 2900 3202 2966 irregularem
3245 2899 3411 2954 fuisse
3440 2903 3570 2952 hanc
3600 2902 3835 2968 episcopi

2272 2964 2642 3040 intentionem,
2680 2964 2987 3022 Beattsobre
3012 2971 3307 3023 Contendit.
3333 2972 3501 3035 Quam
3532 2964 3651 3024 cum
3672 2964 3832 3040 papa-

2274 3036 2355 3088 lus
2381 3037 2576 3091 deinde
2603 3040 2806 3111 optime
2830 3040 3211 3104 intellexisset;
3236 3042 3399 3095 etiam
3428 3036 3703 3110 antequam
3730 3036 3835 3111 epi-

2273 3120 2466 3184 scopus
2497 3110 2731 3184 sermoni
2775 3110 2933 3184 linem
2966 3112 3139 3177 daret,
3193 3114 3241 3165 in
3291 3112 3504 3166 Manem
3554 3110 3834 3184 insurgens,

2276 3177 2423 3249 illum
2448 3179 2907 3248 comprehendere
2938 3184 3082 3236 nisus
3109 3194 3210 3249 est,
3242 3194 3297 3235 ut
3325 3184 3377 3236 in
3403 3184 3617 3238 vincula
3645 3177 3833 3238 ad'baré

592 3248 718 3310 dum
749 3258 815 3310 ad
848 3258 989 3325 regis
1019 3248 1302 3311 Persarum
1343 3256 1473 3308 iram
1507 3261 1663 3325 atque
1706 3252 1995 3325 vindictam
2038 3264 2170 3325 eva-
2198 3254 2245 3317 (ζ
2276 3248 2433 3325 baros
2466 3249 2667 3325 vicinos
2696 3252 3070 3325 adduceretur,
3103 3248 3309 3325 sedille
3331 3254 3688 3324 diligenterin
3710 3261 3829 3309 Ara-

595 3328 823 3381 dendam
851 3320 952 3382 huc
981 3327 1212 3397 illucque
1235 3326 1415 3381 Manes
1436 3320 1613 3397 vagari
1634 3332 1948 3397 cageretur;_
1966 3320 2169 3375 descri-

596 3399 672 3451 bit
701 3399 957 3452 satellites
988 3393 1179 3467 ubique
1207 3413 1328 3450 eum
1370 3396 1758 3467 perquirentes,
1793 3403 1857 3467 ut
1885 3393 1952 3445 ad
1986 3405 2168 3467 regem

597 3468 945 3535 adducerent,
971 3478 1025 3522 et
1050 3463 1339 3523 adductum
1372 3463 1700 3535 gravissimis
1737 3463 1949 3535 tandem
1980 3466 2167 3535 objur-

597 3540 904 3607 gatiOnibus
940 3542 1267 3609 exagitatam
1299 3534 1483 3601 fuisse,
1513 3534 1941 3609 etrhorribilium
1972 3534 2168 3609 impie-

598 3604 765 3663 tatum
797 3626 901 3663 non
929 3604 1199 3680 indignam
1223 3617 1449 3680 mortem
1468 3606 1697 3680 subiisse
1717 3613 2009 3680 asseverat.
2036 3604 2169 3658 llinc

598 3694 726 3747 ergo
756 3680 1022 3733 laudatum
1044 3674 1211 3749 caput
1241 3679 1387 3733 hisce
1410 3676 1609 3742 verbis,
1641 3691 1760 3744 quae
1784 3691 1849 3749 ex
1879 3674 2098 3749 Sacrate
2114 3686 2169 3729 et

602 3744 866 3805 Archelao
911 3744 1144 3805 mutuata
1191 3764 1311 3804 esse
1357 3749 1699 3813 arbitramur,
1750 3746 1985 3799 claudit:
2040 3744 2169 3799 Cum

600 3824 734 3876 enim
762 3823 945 3893 infelix
971 3821 1061 3876 ille
1088 3820 1255 3874 adhuc
1288 3822 1340 3874 in
1379 3821 1496 3893 civis
1536 3826 1924 3893 esset,_corpus,
1943 3817 2169 3893 detracm

599 3894 750 3964 pelle,
793 3888 844 3946 iii
884 3902 1047 3947 utrem
1076 3894 1411 3955 excoriantes,
1449 3890 1523 3943 sic
1563 3904 1624 3943 ea:
1660 3890 1763 3964 vita
1792 3888 2089 3964 detrahunt,
2122 3898 2170 3964 et

597 3958 745 4034 quasi
768 3965 1038 4032 dissecant,
1072 3966 1321 4032 reliquum
1359 3978 1475 4016 vero
1503 3976 1686 4034 corpus
1714 3962 1764 4012 in
1798 3958 2023 4029 prtedam
2049 3958 2169 4034 [eris

598 4029 897 4104 proficiunt,
932 4029 1192 4107 ipsamque
1224 4036 1428 4107 pellem,
1464 4031 1589 4107 utris
1618 4033 1801 4107 instar,
1832 4039 1976 4083 vento
2001 4029 2169 4099 reple-

599 4102 724 4178 tam,
751 4124 856 4178 pra:
884 4102 1079 4174 foribus
1104 4102 1496 4177 suspenderunt.
1530 4102 1708 4156 Talem
1736 4112 1972 4173 apostata
1992 4112 2039 4156 et
2060 4115 2167 4155 sce-

598 4177 898 4232 lestissimus
925 4179 1073 4232 homo
1096 4180 1213 4232 vita:
1243 4179 1517 4231 terminum
1544 4184 1839 4227 consecutus
1862 4183 1953 4227 est.

669 4248 871 4303 Rursus
902 4265 1028 4303 vero
1059 4250 1302 4304 laudatus
1334 4247 1576 4309 Photius,
1597 4261 1713 4324 cap.
1739 4245 2000 4312 15,hujus
2021 4256 2170 4324 acer:

598 4319 719 4374 bam
745 4331 973 4375 mortem
1003 4328 1390 4375 commemorat
1415 4360 1430 4384 ,
1461 4312 1733 4387 praemissa
1768 4325 1944 4369 tamen
1972 4312 2171 4367 celebri

599 4407 659 4445 ea
687 4392 1047 4455 disputatione
1074 4408 1231 4459 quam
1255 4402 1439 4444 contra
1466 4386 1716 4443 eumdem
1747 4386 1930 4441 habuit
1952 4387 2169 4459 Arche-

600 4461 734 4514 laus.
768 4461 917 4516 Hunc
938 4455 1112 4515 autem
1146 4462 1374 4514 divinum
1405 4472 1450 4513 et
1488 4468 1720 4511 sanctum
1750 4459 1915 4511 virum
1940 4455 2171 4511 Cascba-

600 4546 781 4584 rarum
818 4534 929 4602 80
956 4536 1006 4585 in
1033 4532 1467 4601 Mesopotamiam
1491 4531 1799 4602 episc0pum
1817 4529 2049 4602 appellat
2069 4526 2165 4602 (rc).

600 4599 1059 4668 Subjicit'deinde
1101 4599 1304 4656 Maiiein
1337 4604 1590 4671 insperato
1635 4600 1835 4667 pudore
1878 4601 1927 4653 in
1960 4599 2170 4667 publica

599 4674 977 4741 congressione
990 4672 1271 4726 suffectum
1296 4677 1571 4741 profugum
1593 4672 1928 4741 Diodoridein
1950 4671 2168 4741 fugisse.

602 4743 670 4797 Et
696 4740 872 4797 denuo
899 4744 966 4797 ab
995 4741 1184 4797 eodem
1229 4740 1491 4796 Archelao
1525 4745 1717 4795 iterum
1768 4740 2073 4810 disputante
2102 4740 2171 4794 ad

598 4814 774 4884 fugam
820 4815 984 4869 fuisse
1010 4814 1338 4883 perpulsum,
1381 4816 1793 4884 etrapparuisse
1825 4814 2031 4867 Manem
2073 4827 2169 4865 ne-

598 4883 910 4956 quissimum
958 4885 1254 4949 hominem,
1303 4884 1413 4939 suis
1451 4883 1504 4938 in
1545 4883 1881 4956 dogmatibus
1923 4884 2173 4936 omnibus

596 4954 970 5021 deridendum,
996 4968 1158 5026 atque
1176 4956 1545 5009 detestandum
1562 4971 1579 5021 ;
1596 4965 1704 5008 tum
1722 4954 1938 5008 tandem
1958 4972 1983 5003 a
2013 4955 2172 5022 regiis

598 5032 856 5085 ministris
882 5044 1003 5084 eum
1035 5028 1465 5097 perquirentibus
1496 5036 1655 5095 atque
1683 5026 2047 5080 scrutantibus
2078 5039 2169 5078 ca-

597 5114 743 5171 ptum
770 5101 952 5165 fuisse,
982 5110 1036 5154 et
1061 5098 1266 5171 acerbas
1290 5098 1409 5152 illas
1438 5114 1611 5169 poenas
1632 5098 1881 5171 subiisse.

666 5175 717 5229 5.
746 5172 1036 5228 Veritatem
1072 5170 1209 5226 hanc
1232 5178 1307 5225 tot
1333 5171 1597 5241 tantisque
1625 5169 1890 5224 ﬁrmatam
1923 5182 2166 5222 momen-

667 5372 1049 5447 (σχεθεῖν-διεδ,
1068 5371 1200 5426 Hist.
1230 5371 1322 5427 lib.
1346 5384 1518 5441 t,cap.
1535 5372 1696 5443 22,in
1721 5368 1995 5426 Valesiana
2017 5370 2177 5436 edit.,

595 5444 716 5517 pag.
745 5444 833 5517 59.

670 5512 745 5586 (ὁ)
777 5513 1019 5586 Pliotius,
1050 5512 1141 5586 li_l_)_.
1177 5522 1407 5586 [contra
1430 5514 1771 5586 Manichaaos,
1803 5529 1921 5585 cap.
1949 5516 2016 5570 15
2037 5512 2179 5584 apud

593 5581 1346 5655 ChristophorumWolﬁum,
1374 5599 1505 5655 pag.
1524 5584 1595 5639 52
1619 5593 1673 5639 et
1702 5600 1853 5655 seqq.

668 5658 744 5729 (c)
776 5654 1019 5729 Pbotius,
1049 5654 1183 5707 libro
1209 5669 1225 5707 l
1255 5665 1441 5709 contra
1464 5654 1806 5729 Manichaeos
1832 5671 1952 5729 cap.
1981 5655 2085 5711 l5:
2113 5656 2181 5712 Et

598 5730 653 5782 in
680 5726 1101 5794 MesOpotamiam
1134 5729 1410 5794 profectus,
1447 5742 1479 5779 α
1517 5726 1688 5779 divino
1720 5726 1972 5780 Archelao
1999 5738 2175 5783 sancto

601 5799 730 5859 viro,
748 5796 833 5863 qui
854 5803 974 5866 tum
992 5793 1365 5847 Cascltarorum
1404 5797 1455 5849 in
1490 5812 1548 5849 ea
1587 5798 1792 5866 regione
1835 5798 2023 5865 praesul
2048 5811 2178 5860 erat,

603 5867 776 5919 multis
805 5864 1100 5923 magnisque
1127 5867 1441 5923 argumentis
1481 5864 1657 5921 contra
1687 5864 1993 5923 impietatem
2034 5888 2178 5924 suum

2201 4643 2251 4703 ι)

2275 3320 2446 3397 bionis
2475 3321 2756 3397 castellum
2776 3324 3023 3397 profugit.
3044 3324 3178 3390 Quid
3204 3326 3397 3397 mirum
3424 3320 3556 3379 vera
3574 3328 3595 3379 ?
3616 3326 3833 3397 Maligna:

2273 3390 2396 3465 huic
2426 3393 2847 3460 interpretationi
2883 3390 3238 3462 Epiphaniam
3280 3396 3568 3465 suﬂragari
3599 3390 3824 3461 voluisse,

2273 3463 2470 3530 pariter
2515 3479 2577 3515 ex
2620 3479 2714 3517 sua
2759 3467 3016 3519 sententia
3062 3466 3366 3520 Beausobre
3407 3463 3828 3522 comminisciutr.

2273 3533 2646 3607 (“ponti-agit
2681 3549 2909 3607 namque
2931 3537 3067 3590 hunc
3089 3548 3331 3592 sanctum
3358 3541 3669 3607 episc0p:iut
3696 3541 3832 3593 intel-

2272 3603 2472 3679 lexisse
2497 3604 2757 3672 ejusmodi
2790 3606 3037 3679 Archelai
3067 3608 3252 3678 agendi
3297 3603 3827 3679 studium—episcopa-

2272 3674 2374 3728 lem
2427 3676 2795 3729 characterem
2854 3674 3139 3744 plurimum
3199 3678 3574 3743 dedecorare;
3609 3674 3829 3742 idcirco,

2275 3745 2573 3820 posthabita
2602 3746 2924 3815 praecedenti
2954 3752 3281 3812 narratione,
3313 3751 3475 3804 aliam
3504 3766 3718 3820 prorsus
3736 3750 3836 3803 dis-

2272 3818 2501 3891 similem
2548 3832 2645 3872 suo
2694 3821 2912 3891 proprio
2954 3834 3128 3891 marte
3173 3818 3519 3891 excogitavit,
3572 3822 3834 3877 scribendo

2275 3890 2525 3956 populum
2565 3890 2840 3943 catholica:
2884 3890 3160 3959 religionis
3189 3890 3368 3946 studio
3394 3902 3601 3953 actum,
3652 3894 3835 3946 Maneto

2273 3960 2539 4026 lapidibus
2580 3962 2886 4029 opprimere
2925 3963 3224 4030 quaesiissc,
3262 3963 3419 4031 cujus
3450 3974 3676 4018 conatus
3702 3963 3835 4016 furu-

2271 4046 2385 4101 rem
2412 4032 2745 4097 compescuit
2779 4042 2833 4084 et
2877 4034 3210 4099 praepedivit,
3251 4043 3307 4086 ut
3351 4034 3540 4089 Manes
3582 4035 3840 4101 aufugiens

2273 4100 2427 4155 facile
2478 4102 2784 4170 praesidium
2835 4103 2935 4156 sibi
2989 4108 3411 4158 nancisceretur.
3485 4100 3843 4159 Tillemoutius

2272 4172 2478 4240 (subdit
2517 4172 2976 4296 Beausobreg‘sibi
3010 4178 3271 4242 persuasit
3303 4180 3525 4227 brevem
3559 4178 3693 4231 hanc
3734 4191 3845 4229 nar-

2274 4244 2536 4296 rationem
2581 4244 2647 4296 ab
2690 4243 2824 4296 Eoia
2865 4244 2988 4296 anio
3027 4246 3191 4296 fuisse
3231 4249 3593 4296 sutmos'ilntn-
3634 4264 3753 4296 cum
3796 4250 3844 4296 iu

2274 4244 2536 4299 rationem
2581 4244 2647 4296 ab
2690 4243 2988 4313 Epiphanio
3027 4246 3191 4299 fuisse
3231 4249 3594 4314 SllppOsilntn,
3634 4264 3753 4301 cuin
3796 4250 3844 4299 iu

2274 4315 2525 4368 Archelai
2556 4313 2704 4368 Actis
2746 4330 2863 4368 eam
2910 4331 3015 4369 non
3054 4313 3410 4371 offendamus.
3458 4321 3530 4371 At
3571 4322 3705 4372 ultra
3735 4321 3849 4371 datu

2272 4400 2397 4438 vera
2429 4400 2549 4439 esse
2585 4400 2702 4454 qua:
2746 4387 3077 4453 Epiphanius
3114 4388 3231 4442 sine
3262 4396 3487 4442 auctore
3520 4407 3638 4441 intui
3674 4404 3849 4442 recen-

2272 4456 2401 4531 suit,
2424 4456 2605 4531 adhuc
2628 4466 2794 4531 staret
2819 4456 3465 4531 Cascharzeepiscopum,
3496 4461 3605 4531 ει
3638 4460 3853 4514 Maccus

2273 4525 2497 4599 exitium
2523 4527 2777 4591 voluisse,
2797 4529 2921 4597 quin
2946 4530 3013 4583 de
3038 4525 3197 4597 hujus
3215 4525 3347 4583 nece
3367 4525 3855 4599 posse—tohjurgari.

2274 4597 2331 4652 Si
2359 4599 2573 4667 quidem
2601 4603 2844 4667 quamvis
2871 4600 3218 4655 criminosum
3251 4597 3393 4654 hunc
3414 4603 3592 4654 virum
3629 4597 3855 4670 lapidare

2275 4670 2595 4724 conantibus
2619 4684 2738 4723 sese
2759 4671 3121 4739 opposuisset,
3143 4672 3373 4725 studium
3395 4682 3573 4725 tamen
3598 4673 3859 4734 adhibuzt,

2279 4750 2354 4805 ut,
2384 4740 2672 4811 admonitis
2704 4740 2987 4795 Persarum
3019 4745 3176 4811 regiis
3208 4742 3495 4807 ministris,
3532 4744 3747 4808 publica
3774 4762 3860 4795 au-

2276 4816 2525 4866 ctoritate
2567 4809 2772 4866 Manem
2823 4809 3115 4867 multorum
3160 4812 3455 4867 facinorum
3498 4830 3649 4867 reum
3697 4816 3858 4868 uades

2276 4890 2485 4952 quaque
2533 4882 2915 4952 qutcrentibns,
2955 4887 3403 4952 comprehensum
3454 4890 3671 4938 cautius
3714 4895 3859 4941 tene-

2279 4964 2432 5026 rent,
2479 4965 2767 5026 utcoratn
2820 4970 2947 5022 rege
3001 4954 3264 5008 adductus
3317 4956 3602 5023 capitalem
3658 4972 3867 5026 pinnata

2278 5024 2504 5098 subiret.
2538 5025 2804 5079 Hactenus
2851 5027 2969 5079 aliis
3016 5027 3193 5081 verbis
3235 5028 3563 5091 Beausobre,
3593 5024 3677 5082 ei
3725 5044 3870 5098 aequo

2279 5096 2604 5149 Archelaum
2667 5108 2721 5151 et
2773 5098 3128 5166 Epiphaniam
3180 5098 3464 5168 episcOpos
3508 5096 3871 5156 mordeus‘et

2276 5168 2570 5237 exagitans.

2280 5374 2568 5447 exagitatus
2585 5382 2676 5426 est.
2695 5373 2854 5447 Atque
2875 5374 2995 5447 inde
3014 5374 3265 5447 profugus
3290 5374 3632 5431 Diodoridem
3654 5379 3879 5435 Caseus-

2285 5446 2670 5523 rorutn'ﬁvicum
2713 5445 2862 5499 subit.
2911 5446 3065 5515 Apud
3109 5445 3563 5517 Cliristophorum
3585 5448 3881 5518 Wolﬁum,

2287 5516 2788 5710 ::Zd):§i;ausobre,
2828 5586 2920 5643 lib.
2960 5604 2978 5644 t
3017 5589 3152 5650 Hist.
3184 5588 3604 5649 Hanichcorum
3640 5608 3775 5667 cap.
3811 5596 3862 5651 tl

2286 5659 2854 5813 pafejizichclaushin
2886 5732 3051 5813 Actis,
3060 5748 3187 5813 pag.
3214 5732 3494 5805 l00,apud
3524 5734 3888 5813 Zacagniutu.
3924 5716 3941 5801 ’ἐ

2360 5803 2438 5871 (Γ)
2468 5802 2758 5873 Ει›ἱιν11311.,
2793 5802 2985 5862 Ιιτρτυξί
3019 5804 3106 5861 66.
