3988 6314
124 333 236 394 865

901 331 988 388 DE
1028 330 1552 389 MANICHA‘JORUM
1593 330 1873 388 HIERESI
1915 331 2003 388 ET
2042 331 2362 389 HISTORIA
2400 332 2529 391 LIB.
2570 334 2609 393 I.

3290 328 3403 398 806

198 444 304 503 Sed
331 444 507 517 omnia
532 459 650 516 qua)
670 444 884 517 objecit,
910 461 1010 501 nec
1042 462 1223 502 rerum
1244 447 1522 503 veritatem
1551 462 1697 501 com-
1729 450 1775 508 Α
1804 456 2022 513 propter
2061 445 2469 499 amanuensium
2510 447 2827 515 imperitiam
2847 488 2861 510 ,
2903 445 2991 501 vel
3042 445 3397 517 interpretum

123 518 362 587 primore
387 516 595 581 valent,
623 518 667 572 si
705 516 1008 587 diligentius
1037 534 1103 573 ex
1133 518 1384 573 Archelai
1410 518 1559 573 Actis
1588 518 1701 571 lau-

126 588 265 643 data:
295 590 613 643 narrationis
644 604 861 658 scopum
890 591 1259 657 exquiramus,
1295 605 1391 643 nec
1420 590 1554 645 duos
1582 590 1703 644 illos

122 659 315 713 Patres
342 658 440 715 sibi
472 659 702 714 invicem
736 660 789 715 in
821 661 1042 716 Manetis
1071 676 1203 715 nece
1230 660 1583 715 describenda
1612 675 1700 715 re-

122 732 747 802 pugnareisequentibus
794 731 1351 787 animadversionibus
1379 733 1482 786 erit
1511 732 1699 793 explo-

122 814 326 855 ratum.
368 801 443 873 iEt
488 801 661 871 primo
704 802 918 873 quidem
949 803 1089 871 quod
1121 805 1311 857 attinet
1354 802 1420 856 ad
1460 802 1707 857 Archelai

121 873 322 941 agendi
350 872 713 928 disserendive
726 872 1016 941 rationem,
1039 890 1139 943 qua
1164 874 1465 928 Diodoridis
1486 873 1703 943 papulo,

122 957 235 997 non
271 953 473 998 tantum
505 944 862 999 Manichaicos
892 946 1031 999 circa
1068 946 1223 997 fidem
1253 959 1467 999 errores
1507 948 1707 1012 patefe-

121 1019 222 1077 Cit,
258 1015 351 1068 sed
379 1018 537 1070 etiam
583 1026 881 1085 perpetrata
910 1017 978 1068 ab
1021 1017 1200 1084 iniquo
1243 1031 1308 1069 eo
1344 1015 1562 1069 homine
1588 1031 1709 1085 gra-

123 1088 280 1139 viora
304 1085 522 1151 ﬂagitia,
564 1088 634 1141 ob
656 1104 775 1157 qua:
808 1087 1015 1155 publica
1045 1086 1327 1140 Persarum
1356 1088 1496 1157 regis
1526 1094 1707 1140 aucto—

124 1160 291 1210 ritate
334 1157 402 1211 ad
447 1172 634 1212 necem
680 1156 1067 1228 inquirebatur,
1101 1158 1151 1210 in
1197 1156 1444 1228 eagnihil
1489 1171 1713 1226 prorsus

123 1238 392 1296 apparere
438 1228 651 1298 Opinor,
702 1226 842 1298 quod
876 1229 1232 1296 episcopalem
1264 1226 1556 1282 dedecoret
1584 1228 1709 1280 cha-

130 1306 436 1364 ructerem;
478 1314 579 1353 nec
627 1313 692 1353 eo
738 1298 916 1352 studio
944 1300 1263 1353 Archelaum
1294 1298 1480 1353 istbmc
1509 1300 1715 1353 dixisse

124 1369 517 1424 arbitrabimur
563 1368 702 1438 ta),
753 1369 854 1423 nisi
895 1370 1213 1438 gravissimo
1243 1368 1460 1423 ductum
1493 1371 1712 1434 motivo,

126 1439 274 1507 quod
305 1440 459 1495 facile
483 1441 791 1495 Beausobre
820 1439 1005 1493 fuisset
1033 1449 1331 1504 assecutus,
1356 1441 1400 1494 si
1433 1441 1717 1509 diligenter

126 1510 383 1566 Archelai
412 1513 543 1566 Acta
588 1512 819 1565 lustrare
845 1509 1119 1565 voluisset.
1153 1511 1260 1565 Nos
1291 1512 1488 1580 itaque,
1519 1512 1605 1580 qui
1634 1526 1719 1564 se-

128 1580 263 1635 dulo
313 1581 366 1636 in
412 1582 605 1636 iisdem
650 1582 1027 1650 percurreudis
1067 1583 1211 1637 Actis
1258 1594 1310 1635 et
1358 1582 1718 1650 dis‘putatioue

128 1651 336 1706 diutius
366 1654 569 1707 versari
602 1654 866 1707 voluimus
887 1694 901 1717 ,
931 1653 1173 1776 apprime
1203 1652 1582 1717 intelleximus,
1616 1666 1714 1705 no-

130 1724 357 1776 vissima
406 1724 506 1776 hac
550 1724 926 1776 conuressione
969 1738 997 1775 a
1042 1724 1241 1776 soluta.
1289 1724 1578 1775 maximum
1629 1732 1714 1774 tu-

130 1724 357 1777 vissima
406 1724 506 1777 hac
550 1724 926 1792 congressione
969 1724 1241 1788 absoluta,
1289 1724 1578 1775 maximum
1629 1732 1714 1774 tu-

132 1794 369 1847 multum
398 1794 562 1850 fuisse
606 1797 889 1849 excitatum
939 1795 989 1847 in
1024 1796 1269 1861 populum
1304 1794 1389 1860 qui
1430 1793 1556 1847 illuc
1582 1808 1715 1846 con-

134 1876 385 1919 venerat.
435 1865 567 1919 Nam
609 1866 699 1919 alii
747 1881 813 1919 ex
859 1874 1009 1933 parte
1058 1864 1322 1918 Archelao
1374 1864 1715 1931 plaudentes,

132 1933 297 2000 hujus
328 1936 599 1989 immensas
629 1936 804 1988 laudes
842 1950 958 1987 cum
995 1934 1305 1987 clamoribus
1336 1935 1610 1989 celebrare
1642 1937 1723 1989 tti-

130 2004 422 2067 tebantur;
463 2007 554 2059 alii
588 2021 716 2060 vero
758 2020 823 2060 ex
867 2006 1087 2059 adversa
1138 2015 1285 2074 parte
1329 2006 1405 2059 ira
1434 2015 1487 2060 et
1514 2006 1639 2059 odio
1669 2008 1719 2061 itt

127 2074 403 2130 Manetetn
435 2083 727 2131 aestuantes
749 2117 763 2140 ,
806 2076 1131 2139 probabilius
1161 2078 1337 2131 furore
1370 2078 1721 2131 movebantur

126 2155 192 2199 ut
239 2161 361 2199 cum
411 2146 736 2202 occiderent.
792 2146 1100 2200 Tumultum
1140 2157 1318 2201 autem
1366 2149 1415 2201 in
1467 2148 1719 2215 populum

126 2216 429 2272 excitatum
486 2219 687 2286 fuisse,
746 2220 1029 2288 perspicue
1082 2218 1417 2273 laudatorum
1466 2226 1721 2273 Actorum

129 2298 356 2355 textus,
409 2304 571 2357 quem
623 2288 723 2358 ipsi
768 2290 1119 2357 subjicimus,
1172 2289 1499 2344 manifestat.
1546 2292 1725 2357 Quare

124 2360 368 2414 maxime
398 2360 693 2415 verisimile
742 2368 960 2427 apparet
1000 2368 1056 2414 ut
1096 2360 1548 2430 quemadmodum
1583 2363 1724 2416 inter

126 2432 416 2486 turbarum
462 2431 731 2486 clamores
758 2430 1007 2484 Archelai
1036 2430 1257 2486 victoris
1304 2432 1489 2485 laudes
1542 2435 1724 2486 conci-

127 2502 424 2567 nebantur,
474 2503 548 2557 ita
598 2503 760 2558 etiam
808 2502 1106 2557 maledictis
1152 2514 1314 2572 atque
1356 2502 1719 2570 improperiis,

125 2581 250 2644 tum
275 2574 503 2629 Manetis
531 2574 757 2629 haeresis
784 2582 837 2627 et
868 2572 1108 2639 infamia,
1132 2583 1242 2627 tum
1274 2573 1433 2642 hujus
1460 2575 1721 2644 sacrilega

126 2643 384 2699 doctrina
424 2644 828 2699 abominaretur
874 2654 927 2699 et
976 2644 1431 2713 proseinderetur.
1481 2646 1634 2712 Quod
1667 2643 1718 2700 si

128 2714 449 2770 Beausobre
495 2716 671 2770 adhuc
734 2715 863 2770 mihi
908 2715 1170 2771 obsistere
1216 2716 1416 2783 vellet,
1473 2730 1719 2786 rogarem

126 2786 265 2858 quid
291 2787 536 2840 tumultus
568 2802 757 2858 nomen
804 2786 994 2841 habeat
1020 2786 1361 2858 significare?
1400 2787 1549 2854 Quod
1583 2789 1625 2841 si
1655 2804 1720 2842 ex

127 2857 404 2915 Cicerone
433 2858 564 2929 nihil
603 2857 745 2912 aliud
787 2858 1038 2928 importat
1068 2857 1227 2929 quam
1258 2859 1719 2929 perturbationem

128 2938 344 2984 tantam
375 2937 431 2983 ut
460 2928 620 2984 timor
664 2930 839 2997 major
883 2944 947 2983 ex
985 2945 1050 2984 eo
1090 2928 1297 2983 oriatur
1332 2928 1400 2999 (b
1427 2931 1475 2996 ),
1503 2928 1722 2997 jamjam

127 3000 506 3072 intelligimus,
541 3000 681 3072 quod
724 3000 1023 3072 periclitata
1058 2999 1197 3052 fama
1237 3007 1293 3053 et
1332 3000 1556 3072 Manetis
1606 3000 1723 3072 opi-

128 3074 301 3127 nione
326 3069 396 3128 ex
428 3071 621 3125 habitis
646 3070 1118 3140 disputationibus,
1154 3078 1211 3123 ut
1249 3069 1417 3140 turba:
1447 3084 1549 3123 non
1578 3071 1721 3125 sine-

128 3154 260 3199 rent
290 3142 555 3198 Archelao
582 3144 647 3196 ad
680 3136 894 3211 propria
944 3156 1207 3202 remeare,
1242 3136 1399 3194 valde
1445 3140 1723 3207 probabile

1048 3194 1228 3265 studio
1256 3194 1486 3282 voluisse
1514 3194 1722 3266 Manem
1750 3194 1798 3263 C

129 3287 426 3349 detinere,
477 3286 701 3339 vinculis
745 3281 1132 3354 constringere,
1178 3290 1271 3336 aut
1315 3281 1724 3354 lapillibusiob-

129 3371 330 3423 ruere,
372 3371 437 3410 ne
461 3356 784 3426 aufugicndo
828 3353 1036 3409 debitas
1068 3369 1251 3423 poenas
1282 3354 1556 3426 evaderet.
1590 3353 1724 3426 '_[‘ur-

130 3428 331 3483 barum
363 3441 490 3496 ergo
519 3424 659 3481 hunc
702 3427 989 3480 tumultum
1020 3427 1196 3496 verbis
1226 3432 1281 3478 et
1308 3425 1558 3493 precibus
1587 3424 1724 3479 forte

132 3495 464 3556 Archelaum
510 3498 871 3566 comprimere
920 3495 1195 3567 oportuit,
1247 3512 1312 3550 ne
1358 3508 1543 3567 contra
1593 3512 1722 3565 gen-

133 3572 276 3627 tium
326 3580 379 3625 et
423 3568 786 3624 ecclesiastica
833 3566 969 3636 jura
1014 3584 1077 3621 ex
1128 3576 1273 3621 tanta
1325 3566 1725 3633 perturbatione

134 3641 377 3697 oriretur
406 3641 627 3694 saevitia.
661 3642 741 3695 An
774 3654 877 3693 non
912 3638 1192 3693 Marcellus
1222 3638 1429 3692 Manent
1464 3638 1726 3692 invitave-

134 3723 246 3779 rat,
280 3721 335 3767 et
362 3711 586 3781 epistola
613 3711 848 3781 quidem,
887 3719 943 3764 ut
968 3708 1292 3765 Cascharam
1339 3710 1579 3764 veniret?
1621 3709 1724 3780 lgi-

136 3796 231 3839 tur
269 3783 508 3853 gentium
552 3783 672 3853 jura
721 3782 929 3837 servari
979 3781 1276 3846 debebant,
1324 3796 1421 3835 nec
1470 3796 1722 3850 umquam

135 3856 260 3909 sine
280 3852 439 3908 idata:
467 3854 586 3908 fidei
609 3852 818 3924 jactura
851 3852 1098 3924 cuiquam
1128 3853 1446 3922 permissum
1474 3868 1594 3907 esse
1623 3868 1723 3923 po—

136 3928 247 3981 tuit
292 3933 348 3979 ut
390 3923 669 3979 hostilibus
715 3924 961 3978 manibus
997 3923 1313 3989 laaderetur;
1364 3924 1721 3992 potissimum,

136 3998 267 4066 quia
321 4012 423 4051 non
455 3994 815 4051 Romanorum
861 3996 1106 4064 imperio,
1156 3994 1250 4049 sed
1297 3995 1580 4049 Persarum
1612 4005 1727 4049 erat

137 4068 441 4138 subjectus.
494 4066 676 4137 Itaque
725 4082 822 4121 nec
870 4067 925 4120 in
953 4066 1202 4121 Archelai
1237 4074 1480 4138 mentem
1530 4066 1725 4138 cadere

135 4136 320 4210 potuit
346 4148 425 4202 ut,
459 4136 720 4206 praesente
750 4137 1001 4210 Marcello
1026 4180 1040 4204 ,
1089 4136 1341 4210 populum
1387 4136 1454 4188 ad
1505 4136 1726 4210 seditio-

137 4207 267 4266 nem
294 4210 570 4275 excitaret,
603 4219 655 4264 et
688 4209 924 4264 hzcretici
965 4221 1149 4262 necem
1180 4207 1515 4273 exquireret.
1551 4207 1728 4272 Quare

139 4282 288 4337 idem
331 4280 389 4336 S.
422 4281 725 4351 episcopus,
760 4279 920 4334 etiam
953 4278 1019 4331 ad
1051 4277 1366 4351 servandam
1398 4276 1725 4351 ecclesiasti-

139 4368 263 4408 cam
315 4348 626 4415 lenitatem,
671 4351 871 4421 populo
918 4351 1087 4403 suasit
1142 4364 1207 4403 ne
1247 4348 1429 4402 eloco
1464 4348 1529 4421 _in
1564 4362 1726 4421 quem

142 4434 474 4478 convenerat
503 4418 825 4487 discederet,
866 4422 1025 4491 paulo
1054 4429 1175 4489 post
1203 4434 1337 4491 nova
1366 4418 1529 4474 verba
1560 4418 1728 4471 factu-

141 4509 267 4549 rum
296 4508 354 4549 se
383 4494 487 4548 illis
517 4494 848 4563 promittens.
867 4490 994 4548 Sed
1021 4491 1194 4545 adhuc
1238 4490 1404 4563 turbae
1439 4506 1729 4560 congrega-

140 4567 365 4631 bantur,
418 4560 532 4644 n_e_c’
563 4565 842 4644 tumultum
890 4560 1547 4644 nequeperturbationem
1580 4576 1728 4615 eom-
1756 4582 1808 4644 υ

143 4652 387 4707 pressam
433 4636 594 4691 fuisse
643 4637 756 4690 haec
803 4631 1350 4707 verba'patefaciimt.
1384 4631 1571 4707 Postea
1612 4650 1729 4686 vero

141 4704 467 4781 congregatis
504 4708 597 4773 eis,
639 4708 755 4781 827
786 4704 1063 4781 Archelaus
1091 4706 1405 4781 acquiescere
1453 4704 1547 4781 sibi
1577 4712 1729 4774 atque

141 4774 559 4835 auil'ire'verbum
580 4774 844 4831 suadebat.
876 4775 932 4830 Si
953 4777 1181 4846 populus
1211 4790 1337 4844 ergo
1367 4776 1416 4827 iu
1462 4774 1728 4830 Mauelem

140 4868 257 4905 non
284 4850 725 4914 tumultuabatur,
752 4850 794 4903 si
819 4848 960 4902 hunc
984 4848 1050 4901 ad
1074 4862 1260 4901 necem
1279 4861 1382 4900 non
1403 4846 1727 4915 inquirebat,

142 4937 319 4994 quare
361 4920 658 4994 Archelaus
686 4934 880 4973 novum
923 4919 1158 4994 studium
1191 4929 1245 4973 et
1271 4922 1554 4994 suasiones
1576 4916 1729 4971 adhi-

142 4988 265 5049 buit
296 5002 352 5048 ut
378 4992 452 5047 illi
477 4993 564 5062 qui
608 4998 971 5047 convenerant
1002 4989 1441 5062 acquiescerent?
1482 4988 1647 5062 Igitur
1674 4996 1731 5043 ut

144 5060 505 5135 Epiphanius
546 5063 1060 5135 clarius_gestortu_n
1118 5061 1313 5115 seriem
1363 5060 1729 5135 describeret,

144 5131 282 5191 nihil
316 5149 412 5190 suo
437 5146 610 5190 marte
637 5132 911 5198 confinxit,
942 5132 1036 5187 sed
1064 5146 1126 5185 ea
1154 5132 1426 5187 recensuit
1452 5146 1573 5202 quae
1598 5131 1732 5185 forte

142 5209 279 5264 olim
332 5206 666 5263 habebantur
714 5206 872 5261 etiam
923 5203 976 5259 in
1017 5203 1210 5259 iisdem
1256 5203 1427 5270 Actis,
1475 5212 1528 5257 et
1573 5203 1732 5258 modo

217 5345 304 5419 (α)
322 5346 634 5419 Archelaus
655 5345 715 5419 in
739 5358 835 5419 sua
860 5343 1022 5414 disp.,
1056 5342 1178 5419 ει,
1209 5342 1349 5419 apud
1383 5342 1735 5419 Zacagnium,

144 5414 289 5489 pag.
311 5417 380 5473 94
410 5418 480 5471 ita
507 5417 691 5489 scribit
716 5435 727 5469 :
756 5414 879 5489 Han:
902 5431 1014 5469 cum
1045 5414 1253 5489 dixisset
1285 5415 1595 5489 Archelaus,
1637 5416 1732 5489 ad-

143 5485 353 5543 mirata:
380 5496 497 5543 sunt
533 5487 691 5541 turba
724 5488 979 5540 veritatem
1023 5485 1267 5538 doctrina:
1302 5487 1442 5555 ejus,
1479 5496 1525 5538 et
1559 5486 1734 5539 laudes

144 5563 430 5616 immensas
451 5575 569 5612 cum
590 5559 916 5623 clamoribus,
944 5558 1017 5611 ita
1037 5565 1092 5609 ut
1119 5556 1257 5609 omni
1285 5557 1453 5608 studio
1486 5571 1735 5608 conaren-

146 5644 258 5698 tur,
300 5640 348 5685 et
390 5631 526 5684 ultra
567 5631 609 5684 ei
640 5644 742 5683 non
782 5629 1002 5682 sinerent
1042 5626 1109 5681 ad
1152 5625 1361 5696 propria
1393 5640 1647 5691 remeare;
1688 5635 1735 5679 et

145 5715 275 5758 tunc
304 5702 509 5771 quidem
537 5700 897 5756 discesserunt.

221 5766 555 5844 (b)'Cicero:
582 5770 719 5844 Quid
738 5778 810 5825 est
842 5770 973 5844 enim
1006 5769 1274 5844 tumultus,
1297 5769 1398 5844 nisi
1427 5766 1735 5844 perturbatio

148 5838 321 5903 tanta,
366 5853 420 5896 ut
452 5846 615 5904 major
649 5843 797 5897 timor
823 5842 1036 5902 oriatur,
1076 5840 1210 5893 unde
1241 5840 1391 5894 etiam
1431 5856 1609 5892 nomen
1644 5838 1735 5891 du-

1810 520 2002 571 malam
2037 517 2215 589 Iidem,
2253 517 2609 585 prmtcrmissa
2639 530 2781 573 sunt.
2808 520 2869 572 Et
2898 518 3117 589 quidem
3151 519 3397 575 lacunam

1809 590 1860 643 in
1891 604 1951 643 ea
1981 588 2264 659 irrepsisse
2288 629 2302 650 .
2352 589 2606 642 denotant
2638 591 2991 653 praecedentia
3020 590 3182 645 verba
3209 631 3223 653 ,
3278 606 3398 659 qua:

1806 660 1874 713 ad
1920 660 2119 716 calcem
2168 658 2279 727 jam
2328 660 2725 727 exscripsimus.
2776 661 2904 714 Nam
2941 672 3063 729 post
3096 661 3190 715 itas
3236 658 3397 717 voces

1804 732 1879 785 ita
1924 740 1977 785 ut
2006 730 2211 798 (turba:
2243 730 2528 799 nimirum)
2564 732 2698 783 omni
2730 732 2897 784 studio
2926 743 3249 798 conarentur,
3286 734 3401 787 haec

1810 803 1912 855 alia
1961 803 2265 856 immediate
2310 801 2645 865 subduntur,
2690 817 2808 870 qua:
2858 803 3061 856 nullum
3109 804 3393 871 genuinum

1810 886 2025 927 sensum
2058 872 2288 927 reddunt
2333 890 2344 924 :
2392 872 2529 925 ultra
2554 873 2601 925 ei
2631 871 2711 940 (c)
2739 888 2839 925 non
2881 873 3104 925 sinerent
3127 914 3140 935 .
3173 885 3299 939 etc.,
3333 874 3402 929 ad

1812 960 1969 1011 quam
2004 959 2132 998 mss.
2160 943 2319 998 codd.
2354 943 2596 997 lacunam
2621 942 2917 1011 Zacagnius
2948 943 3398 1010 animadvertens,

1813 1016 2022 1085 censuit
2047 1015 2233 1069 saltem
2261 1016 2569 1081 particulam
2600 1025 2645 1065 et
2672 1028 2794 1068 esse
2821 1015 3216 1082 apponeudam,
3238 1031 3398 1085 quam

1815 1084 1952 1139 forte
1990 1086 2165 1141 adhuc
2208 1084 2574 1140 confusionem
2610 1094 2889 1152 textosque
2942 1084 3401 1153 pet‘turbatitinem

1815 1172 2030 1210 causare
2058 1158 2283 1226 quisque
2312 1156 2470 1210 facile
2513 1157 2706 1224 poterit
2742 1172 2807 1209 ex
2843 1164 3095 1211 contextu
3134 1156 3393 1224 judicare.

1816 1227 1922 1282 Sed
1956 1228 2083 1281 nihil
2134 1228 2328 1281 ihidem
2359 1228 2685 1291 desiderari,
2721 1227 2861 1279 ultro
2890 1229 3019 1281 dare
3046 1242 3152 1280 non
3182 1226 3408 1282 multum

1818 1298 2146 1367 repugnabo.
2185 1298 2320 1365 Quid
2352 1298 2569 1353 tamen?
2607 1297 2934 1367 Epiphanius
2965 1312 3029 1351 ex
3062 1313 3152 1351 sua
3184 1307 3407 1351 senten-

1819 1372 1886 1420 tia
1933 1368 2190 1422 conlimtit
2237 1370 2482 1438 populum
2547 1370 2835 1437 quwsivisse
2890 1367 3096 1422 Manent
3147 1368 3406 1438 lapidibus

1817 1440 2065 1492 obruere?
2094 1439 2466 1493 Commentum
2521 1454 2708 1507 apage.
2760 1439 2891 1493 Nam
2933 1447 3184 1494 Actorum
3237 1442 3409 1493 series

1819 1519 2006 1563 narrat
2034 1509 2483 1579 quemadmodum
2524 1510 2587 1563 ad
2625 1511 2766 1563 illam
2804 1510 3089 1576 parmciam
3126 1509 3411 1564 multitudo

1819 1580 2097 1633 hominum
2139 1596 2201 1634 ex
2239 1583 2489 1636 universa
2525 1582 2608 1633 illa
2646 1583 2919 1650 provincia
2951 1591 3299 1643 convenerat,
3327 1591 3409 1633 at-

1819 1666 1922 1720 que
1968 1651 2054 1704 alii
2102 1666 2167 1705 ex
2200 1652 2389 1705 vicinis
2432 1652 2561 1705 locis
2604 1653 2849 1707 homines
2895 1654 3135 1715 aderant,
3184 1661 3240 1707 et
3273 1654 3412 1707 facto

1820 1722 2025 1775 silentio
2056 1726 2155 1776 hoc
2185 1724 2342 1777 modo
2385 1723 2681 1777 Archelaus
2708 1723 2776 1778 de
2806 1723 2961 1777 Mane
2991 1726 3159 1777 dicere
3188 1738 3410 1793 aggres-

1822 1808 1911 1845 sus
1940 1803 2040 1847 est.
2076 1794 2275 1848 Deinde
2309 1798 2491 1863 paucis
2529 1796 2751 1862 prolatis
2785 1796 2984 1861 verbis,
3016 1795 3130 1849 haec
3153 1796 3253 1849 alia
3285 1796 3413 1849 sub-

1820 1863 2013 1931 jici-ns
2037 1907 2051 1927 ,
2104 1866 2355 1933 populum
2387 1866 2726 1934 deprecatur,
2758 1876 2842 1932 ut,
2877 1867 3083 1935 abjecta
3112 1867 3256 1919 omni
3290 1882 3413 1934 par-

1824 1935 2145 1999 turbatione,
2179 1937 2432 2000 omnique
2462 1939 2688 2005 strepitu
2716 1949 2945 1995 semOto.
2971 1953 3089 2003 qua:
3116 1938 3182 1991 de
3203 1938 3409 1991 Manete

1822 2005 2119 2069 didicerat,
2153 2022 2380 2075 quaeque
2429 2007 2666 2061 indicare
2711 2007 3049 2070 decreverat,
3082 2009 3268 2061 audire
3306 2025 3408 2061 non

1823 2077 2145 2149 detrectaret
2169 2094 2182 2130 :
2208 2080 2297 2130 sed
2322 2094 2457 2131 nunc
2486 2081 2603 2147 (ait)
2629 2080 2938 2149 paucissima
2975 2080 3140 2131 dicere
3168 2079 3413 2132 volentem

1824 2147 2087 2220 deprecor,
2142 2158 2197 2202 ut
2237 2165 2351 2202 cum
2395 2150 2597 2203 silentio
2622 2147 2877 2213 audiatis,
2913 2162 2966 2201 ut
3011 2151 3301 2220 agnoscatis
3328 2149 3414 2218 qui

1823 2219 1908 2281 sit,
1942 2229 1987 2271 et
2029 2219 2192 2286 unde,
2237 2229 2281 2271 et
2308 2222 2475 2289 qualis
2510 2221 2573 2274 sit
2602 2221 2694 2273 iste
2731 2222 2816 2286 qui
2856 2219 3086 2283 advenit,
3128 2232 3232 2275 etc.
3266 2220 3411 2290 (d);

1825 2293 1990 2344 semel
2037 2307 2186 2359 ergo,
2222 2292 2445 2357 iterum,
2481 2302 2533 2346 et
2568 2294 2725 2345 tertio
2756 2294 3002 2355 tandem,
3035 2292 3099 2345 ad
3135 2292 3411 2345 turbarum

1826 2362 2322 2429 perturbatimictn,
2373 2371 2532 2430 atque
2582 2363 2863 2416 tumultum
2919 2362 3411 2429 comprimendum,

1826 2432 2094 2485 silentium
2150 2432 2387 2487 indicere
2434 2435 2617 2490 debuit
2662 2433 2976 2488 Archelaus.
3030 2434 3137 2489 Nec
3187 2434 3289 2486 alia
3346 2434 3415 2488 de

1824 2516 2007 2563 causa.
2045 2503 2143 2556 nisi
2177 2506 2297 2573 quia
2346 2505 2572 2574 populus
2625 2504 2712 2559 ille
2751 2505 2802 2557 in
2837 2505 3041 2558 Manent
3086 2506 3195 2573 jam
3232 2504 3413 2558 invehi

1826 2576 2121 2638 nitebatur;
2167 2575 2325 2629 vet'lii
2377 2577 2520 2630 enim
2568 2576 2682 2630 hac
2715 2584 3005 2645 postrema,
3049 2592 3170 2645 qua:
3202 2576 3415 2629 εκείντί-

1827 2646 2049 2711 psimus,
2080 2646 2318 2714 ejusdem
2365 2648 2541 2714 populi
2581 2648 2788 2701 animos
2818 2647 2869 2700 iu
2902 2646 3213 2700 lucreticum
3247 2647 3417 2701 fuisse

1824 2727 2122 2771 commotos
2148 2718 2551 2772 evidentissime
2579 2719 2918 2785 patefaciunt.
2951 2716 3084 2772 Cum
3126 2717 3285 2785 igitur
3313 2720 3415 2771 Ar-

1824 2788 2059 2857 chelaus.
2101 2802 2233 2841 anno
2268 2788 2506 2842 adhibito
2534 2790 2783 2853 consilio,
2818 2789 2990 2842 eidem
3026 2789 3221 2857 popqu
3253 2787 3416 2843 verba

1828 2855 2002 2911 facere
2052 2860 2295 2926 promisit
2338 2859 2406 2911 de
2454 2859 2615 2925 hujus
2663 2858 2900 2913 lueretici
2948 2855 3198 2924 persona,
3233 2858 3418 2912 condi-

1829 2928 2022 3008 tione,-
2056 2929 2246 2996 patria,
2298 2929 2555 3008 institutis
2603 2939 2762 3008 atque
2809 2929 3043 3008 ﬂagitiis,
3075 2927 3416 3008 cettsuit_sua

1828 2998 2133 3051 narratione
2176 3014 2330 3064 posse
2361 2999 2461 3053 sibi
2500 2997 2792 3053 conciliare
2822 2997 3171 3052 attentionem
3210 2999 3420 3052 audito-

1829 3082 1944 3120 rum
1976 3069 2065 3136 qui
2094 3078 2475 3133 convenerant,
2509 3079 2563 3122 et
2593 3069 2802 3123 interim
2840 3071 2997 3121 latam
3023 3070 3233 3136 aperire
3266 3072 3409 3123 viam

1831 3138 2025 3191 Maneti
2076 3139 2401 3207 aufugienti,
2437 3150 2491 3192 ut
2536 3141 2636 3193 sibi
2670 3154 2780 3193 sure
2812 3142 2934 3193 vitae
2977 3150 3029 3192 et
3060 3140 3414 3196 incolumitati

1829 3209 2073 3278 praesidia
2126 3217 2362 3279 pararet.
2404 3210 2579 3280 Atque
2627 3213 2838 3265 tandem
2887 3213 2952 3264 ita
3003 3214 3195 3266 tactum
3250 3219 3333 3265 est
3365 3219 3421 3265 ut

1830 3280 1960 3353 ille,
2010 3282 2114 3335 vias
2153 3281 2334 3353 quibus
2361 3291 2559 3335 venerat
2598 3291 2846 3350 repetens,
2880 3283 3095 3335 transito
3123 3282 3305 3353 ﬂuvio,
3354 3282 3420 3335 ad

1830 3352 2099 3405 Arabtonis
2130 3352 2395 3405 castellum
2422 3355 2665 3421 pervenit.

1900 3423 1955 3477 5.
2002 3423 2108 3479 Sed
2168 3424 2536 3494 conlingamns
2582 3426 2756 3478 adhuc
2803 3424 3110 3478 Dindoridis
3162 3424 3416 3492 populntn

1829 3492 2119 3548 iracundia:
2150 3507 2201 3549 et
2234 3492 2616 3550 odii'motibus
2656 3498 2705 3549 iu
2736 3496 2938 3550 Manent
2978 3510 3081 3550 non
3112 3494 3279 3550 fuisse
3304 3496 3417 3563 jam

1828 3566 2114 3619 excitatum
2144 3607 2158 3631 ,
2208 3566 2335 3635 quid
2386 3566 2539 3621 inde?
2578 3566 2693 3621 Jatn
2748 3567 3043 3626 Arcltclaus
3089 3567 3138 3620 in
3190 3567 3417 3621 manife-

1828 3638 2015 3690 standa
2049 3638 2275 3691 Manetis
2301 3638 2407 3691 vita
2439 3651 2598 3707 atque
2640 3639 2852 3707 ﬂagitiis
2882 3640 3049 3693 VttItlit
3076 3653 3420 3693 commovere

1832 3710 2082 3779 populum
2114 3752 2127 3775 ,
2179 3720 2263 3775 nt,
2320 3710 2573 3763 hzcretico
2600 3711 3023 3779 comprehenso,
3068 3712 3112 3764 is
3146 3719 3416 3779 tamquam

1829 3778 2041 3833 victima
2096 3780 2436 3849 postmodum
2468 3796 2496 3833 a
2524 3780 2703 3835 Persis
2732 3778 3025 3835 mactanda
3057 3790 3112 3835 et
3157 3778 3421 3835 sacrificio

1830 3850 2195 3905 interliciettda
2223 3896 2237 3917 ,
2288 3862 2445 3906 caute
2477 3852 2803 3906 duceretur?
2840 3853 2970 3919 Quis
3001 3853 3144 3905 enim
3182 3855 3298 3905 sine
3345 3861 3424 3905 te-

1832 3924 2091 3975 meritatis
2123 3932 2247 3976 nota
2294 3922 2347 3974 id
2396 3924 2589 3991 poterit
2635 3922 2915 3989 judicare?
2954 3922 3087 3976 Cum
3121 3924 3297 3989 potius
3327 3937 3420 3974 ar—

1833 3992 2013 4045 bitrari
2063 3994 2220 4047 liceat
2266 3990 2587 4047 Archelaum
2634 3994 2701 4045 de
2740 4008 2966 4061 genere.
3003 3993 3196 4052 natali.
3231 3990 3419 4046 condi-

1834 4064 1977 4117 tione
1998 4103 2011 4127 ,
2046 4061 2337 4115 mendaciis
2363 4104 2376 4126 ,
2410 4062 2624 4132 ﬂagitiis
2655 4062 2999 4115 Manichaicis
3029 4061 3298 4132 disserere
3328 4074 3421 4132 vro-

1833 4132 2019 4195 luisse,
2052 4132 2331 4199 capitalem
2364 4131 2523 4187 etiam
2558 4133 2610 4185 in
2641 4133 2781 4185 hunc
2806 4132 3149 4193 nebulonem,
3174 4131 3419 4197 aPersis,

1831 4219 1955 4255 eum
2005 4203 2358 4272 undequaque
2406 4203 2612 4272 publica
2671 4209 2937 4266 potestate
2969 4202 3422 4272 perqttirentibus.

1834 4274 1994 4327 latam
2025 4269 2367 4337 sententiam,
2402 4269 2469 4333 ne
2498 4272 2853 4341 simpliciores
2896 4269 3178 4339 minusque
3207 4272 3273 4326 de
3303 4269 3427 4327 fidei

1833 4346 1996 4400 rebus
2027 4345 2180 4412 periti
2215 4344 2355 4398 illius
2386 4343 2531 4397 falsa:
2582 4343 2839 4397 doctrina:
2872 4344 3218 4411 persuasione
3266 4341 3427 4396 sedu-

1832 4426 2107 4489 cerentur.
2152 4418 2233 4468 An
2267 4429 2370 4489 non
2402 4414 2960 4489 Ariani,_Nc_sto_riat_ii,
2998 4413 3336 4489 Eutyehiaui,
3369 4420 3425 4489 et

1836 4486 2139 4541 novissimis
2178 4485 2387 4539 saeculis
2434 4484 2761 4551 Calviniani,
2794 4484 3086 4541 Lutlierani
3129 4484 3428 4540 Sociniani-

1834 4575 1939 4629 que
1981 4572 2200 4613 suarum
2248 4557 2525 4611 haereseon
2560 4558 2831 4629 figmenta,
2870 4556 3351 4629 praedicationibus
3369 4562 3426 4609 et

1835 4627 2285 4700 disputationibus
2326 4627 2722 4698 propagarnnt?
2749 4629 2913 4700 Quod
2954 4629 3170 4699 quidem
3218 4628 3428 4683 felicius

1835 4699 1963 4773 ipsis
2008 4701 2321 4770 contingere
2359 4710 2551 4769 potuit,
2585 4699 2797 4773 quando
2834 4700 2951 4773 freti
2978 4715 3251 4773 armorum
3282 4710 3427 4773 stre-

1838 4770 1945 4843 pitu
1977 4781 2137 4840 atque
2180 4776 2415 4841 potentia
2443 4811 2459 4836 ,
2490 4780 2581 4843 aut
2611 4770 2820 4840 quando
2846 4772 3159 4843 dignitatum
3198 4770 3429 4843 auctori?

1834 4840 1941 4899 tate
1970 4844 2050 4899 vel
2096 4840 2438 4898 scientiarum
2490 4842 2733 4897 doctrina
2766 4840 3093 4898 celebriores
3134 4842 3287 4903 facti,
3338 4840 3425 4895 vel

1836 4916 2067 4985 denique
2114 4914 2326 4984 quando
2376 4914 2556 4984 aliquo
2605 4914 2902 4983 principum
2940 4913 3122 4985 saeculi
3160 4911 3422 4985 praesidio

1840 4982 2105 5052 assecuta,
2120 4982 2372 5055 omnique
2394 4982 2728 5040 verecundiae
2743 4982 2904 5056 atque
2920 4984 3128 5038 timoris
3140 4982 3252 5056 83
3274 4984 3427 5034 freno

1837 5070 2017 5128 spreto
2043 5098 2057 5122 ,
2109 5054 2334 5111 liberum
2381 5059 2460 5111 eis
2491 5072 2611 5111 esse
2640 5054 2828 5126 potuit'
2853 5070 3065 5128 suarum
3113 5054 3423 5121 opinionum

1837 5125 2116 5200 pravitate,
2160 5128 2386 5182 aliorum
2425 5125 2654 5193 animos,
2681 5141 2876 5200 Amores
2900 5138 2953 5200 et
2982 5125 3138 5178 ﬁdem
3180 5137 3427 5200 corrum-

1839 5192 1965 5272 pere
1992 5209 2153 5270 atque
2190 5207 2515 5270 pervertere.
2570 5192 2892 5254 Areltelaum
2938 5197 3117 5266 itaque
3167 5192 3426 5264 plauden-

1842 5350 1977 5398 ctum
2007 5349 2079 5394 est
2110 5340 2383 5393 tumultus.

1911 5414 1982 5485 (c)
2015 5410 2261 5485 Arc_helai
2306 5409 2505 5485 disput.
2554 5423 2691 5485 pag;
2713 5406 2805 5485 94Ρ
2835 5415 2894 5460 ut
2922 5418 3083 5474 supra
3115 5404 3253 5474 apud
3286 5404 3427 5458 Lau-

1843 5476 2071 5539 rentinm
2101 5479 2330 5548 Zacagni
2364 5476 2414 5532 iu
2445 5476 2908 5533 sua’Collectione
2948 5485 3190 5531 veterum
3239 5490 3429 5530 monu-

1843 5564 2143 5609 mentorum
2172 5550 2427 5604 Ecclesiaa
2450 5548 2650 5602 Graeca:
2676 5558 2726 5603 et
2759 5548 2983 5602 Latium.

1913 5624 1993 5696 (ά)
2019 5621 2392 5696 Zacagniusin
2416 5618 2786 5696 n_otis_scrib_it,
2807 5620 3096 5674 secundum
3119 5617 3432 5696 particulam

1844 5706 1888 5749 et
1915 5688 2105 5751 deesse
2126 5688 2187 5747 in
2207 5690 2394 5747 codice
2424 5690 2748 5757 Cassiuensi,
2774 5705 2934 5761 quam
2964 5700 3140 5746 tamen
3173 5688 3434 5747 orationis

1845 5768 2012 5823 series
2043 5765 2322 5820 evidenter
2350 5767 2587 5835 exponit.
