3988 6314
544 357 644 416 871

1117 347 1179 404 Ρ.
1217 342 1533 403 CACCIARI
1574 334 2170 397 EXERCITATIONES
2204 333 2268 389 IN
2307 335 2365 390 S.
2408 330 2647 389 LEONIS
2687 327 2899 386 MAGNi
2941 327 3185 383 OPLRA.

3726 323 3840 382 872

542 476 711 534 reret,
734 466 824 535 qui
850 478 909 521 re
939 462 1050 533 ipsa
1080 461 1241 516 homo
1262 476 1371 515 non
1392 467 1547 535 erat;
1564 455 1808 535 quamvis
1835 470 1899 510 ex
1929 453 2125 535 lemina
2155 456 2201 511 Α
2231 450 2389 535 lidius
2435 450 2805 533 concusserit,
2863 448 2933 535 .ﬁt
3005 454 3342 535 terrai-motus
3362 486 3376 510 ,
3426 453 3480 535 at
3529 442 3841 535 insequitur

546 525 710 597 natus,
732 525 799 592 ab
830 525 1135 591 hominibus
1162 543 1454 602 putaretur.
1481 530 1556 599 (α)
1584 528 1636 584 Si
1662 529 1780 597 quis
1812 542 1938 602 vero
1971 525 2127 602 hujus

548 596 822 669 missionis
853 619 906 661 et
926 596 1192 661 adventus
1228 604 1384 657 ﬁnem
1412 596 1748 669 exquireret,
1783 599 2001 653 minime
2027 596 2127 669 ho-

548 685 710 739 minis
738 680 964 737 salutem
1002 684 1274 746 spectasse
1303 668 1695 746 inﬁciabantur,
1726 685 1824 725 nec
1852 684 1981 746 vero
2006 668 2129 746 alia:

548 756 717 812 ruina:
753 761 844 805 aut
873 740 1046 820 lapsui
1073 748 1343 820 hominem
1373 744 1538 820 fuisse
1568 744 1866 820 subjectum
1902 740 2130 820 arbitra-

549 826 745 882 bantur
770 812 941 893 quam'
964 821 1045 893 illi
1086 817 1176 887 qui
1210 833 1285 893 ex_
1312 818 1505 893 carnis
1530 814 1876 893 corporisque
1904 812 2131 893 vinculis

555 882 849 953 oriebatur.
898 892 977 949 Ad
1024 882 1143 960 qnie
1182 890 1321 943 mala
1365 888 1542 960 omnia
1584 882 1872 960 evertenda
1918 882 2132 960 propul-

551 969 856 1037 sandaque,
889 954 1191 1017 machinam
1227 958 1509 1037 quamdam
1542 956 1915 1037 concinnatam
1946 954 2012 1037 ad
2046 969 2131 1007 sa-

552 1039 717 1094 lutem
741 1026 1041 1091 attimarum
1072 1042 1198 1087 tunc
1229 1026 1528 1086 confectam
1562 1028 1727 1082 fuisse
1760 1026 2128 1090 afﬁrmabant,

551 1126 653 1181 qua
695 1119 943 1181 rotauna
966 1104 1286 1181 _eﬁ'orma_ta,
1320 1100 1606 1181 duodecim
1649 1098 1878 1180 habente
1909 1112 2127 1181 urceols,

552 1168 744 1250 quibus
786 1178 1073 1250 viventium
1118 1175 1311 1250 animm
1357 1172 1771 1250 hauriebantur,
1816 1174 1873 1222 ut
1915 1168 1966 1222 in
2002 1168 2131 1222 solis

552 1243 840 1323 conspectu
861 1249 1128 1323 adductge,
1145 1244 1316 1323 hujus
1337 1243 1897 1323 rztdiispttrgarentur.
1931 1248 1986 1294 et
2010 1255 2132 1323 pur-

552 1311 968 1389 gatae-luminari
1001 1311 1265 1380 inferiori,
1300 1316 1444 1389 lunae
1469 1311 1733 1389 videlicet,
1768 1311 2129 1365 traderentur.

551 1385 657 1452 Sed
704 1395 757 1449 in
797 1394 1024 1447 duorum
1063 1389 1275 1442 illorum
1318 1385 1660 1439 luminariutu
1692 1399 1852 1439 cursu
1893 1393 1946 1436 et
1987 1390 2134 1435 motu

552 1464 953 1527 describendis,
994 1469 1124 1530 quot
1150 1458 1429 1528 qualiaque
1461 1457 1724 1530 ﬁgmenta
1774 1469 1878 1530 non
1921 1453 2134 1530 excogi-

554 1537 772 1593 tabant?
800 1524 1193 1602 Conﬁngebant
1219 1524 1361 1602 enini
1392 1524 1561 1602 solem
1600 1538 1759 1602 atque
1790 1525 1969 1579 lunam
2006 1524 2136 1602 duas

553 1623 673 1665 esse
695 1623 867 1672 naves,
896 1594 1382 1659 seuvtranslatorias
1414 1597 1624 1669 cymbas
1649 1594 1918 1672 cmlorum
1948 1594 2134 1672 orbem

552 1665 948 1742 discurrentes,
994 1689 1057 1730 ea
1096 1675 1304 1727 ratione
1340 1665 1579 1730 servata,
1614 1667 1979 1742 videlicet,_ut
2012 1665 2136 1742 luna

593 1752 786 1806 rimum
825 1736 1099 1803 hominum
1135 1742 1417 1798 animabus
1447 1750 1697 1807 onerata,
1725 1754 1819 1795 eas
1849 1738 1915 1792 ad
1948 1736 2141 1791 subso-

577 1838 730 1876 anam
776 1822 1045 1890 regionem
1088 1814 1509 1890 transmitteret;
1559 1811 1881 1890 ttbi__animae
1924 1823 2136 1862 sursum

553 1881 912 1961 deorsumque
951 1905 1047 1961 per
1072 1887 1348 1961 quosdam
1381 1900 1561 1936 urceos
1588 1881 1831 1936 adductae
1862 1889 2021 1949 atque
2052 1895 2139 1934 re-

555 1966 766 2028 ductae,
820 1958 982 2016 naves
1029 1960 1133 2013 illa:
1184 1965 1537 2011 ouerarentur
1586 1964 1649 2028 et
1684 1958 2133 2028 exon_era_ren_t_ur,

554 2021 905 2105 quoadusque
936 2034 1064 2099 ipsa:
1090 2025 1736 2105 animeacorporalibus
1759 2021 2140 2105 afflictionibus

556 2092 750 2175 quibus
782 2092 1095 2175 premuntur
1130 2114 1189 2153 se
1216 2092 1499 2175 subripere
1532 2102 1769 2163 possent.
1806 2092 1884 2161 (lt)
1921 2092 1996 2145 De
2026 2092 2143 2175 sub-

557 2164 747 2231 stantia
768 2164 884 2228 6οηὶ
910 2173 1078 2225 Patris
1106 2184 1302 2223 omnem
1324 2169 1571 2231 animam,
1602 2176 1752 2235 atque
1772 2181 1917 2218 omne
1947 2164 2144 2235 animat

557 2250 697 2317 quod
726 2256 951 2300 movetur
992 2250 1187 2311 partem
1222 2238 1421 2317 trahere
1443 2233 1835 2317 confirmabant
1856 2276 1870 2297 ,
1900 2233 2144 2317 addentes

558 2304 694 2389 quod
722 2320 866 2389 luna,
894 2304 1010 2389 cuni
1033 2329 1161 2366 onus
1183 2309 1313 2380 quod
1344 2309 1487 2389 gerit,
1504 2304 1793 2389 animarum
1816 2304 2016 2389 saecufis
2045 2317 2144 2389 tra-

560 2378 750 2443 diderit
784 2378 986 2449 Patris,
1016 2378 1311 2451 permanent
1348 2378 1439 2432 illa
1469 2378 1778 2450 (animantia
1812 2378 2064 2451 videlicet)
2093 2380 2145 2430 in

560 2460 798 2513 columna
818 2447 1024 2529 glorise,
1051 2455 1187 2525 quod
1208 2462 1422 2529 vocatur
1450 2447 1525 2529 vir
1550 2453 1828 2529 perfectus.
1847 2447 1951 2501 Hic
1974 2457 2144 2529 autent

559 2534 638 2587 vir
667 2521 1011 2603 (subd'ebant)
1042 2521 1114 2579 est
1138 2525 1375 2603 columna
1398 2522 1548 2585 lucis,
1575 2522 1913 2603 qua:_repleta
1933 2530 2006 2572 est
2028 2521 2147 2572 aui-

560 2593 762 2657 maritm
787 2593 1117 2660 mandarunt,
1150 2604 1195 2650 et
1227 2596 1334 2647 ha'c
1364 2604 1435 2646 est
1456 2609 1609 2646 causa
1629 2593 1809 2645 salutis
1830 2594 2143 2645 animarum.

561 2674 719 2731 Morti
752 2680 1009 2742 przeterea
1048 2665 1306 2742 obnoxias
1348 2680 1472 2742 esse
1508 2664 1865 2742 quorumdam
1899 2663 2143 2742 animas,

562 2752 710 2801 certo
752 2734 864 2800 'sibi
915 2738 1333 2810 persuadebant;
1383 2736 1504 2810 set‘l_
1533 2735 1600 2810 de
1629 2734 1842 2810 barum
1898 2734 2146 2810 interitus

562 2831 725 2873 causa
748 2802 1319 2885 qnam-inepte,_quam
1348 2806 1542 2885 stolide
1572 2804 1977 2885 fabulabantur!
2004 2802 2146 2859 Con-

562 2877 838 2957 ﬁngeba'ut
855 2884 999 2957 enim
1029 2877 1291 2957 virginem
1319 2877 1610 2957 quamdam
1631 2878 1880 2931 decoram
1910 2886 1961 2957 et
1987 2891 2147 2955 exor-

561 2947 769 3023 natam,
801 2956 1062 3024 valdeque
1090 2947 1413 3020 elegantem,
1445 2964 1561 3024 quia
1590 2950 1727 3001 furto
1754 2947 1972 3024 appetiit
2004 2948 2147 3024 prin-

564 3031 699 3100 cipes
726 3019 814 3095 qui
842 3019 1034 3081 suntin
1064 3019 1385 3100 ﬁrmamento
1410 3036 1442 3072 a
1468 3020 1661 3100 vivente
1690 3019 1874 3100 spiritu
1902 3019 2071 3097 educti
2100 3025 2146 3070 et

564 3089 819 3169 cruci/isti.
842 3100 969 3166 'Quo
998 3089 1127 3169 sane
1154 3095 1207 3147 in
1233 3091 1426 3169 delirio
1439 3089 2144 3169 afﬁrmandoantiquorum

564 3160 1183 3237 Grmcoruni'gentilium
1214 3163 1452 3237 opinioni
1480 3176 1573 3215 cos
1596 3160 1899 3237 adltaesiSse
1920 3176 2148 3227 sequen-

2233 523 2456 576 omofori
2507 520 2809 575 concussio.
2863 518 3084 571 Mortem
3129 516 3377 571 similiter
3422 520 3489 573 ab
3538 519 3626 575 his
3678 522 3840 576 malis

2231 593 2461 649 derivari
2494 592 2817 655 credebant;
2851 590 3051 643 nullum
3096 604 3317 659 prorsus
3360 605 3654 661 corporum
3697 596 3841 649 inter

2230 666 2641 734 animorumque
2679 675 2947 717 aerumnas
2994 672 3047 717 et
3089 663 3368 717 interitum
3410 662 3716 720 discrimen
3745 666 3841 720 ad-

2232 748 2531 792 mittentes.

2303 811 2355 863 3.
2391 810 2516 864 Post
2557 808 2670 863 hinc
2702 816 2880 860 autem
2925 806 3039 876 ipse
3068 803 3251 861 Turbo
3274 850 3287 873 ,
3331 808 3420 876 qui
3455 809 3642 863 omnia
3671 809 3835 865 Mani-

2232 882 2506 935 chamrnm
2530 879 2775 936 fabulosa
2802 891 3015 932 arcanae
3040 876 3395 949 philosophia:
3420 882 3688 949 principia
3712 897 3837 949 pan-

2233 953 2361 1006 dere
2386 964 2439 1007 et
2460 964 2747 1008 exsecrare
2773 957 3056 1015 statuerat,
3080 948 3254 1004 eidem
3280 966 3537 1017 episcopo
3568 948 3837 1009 Archelao

2234 1024 2492 1079 Marcello
2520 1022 2873 1091 ceterisque,
2906 1036 3087 1075 coram
3125 1020 3319 1093 quibus
3360 1038 3419 1076 se
3463 1023 3835 1093 sistereq'ube-

2234 1096 2411 1161 batur,
2443 1096 2568 1166 quid
2606 1091 3517 1166 deanimarumtransmigratione
3559 1091 3834 1165 cum—Epi-

2234 1163 2518 1221 cureorum
2543 1165 2724 1220 schola
2749 1163 3029 1219 Manicluei
3052 1163 3309 1219 docerent
3330 1165 3505 1234 palam
3525 1163 3831 1235 explicavit.

2236 1236 2441 1293 Idcirco
2481 1240 2578 1291 ista
2610 1235 2856 1306 subjecit.
2904 1238 3083 1287 Dicam
3122 1245 3297 1289 autem
3333 1237 3471 1291 vobis
3498 1242 3759 1304 quomodo
3792 1250 3837 1294 et

2236 1311 2422 1363 anima:
2450 1311 2502 1363 in
2533 1310 2638 1362 alia
2665 1322 2864 1377 quoque
2896 1323 3112 1376 corpora
3158 1312 3567 1377 transferuntur.
3614 1309 3680 1363 In
3711 1328 3833 1377 pra-

2237 1382 2364 1433 senti
2394 1390 2562 1434 autem
2588 1396 2800 1451 corpore
2822 1378 2959 1451 quod
2981 1395 3118 1431 nunc
3140 1381 3349 1447 spiritus
3372 1382 3538 1451 primo
3564 1381 3831 1447 inhabitat,

2240 1468 2423 1515 parum
2475 1450 2673 1520 aliquid
2728 1465 2793 1503 ea:
2860 1450 3032 1502 anima
3097 1461 3369 1523 purgatur.
3432 1450 3832 1523 Transfundintr

2240 1523 2423 1575 deinde
2448 1526 2499 1575 in
2524 1538 2701 1575 canem
2720 1561 2735 1585 ,
2766 1529 2853 1572 aut
2885 1525 2935 1573 in
2976 1520 3230 1574 camelqu
3250 1563 3264 1586 ,
3294 1533 3382 1575 aut
3410 1524 3463 1575 in
3488 1520 3707 1579 alterius
3731 1529 3831 1579 ani-

2241 1595 2390 1647 malis
2424 1610 2631 1665 corpus.
2676 1591 2735 1665 Si
2764 1606 2889 1665 vero
2915 1593 3088 1665 anima
3107 1635 3121 1657 ,
3164 1610 3279 1662 qua:
3309 1596 3583 1660 prmsentis
3614 1602 3826 1665 corporis

2242 1666 2515 1739 ergastulis
2561 1662 2823 1717 clauditur
2870 1662 3201 1739 homicidium
3230 1664 3471 1739 admisit,
3504 1669 3624 1739 jam
3664 1662 3715 1722 in
3743 1674 3827 1724 (le-

2242 1736 2552 1805 phantorum
2573 1750 2788 1806 corpora
2814 1735 3211 1806 transfunditur,
3244 1736 3314 1805 (ε)
3345 1738 3390 1790 si
3412 1735 3631 1793 messem
3663 1744 3823 1805 seruit,

2244 1808 2297 1860 in
2320 1824 2513 1881 muros.
2539 1805 2771 1881 Quarum
2803 1805 3253 1881 vicissitudinum,
3286 1822 3381 1862 seu
3415 1814 3823 1881 transmigratio-

2248 1895 2373 1933 num
2401 1880 2596 1933 seriem
2624 1878 2780 1931 latius
2805 1876 3166 1951 explicabaut,
3204 1892 3297 1946 per
3322 1882 3505 1935 omnia
3541 1876 3722 1937 rerum
3747 1900 3825 1951 ge-

2248 1967 2375 2004 nera
2419 1951 2819 2013 discurrentes,
2858 1950 2928 2019 ita
2976 1948 3249 2019 ut,faCto
3288 1952 3460 2019 gradu
3502 1968 3534 2006 a
3582 1948 3822 2009 brutisad

2248 2022 2478 2090 plantas,
2509 2020 2573 2073 ad
2605 2022 2749 2074 olera
2772 2062 2785 2081 ,
2826 2018 2892 2072 ad
2926 2018 3164 2087 germina
3192 2030 3245 2074 et
3275 2018 3339 2074 ad
3371 2039 3458 2076 res
3493 2025 3640 2089 ipsas
3668 2028 3821 2081 inani-

2249 2108 2384 2156 mes,
2413 2093 2705 2146 humanum
2725 2092 2967 2159 spiritum
2996 2091 3585 2159 inqnamlibetinfnndi
3609 2108 3823 2153 ettrans-

2248 2166 2443 2217 mutari
2494 2178 2650 2232 posse
2683 2161 3090 2231 proﬁtebantur.
3126 2163 3252 2229 Quae
3283 2166 3465 2219 omnia
3498 2182 3623 2222 cum
3662 2170 3821 2224 nobis.

2248 2250 2371 2308 cum
2406 2246 2811 2304 reputaremus,
2854 2244 3090 2308 nostram
3133 2234 3549 2292 admirationem
3580 2240 3821 2308 ejusmodi

2250 2306 2663 2379 Monii-lucorum
2696 2313 2973 2379 tantopere
3006 2305 3145 2379 inter
3174 2321 3232 2361 se
3260 2305 3624 2376 repugnantia
3649 2313 3821 2379 princi-

2251 2376 2335 2445 pia
2358 2376 2682 2440 excitarunt,
2714 2384 2770 2429 ut
2800 2389 2867 2449 ne
2895 2375 2976 2428 vix
3005 2376 3221 2449 quidem
3251 2380 3505 2434 arbitrari
3539 2375 3817 2449 possemus,

2248 2450 2564 2518 cuicumque
2596 2449 2756 2502 etiam
2801 2448 3019 2516 ignaro,
3056 2448 3149 2500 sed
3194 2462 3342 2503 sana-'3
3389 2448 3585 2506 mentis
3635 2448 3819 2509 homini

2248 2519 2533 2573 falsitatem
2560 2535 2663 2573 non
2689 2518 3013 2572 suboluisse.
3039 2519 3347 2587 Cujnsmodi
3381 2522 3714 2589 potissimum
3744 2528 3820 2581 illa

2248 2606 2369 2644 sunt
2394 2606 2514 2660 qua:
2536 2592 2603 2645 de
2626 2592 2820 2643 anima!
2843 2590 3147 2643 nominibus
3173 2602 3223 2644 et
3252 2597 3660 2658 pr0prietatt'bus
3686 2598 3821 2650 aftir.

2251 2674 2485 2716 marunt.
2515 2661 2647 2735 Cum
2674 2661 2921 2715 videlicet
2944 2662 3221 2735 sequentia
3246 2664 3343 2716 ista
3366 2666 3602 2735 attributa
3625 2678 3675 2720 et
3700 2684 3818 2735 pro-

2249 2736 2508 2801 prietates
2529 2733 2721 2786 anima:
2738 2730 3031 2803 convenire
3052 2731 3338 2798 docebant,
3359 2734 3510 2795 Heus,
3534 2730 3803 2803 nimirum,

2248 2822 2429 2857 sensus
2458 2806 2763 2874 prudentia,
2809 2802 3092 2855 intellectus
3137 2814 3299 2873 atque
3334 2808 3567 2873 cogitatio.
3607 2802 3808 2874 Quibus

2249 2878 2467 2946 quidem
2510 2877 2796 2937 omnibus,
2840 2874 3005 2943 magis
3052 2876 3350 2931 contrarias
3387 2889 3435 2931 et
3468 2878 3660 2932 alienas
3693 2896 3816 2936 esse

2252 2951 2533 3011 novimus,
2582 2947 2661 3001 vel
2710 2946 3276 3019 brutoruutunaturas,
3331 2950 3415 3003 vel
3457 2951 3817 3019 vegetabiliqu

2253 3019 2640 3089 proprietates,
2683 3016 2766 3069 vel
2807 3016 3195 3089 insensibilium
3246 3034 3427 3073 rerum
3476 3016 3817 3089 substantias,

2250 3088 2408 3157 quam
2450 3090 2621 3143 lucem
2653 3104 2682 3140 a
2716 3088 2978 3153 tenebris,
3011 3088 3208 3143 caelum
3239 3106 3269 3143 a
3313 3100 3487 3154 terra,
3520 3100 3575 3146 et
3600 3105 3734 3148 astra
3760 3096 3821 3150 ab

2251 3160 2535 3215 elementis
2569 3160 2770 3232 distare
2806 3160 3188 3232 intelligamus.
3220 3162 3355 3215 Cum
3393 3163 3555 3232 igitur
3581 3164 3674 3220 has
3700 3167 3821 3221 inter

567 3222 935 3298 tia‘T'urbunis
964 3238 1124 3292 verba
1160 3222 1438 3305 perspicue
1471 3232 1817 3305 patefaciunt.
1856 3222 2143 3305 Cum-eam
2171 3222 2220 3284 C
2254 3232 2567 3300 posterioris
2613 3231 2819 3305 ordinis
2853 3245 2937 3305 res
2979 3222 3181 3305 nullam
3231 3222 3453 3305 prorsus
3501 3238 3818 3292 concordiam

565 3328 887 3382 anouytnam
919 3301 1275 3382 virginetntc)
1291 3301 1316 3374 ν(
1338 3304 1575 3357 Venerem
1602 3301 1873 3382 videlicet)
1890 3303 2147 3382 masculis

566 3372 837 3455 tamquam
869 3372 1121 3455 feminam
1168 3372 1418 3455 decoram
1451 3390 1742 3455 apparere;
1776 3372 1989 3455 feminis
2019 3389 2148 3428 vero

566 3445 733 3509 veluii
760 3454 1063 3522 speciosum
1091 3459 1143 3503 ct
1172 3446 1643 3522 concupiscibdem
1668 3445 2066 3522 adolescentem
2091 3461 2149 3499 se

567 3517 827 3580 exhibere
855 3522 1140 3576 docebant.
1171 3519 1217 3573 A
1244 3518 1397 3585 Cujus
1420 3518 1619 3584 quippe
1646 3517 1845 3584 Speciei
1872 3517 2066 3571 decore
2096 3525 2150 3571 et

566 3605 788 3651 ornatus
814 3594 1080 3662 elegantia
1120 3588 1445 3643 ﬁrmamenti
1478 3586 1750 3662 principes
1776 3586 1949 3662 capti,
1983 3588 2051 3640 ita
2086 3588 2149 3640 li-

568 3666 809 3721 bidinum
842 3658 1027 3719 amore
1052 3663 1102 3714 in
1132 3675 1249 3714 eam
1280 3666 1616 3719 exarserunt,
1653 3668 1707 3711 ut
1736 3658 1854 3712 iSIis
1887 3666 2004 3725 post
2030 3674 2147 3711 eam

569 3736 939 3797 currentibus,
974 3734 1117 3786 illico
1159 3746 1223 3783 ex
1254 3730 1467 3783 illorum
1509 3729 1681 3782 oculis
1714 3745 1772 3782 se
1800 3728 2145 3795 subripuerit.

568 3808 677 3864 Sed
708 3818 834 3861 tunc
873 3806 1105 3875 princeps
1155 3802 1246 3875 ille
1280 3816 1502 3875 magnus
1542 3801 1787 3875 producit
1830 3798 2052 3875 nebulas
2081 3815 2149 3855 ex

569 3880 860 3947 semetipso
873 3870 940 3930 tut
961 3870 1215 3947 obScuret
1235 3871 1286 3947 in
1316 3873 1391 3947 ira
1412 3886 1509 3947 sua
1537 3871 1847 3947 universum
1868 3870 2145 3947 mundum.

572 3951 674 4018 Qui
702 3940 818 4002 cum
846 3946 1117 4002 tribulatus
1145 3946 1296 4018 fuerit
1321 3941 1598 4018 plurimum
1617 3982 1630 4005 ,
1666 3943 1794 4018 sicut
1808 3940 1978 4018 ΔΙιοηιο
1998 3943 2151 4018 sudat

568 4014 679 4093 post
709 4022 933 4093 laborent
954 4061 967 4083 ,
996 4018 1067 4070 ita
1108 4014 1153 4069 et
1196 4016 1277 4067 hic
1295 4014 1541 4093 princeps
1579 4014 1729 4089 sudat
1777 4014 1821 4066 ei
1852 4028 1919 4093 ea;
1947 4015 2151 4067 tribula-

567 4084 706 4147 tione
734 4109 849 4145 sua.
882 4092 1008 4145 Haec
1031 4097 1210 4142 autem
1242 4086 1307 4140 ad
1330 4085 1518 4140 Jovem
1547 4086 1783 4138 omnium
1810 4084 2148 4153 planetarum

568 4164 864 4235 principem
908 4160 1123 4235 referre
1151 4158 1410 4235 voluisse,
1444 4172 1511 4211 ex
1536 4155 1891 4235 ethnicorum
1916 4157 2151 4235 scriptis

566 4226 695 4290 iicet
721 4226 1032 4299 coniectari.
1067 4230 1147 4301 (ά)
1178 4228 1282 4283 Sed
1310 4227 1376 4281 ad
1419 4226 1638 4301 easdem
1681 4228 2148 4301 malasgvicissituj

568 4305 719 4361 dines
740 4298 1349 4367 subeundas,'messinm
1373 4300 1667 4368 principem
1692 4298 2009 4367 quandoque
2030 4298 2150 4368 cogi

568 4386 897 4431 aSseverant.
931 4374 1031 4441 Qui
1066 4382 1241 4425 tamen
1279 4386 1399 4425 cum
1428 4385 1487 4425 se
1513 4370 1581 4424 ab
1616 4370 2019 4441 illadeceptum
2043 4372 2152 4425 vir-

569 4449 692 4516 gine
730 4440 1023 4515 experitur,
1068 4453 1208 4516 tanta
1240 4442 1544 4516 incenditur
1573 4442 1651 4516 ira
1681 4449 1737 4495 et
1756 4440 2147 4516 inflammatur,

570 4512 630 4571 ἰιι
664 4512 825 4582 super
864 4525 1059 4569 terram
1091 4514 1283 4567 fatitem
1316 4512 1588 4574 effundat,
1625 4513 1974 4579 hominesque
2004 4514 2151 4581 ipsos

2253 3305 2523 3357 nulluntve
2562 3302 2831 3356 societatis
2860 3302 3124 3374 vinculum
3158 3302 3342 3357 haberi
3377 3319 3541 3374 posse
3568 3308 3817 3363 Mattichzei

2255 3376 2352 3442 ipsi
2391 3374 2807 3446 contenderent;
2838 3372 2994 3446 quid,
3040 3389 3251 3443 quaeso,
3299 3372 3406 3429 tam
3436 3378 3620 3446 inepte
3640 3390 3691 3434 et
3726 3390 3817 3435 tam

2252 3446 2447 3500 stolide
2473 3445 2767 3500 eﬁutiendo
2803 3445 3277 3510 ratiocinabantur,
3320 3445 3675 3515 cogitantium
3712 3454 3818 3506 sub-

2251 3519 2476 3588 stantias
2500 3516 2796 3585 transfundi
2823 3517 2877 3568 in
2899 3517 3092 3584 fenum,
3123 3526 3213 3570 aut
3240 3519 3291 3571 in
3325 3518 3639 3588 phasellum,
3671 3536 3748 3577 aut
3773 3525 3817 3576 in

2251 3587 2525 3663 hordeum,
2550 3596 2639 3640 aut
2663 3589 2713 3663 in
2736 3588 2924 3657 spicas,
2949 3596 3039 3663 aut
3064 3588 3116 3663 in
3143 3589 3303 3663 ctera,
3327 3600 3386 3663 ut
3407 3601 3453 3644 et
3478 3593 3577 3663 ipsi
3601 3587 3817 3648 messores

2252 3660 2551 3736 desecentur
2562 3667 2628 3736 _et
2666 3658 3023 3711 demetantur?
3062 3659 3233 3736 Simili
3273 3658 3507 3736 ratione:
3526 3680 3726 3736 quoque
3761 3666 3821 3719 de

2252 3730 2931 3805 cntnedentibus__panetn,
2975 3739 3067 3784 aut
3107 3729 3175 3785 de
3213 3729 3590 3805 occidentibus
3637 3729 3817 3805 pullum

2252 3802 2618 3869 disserebant,
2644 3800 2885 3874 dicentes
2914 3809 3014 3874 :et
3041 3805 3128 3871 qui
3160 3804 3453 3859 manducat
3492 3800 3709 3874 panem,
3739 3824 3820 3862 ne-

2253 3889 2406 3928 cesse
2443 3882 2526 3945 est
2555 3873 2763 3945 etipse
2798 3872 2961 3945 veluti
3004 3875 3153 3941 panis
3199 3872 3579 3931 manducetim
3616 3872 3753 3945 Quod
3780 3879 3820 3931 si

2253 3944 2513 3999 occiderit
2542 3943 2744 4013 pullum
2786 3954 2839 3998 et
2879 3942 2994 4012 ipse
3029 3946 3201 4015 pullus
3238 3947 3355 3998 erit.
3399 3947 3509 4001 Sed
3539 3961 3594 4003 et
3636 3942 3696 4005 de
3721 3952 3820 4003 ani-

2253 4018 2444 4071 mabus
2474 4029 2659 4070 eorum
2686 4015 2775 4084 qui
2808 4014 2893 4069 hic
2915 4018 2965 4069 in
2996 4017 3153 4070 terris
3175 4016 3377 4071 divitiis
3404 4020 3693 4083 abundant,
3715 4036 3819 4075 eam

2254 4088 2419 4141 fuisse
2450 4086 2717 4141 conditam
2752 4087 2921 4153 legem
2951 4087 3343 4156 conﬁngebant,
3381 4099 3439 4144 ut
3465 4095 3769 4146 exeunttbus
3793 4106 3819 4146 ο

2254 4157 2507 4228 praesenti
2534 4159 2798 4225 corporali
2823 4158 2949 4225 vita,
2982 4157 3087 4211 illae
3117 4157 3290 4213 adhuc
3322 4160 3373 4213 in
3400 4176 3687 4229 pauperum
3714 4179 3817 4217 eor-

2253 4244 2386 4299 pora
2417 4228 2790 4298 rejicerentur,
2820 4237 3019 4282 coacta:
3053 4229 3279 4296 primum
3311 4230 3378 4283 ad
3403 4228 3603 4287 omnes
3641 4234 3818 4288 mendi-

2252 4302 2429 4381 citatis
2478 4300 2697 4380 labores.
2735 4310 2789 4353 et
2836 4299 3109 4381 angustias
3147 4300 3501 4381 subeundas,
3551 4316 3670 4374 post
3707 4319 3824 4376 quas

2254 4372 2449 4426 deinde
2513 4370 2730 4424 aeternis
2785 4370 2959 4438 pinnis
3015 4372 3317 4427 cruciandze
3376 4370 3675 4430 tradantur.
3722 4370 3825 4430 Nec

2254 4445 2399 4498 enim
2442 4441 2703 4511 ejusmodi
2739 4442 2868 4496 solis
2900 4443 3165 4511 llgmentis
3198 4443 3247 4496 in
3280 4446 3581 4512 qurestione
3618 4447 3683 4502 de
3718 4449 3825 4501 ani-

2256 4528 2461 4568 marum
2494 4512 3049 4583 Iransmigrationibus
3074 4515 3344 4568 haerebant
3380 4533 3393 4567 :
3427 4519 3523 4571 sed
3548 4534 3666 4573 cum
3696 4520 3825 4572 ultro

572 4596 763 4677 morte
784 4585 1029 4677 alliciat;
1044 4585 1176 4677 limo
1189 4586 1351 4677 |~enim
1370 4584 1523 4677 ‘duos
1554 4585 1783 4677 mundon
1803 4624 1816 4645 ,
1867 4594 2151 4677 quumque
2179 4615 2233 4677 Β
2257 4585 2664 4677 άιιιιθιξιέξοτριιε
2685 4592 2843 4652 atque
2866 4586 3412 4667 materiamornnium
3437 4590 3826 4659 aspectabilium

572 4660 683 4730 88
702 4656 769 4710 ab
798 4655 1100 4730 hominibus
1120 4653 1480 4730 inhabitatum
1510 4665 1727 4730 exstare
1749 4653 2036 4730 docebant.
2069 4657 2153 4710 ln-

572 4724 825 4784 remoram
865 4727 1006 4780 hunc
1036 4726 1294 4779 visibilem
1338 4734 1391 4777 et
1425 4724 1824 4789 aspectabilem,
1846 4740 1907 4779 ea
1940 4726 2146 4782 ratione

573 4799 836 4869 superiori
855 4796 1171 4867 subjectum,
1188 4804 1440 4869 _ut_omnes
1478 4793 1707 4869 homines
1733 4798 1819 4869 qui
1854 4805 1969 4869 sunt
1996 4797 2145 4851 deor-

571 4865 686 4926 suin
707 4869 914 4925 radices
946 4865 1157 4921 sursum
1187 4865 1415 4919 habeant
1439 4866 1736 4935 colligatas.
1757 4866 1934 4931 Quare
1955 4867 2144 4923 iterum

571 4944 641 4998 de
669 4941 855 4998 eadem
887 4940 1089 5009 virgine
1113 4936 1501 5009 fabulabantur,
1536 4938 1605 4989 ita
1638 4937 1983 5009 disserentes.
2013 4938 2145 4994 Cum

571 5029 701 5084 ergo
747 5006 996 5083 princeps
1040 5009 1293 5084 messium
1330 5023 1363 5084 _a
1414 5006 1637 5084 virgine
1663 5007 1821 5063 luerit
1862 5008 2146 5076 deceptus,

572 5078 700 5141 tunc
728 5078 951 5155 incipiet
972 5080 1221 5155 excidere
1250 5078 1457 5134 radices
1497 5080 1801 5155 hominum;
1831 5089 1885 5155 et
1908 5094 2029 5155 cum
2054 5096 2149 5137 ex-

572 5158 697 5213 cisa:
729 5148 927 5212 fuerint
962 5153 1173 5210 radices
1210 5166 1426 5215 eorum,
1473 5148 1705 5204 efﬁcitur
1734 5152 2063 5221 pestilentia,
2093 5162 2150 5209 et

571 5229 646 5284 ita
674 5230 997 5283 moriuntur.
1030 5224 1185 5292 Quod
1210 5222 1256 5277 si
1290 5221 1597 5291 superiores
1625 5231 1801 5291 partes
1827 5223 2028 5278 radicis
2055 5240 2148 5278 va-

645 5360 720 5433 (a)
756 5359 989 5433 Consule
1016 5375 1136 5431 quae
1168 5358 1402 5433 diximus
1430 5371 1549 5427 cap.
1580 5358 1963 5433 9Apraecedenti
1990 5359 2147 5429 hujus

572 5430 785 5503 operis,
823 5430 1103 5487 occasione
1148 5430 1541 5503 vindiciarum,
1585 5431 1830 5503 nimirum
1876 5446 2009 5499 quas
2051 5447 2144 5500 pro

573 5500 842 5559 Archelao
866 5502 1311 5571 conscripsimus,
1341 5510 1402 5555 ut
1438 5500 1856 5556 Beausobrianas
1889 5504 2145 5571 malignas

572 5573 1039 5643 interpretationes
1066 5581 1225 5643 atque
1252 5586 1507 5643 censuras
1536 5581 1924 5628 everteremus.

646 5645 722 5728 (ὁ)
752 5642 1018 5728 Valesius,
1035 5642 1392 5728 tom.llilist.
1416 5643 1749 5728 ξαρρψ-εει..
1778 5644 2147 5728 poﬁanintad-

574 5712 849 5770 versiones
878 5725 931 5768 et
962 5720 1113 5767 notas
1138 5712 1206 5767 ad
1245 5713 1482 5767 Socratis
1518 5714 1824 5769 Historiam.
1857 5713 1919 5766 Et
1948 5714 2148 5782 Zacag-

578 5784 1126 5847 nius,incollectanea
1144 5792 1612 5837 monumentorum
1638 5794 1873 5837 veterum
1901 5784 2151 5843 Ecclesiae

579 5848 781 5911 Otaces
807 5863 859 5907 et
890 5854 1111 5907 Latinae.
1764 5858 1767 5859 '

2261 4656 2702 4724 sensibiliumque
2726 4670 2904 4709 rerum
2933 4670 3054 4710 esse
3085 4657 3425 4725 principium,
3453 4656 3654 4716 idcirco
3679 4660 3828 4716 veluti

2262 4728 2625 4781 necessarium
2645 4741 2764 4780 esse
2783 4726 3080 4780 inferebant
3096 4728 3248 4797 utqui
3265 4728 3568 4797 plantarerit
3582 4732 3827 4794 Peraeam.

2255 4814 2455 4872 necesse
2481 4813 2587 4872 esse
2616 4813 2729 4850 eum
2760 4799 2978 4872 transire
3008 4815 3095 4872 per
3118 4798 3277 4872 multa
3304 4807 3553 4872 tempora,
3589 4819 3830 4872 usqueqae

2254 4868 2447 4943 Persea
2476 4869 2568 4921 illa
2597 4884 2773 4943 quant
2789 4869 3095 4943 plantaverit
3140 4868 3417 4943 concidam
3438 4876 3614 4943 Atque
3652 4868 3833 4927 similia

2254 4942 2321 4995 de
2338 4942 2627 5012 domorum
2640 4938 3103 5012 aediﬁcationibus,
3120 4942 3199 4994 vel
3218 4940 3287 4995 de
3300 4940 3367 4996 iis
3379 4944 3469 5012 qui
3485 4938 3833 4999 seabluebant

2253 5014 2405 5086 aquis
2435 5010 2763 5086 cﬁ'utiebant.
2803 5009 2902 5075 Qui
2936 5010 3261 5086 (edi/icaverit
3287 5013 3384 5086 sibi
3400 5009 3620 5086 domum
3650 5019 3835 5086 disper-

2255 5083 2392 5153 gitur
2417 5097 2503 5150 per
2527 5082 2693 5157 omnia
2715 5098 2952 5157 corpora,
2977 5082 3163 5157 siquis
3189 5083 3365 5136 laverit
3392 5101 3445 5138 se
3470 5085 3526 5138 in
3544 5104 3699 5157 a7ua,
3727 5082 3837 5140 ani-

2256 5152 2393 5207 utam
2409 5170 2554 5206 suam
2575 5153 2819 5205 vulnerat.
2840 5152 2992 5223 Quod
3010 5152 3222 5222 quidem
3247 5152 3836 5223 postremum'delirium

2254 5224 2689 5297 argumentoss
2702 5234 2787 5278 est
2802 5222 3125 5279 Manichazos
3137 5222 3468 5281 nontantum
3484 5244 3839 5299 quascumque

2332 5362 2402 5433 (c)
2446 5360 2757 5433 Grmcorum
2791 5360 2983 5415 fabulae
3019 5359 3087 5433 de
3118 5358 3436 5433 Ephrodito.
3468 5363 3705 5420 Consule
3732 5383 3842 5431 qua!

2257 5434 2309 5487 in
2342 5430 2525 5487 nostra
2556 5432 2935 5487 dissertatione
2964 5430 3143 5485 habita
3183 5432 3234 5485 in
3267 5435 3544 5500 pontiﬁcis
3580 5430 3840 5491 concilio-

2252 5520 2368 5559 rum
2400 5503 2687 5559 Academia
2718 5502 3159 5575 conscripsimus,
3189 5516 3330 5575 anno
3360 5504 3522 5573 1745,
3552 5515 3609 5560 et
3635 5509 3688 5560 in
3720 5508 3843 5575 Qui.

2253 5576 2406 5700 rinalli
2432 5575 2624 5699 pallada
2644 5573 2987 5629 recitavimus
3008 5588 3105 5643 pro
3123 5574 3421 5631 canonibus
3437 5573 3843 5647 Gangrensibus

2253 5663 2354 5700 exn
2378 5662 2493 5700 tcan
2538 5661 2602 5700 ts.

2250 5661 2602 5717 expltcanats.

2324 5715 2405 5784 id)
2447 5716 2689 5771 Valesius
2716 5725 2769 5770 et
2796 5715 3124 5787 Zacagnius,
3155 5716 3242 5771 ubi
3267 5730 3450 5788 supra.

2328 5789 2397 5859 (ρ)
2438 5788 2642 5856 Turbo,
2676 5788 2727 5843 in
2751 5788 2999 5843 Archelai
3030 5788 3410 5858 diSputatione,
3442 5790 3527 5846 tibi
3559 5806 3751 5862 supra.
