3988 6314
562 267 665 324 879

1152 264 1212 318 P.
1253 259 1569 318 CACCIARI
1606 251 2205 317 EXERCITATIONES
2245 251 2309 311 IN
2350 256 2410 315 S.
2452 252 2692 318 LEONlS
2730 254 2943 314 HAGNI
2980 253 3231 312 OPERA.

3732 259 3835 317 880

558 394 674 437 rem
701 374 1081 443 disputationis
1109 387 1227 443 quae
1254 373 1353 427 sub
1382 370 1637 427 Archelai
1657 371 1889 443 nomine
1919 369 2152 426 cireum—
2179 368 2229 429 Α
2260 379 2370 443 tum
2393 371 2602 427 Martem
2627 371 2817 443 optimi
2844 381 2899 428 et
2921 371 3245 443 nobilissimi
3272 370 3467 427 medici
3497 380 3670 443 artem
3700 353 3836 442 apud

556 452 749 513 fertur,
774 442 1081 501 Beausobre
1102 442 1407 509 affirmavit,
1438 458 1560 497 eum
1584 442 1751 497 veluti
1780 443 2146 512 indiligentem

556 518 808 577 censorio
824 518 964 589 stylo
979 514 1406 589 condemnandi).
1435 513 1587 581 Quod
1606 513 1771 589 igitur
1795 514 1861 568 ad
1879 515 2148 583 catalogos

555 605 743 663 regum
775 585 1061 663 Petjtarum
1102 586 1211 657 95
1259 586 1446 639 media:
1475 585 1649 663 aetatis
1680 594 1907 663 spectat,
1942 595 2148 640 certum

557 657 646 718 est
666 661 831 731 quod,
864 659 1184 731 Parthorum
1211 672 1391 731 regum
1423 658 1591 731 stirpe
1619 657 1902 731 esstincta,
1937 672 2150 731 eorum-

599 727 938 800 ue—intperio
982 729 1201 791 abolito,
1244 728 1440 781 Christi
1475 743 1615 782 anno
1657 728 1782 789 226,
1832 740 1940 800 ttt_m
1972 727 2149 800 Persis

599 751 665 788 lle
712 751 938 800 Imperio
982 751 1201 791 ilDUlllU.
1244 751 1440 781 UIII'ISII
1475 751 1615 782 ἶΙΙΙΙΙυ
1659 751 1782 789 ZZD,
1833 751 1940 781 llllll
1975 751 2147 781 I'CI'SIS

558 751 824 860 ﬂomittari
847 803 1075 867 etenisse
1107 804 1444 863 Artaxarem,
1479 814 1592 866 seu,
1620 806 1676 853 ut
1704 808 1850 852 notat
1878 798 2147 862 Petavius,

561 880 902 940 Artaxerum,
933 871 1008 943 (a)
1041 870 1272 939 quicum
1297 870 1596 943 quindecim
1630 869 1955 943 ant_tis_regni
1989 870 2175 943 habe:

560 963 662 1002 nas
718 938 999 999 tenuisset.
1032 957 1153 996 eum
1190 940 1402 1007 excepit
1439 940 1671 1003 Sapores
1714 938 1873 1008 hujus
1918 940 2149 993 nominis

561 1020 787 1085 primus,
815 1016 901 1083 qui
933 1012 1257 1068 diuturniori
1292 1013 1587 1085 principatu
1623 1011 1829 1085 fruens,
1863 1010 2148 1085 ingentibus

571 1080 776 1148 iacturis
804 1080 955 1139 etiam
986 1085 1243 1138 Romanos
1269 1080 1457 1148 affecit,
1484 1092 1539 1135 ut
1566 1082 1817 1148 Agatltias
1844 1080 2145 1135 aiiirmavit.

586 1108 776 1141 «πιῑιτιδ
804 1108 955 1139 etiam
986 1108 1243 1138 Πυιηηηοδ
1269 1108 1457 1148 αιιεωι,
1486 1108 1539 1135 ιιι
1566 1108 1817 1148 ηςιιιιιιδδ
1844 1108 2145 1135 ἰΙΙΙΙΙΊΙΙίιὶἸΙη

559 1108 723 1211 ilisce
750 1156 905 1211 dictis
934 1172 1039 1208 non
1070 1154 1365 1219 refragatur
1396 1154 1732 1219 Beausobre,
1764 1154 1876 1219 qui,
1904 1153 1972 1206 cl.
2002 1153 2147 1221 Pagii

561 1230 784 1283 criticen
816 1237 1053 1289 secutus,
1084 1224 1302 1292 Saporis
1332 1239 1551 1290 regnum
1585 1223 1846 1291 protrahit
1870 1225 1931 1275 ad
1952 1239 2148 1278 annum

561 1299 663 1354 271
690 1314 877 1362 usque,
901 1298 988 1351 vel
1028 1297 1090 1346 ad
1118 1295 1323 1348 initium
1349 1295 1726 1363 subsequentis
1747 1295 1870 1347 anni
1914 1294 2020 1347 272
2050 1295 2145 1364 (b).

560 1372 633 1426 At
677 1369 983 1424 Beausobre
1018 1366 1284 1429 laudatus,
1331 1380 1472 1419 novo
1513 1366 1580 1419 de
1623 1365 1951 1419 Manichaica
1982 1364 2147 1420 histo-

560 1443 639 1496 ria
674 1447 965 1510 systemate
994 1438 1317 1510 excogitato,
1361 1450 1466 1490 non
1497 1443 1701 1510 tantum
1745 1435 2144 1510 Edessettorttm

560 1506 832 1565 Chronico
858 1509 1160 1569 adhaerens,
1181 1507 1281 1561 sibi
1306 1507 1589 1575 persuadet
1620 1509 1736 1573 ejus
1758 1506 1990 1561 natalem
2006 1507 2145 1561 diem

558 1582 616 1639 in
646 1597 843 1636 annum
870 1579 977 1633 240
1001 1578 1317 1648 contigisse;
1338 1577 1432 1631 sed
1460 1593 1529 1631 ex
1557 1578 1769 1631 silentio
1796 1576 2147 1632 Orientalium

564 1655 914 1721 scriptorum.
937 1650 1116 1704 servili
1133 1648 1433 1721 conditioni
1454 1649 1665 1721 Manent
1686 1649 1960 1718 alligatum
1982 1648 2148 1703 fuisse

2256 441 2514 511 Saporem
2540 441 2815 499 exercere.
2842 443 2957 498 Non
2983 446 3157 498 minus
3181 442 3424 498 fabulosa
3448 442 3699 499 videntur
3723 441 3837 513 qua:

2252 523 2438 587 narrat
2464 515 2605 570 idem
2629 515 2933 569 Beausobre
2953 515 3143 587 sede
3166 515 3387 587 Manetis
3414 514 3605 570 ordine
3638 516 3726 570 vel
3749 530 3836 569 sa-

2252 585 2515 646 cerdotio.
2548 588 2615 640 de
2640 587 2877 640 omnium
2907 585 3180 641 sacrarum
3209 585 3608 656 Scripturarum
3640 587 3837 641 intelli-

2251 658 2426 727 gentia
2455 666 2509 711 et
2532 658 2995 725 interpretatione,
3023 657 3092 711 ob
3118 672 3251 725 quas
3279 658 3330 710 in
3359 658 3607 711 haeresim
3633 657 3830 724 lapsus,

2253 738 2305 781 et
2334 729 2597 782 catholica
2622 728 3001 782 communione
3028 730 3295 797 privatus,
3332 743 3389 783 se
3414 728 3464 781 in
3495 726 3718 797 Saporis
3748 746 3837 782 au-

2253 797 2356 851 lam
2386 800 2625 868 recipere
2655 800 2913 868 potuerit,
2948 814 3008 853 ea
3042 799 3429 853 benevolentize
3459 798 3709 867 prmsidia
3741 801 3834 854 sibi

2253 871 2618 939 comparando
2641 885 2759 938 quae
2789 871 2929 925 idem
2960 880 3147 924 auctor
3178 873 3227 923 in
3254 870 3622 936 superioribus
3647 886 3834 924 recen-

2253 941 2378 994 suit.
2429 941 2604 1011 quue
2653 940 2888 994 fabulosa
2938 942 3147 995 censeri
3193 940 3388 995 debent
3425 956 3546 1010 qua:
3587 940 3657 993 de
3688 940 3836 1008 huius

2254 1012 2567 1066 ministeriis
2598 1020 2652 1066 et
2678 1011 2975 1081 parochiali
3004 1027 3257 1077 munere,
3289 1027 3516 1081 quicque
3546 1012 3617 1065 de
3648 1012 3836 1064 habitis

2253 1091 2438 1137 contra
2468 1083 2683 1137 Judaaos
2712 1091 2767 1136 et
2795 1097 2978 1151 magos
3008 1092 3167 1152 atque
3196 1082 3421 1150 gentiles
3453 1098 3548 1147 pro
3576 1082 3831 1135 catholica

2256 1153 2515 1221 religione
2544 1154 3019 1223 disputationibus,
3052 1158 3338 1220 antequam
3369 1153 3435 1206 ah
3468 1152 3711 1207 Ecclesia
3741 1168 3829 1205 cx-

2254 1222 2453 1293 cideret
2479 1266 2493 1289 ,
2523 1222 2641 1293 quze
2670 1234 2851 1278 noster
2879 1225 3096 1279 criticus
3122 1224 3319 1278 ibidem
3342 1225 3459 1276 sine
3489 1232 3711 1278 auctore
3740 1224 3834 1276 fide

2253 1292 2415 1365 digno
2455 1292 2881 1349 comminiscitur
2923 1294 3015 1365 (ε).
3049 1296 3185 1359 Quid
3217 1294 3396 1348 enim?
3426 1293 3561 1348 Cum
3610 1294 3829 1363 δινσε-εις

2255 1364 2412 1435 hujus
2464 1367 2693 1419 nominis
2743 1364 2947 1435 primus
2989 1366 3272 1420 Persarum
3304 1382 3397 1418 rex
3426 1365 3571 1419 diem
3621 1365 3827 1427 clausit,

2251 1434 2434 1491 Manes
2483 1438 2572 1491 vix
2624 1434 2889 1491 decimum
2940 1452 3137 1490 nonum
3203 1446 3294 1489 aut
3347 1437 3665 1505 vigesimum
3722 1451 3826 1490 sua:

2253 1508 2425 1561 anatis
2450 1523 2647 1561 annum
2678 1507 2993 1574 attingebat,
3019 1507 3200 1576 utjam
3224 1505 3474 1561 vidimus.
3509 1507 3672 1575 Igitur
3700 1522 3823 1574 quo-

2254 1578 2415 1632 modo
2436 1579 2544 1647 jam
2574 1586 2761 1633 contra
2795 1578 2889 1632 SS.
2920 1593 3184 1633 canonum
3216 1577 3426 1647 regulas
3468 1577 3612 1631 hunc
3652 1591 3819 1631 sacer-

2253 1647 2400 1702 dotio
2434 1649 2695 1703 initiatum
2729 1648 2895 1702 fuisse
2922 1649 3328 1712 arbitrabimur,
3353 1647 3549 1702 deinde
3570 1648 3641 1701 ob
3670 1648 3823 1702 haeres

562 1719 741 1794 negat,
761 1723 1052 1809 arbitratus
1065 1719 1322 1789 originem
1340 1719 1555 1809 duxisse
1577 1734 1645 1801 ex
1665 1735 1934 1801 magorum
1952 1721 2137 1809 ειίςιιθ,
2176 1749 2223 1809 Β
2253 1719 2355 1809 sint
2383 1720 3177 1809 .communionenprlivatus,Uet
3198 1720 3281 1809 ab
3315 1720 3549 1809 Ecclesia
3582 1719 3821 1809 expulsus

560 1789 880 1865 pairemque
911 1792 1181 1846 hominem
1209 1806 1419 1859 magum
1455 1789 1725 1865 habuisse,
1760 1791 1848 1859 qui
1875 1791 2143 1865 quondam

562 1860 930 1934 episcopatum
990 1871 1270 1934 assecutus
1303 1869 1403 1924 est,
1447 1871 1500 1914 et
1547 1860 1726 1934 hianes
1759 1860 2150 1934 appellabatur.

560 1931 740 1999 Brevi,
754 1931 995 2003 tempore.
1012 1933 1173 2003 multa
1193 1946 1593 2003 consummasse
1606 1931 1811 1986 Manent
1830 1932 1993 1984 filium
2007 1949 2155 1986 cont-

560 2001 1205 2067 miniscitur‘scribendo;
1229 2001 1373 2057 hunc
1395 2002 1448 2054 in
1466 2001 1773 2057 Crte-corum
1796 2002 2025 2057 lectione
2039 2019 2158 2057 ver-

565 2086 764 2138 satum,
787 2073 1391 2143 mathesimusicaaque,
1411 2072 1772 2134 astronomiae,
1794 2074 2151 2143 geograpltize,

564 2147 891 2213 astrologiae,
918 2142 1219 2205 medicinae,
1250 2144 1492 2211 pictura',
1519 2158 1735 2213 operam
1764 2142 2002 2209 dedisse,
2031 2155 2083 2199 et
2103 2146 2154 2199 in

562 2213 944 2285 pingendiarte
957 2215 1188 2267 maxime
1201 2213 1534 2285 excelluisse,
1553 2214 1999 2281 quemadmodum
2023 2224 2077 2268 et
2103 2216 2153 2269 in

565 2284 839 2341 sacrarum
882 2285 1278 2352 Seripturarum
1322 2284 1667 2353 intelligentia
1708 2286 1793 2339 vel
1840 2286 2157 2354 interpreta-

564 2359 731 2417 tione.
750 2357 805 2411 ln
825 2356 1071 2411 haeresim
1085 2354 1276 2409 deinde
1291 2355 1495 2424 lapsum
1512 2371 1631 2410 esse
1646 2355 1845 2411 Manent
1860 2366 2152 2411 asseverat.

572 2429 672 2496 Qui
694 2440 976 2497 pr0pterea
1000 2427 1631 2497 excommunicationeah
1652 2428 1885 2481 Ecclesia
1917 2427 2151 2494 excisus,

570 2496 768 2552 laudati
801 2498 1019 2567 Saporis
1052 2496 1335 2552 Persarum
1374 2498 1517 2564 regis
1552 2496 1791 2553 favorem
1827 2497 2155 2553 benevolen-

565 2570 806 2641 tiamque
835 2579 1113 2624 assecutus
1141 2577 1242 2641 est,
1275 2577 1333 2641 et
1359 2568 1503 2641 inter
1521 2568 1725 2641 aulicos
1766 2580 2153 2641 commoratus,

564 2638 787 2709 iubetur
819 2656 1000 2710 regem
1045 2638 1291 2693 comitari
1328 2654 1451 2710 cum
1490 2638 1535 2692 is
1584 2638 1843 2695 adversus
1884 2638 2157 2697 Romanos

568 2712 753 2780 praalia
782 2709 1106 2781 instruebat;
1133 2724 1193 2763 ea
1218 2709 1561 2778 persuasione
1594 2720 1761 2778 ratus,
1796 2710 1938 2781 quod
1970 2711 2070 2766 sibi
2100 2721 2157 2767 et

570 2785 685 2836 suis
708 2782 964 2837 militibus
992 2780 1192 2835 mederi
1222 2788 1423 2849 posset.

644 2854 696 2907 5.
734 2852 852 2919 Quo
891 2862 1067 2906 autem
1114 2854 1254 2905 anno
1294 2850 1361 2905 ad
1408 2850 1599 2906 medici
1650 2853 2150 2920 praestantissimum

571 2939 772 2978 munus
804 2922 1164 2978 exercendum
1196 2936 1225 2973 a
1255 2921 1461 2988 Sapore
1490 2920 1652 2976 fuerit
1681 2932 2017 2994 assumptus,
2051 2940 2155 2979 non

574 2994 777 3047 retulit.
806 2995 875 3048 At
895 2995 1085 3061 conjici
1112 2999 1288 3064 potest
1313 3006 1379 3047 ex
1409 3007 1474 3047 eo
1497 3002 1740 3062 tempore
1766 3009 1872 3063 quo
1897 2994 2152 3064 Sapores.

573 3065 906 3118 exercituum
938 3065 1118 3132 copias
1149 3063 1379 3131 ducens,
1409 3063 1517 3118 vim
1548 3064 1861 3133 clademque
1902 3063 2157 3120 Runtanis

574 3134 859 3191 inferebat.
890 3134 945 3188 ld
987 3135 1319 3203 potissimum
1358 3136 1645 3203 contigisse
1676 3135 1940 3189 Valeriani
1981 3137 2153 3205 impe-

576 3276 728 3330 dunt.
761 3276 1075 3331 Valerianus
1096 3276 1311 3344 quippe,
1342 3277 1463 3329 dolo
1490 3277 1741 3331 Macriani
1777 3277 1948 3339 ducis,
2002 3280 2153 3332 inno-

577 3347 750 3401 centis
777 3346 1203 3405 Christianorum
1233 3348 1504 3415 sanguinis
1536 3346 1686 3401 eﬂusi
1728 3357 1938 3401 atroces
1970 3362 2153 3413 pinnas

577 3418 690 3471 Deo
721 3417 932 3471 vindice
976 3418 1377 3486 persttluturus,
1412 3434 1459 3488 ag
1489 3418 1767 3472 Persarum
1800 3434 1923 3488 rt-ge
1952 3418 2155 3488 Sapore

579 3496 803 3559 captus,
841 3496 909 3559 Aet
945 3490 996 3541 in
1040 3488 1310 3559 Persidem
1340 3486 1649 3559 adductus;
1705 3486 1881 3557 longo
1915 3486 2155 3559 tempore

580 3557 817 3611 ludibrio
839 3557 1071 3619 habitus,
1099 3558 1307 3611 tandem
1333 3556 1482 3625 jussu
1513 3559 1653 3627 regis
1682 3556 2004 3623 excoriatus,
2028 3556 2154 3614 'sce-

581 3627 754 3680 lerum
777 3642 995 3681 suorum
1018 3628 1116 3681 luit
1137 3642 1343 3696 ptenas.
1365 3628 1434 3696 (ε)
1455 3630 1521 3698 At
1542 3642 1661 3682 cum
1686 3629 1947 3696 ejusmodi
1974 3632 2155 3698 prtelia

579 3698 931 3770 contigissent
978 3709 1100 3766 pust
1138 3713 1335 3751 anitum
1375 3697 1509 3770 254,
1543 3710 1596 3751 et
1633 3698 1943 3754 Valerianus
1977 3697 2157 3770 poenis

580 3767 873 3841 exhaustus
906 3769 1177 3841 hominem
1222 3769 1429 3841 exuerit
1471 3770 1699 3837 septimo
1742 3770 1951 3841 imperii
1982 3767 2156 3841 ipsius

580 3853 753 3905 anno,
803 3839 939 3893 haud
972 3840 1129 3894 video
1158 3855 1259 3907 qua
1286 3840 1522 3906 ratione,
1554 3853 1657 3909 qua
1687 3839 2031 3895 scientiarum
2063 3859 2156 3897 co-

576 3911 815 3978 gnitione
836 3953 849 3975 ,
900 3926 1003 3980 qua
1030 3912 1258 3981 denique
1291 3911 1512 3965 medicae
1545 3910 1678 3965 artis
1717 3912 1940 3979 peritia,
1977 3914 2155 3970 Manes

617 3982 813 4036 otuerit
868 3990 979 4036 tum
1036 3996 1159 4036 esse
1208 3984 1527 4047 instructus;
1557 3994 1613 4035 ut
1661 3992 1880 4051 propter
1916 3987 2153 4040 omnium

598 4051 746 4107 'erme
773 4051 1118 4107 scientiarum
1151 4054 1350 4107 cultum
1376 4051 1594 4121 Saporis
1622 4054 1769 4107 cordi
1796 4066 1976 4121 gratus
1999 4058 2153 4112 valde

574 4120 758 4194 fuerit,
793 4134 845 4177 ιιι
878 4125 1039 4177 etiam
1072 4133 1341 4194 tamquam
1374 4120 1611 4178 medicus
1645 4120 1880 4192 optimus
1913 4134 1967 4181 et
2002 4128 2156 4181 nobi-

574 4191 1212 4266 lissimusadhiberetur.
1238 4194 1292 4248 id
1325 4204 1501 4248 autem
1536 4196 1648 4249 tieri
1689 4191 1931 4263 potuisse
1971 4212 2150 4266 nemo,

572 4264 677 4334 nisi
699 4264 897 4319 bardus
914 4275 965 4320 et
982 4266 1284 4331 plumbeus,
1301 4265 1400 4319 sibi
1420 4267 1610 4334 poterit
1632 4268 1977 4333 persuadere.
1995 4264 2149 4330 Nam,

572 4332 880 4389 Beausobre
924 4348 1171 4399 auctore,
1222 4332 1669 4391 natalis'Maneti’s
1715 4340 1769 4392 in
1808 4354 2005 4392 annuat
2047 4339 2142 4396 241

574 4405 898 4475 rejiciendns
921 4415 1024 4460 est.
1057 4406 1137 4475 (d)
1163 4405 1394 4473 Sapores
1421 4422 1548 4462 vero
1576 4407 1759 4463 clades
1800 4410 1851 4463 itt
1881 4411 2151 4465 Romanos

570 4473 771 4529 inferre
800 4477 965 4545 carpit
1001 4473 1141 4531 anno
1168 4477 1277 4532 245
1298 4520 1312 4542 ,
1340 4478 1485 4545 juxta
1526 4479 1847 4542 Baronium;
1885 4480 2147 4536 Valeriani

571 4545 800 4621 servitus
826 4556 881 4621 et
912 4548 1141 4615 proditio
1169 4550 1395 4621 contigit
1422 4548 1561 4621 circa
1592 4565 1791 4604 annum
1819 4551 1955 4617 256;
1991 4552 2149 4621 hujus

571 4614 822 4689 interitus
860 4618 914 4671 in
944 4633 1140 4672 annum
1168 4618 1294 4674 260.
1324 4614 1453 4673 Cum
1494 4620 1658 4689 igitur
1689 4614 2002 4677 Valerianus
2048 4614 2147 4678 im-

571 4686 897 4760 probitatum
926 4689 1081 4743 solvit
1106 4704 1311 4760 pinnas,
1336 4686 1620 4745 Manes'vix
1652 4695 1915 4747 decimum
1947 4711 2143 4751 nonum

569 4758 745 4833 astatis
759 4774 869 4813 sua:
880 4773 1077 4813 annum
1093 4758 1407 4831 attingebat,
1427 4772 1478 4815 et
1492 4763 1703 4832 quando
1716 4764 1947 4833 Sapores
1960 4777 2145 4822 contra

571 4826 847 4899 Romanos
883 4834 1064 4899 copias
1089 4846 1214 4887 suas
1234 4826 1311 4886 ἐι,
1349 4826 1641 4888 exercitum
1673 4826 1928 4897 duce—bat,
1971 4838 2147 4893 adhuc

565 4898 742 4974 infans
771 4911 822 4955 et
854 4898 1078 4957 tenellus
1098 4917 1235 4957 esse
1263 4913 1496 4971 poterat;
1543 4920 1665 4959 cum
1707 4906 1956 4974 praedicta
1989 4908 2147 4963 Vale-

567 4969 703 5025 riani
730 4974 975 5042 {proditio
1001 4983 1056 5028 et
1104 4969 1333 5030 servitus
1372 4975 1436 5029 ad
1468 4969 1735 5030 decimum
1781 4976 2020 5045 quintum
2052 4991 2144 5036 aut

562 5051 773 5098 sextum
822 5045 1086 5118 decimum
1118 5045 1234 5118 ejus
1284 5047 1453 5100 :elatis
1480 5062 1675 5100 annum
1724 5048 2001 5103 referenda
2042 5052 2140 5118 sit;

563 5127 684 5182 quae
712 5116 1036 5185 supputandi
1084 5116 1220 5171 ratio
1272 5118 1512 5186 apprime
1542 5118 1730 5186 probat
1774 5136 1879 5173 non
1907 5116 2143 5190 potuisse

634 5262 710 5330 (a)
747 5258 993 5315 Petavius
1020 5256 1347 5332 _ltationario
1384 5264 1705 5327 temporum,
1744 5266 1872 5313 tom.
1904 5260 1987 5327 ΙΙΙ,
2030 5276 2147 5332 pag.

562 5329 699 5388 M6.
718 5332 989 5400 Agathias,
1018 5329 1110 5384 lib.
1136 5345 1206 5382 tv.

632 5402 706 5476 (b)
740 5399 929 5476 Pagius
982 5400 1246 5476 ad‘aunos
1281 5399 1479 5476 Christi
1506 5400 1605 5454 271
1650 5409 1704 5454 et
1736 5400 1859 5455 272.
1880 5402 2089 5476 Scribit
2115 5420 2141 5476 γε

559 5470 698 5529 Obiit
735 5470 833 5526 hoc
874 5488 1008 5527 anno
1053 5470 1276 5544 Sapores
1316 5470 1752 5544 Persaruntrex,
1806 5474 1889 5539 qui
1918 5475 2145 5544 regnavit

555 5561 719 5617 unum
749 5553 795 5597 et
839 5544 1047 5617 triginta
1071 5542 1294 5617 integros
1323 5559 1508 5617 annos,
1538 5552 1583 5595 et
1609 5543 1894 5617 ingentibus
1913 5542 2135 5617 jacturis

556 5561 719 5598 unum
749 5560 795 5597 et
839 5560 901 5596 m
942 5560 1047 5595 tnta
1071 5560 1294 5611 integros
1323 5560 1508 5607 annos,
1538 5560 1583 5595 et
1609 5560 1894 5610 tttgentwus
1913 5560 2127 5617 Jaclul‘ii

556 5614 820 5668 Romanos
840 5560 1031 5679 olfacit.
1056 5611 1327 5678 Agathias,
1362 5614 1452 5669 lib.
1488 5628 1540 5665 tv
1577 5631 1587 5664 :
1622 5612 1700 5665 Eo
1741 5624 1957 5682 mortuo,
1986 5615 2127 5669 Hor-

556 5686 750 5740 misdas
804 5686 912 5754 ejus
949 5683 1086 5749 ﬁlius
1128 5698 1337 5751 regnum
1376 5686 1595 5755 suscepit
1628 5695 1780 5752 atque
1818 5694 1931 5755 post
1973 5703 2131 5742 unum

560 5770 753 5810 annum
780 5765 827 5809 et
856 5754 1107 5807 decimum
1135 5769 1353 5807 mensem
1384 5754 1645 5810 emortuus
1667 5763 1760 5809 est.

2260 1789 2441 1861 fuerit,
2475 1800 2754 1861 antequam
2784 1790 3015 1857 Sapores
3043 1790 3244 1854 obiret;
3274 1790 3485 1844 scilicet
3511 1790 3723 1859 quando
3744 1805 3819 1843 rex

2262 1859 2383 1927 iste,
2420 1859 2629 1916 fortuna
2660 1862 2817 1926 duce,
2847 1871 2903 1917 et
2930 1861 3202 1931 copiarum
3235 1860 3606 1922 multitudine,
3633 1862 3817 1915 exerci-

2262 1940 2345 1986 tus
2372 1932 2617 1998 ducebat,
2653 1941 2708 1986 ut
2734 1932 2918 1987 clades
2944 1931 3199 1985 Romanis
3224 1931 3486 1986 inferret?
3507 1931 3671 1985 Nemo
3692 1946 3819 1984 sana

2260 2005 2486 2070 mentis,
2518 2003 2609 2073 qui
2638 2003 2861 2058 somniis
2901 2003 3061 2057 fidem
3095 2017 3199 2057 non
3226 2002 3501 2067 adhibeat,
3526 2002 3577 2056 id
3611 2002 3706 2056 sibi
3734 2017 3818 2069 po-

2262 2075 2385 2127 terit
2434 2074 2772 2143 persuadere.
2827 2075 2996 2128 lmtno
3045 2075 3243 2143 aliquot
3286 2088 3457 2127 annos
3505 2075 3817 2143 percurrisse

2261 2144 2402 2198 inter
2434 2145 2637 2214 lapsum
2668 2146 2888 2199 Manetis
2918 2144 2973 2198 in
3007 2144 3253 2199 lueresim
3286 2153 3338 2198 et
3366 2144 3585 2213 Saporis
3612 2157 3815 2199 mortem

2259 2214 2400 2269 idem
2429 2216 2732 2272 Beausobre
2760 2218 3029 2285 supponit.
3073 2216 3277 2269 Idcirco
3306 2214 3483 2270 adhuc
3510 2218 3665 2269 etiam
3690 2230 3811 2283 pra:-

2262 2301 2546 2355 properam
2602 2288 2743 2342 illius
2783 2286 3175 2342 ordinationem
3208 2286 3369 2341 fuisse
3407 2300 3531 2341 eum
3574 2285 3814 2339 affirmare

2260 2358 2559 2426 oportebat.
2594 2360 2661 2412 At
2689 2357 2917 2425 diligens
2948 2358 3080 2413 artis
3101 2359 3313 2412 critices
3344 2358 3594 2425 scriptor,
3625 2356 3813 2425 qualem

2260 2443 2319 2481 se
2348 2442 2467 2483 esse
2504 2429 2811 2482 Beausobre
2832 2428 3033 2496 jactat,
3066 2429 3131 2483 ad
3162 2429 3299 2481 hanc
3327 2443 3503 2482 rerum
3536 2442 3815 2495 repugnan-

2260 2498 2388 2552 tiam
2413 2500 2633 2552 minime
2659 2498 3056 2563 animadvertit,
3082 2513 3145 2553 eo
3168 2499 3441 2553 dumtaxat
3470 2497 3642 2552 studio
3662 2507 3813 2557 ratus,

2262 2578 2321 2622 ut
2349 2579 2590 2624 veterum
2622 2569 2928 2624 Graecorum
2963 2570 3377 2639 Latinorumque
3406 2569 3503 2623 PP.
3531 2568 3817 2639 testimonia

2260 2639 2495 2694 infirmet
2521 2649 2577 2696 et
2601 2639 2837 2710 dejiciat.
2863 2639 3158 2709 Propterea
3190 2638 3503 2694 novitatibus
3531 2640 3703 2705 potius
3731 2638 3815 2690 in-

2259 2710 2508 2780 dulgens,
2540 2711 2707 2765 multa
2733 2711 3000 2781 paradoxa
3021 2720 3075 2766 et
3104 2710 3316 2773 fabulas
3342 2712 3386 2763 in
3410 2724 3549 2763 suum
3578 2718 3811 2781 transtu-

2259 2781 2322 2836 lit
2351 2778 2510 2854 opus,
2540 2778 2827 2837 Persarum
2855 2782 3309 2854 Assyriorumque
3334 2782 3625 2854 scriptorum
3659 2778 3803 2830 testi-

2259 2852 2439 2906 monia
2468 2852 2759 2920 laudando,
2784 2852 2874 2921 qui
2904 2848 3061 2922 longe
3088 2870 3117 2905 a
3143 2848 3363 2906 Manetis
3382 2866 3482 2904 tero
3498 2848 3807 2922 ﬂoruerunt.

2331 2924 2384 2977 6.
2409 2922 2611 2993 Regum
2648 2918 2930 2978 Persarum
2965 2918 3159 2979 deinde
3194 2924 3524 2993 characteres
3558 2918 3816 2993 animique

2261 2993 2414 3047 dotes
2437 3037 2451 3060 ,
2492 2989 2739 3050 'studium
2762 3035 2777 3059 ,
2820 3005 2873 3050 et
2901 2994 3091 3063 agendi
3118 2994 3412 3057 rationem,
3446 2991 3511 3045 ad
3547 2989 3815 3063 quamdam

2260 3065 2573 3119 eruditionis
2623 3065 2830 3134 copiam
2860 3061 3275 3128 ostendendam,
3307 3063 3577 3118 describit.
3604 3061 3816 3134 thua-

2181 3127 2227 3189 C
2260 3136 2383 3190 (lam
2415 3150 2542 3190 usus
2570 3127 2925 3206 digressione,
2957 3138 3228 3206 antiquam
3260 3127 3599 3206 illiusgentis
3622 3127 3820 3206 religio-

576 3208 774 3261 ratoris
819 3215 1079 3272 tempore,
1109 3221 1286 3259 rerum
1321 3205 1689 3259 Romanorum
1722 3209 1993 3260 memorias
2026 3223 2150 3273 pro-
2192 3232 2197 3238 -

2260 3222 2382 3261 nem
2423 3202 2841 3273 commemorat,
2887 3202 3128 3276 hancque
3156 3206 3245 3260 diu
3276 3202 3578 3276 obsoletam
3619 3202 3819 3270 Saporis

2263 3278 2547 3332 Persarum
2564 3279 2705 3349 regis
2723 3277 2899 3333 studio
2913 3274 3283 3349 ﬂorescentem
3300 3276 3495 3349 factam
3510 3274 3665 3349 fuisse
3688 3288 3819 3327 asse-

2258 3360 2427 3403 verat.
2452 3346 2905 3417 Hujus‘praeterea
2937 3352 3077 3418 regis
3107 3347 3408 3417 prudentia.
3434 3346 3731 3418 fortitudine
3750 3353 3821 3396 at-

2257 3435 2362 3489 que
2378 3420 2583 3488 justitia
2607 3416 2839 3481 laudata.
2861 3416 3081 3490 gradum
3109 3416 3234 3473 facit
3255 3419 3320 3473 ad
3337 3416 3701 3490 explicandam
3722 3426 3821 3490 ety-

2260 3487 2541 3559 mologiam
2558 3491 2698 3545 illius
2720 3487 3170 3561 vocis'magorum.
3187 3490 3303 3557 Quo
3321 3490 3586 3543 vocabulo
3608 3487 3818 3541 Persidis

2261 3562 2557 3632 presbyteri
2579 3569 2740 3629 atque
2764 3562 3067 3631 philosophi
3090 3576 3147 3632 se
3168 3564 3404 3614 vocitare
3426 3566 3818 3632 consueverunt.

2259 3626 2438 3686 Multa
2479 3626 2690 3701 quoque
2738 3626 2916 3687 subdit
2977 3626 3043 3687 ile
3112 3631 3413 3685 Zoroastris
3466 3626 3818 3700 philosophia,

2258 3703 2448 3757 studiis
2470 3744 2484 3767 ,
2518 3703 2783 3772 theologia
2804 3746 2818 3770 ,
2854 3702 3111 3766 religione
3139 3712 3298 3770 atque
3322 3702 3495 3757 cultu.
3544 3701 3825 3772 Tant‘tsque

2260 3775 2473 3829 tandem
2498 3789 2685 3843 nugas,
2706 3770 2956 3839 ineptias,
2974 3774 3352 3842 iocularesque
3370 3770 3824 3841 interpretationes

2259 3848 2508 3910 attexuit,
2537 3859 2669 3914 quas
2696 3844 2897 3899 referre
2923 3859 3264 3910 summopere
3290 3844 3466 3897 virum
3491 3844 3755 3914 cordatum
3777 3849 3826 3892 et

2259 3912 2568 3985 religiosum
2610 3915 2677 3970 de
2723 3916 3042 3969 Christianis
3085 3917 3243 3969 rebus
3284 3925 3536 3983 agentem
3578 3912 3829 3985 dedecere

2258 3983 2609 4048 arbitramur,
2662 3995 2715 4039 et
2744 3985 2943 4040 idcirco
2974 3988 3086 4039 hate
3114 3994 3169 4040 et
3196 3985 3463 4048 ejusmodi
3492 3985 3593 4040 alia
3622 3983 3829 4037 silentio

2261 4058 2667 4128 praetermittere
2697 4055 3353 4128 duximursnecessarium.

2329 4130 2381 4182 7.
2416 4128 2599 4196 Itaque
2635 4127 2812 4195 p0tius
2842 4127 2994 4181 nobis
3027 4126 3405 4195 inquirendum
3437 4131 3703 4192 superent
3735 4123 3831 4176 sub

2258 4214 2361 4267 quo
2384 4198 2666 4253 Persarum
2699 4212 2823 4266 rege
2852 4197 3031 4251 Manes
3059 4198 3265 4251 debitas
3291 4197 3833 4267 improbitatumpat-

2257 4265 2355 4323 nas
2402 4270 2551 4323 luere
2603 4265 2821 4323 coacmS
2862 4268 3039 4322 fuerit.
3084 4270 3199 4332 Quo
3242 4268 3294 4322 in
3339 4270 3453 4321 otio
3477 4282 3579 4320 non
3609 4265 3834 4319 multum

2258 4341 2435 4409 operis
2471 4353 2567 4394 nos
2597 4348 2871 4409 Oporteret
2899 4339 3238 4407 impendere,
3278 4338 3325 4393 si
3359 4339 3557 4409 pariter
3580 4338 3839 4409 adversa-

2256 4407 2392 4465 rium
2436 4414 2729 4481 parumque
2758 4409 2810 4481 in
2847 4408 3003 4464 dictis
3030 4410 3129 4464 sibi
3161 4418 3498 4464 constantem
3534 4407 3839 4462 Beausobre

2259 4498 2363 4536 non
2405 4480 2741 4536 haberemus.
2787 4480 2842 4534 ln
2875 4490 3106 4535 mentem
3154 4496 3282 4548 ergo
3307 4484 3485 4549 primo
3525 4491 3843 4533 revocamus

2255 4569 2375 4622 quae
2405 4552 2560 4623 paulo
2586 4560 2707 4606 ante
2735 4550 2803 4606 de
2834 4552 3019 4623 mortis
3048 4553 3187 4623 regis
3226 4552 3448 4619 Saporis
3470 4565 3605 4623 anno
3631 4549 3841 4623 descri-

2255 4618 2477 4693 psimus.
2501 4623 2668 4690 Quem
2693 4638 2812 4676 cum
2838 4618 3146 4676 Hormisdas
3172 4618 3314 4693 ﬁlius
3333 4621 3635 4691 excepisset
3662 4618 3766 4693 (Ῑ)3
3794 4626 3846 4671 ut

2256 4690 2539 4751 Persarum
2562 4694 2783 4748 annales
2810 4693 3053 4761 probant,
3084 4704 3138 4747 et
3174 4692 3484 4746 Beausobre
3512 4693 3681 4746 etiam
3711 4690 3850 4743 ultro

2254 4767 2535 4829 concedit,
2588 4766 2721 4819 duos
2763 4764 3039 4818 dumtaxat
3069 4765 3118 4817 in
3153 4762 3379 4831 imperio
3416 4776 3585 4816 annos
3640 4762 3853 4813 insum-

2257 4839 2429 4906 psissc
2456 4835 2791 4905 exploratum
2824 4845 2925 4906 est.
2967 4834 3015 4888 ls
3044 4830 3243 4887 autent
3264 4833 3530 4906 Varanem
3554 4830 3729 4906 hujus
3760 4844 3854 4883 no-

2255 4900 2415 4964 ininis
2445 4900 2671 4974 primum
2699 4905 2884 4960 habuit
2905 4918 3268 4974 successorem
3290 4944 3304 4968 ,
3338 4902 3430 4972 qui
3454 4904 3551 4974 vix,
3571 4900 3857 4974 tertiove-

2251 4972 2465 5052 giminis
2489 4976 2926 5052 attno__absoluto_
2951 4991 3016 5029 ex
3045 4973 3143 5028 hac
3174 4974 3292 5028 luce
3329 4973 3582 5052 migravit
3610 5016 3627 5037 ,
3665 4972 3860 5052 relicto

2259 5042 2738 5122 Varane_li._iliins
2778 5046 2927 5117 regni
2951 5059 3266 5122 successore
3294 5058 3365 5122 _et
3392 5042 3637 5122 haerede.
3679 5042 3726 5096 Α
3760 5054 3864 5121 quo

2251 5133 2428 5180 autem
2472 5118 2674 5174 Christi
2715 5115 2861 5173 anno
2887 5116 3237 5188 repetendum
3265 5115 3335 5170 sit
3372 5115 3674 5170 exordium
3712 5115 3865 5181 regni

2328 5256 2647 5329 (c)0rt_tsi_tt_s
2687 5253 3080 5329 et_:l‘rebellius
3112 5248 3381 5308 Valeriani
3419 5262 3617 5304 necem
3654 5245 3873 5304 descri-

2255 5326 2388 5386 bunt
2412 5328 2464 5381 in
2496 5326 2723 5382 Gallieni
2752 5326 2888 5379 Vita.

2345 5402 2401 5467 ά)
2435 5397 2759 5461 Beausobre,
2791 5396 2880 5467 lib.
2910 5410 2967 5462 ιι,
2986 5396 3196 5467 cap._i,
3231 5407 3353 5467 pag.
3383 5390 3505 5445 161.

2342 5457 2397 5539 ε)’
2422 5457 2756 5529 Beausobre,
2776 5466 2868 5521 lib.
2891 5482 2926 5521 ll
2954 5457 3089 5520 Hist.
3114 5457 3369 5539 hi:tnic_li.,
3400 5476 3516 5539 cap.
3548 5457 3621 5511 4.

2321 5531 2389 5615 ζ
2427 5543 2567 5607 Pet.,
2593 5538 2807 5615 Ration.
2834 5547 2994 5603 temp.
3014 5546 3159 5615 _part.
3184 5550 3239 5588 ιιι
3261 5531 3583 5615 describens
3603 5542 3875 5615 διέπει

2246 5598 2459 5669 Ρθὶίέιιι.
2508 5598 2618 5682 reg.
2663 5608 2853 5666 mediae
2882 5598 3092 5674 atatis,
3134 5619 3254 5675 pag.
3296 5602 3427 5659 mihi
3470 5598 3586 5655 N6
3628 5599 3877 5659 Veneta:

2243 5684 2512 5743 editionis.
