3988 6314
530 306 634 362 887

1114 301 1173 357 P.
1213 294 1531 353 CACCIARI
1574 284 2172 350 EXERCITATIONES
2210 283 2278 339 IN
2317 284 2374 340 S.
2417 278 2660 341 LEONIS
2697 282 2910 340 MAGNI
2948 283 3196 339 OPE‘RA.

530 434 705 473 caram
731 428 1020 485 ηυητίιυαηι
1039 413 1420 495 etvetus-ient
1442 411 1589 493 Hanc
1613 418 1790 491 ιεδιηεη
1818 403 2116 495 tamen},
2144 401 2197 462 Α
2223 400 3130 495 {Etldiiafiéfi‘fis£89999?
3152 403 3215 495 5'1
3226 401 3565 495 Ειξῖίεὲίὲρρξ
3584 410 3774 495 acie

531 488 766 557 alioquin
796 474 904 561 viri
927 474 1259 561 gravissimi,
1292 482 1608 561 senteittiam
1640 478 1999 561 improbatam
2031 474 2115 561 of-

531 552 799 616 fendimus
823 573 851 611 a
874 552 1185 611 doctissimo
1213 555 1327 609 viro
1354 554 1400 607 le
1429 552 1599 618 Quien
1633 552 1713 619 (a)
1751 552 1804 603 in
1831 563 1927 602 suo
1950 560 2113 618 opere

530 632 672 702 quod
715 625 1239 702 insc_rib_itur_0riens
1286 623 1627 702 Christiqnus.
1662 624 1710 675 ls
1751 620 1938 702 enimn
1970 630 2113 673 tomo

531 689 789 764 secundo,
810 699 874 754 de
896 698 1267 773 Chaldgeorum
1302 694 1554 773 Ecclesiis
1580 707 1761 773 agens,
1788 689 2110 773 cascharam

532 773 719 828 urbem
770 761 822 824 in
870 768 1115 824 confiniis
1164 766 1575 835 Mesopotamia}
1609 761 1764 835 sitam
1817 761 2108 826 describit,

532 843 687 897 valde
717 840 1073 914 diversa_m_ab
1095 833 1411 914 altera‘qnae
1444 834 1582 914 apud
1610 833 1965 914 Cosdresnam
1996 840 2112 914 erat

532 923 860 969 constructa.
913 910 1154 964 Priorem
1204 901 1345 963 enim
1398 901 1581 960 urbem
1632 904 1893 958 idolorum
1943 901 2110 957 cultui

533 985 680 1054 prius
710 990 1021 1051 occupatam
1043 1021 1057 1045 ,
1088 981 1535 1054 Christonomen
1567 976 1779 1054 dedisse
1808 975 1863 1028 S.
1893 972 2109 1054 Taddtei

531 1044 937 1126 praedicatione,
965 1044 1153 1126 ‘atque
1190 1050 1518 1126 Archelaum
1575 1048 1882 1116 episcopum
1934 1044 2107 1126 eidem

531 1121 807 1195 praefuisse
835 1123 934 1177 sub
965 1121 1328 1195 Proho,_idem
1359 1130 1545 1173 auctor
1576 1121 1983 1195 :tssever_at,_qui
2011 1128 2109 1195 nec

530 1186 598 1250 ab
622 1195 944 1265 Epiphanio,
978 1208 1078 1265 nec
1106 1207 1135 1245 a
1170 1191 1528 1265 lliero_ny_mo,_
1554 1202 1710 1265 nec_a
1742 1187 1930 1243 Photio
1961 1186 2106 1239 nulla

530 1260 737 1321 ratione
763 1265 969 1320 resilire
997 1263 1196 1327 voluit,
1244 1262 1339 1329 ipsi
1371 1260 1563 1316 deinde
1591 1260 1842 1314 universo
1866 1266 2105 1329 veterum

528 1338 851 1411 scriptorum
895 1343 1037 1390 coetu
1078 1328 1420 1411 suflragaute.
1455 1329 1916 1411 Sinitaqueadhiuc
1942 1328 2108 1411 laes-

528 1399 965 1481 gnii'conjeetura
989 1448 1001 1470 ,
1036 1420 1191 1471 quam
1236 1399 1490 1481 impetere
1514 1401 1813 1481 Bcausohre
1844 1399 2102 1481 intendit,

530 1472 748 1547 prorsus
763 1472 983 1531 labaret
1012 1485 1170 1541 atque
1207 1474 1423 1528 caderet
1458 1490 1521 1547 ei;
1556 1472 1892 1547 librariorum
1920 1472 2100 1547 _v_itio;

528 1541 635 1603 non
660 1548 793 1602 inde-
812 1556 988 1601 tamen
1010 1554 1431 1613 consequeretur
1453 1544 1744 1598 fabulosam
1774 1556 1893 1613 esse
1920 1541 2102 1613 “isto-3

528 1621 661 1673 riam
692 1620 758 1673 de
786 1634 885 1688 qua
928 1616 1132 1687 agitur;
1167 1611 1325 1684 atque
1371 1615 1681 1688 figmentum
1711 1611 2103 1688 redolere,_vel

526 1682 816 1752 Archelai;
844 1688 927 1743 vel
962 1682 1303 1756 cpisc0patns
1337 1682 1581 1749 nomina,
1633 1698 1858 1754 quorum
1907 1682 2102 1756 ibidem

526 1760 728 1814 mentio
770 1758 904 1814 facta
947 1753 1047 1813 est.
1090 1753 1293 1813 Labant
1334 1764 1511 1811 tamen
1552 1753 1878 1824 prorsusqne
1905 1753 2102 1808 cadunt

525 1830 643 1884 alia:
674 1832 1017 1896 conjectum,
1050 1844 1181 1899 quas
1212 1828 1425 1899 subjicit
1456 1829 1568 1899 ipse
1603 1824 1933 1899 Bcausohre,
1972 1839 2101 1879 con-

528 1902 755 1976 tendens
780 1902 919 1976 hunc
964 1896 1272 1976 episcopum
1302 1896 1581 1976 catholicae
1608 1896 1728 1976 fidei
1760 1911 1973 1976 causam
2011 1910 2101 1950 co-

524 1987 637 2026 ram
687 1972 912 2026 ethnicis
956 1971 1114 2025 etiam
1150 1966 1426 2035 indicibus
1477 1967 1781 2034 expendere
1830 1966 2096 2030 voluisse,

524 2050 790 2110 prazsente
835 2041 1079 2095 videlicet
1126 2039 1352 2109 populo,
1396 2039 1483 2110 qui
1538 2038 1812 2110 Manetemt
1852 2036 2100 2110 blasphe-

527 2106 758 2166 inantem
788 2112 1053 2178 lapidibus
1084 2106 1313 2164 obruere
1346 2109 1585 2171 volebat,
1617 2108 1660 2160 si
1694 2106 1984 2161 Archelaus
2006 2123 2102 2161 an-

525 2183 751 2237 nuisset.
796 2182 865 2235 At
917 2182 1081 2235 futilis
1124 2181 1451 2249 conjectura.
1496 2178 1800 2233 Beausobre
1832 2180 1881 2231 in
1916 2180 2101 2246 primis

524 2254 952 2306 animadvertere
989 2248 1274 2318 oportebat
1303 2251 1367 2304 ad
1399 2250 1584 2320 Cyrilli
1630 2248 2097 2320 Hierosolymitani

524 2322 665 2377 dicta
694 2340 706 2375 :
734 2322 977 2377 videlicet
996 2323 1153 2375 etiam
1186 2321 1427 2375 ethnicos
1447 2319 1661 2390 aliquos
1688 2319 1895 2388 judices
1916 2333 2101 2374 accer-

524 2394 654 2448 sitos
678 2393 861 2455 fuisse,
894 2410 958 2446 ne
974 2393 1018 2446 si
1043 2392 1319 2446 Christiani
1339 2392 1635 2458 judicarent
1660 2392 1727 2443 ad
1756 2392 1976 2458 gratiam
2001 2391 2100 2444 ali-

524 2413 654 2448 διιοε
678 2413 861 2455 ""558,
894 2413 1017 2446 πεει
1043 2413 1317 2446 unrtsuant
1376 2413 1635 2444 uatcarem
1660 2413 1727 2443 aa
1756 2413 1976 2458 gratiam
2001 2413 2099 2444 ιιιι-

522 2465 646 2534 quid
688 2464 952 2535 judicasse
987 2462 1292 2517 viderentur.
1338 2413 1415 2519 ΙΙΙΙί
1461 2477 1587 2530 ergo
1629 2460 1961 2535 phiiosoplti,
2008 2461 2099 2535 qui

524 2532 791 2605 tamquam
816 2544 976 2589 testes
1004 2534 1246 2588 advocati
1278 2534 1504 2605 fuerant,
1538 2532 1770 2605 potentia
1793 2542 1843 2584 et
1868 2533 2100 2605 auctori-

523 2611 633 2659 tate
653 2602 954 2669 carebant,
1002 2606 1339 2672 potissimum
1365 2602 1485 2671 quia
1519 2612 1629 2657 tum
1670 2602 1912 2656 Romano
1940 2604 2099 2658 sube-

522 2685 645 2730 rant
684 2678 926 2744 imperio.
972 2675 1227 2730 Ethnicos
1271 2674 1618 2745 philosophos
1648 2673 1699 2727 in
1730 2672 1947 2745 Nicteno
1970 2690 2099 2745 con-

521 2746 647 2800 cilio
676 2746 940 2802 admissos
970 2746 1166 2811 fuisse,
1200 2754 1256 2799 ut
1278 2744 1560 2808 audirent,
1597 2755 1758 2814 atque
1784 2744 1946 2797 etiam
1989 2744 2098 2799 dis-

520 2826 808 2885 putarent.
851 2818 1024 2871 nullus
1070 2816 1330 2871 hactenus
1368 2815 1463 2870 ivit
1500 2815 1722 2869 inficias.
1774 2815 2097 2885 Undeergo

521 2884 713 2941 mirum
754 2887 799 2941 si
832 2889 1114 2957 cpisc0pns
1138 2887 1432 2941 Archelaus
1461 2886 1895 2957 congreSs‘ionem
1939 2884 2095 2941 habi-

520 2967 670 3011 turus
703 2974 823 3013 cum
868 2956 1127 3013 hreretico
1176 2959 1423 3024 homine,
1466 2958 1555 3024 qui
1606 2957 1753 3011 falsis
1798 2956 2097 3013 Zoroastris

518 3028 869 3097 philosophiae
898 3039 950 3083 et
980 3044 1250 3095 magorum
1292 3028 1565 3099 principiis
1615 3027 1879 3099 hazrebat,
1933 3030 2095 3099 etiam

519 3100 760 3153 ethnicos
812 3100 1158 3168 philosophos
1211 3098 1518 3166 admiserit,
1568 3113 1702 3166 quos
1755 3114 1782 3149 a
1838 3098 2095 3155 fabulosis

2223 481 2389 537 retur,
2417 471 2529 540 jam
2561 482 2775 528 nostros
2812 473 2865 526 in
2907 487 3120 529 summo
3152 475 3356 532 honore
3393 476 3601 534 habitos
3629 483 3773 539 fuisse

2216 543 2361 614 apud
2382 543 2626 598 ethnicos
2658 544 2955 614 principes;
3007 546 3076 599 ita
3120 554 3177 599 ut
3222 563 3413 602 munus
3442 550 3769 611 regendarum

2216 613 2613 692 provinciarum
2648 615 2781 692 ipsis
2801 613 3013 692 quoque
3034 616 3529 692 demandareturil
3534 622 3638 677 uris
3656 640 3770 692 quo-

2215 700 2317 760 que
2345 685 2547 760 dicendi
2572 686 2761 760 nostris
2791 686 3106 760 prccbebatur
3137 704 3155 741 :
3188 697 3234 741 et
3255 690 3586 760 coniugibus,
3618 685 3769 748 et'mi-

2214 755 2387 809 nistris
2406 797 2421 821 ,
2449 766 2599 825 atque
2628 758 2874 811 universae
2903 758 3076 811 domui
3105 775 3211 811 sum
3230 800 3244 825 ,
3272 777 3374 814 non
3399 755 3767 822 solum'credere

2212 825 2266 878 in
2304 825 2583 881 Dominum
2628 836 2858 881 nostrum
2890 827 3067 882 Iesum
3094 828 3377 896 Christum,
3424 848 3597 886 verunt
3639 836 3767 891 etiam

2212 912 2325 973 cunt
2351 898 2488 973 omni
2524 898 2726 973 ﬁducia
2752 910 2800 973 et
2832 900 3057 973 libertate
3081 901 3133 953 in
3190 902 3292 965 ﬁde
3311 918 3490 973 agere,
3532 908 3766 971 gentilium

2212 968 2465 1042 principes
2491 969 2752 1042 sinebant;
2784 970 2859 1024 ita
2890 982 2943 1025 ut
2965 970 3083 1024 illos
3104 973 3196 1025 sibi
3223 968 3400 1040 ﬁdebes
3425 990 3488 1026 ac
3514 968 3763 1042 fetialia":

2211 1038 2493 1114 ducerent,
2520 1039 2583 1114 de
2610 1041 2789 1109 quibus
2825 1042 2949 1114 certi
2982 1052 3132 1114 erant
3169 1038 3303 1113 quod
3340 1061 3435 1113 pro
3473 1038 3578 1114 ﬁde
3604 1046 3764 1104 Christi

2212 1108 2341 1183 nihil
2350 1108 2629 1183 perﬁdum
2644 1123 2881 1178 saperent
2913 1112 3020 1183 (ε).
3056 1113 3167 1166 Tali
3181 1108 3191 1113 ⁷
3204 1108 3455 1183 tantaque
3473 1108 3624 1172 'felici
3645 1130 3764 1172 tran-

2210 1179 2474 1247 quillitate
2524 1190 2579 1235 et
2626 1179 2937 1238 muneribus
2976 1179 3199 1239 donatos
3247 1179 3410 1241 fuisse
3456 1185 3758 1245 Christianos

2209 1251 2309 1304 sub
2336 1251 2512 1307 Marco
2543 1253 2762 1309 Aurelio
2796 1254 3005 1319 Probo,
3041 1256 3257 1310 militari
3296 1270 3570 1313 consensu
3597 1260 3656 1311 ad
3683 1262 3761 1313 im-

2210 1322 2428 1397 perium
2444 1334 2631 1397 eveeio
2655 1338 2797 1397 anno
2817 1324 3013 1397 Christi
3034 1326 3138 1380 276
3159 1336 3252 1381 aut
3274 1325 3400 1393 277,
3434 1339 3501 1383 ut
3530 1344 3593 1383 ex
3623 1329 3757 1397 Vopi-

2209 1405 2335 1463 sco,
2374 1393 2533 1460 Vict.,
2566 1395 2851 1463 Eutropio,
2895 1395 3061 1451 ldatio
3092 1398 3145 1452 in
3175 1397 3375 1461 Fastis,
3412 1398 3569 1462 Ζοε..
3614 1393 3758 1456 narrat

2208 1462 2369 1538 etiam
2398 1463 2650 1538 Petavius
2673 1462 2791 1538 (die).
2827 1466 2940 1538 Non
2969 1468 3162 1522 mirum
3203 1484 3331 1534 ergo
3376 1471 3421 1522 si
3459 1485 3586 1538 quae
3624 1487 3751 1537 expo-

2207 1533 2315 1587 suit
2343 1534 2643 1610 Arcbelaus
2668 1533 2722 1591 in
2745 1533 2973 1610 laudatis
2998 1540 3145 1594 Actis
3174 1533 3440 1595 ver’iﬁcari
3483 1533 3753 1610 potuerint,

2206 1607 2445 1677 maxime
2472 1606 2620 1675 quia,
2650 1618 2709 1662 ut
2732 1609 2840 1677 jam
2870 1608 3100 1664 vidimus
3119 1651 3135 1675 ,
3166 1606 3622 1677 Marcellus,'sive
3648 1606 3754 1668 har;

2206 1674 2452 1750 cellinus,
2478 1674 2567 1750 Qui
2599 1674 2858 1747 imperiali
2889 1674 3209 1735 auctoritate
3236 1674 3633 1749 Mesopotamiae
3661 1700 3753 1750 pro-

2205 1747 2396 1819 vinciae
2421 1748 2580 1803 rebus
2615 1760 2873 1818 praeerat,
2905 1758 3089 1819 utpote
3123 1747 3423 1805 catholicus
3444 1794 3460 1816 ,
3497 1752 3618 1808 ﬁdei
3646 1747 3752 1808 veri-

2207 1817 2332 1893 tatis
2362 1817 2861 1893 prapagationisque
2890 1822 2944 1875 in
2964 1817 3237 1893 desiderio
3265 1832 3397 1885 erat,
3426 1824 3624 1893 quique
3645 1827 3749 1880 mili-

2206 1890 2303 1965 tari
2346 1904 2502 1943 manu
2540 1890 2825 1965 seditiosus
2870 1901 3057 1965 contra
3106 1890 3746 1965 Archelaum‘episcopuu

2206 1958 2545 2033 insurgentes
2574 1963 2745 2031 pinnis
2774 1971 2828 2016 et
2854 1963 3093 2019 cladibus
3122 1964 3384 2033 potuisset
3408 1958 3639 2020 afficere.

2272 2030 2425 2105 Quod
2448 2042 2625 2105 autem
2653 2033 2941 2105 Christiani
2972 2045 3082 2089 tum
3112 2030 3179 2089 ab
3206 2035 3639 2102 imperatoribus,
3652 2052 3746 2105 pro-

2202 2100 2496 2174 vinciarum
2525 2103 3011 2168 administratores,
3043 2100 3315 2160 rationarii
3335 2100 3742 2174 cubiculariique,

2202 2178 2257 2225 et
2296 2172 2360 2224 ad
2400 2173 2502 2226 alia
2546 2174 2768 2247 honoris
2811 2176 3515 2247 auctoritatisquermnnera
3540 2172 3743 2233 obeunda

2202 2253 2628 2310 assumerentur,
2650 2246 2810 2301 etiam
2833 2247 3101 2311 colligitur
3124 2262 3187 2301 ex
3216 2246 3537 2303 Diocletiani
3565 2250 3741 2305 decreto

2201 2327 2290 2366 an.
2311 2312 2417 2368 503
2430 2313 2753 2389 Nicomedia:
2769 2319 3062 2386 proposito,
3080 2332 3187 2388 quo
3206 2329 3421 2373 cantum
3437 2328 3588 2374 estut
3612 2321 3655 2374 in
3672 2335 3742 2389 po-

2202 2392 2401 2463 stentm
2432 2385 2708 2463 Christiani
2723 2385 3115 2463 carerentomni
3136 2390 3326 2463 honore
3354 2399 3402 2442 et
3422 2392 3651 2463 dignitate
3666 2385 3738 2459 (ι).

2200 2453 2353 2519 Quod
2395 2470 2526 2511 sane
2572 2458 2861 2513 absurdum
2902 2460 3117 2522 fuisset,
3164 2459 3265 2514 nisi
3297 2470 3455 2515 antea
3477 2453 3738 2517 "Christiani

2205 2523 2494 2581 honoribus
2547 2539 2601 2582 et
2648 2530 2996 2596 dignitatibus
3041 2528 3143 2584 frui
3187 2533 3601 2587 consuevissent.
3641 2532 3737 2587 Non

2202 2598 2483 2662 oportebat
2511 2599 2671 2668 igitur
2692 2600 3017 2665 Beansobre,
3054 2609 3112 2655 ut
3135 2610 3321 2657 contra
3352 2602 3609 2658 veritatem
3634 2604 3732 2658 luce

2200 2668 2480 2743 clariorem
2547 2670 2725 2743 fucum
2778 2670 2956 2726 facere
3013 2682 3271 2743 tentaret,
3334 2682 3601 2743 temporum
3630 2689 3722 2743 ra-

2202 2736 2373 2812 tiones
2427 2741 2800 2811 susqnedeque
2856 2742 3147 2808 vertendo,
3198 2736 3401 2812 sibique
3437 2736 3721 2811 persuadere

2201 2806 2430 2882 lectores
2475 2806 2749 2882 ail'ncinari
2783 2827 2937 2880 posse
2976 2813 3042 2868 ad
3078 2806 3237 2867 ﬁdem
3268 2806 3381 2882 ejus
3412 2806 3551 2869 dictis
3588 2812 3717 2866 adhi-
3772 2870 3777 2873 .

2199 2877 2449 2933 bendam.
2481 2877 2801 2938 Fabulosum
2832 2884 3010 2952 itaque
3040 2893 3155 2948 est,
3194 2877 3428 2939 Orientis
3465 2884 3723 2951 Ecclesia,

2198 2954 2297 3003 sub
2332 2953 2557 3023 ethnicis
2605 2955 3015 3023 imperatoribus
3053 2969 3267 3023 semper
3312 2954 3473 3009 fuisse
3514 2965 3729 3021 vexatas,

2198 3027 2357 3088 atque
2386 3020 2719 3079 Christianos
2758 3026 3017 3093 aequalem
3057 3020 3419 3081 conditionem
3461 3024 3734 3080 sustinuisse

2199 3093 2299 3163 sub
2331 3093 2508 3148 Marco
2537 3094 2757 3151 Aurelio
2798 3096 2973 3151 Probo
2991 3138 3007 3163 ,
3045 3112 3202 3163 quam
3228 3096 3425 3152 deinde
3444 3098 3540 3153 sub
3561 3096 3736 3151 Diocle-

518 3162 929 3239 30phisticisque
985 3162 1209 3224 Manetis
1260 3162 1599 3239 argumentis
1645 3168 1937 3223 abhorrere
1990 3172 2091 3225 sibi
2119 3166 2165 3230 C
2199 3162 2370 3239 limi“,
2402 3167 2499 3219 sub
2529 3166 2764 3235 Sapore,
2798 3168 2897 3222 Sub
2922 3168 3134 3239 Juliano
3161 3170 3419 3235 Apostata
3464 3168 3726 3222 subierunt.

521 3241 911 3310 persaadebat?
943 3241 1103 3294 Addit
1134 3241 1208 3310 (b)
1235 3242 1538 3294 Bcausohre
1565 3240 1761 3295 deinde
1786 3242 1834 3293 in
1859 3242 1921 3294 iis
1948 3240 2097 3297 Actis

518 3307 622 3376 legi
654 3312 969 3364 Archelaum
990 3307 1350 3379 indignatione
1368 3327 1493 3381 erga
1514 3312 1719 3365 Manem
1744 3321 2090 3377 commotum,

519 3381 618 3447 ipsi
662 3381 925 3450 objecisse
946 3397 1061 3453 non
1092 3383 1271 3453 alium,
1294 3396 1414 3453 esse
1444 3398 1602 3453 quam
1636 3382 1840 3435 Mithrae
1873 3383 2094 3453 presby-

520 3460 713 3512 terum,
742 3453 884 3505 Solis
906 3452 1176 3515 videlicet,
1208 3452 1460 3520 falsisque
1487 3451 1589 3505 diis
1612 3453 1810 3506 cultum
1837 3451 2094 3509 adhibere

515 3522 880 3591 consuevisse.
917 3522 1064 3575 Hanc
1106 3522 1564 3591 objurgationetn,
1616 3522 1857 3590 subjicit,
1903 3540 2093 3591 appro-

515 3587 643 3661 bare
676 3606 780 3644 non
806 3595 977 3660 potuit
1003 3587 1227 3659 p0pulns
1256 3587 1513 3661 paganus,
1544 3587 1777 3661 urbsque
1818 3587 1986 3647 idolis
2010 3611 2093 3649 re-

517 3660 678 3725 pleta.
730 3662 874 3716 Bene
918 3677 1044 3716 vero
1092 3662 1334 3727 plausum
1383 3660 1703 3716 obtinuisset
1732 3679 1757 3714 a
1790 3662 2091 3720 Christiana

513 3738 693 3797 gente,
725 3732 807 3785 cui
840 3731 1177 3788 Christianus
1198 3732 1486 3799 imperator
1521 3731 1907 3788 dominaretur.
1941 3736 1993 3789 Si
2022 3738 2088 3790 ita

513 3802 708 3855 factum
743 3802 960 3868 luisset,
993 3802 1122 3857 urbs
1150 3811 1257 3857 tota
1290 3802 1651 3873 indignatione.
1679 3814 1862 3859 contra
1885 3806 2091 3873 cpisco-

510 3885 636 3938 pum
677 3884 941 3928 commota
982 3873 1191 3944 injuriis
1236 3874 1394 3928 etiam
1442 3888 1561 3929 cum
1612 3875 1731 3929 vita:
1780 3875 2089 3934 discrimine

508 3956 632 3996 eum
663 3944 945 4001 aﬂecisset.
993 3945 1123 4013 Quae
1169 3945 1380 3999 tandem
1411 3944 1589 3999 omnia
1621 3956 1677 3999 ut
1705 3946 2078 4014 probabilitate

507 4026 694 4068 carere
731 4015 1069 4082 ostenderet,
1104 4014 1171 4069 ad
1217 4014 1413 4070 Juliani
1456 4019 1730 4084 Apostata:
1772 4017 1966 4072 factum
2006 4020 2086 4073 vel

509 4086 813 4157 exemplum
843 4094 1125 4155 provocat,
1171 4086 1259 4155 qui
1290 4086 1341 4139 in
1370 4086 1514 4141 fatali
1555 4086 1840 4143 Persarum
1868 4089 2085 4157 expedi-

510 4153 654 4228 tione
711 4153 967 4228 Edessam
1047 4153 1231 4211 urbem
1291 4157 1555 4224 proficisci
1615 4153 2083 4228 recusavitfqnia

506 4225 781 4299 maximus
807 4226 1235 4299 Christianorum
1268 4243 1519 4299 numerus
1552 4228 1747 4283 ibidem
1779 4225 2085 4299 reperieba-

506 4305 619 4367 tur;
640 4296 797 4367 ιοά,
810 4313 1073 4367 suumque
1096 4298 1199 4351 iter
1216 4298 1285 4352 ad
1307 4296 1526 4354 Carram
1543 4303 1827 4367 convertit,
1842 4296 1902 4354 ut
1916 4303 2083 4357 sacri-

506 4365 685 4440 iiciuni
709 4365 815 4420 diis
852 4365 1173 4440 immolaret.
1202 4367 1377 4435 Quare
1402 4384 1522 4424 cunt
1554 4370 1713 4439 hujus
1736 4365 1882 4425 urbis
1915 4386 2082 4440 p0pu-

507 4435 873 4507 iusl'alsorum
904 4438 1127 4494 deorum
1159 4440 1326 4492 cultui
1372 4441 1602 4497 maxime
1624 4435 1773 4496 esset
1803 4435 2070 4507 addictus,

506 4505 770 4595 iapidibus
790 4508 1139 4595 “obrueru'ntp
1158 4508 1425 4590 infelicem
1492 4527 1637 4595 eum_
1660 4511 1953 4595 hominem
1978 4505 2067 4584 qui
2097 4534 2154 4595 ι)

503 4575 634 4647 ipsis
674 4577 1010 4647 nuntiaverat
1038 4578 1307 4632 Julianum
1334 4580 1445 4647 jam
1476 4584 1581 4634 vita
1615 4582 1851 4637 functum
1885 4575 2066 4639 fuisse.

574 4645 639 4724 5..“
671 4644 769 4724 ilic
791 4645 1215 4724 Bcausobrianus
1240 4644 1537 4724 disserendi
1570 4654 1777 4724 modus,
1814 4655 2073 4724 hujusque

500 4714 825 4781 artificium,
884 4717 1037 4773 facile
1089 4719 1328 4774 historiae
1393 4714 1774 4777 ecclesiastieai
1828 4714 2071 4780 indocios

501 4786 827 4863 persuad_er6
850 4797 1056 4863 posset.
1089 4796 1161 4863 At
1186 4804 1291 4863 non
1330 4791 1500 4863 eidem
1535 4792 1689 4863 fidem
1722 4794 2069 4863 adhibebant,

498 4856 587 4933 qui
612 4857 937 4933 ex_E_usebio
965 4857 1281 4933 Ctgsariensi
1320 4862 1544 4932 aliisque
1574 4862 1797 4919 sinceris
1840 4856 2071 4933 scripto;

497 4927 644 4981 ribus
671 4927 974 4983 didicerunt
1001 4929 1331 4985 Christianas
1373 4927 1847 4990 res'Ecclesiarum
1899 4927 2073 4991 Meso-

497 5000 1087 5079 potatitite,_l’_ersaruttt
1109 5002 1369 5079 ,_1£gypti
1388 5045 1400 5067 ,
1424 5003 1725 5079 Phoenices
1744 5047 1758 5070 ,
1772 5007 2035 5079 Phrygia:
2053 5050 2069 5075 ,

494 5067 563 5123 ab
589 5083 729 5141 anno
753 5071 857 5124 ‘277
892 5086 1060 5141 usque
1088 5072 1153 5125 ad
1187 5067 1385 5126 anitinn
1417 5076 1550 5138 295.
1584 5067 2074 5133 valde’fuisscvtnu;

498 5147 665 5214 tatas;
714 5140 919 5214 itaut,
960 5140 1079 5212 quae
1113 5143 1501 5199 florentissinne
1536 5148 1764 5214 primum
1795 5160 1975 5211 erant,
2007 5149 2075 5205 ad

494 5210 708 5278 plenum
732 5212 951 5267 exitium
976 5210 1204 5268 redactae
1239 5215 1455 5280 fuerint,
1484 5210 1799 5272 Diocletiani
1822 5210 2076 5276 saeviente

492 5283 884 5350 persecutione.
912 5285 1115 5354 Atquis
1132 5285 1376 5355 ignorare
1401 5297 1594 5357 potest,
1622 5289 1765 5357 quod
1786 5299 2072 5360 antequam

565 5418 641 5543 (ἲ
672 5419 864 5476 Oriens
900 5421 1252 5489 Christianus,
1284 5424 1344 5480 P.
1370 5424 1420 5480 le
1440 5425 1642 5495 Quien,
1677 5436 1806 5483 tom.
1834 5428 1907 5497 ll,
1946 5445 2065 5501 pag.

532 5488 595 5543 l7
650 5500 705 5543 et
733 5505 848 5543 sea.

495 5488 632 5544 H73
650 5500 705 5547 et
733 5505 848 5561 seq.
1238 5488 1245 5489 ί
1452 5488 1483 5493 ὴ
1628 5488 1635 5495 ’
1892 5488 1905 5497 ’
1946 5488 1961 5500 ”

563 5563 635 5703 ib;
674 5562 995 5644 Bcausohre,
1022 5562 1184 5645 lib..r,
1209 5579 1326 5646 cap.
1358 5566 1445 5649 lg,
1472 5584 1590 5636 pag.
1620 5570 1737 5651 liii.
1819 5641 1828 5651 _
1994 5644 2002 5654 I

588 5649 613 5684 c
664 5631 925 5703 Eusebius
950 5632 1315 5699 Cmsarrensrs,
1349 5638 1483 5693 Hist.
1521 5639 1893 5696 Ecclesrasttca
1922 5682 1935 5703 ,
1972 5642 2002 5697 h

588 5631 635 5703 ε)
664 5631 925 5707 Eusebius
950 5631 1315 5699 Caesariensis,
1349 5631 1484 5693 Hist;
1521 5631 1893 5696 Ecclesiastica
1922 5682 1935 5707 ,
1972 5642 2062 5697 lib.

492 5702 746 5775 ηιμ-φρ.
777 5702 826 5769 1,
854 5704 889 5757 ‘2
910 5714 962 5759 et
986 5707 1347 5775 sequentibus.

555 5768 633 5840 (ιι)
668 5768 931 5841 Petavius,
959 5768 1374 5848 Ration.Temp.
1404 5788 1537 5848 part.
1570 5798 1608 5851 ι,
1634 5782 1726 5838 lib.
1750 5797 1803 5851 v,
1828 5796 1944 5852 cap.
1974 5784 2059 5839 Η.

2200 3233 2351 3309 Quod
2381 3233 2742 3309 commentum
2773 3240 2953 3293 multis
2979 3238 3096 3292 aliis
3135 3233 3467 3305 gravissimis
3489 3254 3736 3309 argument:

2200 3304 2265 3357 tis
2317 3306 2715 3374 refelleremus,
2766 3312 2865 3364 nisi
2914 3320 3063 3365 certo
3106 3304 3603 3365 innotuissetetiain
3629 3307 3736 3364 nihil

2197 3376 2467 3452 conficere
2485 3381 2639 3452 quod
2664 3395 2732 3435 ex
2756 3380 2968 3436 Juliano
2996 3378 3249 3452 Apostata
3279 3381 3502 3449 objecit,
3534 3382 3644 3452 qui,
3670 3395 3740 3434 ca-

2199 3444 2394 3501 tholica
2448 3450 2650 3519 ejnrata
2704 3452 2843 3517 (ide,
2886 3444 3149 3506 idolorum
3202 3444 3646 3507 fana'resera'vit.
3688 3453 3739 3504 At

2197 3520 2464 3592 quomodo
2507 3536 2750 3577 reserare
2799 3526 3091 3592 potuisset,
3126 3521 3172 3576 si
3193 3521 3303 3591 jam
3337 3522 3543 3592 pridem
3574 3524 3621 3577 in
3642 3523 3742 3577 relic

2196 3588 2367 3664 gionis
2421 3592 2700 3664 catholicae
2746 3588 3285 3664 propagationem'et
3337 3588 3611 3651 inunimen
3654 3607 3738 3648 non

2192 3657 2417 3714 fui~senl
2439 3663 2689 3717 occlusa?

2264 3731 2316 3784 6.
2363 3733 2672 3807 Diligentius
2718 3744 2838 3804 post
2866 3734 2981 3807 haec
3026 3733 3332 3807 Bcausohre
3369 3749 3528 3790 suum
3560 3736 3738 3807 stylum

2192 3806 2455 3873 convertit
2498 3805 2565 3859 ad
2595 3804 2972 3867 inquirendum
3019 3820 3086 3859 an
3126 3805 3388 3873 Carchar,
3416 3822 3513 3861 seu
3543 3804 3741 3863 Cascbar

2190 3870 2355 3950 inerit
2383 3874 2510 3950 urbs
2548 3876 2601 3930 in
2644 3876 3052 3950 Mesopotamia,
3110 3875 3222 3950 sive
3373 3870 3630 3950 'Assyria,
3669 3884 3741 3931 aut

2190 3940 2606 4017 Chaldaaastta,
2645 3949 2725 4002 vel
2753 3940 2809 4003 iri
2838 3940 3119 4002 Persarum
3173 3947 3403 4013 finibus,
3459 3940 3565 4006 n'on
3615 3940 3741 4017 longe

2186 4030 2214 4065 a
2261 4014 2502 4070 Seleucia
2536 4020 2735 4086 posita;
2779 4029 2833 4074 et
2868 4034 2935 4074 an
2965 4018 3331 4073 Romanorum
3376 4020 3602 4086 imperio
3637 4014 3739 4075 sub-

2187 4097 2307 4140 esse
2345 4088 2592 4159 potuerit
2647 4088 2823 4145 Probo
2881 4096 3160 4159 regnante.
3212 4088 3402 4159 Varias
3460 4088 3585 4148 hinc
3641 4090 3740 4145 inde

2186 4168 2251 4208 ex
2310 4157 2425 4211 aliis
2464 4166 2519 4212 et
2556 4159 2671 4213 aliis
2713 4157 3060 4231 scriptoribus
3107 4158 3445 4231 conjecturas
3499 4172 3556 4217 et
3608 4162 3741 4217 ratio-

2186 4241 2282 4304 nes
2307 4243 2409 4304 ‘pro
2439 4239 2699 4285 consueto
2739 4230 2836 4285 suo
2866 4230 3162 4304 disserendi
3186 4232 3344 4286 modo
3364 4233 3596 4304 collegit,
3625 4246 3738 4287 nunc

2184 4297 2250 4351 ad
2291 4298 2677 4373 Assemanum,
2725 4317 2867 4356 nunc
2913 4303 2980 4356 ad
3026 4302 3274 4372 antiquos
3332 4297 3737 4373 recentioresque

2181 4370 2527 4446 geograplios
2550 4373 2890 4446 provocando
2911 4414 2938 4446 ,_
2956 4370 3265 4446 tantamque
3291 4388 3470 4446 rerum
3504 4370 3741 4446 suppellec

2181 4439 2359 4511 Ctilem
2379 4441 2533 4511 105
2550 4439 2600 4496 in
2620 4444 2853 4498 medium
2876 4443 3111 4510 adducit,
3131 4439 3305 4499 utsibi
3323 4439 3741 4501 videatur'osten-

2180 4511 2333 4584 d_isse_
2346 4510 2901 4584 hujns’disputationis
2931 4515 3218 4579 theatrum,
3235 4532 3332 4571 nec
3346 4516 3648 4583 Cascaram,
3664 4524 3739 4569 aut

2186 4582 2505 4638 Carcharam
2536 4582 2657 4640 esse
2684 4588 2943 4654 potuisse,
2972 4600 3070 4640 nec
3110 4586 3269 4656 hujus
3318 4590 3550 4643 nominis
3578 4582 3740 4642 urbem

2186 4661 2421 4728 castrum
2449 4665 2545 4728 aut
2582 4656 2835 4728 oppidum
2867 4657 2967 4711 sub
2998 4657 3356 4728 Romanorum
3386 4668 3643 4728 potestate
3666 4672 3741 4711 re-

2186 4725 2397 4780 dactum
2443 4724 2635 4782 fuisse:
2672 4727 2802 4782 Cum
2842 4729 3019 4795 itaque
3048 4727 3113 4781 ad
3144 4729 3209 4783 D.
3240 4724 3740 4785 clarfAssemanum

2225 4805 2462 4869 rovocet,
2515 4798 2614 4865 ipsi
2661 4798 2899 4867 objicere
2920 4798 3293 4869 incongruum
3342 4815 3449 4854 non
3497 4802 3600 4856 erit
3640 4813 3742 4869 qua:

2205 4867 2428 4921 audatus
2456 4877 2643 4922 auctor
2679 4870 2730 4922 in
2770 4884 2863 4923 sua
2906 4867 3160 4924 Orientali
3202 4871 3530 4927 Bibliotheca
3561 4867 3744 4927 descri-

2187 4938 2293 5007 psit
2325 4955 2339 4991 :
2372 4938 2650 4992 Archelaus
2679 4956 2812 4993 anno
2844 4938 3033 4993 Christi
3058 4940 3163 4994 277
3194 4942 3457 4996 Ηαηιιινη
3494 4942 3743 4997 heresim-

2185 5008 2333 5085 cham
2362 5024 2426 5062 ea:
2451 5007 2727 5085 Persarum
2754 5010 2939 5085 finibus
2970 5014 3497 5085 erumpentemrdocta
3526 5015 3743 5085 disputa-

2183 5081 2320 5162 ti_one
2357 5082 2576 5133 coercuit
2624 5079 2726 5162 (f).
2775 5082 2988 5162 Sihergo
3033 5096 3107 5162 es
3135 5084 3366 5162 antiquis
3398 5079 3747 5162 monumentis

2182 5150 2251 5204 ab
2294 5152 2588 5204 Assemano
2633 5150 2956 5205 inmedium
3006 5150 3419 5209 adductis—cum
3474 5156 3651 5211 Manes
3688 5151 3748 5205 ad

2183 5220 2559 5291 disputandum
2588 5236 2710 5277 cum
2733 5222 2997 5276 Archelao
3023 5226 3190 5287 venit,
3227 5240 3294 5279 ex
3322 5225 3603 5281 Persarum
3634 5223 3747 5278 ﬁni-

2186 5292 2286 5347 bus
2316 5302 2587 5361 eruperat,
2618 5293 2728 5363 jam
2772 5291 3093 5363 episc0palis
3130 5295 3369 5351 Ecclesia
3408 5312 3512 5352 non
3552 5307 3667 5351 erat
3703 5295 3750 5349 in

2245 5432 2319 5572 ie)
2350 5432 2526 5500 Lact.,
2554 5432 2646 5489 lib.
2683 5433 2749 5489 de
2768 5433 3378 5515 Mort..persecutorum,
3411 5452 3521 5503 cap.
3542 5435 3599 5490 ἰ.

2267 5505 2319 5572 f)
2360 5505 2570 5559 Assem.
2606 5514 2737 5559 tom.
2770 5504 2793 5558 Ι
2820 5504 3167 5560 Bibltotbecaa
3195 5506 3502 5572 Orientalis,
3524 5521 3599 5572 ea]

2267 5505 2319 5575 f)
2360 5505 2591 5587 Assema
2601 5504 2797 5587 tom‘zi
2820 5503 3502 5587 Bibliothecrenogentalis,
3524 5521 3643 5587 cap:
3659 5504 3750 5587 _ul-

2174 5574 2325 5661 timo,
2356 5589 2475 5661 pag.
2510 5576 2651 5661 mihi
2695 5575 2828 5661 55%;
2871 5584 2925 5661 et
2967 5586 3097 5661 tom.
3141 5575 3216 5661 IX
3246 5577 3527 5661 Geientalis
3557 5576 3748 5661 Bibliof

2174 5645 2363 5700 theca‘.
2388 5645 2452 5700 Et
2474 5646 2594 5701 vide
2622 5649 2741 5701 Act.
2772 5645 2989 5716 Martyr.
3013 5646 3147 5701 clar.
3176 5647 3367 5704 Evodii
3392 5648 3458 5705 de
3476 5648 3750 5705 Caschara

2172 5716 2389 5787 Martyr.
2421 5718 2519 5773 sub
2546 5718 2751 5788 Sapore
2775 5731 2921 5787 rege,
2955 5731 3073 5790 pag.
3102 5718 3227 5777 151.
