3988 6314
502 262 603 322 8“
1070 260 1132 316 P.
1172 257 1495 317 CACCIARI
1533 252 2128 314 EXERCITATIONES
2167 252 2230 308 IN
2272 252 2329 307 S.
2372 253 2616 311 LEONlS
2653 252 2868 310 MAGNI
2906 254 3157 313 OPERA.
3659 267 3756 328 δρα

498 383 754 451 ligionem
798 380 1009 437 felicius
1046 379 1355 447 penetrarit.
1403 378 1596 451 Fateor
1621 375 1835 451 quidem
1861 383 1915 429 et
1944 389 2074 451 ego,
2104 376 2151 435 A
2181 374 2332 444 cujus
2361 375 2833 451 meminit_auctor_
2860 376 3159 451 Tollianus,
3207 387 3391 434 contra
3421 379 3567 451 quod
3622 385 3753 438 volu-

497 446 663 509 mvulta
692 454 743 508 in
775 455 878 507 hoc
917 446 1183 507 scribendi
1226 466 1422 520 genere
1461 448 1782 514 offendisse,
1822 462 1943 516 qua:
1982 446 2078 500 ob-

497 536 672 581 strusa
733 528 1019 593 multisque
1073 523 1309 577 tenebris
1352 522 1603 593 obvoluta
1643 528 1802 579 sunt.
1851 532 2077 593 qumque

496 597 774 666 scriptoris
802 589 977 649 studio
1002 604 1057 649 et
1092 594 1361 662 diligentia
1405 592 1542 646 haud
1584 598 1806 666 possunt
1835 589 2071 666 intelligi.

497 660 619 725 Sed
646 668 910 723 similibus
950 667 1111 722 rebus
1143 660 1295 718 nobis
1338 663 1765 727 occurrentibus,
1815 660 2074 729 optimum

497 741 749 794 duximus
774 740 996 793 aliorum
1024 736 1302 806 Opiniones
1329 737 1555 801 referre,
1589 734 1883 806 iisdemque
1905 748 1973 799 qu
1993 749 2075 806 in-_

497 810 671 881 doque
697 811 1033 865 subscribere
1047 803 1075 873 ς’
1099 809 1176 861 vel
1205 808 1443 881 conﬁteri
1469 807 1645 875 potius
1671 803 1900 868 nescire,
1932 804 2074 873 quod

499 878 717 947 prorsus
756 882 902 946 latet,
951 896 1108 950 quam
1144 881 1193 932 in
1226 878 1845 950 fabulosasineptasque
1891 890 2072 929 narra-

498 955 668 1006 tiones
701 946 1017 1015 excurrere,
1049 951 1242 1021 quibus
1272 950 1414 1003 nulla
1448 948 1578 1004 ﬁdes
1605 946 1846 1021 adhiberi
1878 955 2073 1021 potest.

501 1024 669 1077 llabct
697 1024 781 1077 hic
808 1024 984 1093 itaque
1011 1018 1179 1077 lci-tor
1205 1022 1509 1090 generalem
1551 1018 1643 1093 sed
1673 1018 1856 1093 rudem
1900 1019 2074 1093 ideam

494 1109 677 1148 eorum
703 1110 820 1163 quae
848 1089 1269 1162 in'praaliminari
1297 1108 1543 1146 sermone
1564 1089 1942 1163 adsecuudam
1963 1090 2074 1163 pla-

496 1159 750 1219 nichaica:
777 1159 1020 1220 llismiiw
1048 1176 1252 1232 partem
1285 1164 1587 1217 Beausiibre
1616 1161 1925 1228 descripsit.
1963 1159 2068 1213 Ve-

492 1250 609 1313 rum
638 1251 757 1289 cum
792 1252 895 1290 non
919 1237 1092 1313 omnia
1124 1236 1177 1313 in
1211 1234 1359 1313 hisce
1388 1232 1620 1313 exordiis
1650 1232 1957 1313 singillatim
1982 1246 2077 1285 ex-

494 1308 725 1376 primere
750 1313 1038 1376 possimus,
1071 1308 1228 1361 latius
1258 1308 1308 1359 in
1338 1306 1545 1371 reliquo
1574 1304 1730 1376 hujus
1757 1304 1935 1374 operis
1959 1316 2074 1369 pro~

492 1374 700 1447 gressu,
730 1374 850 1446 quae
878 1380 1175 1435 necessaria
1201 1377 1559 1447 judicabimus
1589 1374 1813 1441 referre,
1854 1375 2074 1429 minime

494 1450 843 1520 negligemus.

1097 1520 1360 1575 CAPUT
1402 1519 1473 1574 Il.

495 1612 688 1681 Quibus
716 1615 765 1667 in
789 1617 934 1675 locis,
965 1614 1240 1685 quibusque
1264 1613 1499 1668 subsidiis
1532 1610 1733 1665 Manete
1755 1611 1942 1685 occiso,
1962 1615 2072 1683 ejus

561 1686 764 1739 haeresis
792 1686 891 1737 huc
918 1682 1135 1752 il’ucque
1158 1682 1443 1757 propagata
1472 1686 1620 1753 fuerit
1642 1696 1686 1737 et
1707 1694 1875 1757 aucta.
1910 1682 2072 1757 Beati-

559 1759 824 1810 sobrianus
850 1769 893 1810 et
927 1757 1073 1810 (favet
1118 1754 1292 1827 lapsus
1329 1768 1674 1831 annotuntur:
1707 1754 1874 1831 Hujus
1914 1755 2073 1831 nimia
2108 1772 2151 1831 η

558 1830 610 1882 in
656 1829 995 1898 Augustinum
1044 1826 1246 1899 licentia
1283 1829 1581 1899 castigatur.
1636 1826 2075 1899 Quemadmodum

561 1897 763 1952 tandem
808 1901 1122 1966 Armeniam,
1179 1897 1624 1967 Mesopotamiam,
1672 1899 1901 1966 aliasque
1941 1898 2076 1950 Asia:

561 1974 791 2041 regiones
822 1971 1019 2039 nefaria
1044 1972 1149 2023 Iure
1179 1980 1314 2023 secta
1341 1970 1710 2038 labefactaverit
1742 1970 2037 2037 inquiritur.

559 2085 611 2138 l.
655 2085 782 2138 Post
838 2086 1193 2139 truculentam
1246 2084 1388 2137 illam
1439 2084 1659 2137 Manetis
1718 2098 1944 2151 necem,
2001 2094 2075 2139 tot

489 2162 703 2226 tamque
730 2156 992 2209 virulenta
1024 2158 1139 2223 ejus
1166 2155 1413 2221 nequitizt-
1441 2154 1640 2209 semina
1666 2154 2074 2226 haudquaquam

488 2225 749 2281 exstincta
799 2235 852 2280 et
898 2227 1091 2279 abolita
1140 2226 1322 2289 fuere;
1385 2227 1479 2280 sed
1533 2242 1651 2280 cum
1700 2229 1802 2280 huc
1832 2225 2075 2294 illucque

488 2305 887 2366 spargerentur,
923 2298 1067 2369 brevi
1103 2298 1356 2362 temporis
1384 2298 1581 2369 spatio,
1610 2298 1837 2351 aliorum
1872 2303 2066 2369 impio-

487 2383 607 2423 rum
648 2370 844 2432 studio,
886 2370 1020 2421 altas
1049 2368 1101 2421 itt
1134 2372 1418 2421 multorum
1453 2368 1725 2422 hominum
1772 2368 1955 2424 mente
1990 2387 2075 2423 ra-

490 2438 638 2494 dices
668 2449 912 2507 egerunt,
942 2441 1066 2494 etin
1094 2439 1411 2493 Christiana:
1438 2440 1711 2508 religionis
1742 2440 1921 2495 odium
1946 2456 2073 2498 suos

490 2512 748 2565 terminos
772 2518 1153 2580 propagaruut.
1186 2512 1248 2563 Et
1271 2513 1440 2576 primo
1465 2513 1679 2580 quidem
1708 2513 1751 2563 si
1780 2512 2067 2577 Archelao,

489 2590 649 2644 atque
675 2581 932 2649 Turboni,
981 2583 1282 2649 Ephraemio
1312 2581 1556 2636 Edessa
1592 2581 1819 2636 diacono
1855 2599 2070 2638 omnem

488 2650 648 2706 ﬁdem
690 2652 1004 2708 adhibemus
1036 2652 1102 2722 (a
1126 2655 1173 2719 ),
1211 2652 1537 2707 Manichaica
1574 2654 1816 2717 dogmata
1860 2654 2075 2723 potissi-

487 2736 631 2777 mum
667 2724 719 2777 in
744 2724 994 2796 Oriente,
1018 2724 1070 2777 in
1100 2723 1285 2796 Syria1
1309 2724 1688 2791 Mesopotamia
1722 2734 1880 2792 atque
1909 2725 2072 2796 IEgy-

487 2800 581 2860 pto
618 2798 929 2849 annuntiata
976 2793 1208 2849 fuerunt.
1248 2793 1382 2847 Cum
1412 2797 1655 2849 videlicet
1687 2796 1867 2851 Manes
1896 2793 2071 2851 adhuc

487 2876 763 2931 superstes
789 2866 1069 2935 primariOs
1097 2879 1224 2921 suos
1250 2865 1724 2935 pseudoapostolos
1748 2868 1810 2921 iis
1836 2869 1964 2921 locis
1990 2876 2071 2921 at-

485 2949 589 3007 que
619 2938 905 3002 provmciis
950 2936 1207 3007 praaiecit.
1242 2936 1407 2990 Jussit
1428 2937 1705 3007 discipulos
1730 2940 1745 3006 (
1769 2938 1945 2993 Manes
1987 2940 2067 2992 vi-

485 2955 589 3003 que
619 2955 905 3002 provmcus
950 2955 1207 3007 prauecn.
1242 2955 1551 2990 Jussuatsct
1594 2955 1945 3006 utostmanes
1987 2955 2067 2992 v1-

484 3005 711 3081 delicet)
752 3009 805 3061 in
846 3017 943 3061 tres
988 3010 1167 3081 mundi
1210 3008 1390 3081 plagas
1435 2955 1710 3079 protiiisri.
1763 3008 1846 3064 Eas
1890 3010 2069 3079 quibus

484 3076 633 3131 Adda
666 3088 859 3147 partem
888 3080 1100 3134 sortitus
1124 3076 1471 3151 est'Orientis.
1510 3080 1731 3133 Thomas
1757 3097 1873 3134 vero
1902 3076 2066 3151 Syro-

2181 464 2322 513 men,
2353 458 2573 521 auctore
2603 444 2869 521 Photioin
2901 464 2997 502 sua
3030 444 3381 516 Bibliodiera,
3405 444 3527 518 post
3570 452 3752 521 aliquot

2181 533 2440 573 annorum
2474 520 2667 573 seriem
2717 519 2916 588 stylum
2947 522 3209 576 strinxere
3240 522 3396 577 Titus
3442 519 3741 583 Bostror‘um

2181 591 2231 644 in
2258 589 2448 645 Arabia
2480 591 2784 659 episcopus,
2814 598 2867 644 et
2919 590 3181 647 Diodorus
3225 593 3505 650 Tarsen~is
3545 597 3747 654 antises

2180 661 2232 716 in
2262 660 2466 726 Cilicia,
2510 678 2629 732 quae
2659 673 2975 734 argumento
3002 672 3127 717 sunt
3147 678 3335 734 quarto
3378 666 3489 733 j'im
3520 681 3747 725 vertente

2185 734 2442 788 Ecclesiae
2469 734 2667 789 saeculo
2695 749 2787 788 eas
2831 733 3132 803 provincias
3158 733 3419 804 ejusmodi
3450 738 3573 793 labe
3607 740 3746 796 luisse

2179 806 2432 873 pollutas.
2466 805 2637 877 Aliter
2687 815 2884 870 tamen,
2917 815 2971 860 et
3014 806 3227 874 quidem
3261 825 3444 877 parum
3480 810 3582 861 sibi
3638 826 3747 864 con-

2179 884 2348 942 stans,
2378 876 2682 932 Beausobre
2704 877 3071 941 ratiocinalur,
3094 879 3181 942 qui
3208 878 3275 931 de
3302 877 3422 933 Tito
3446 880 3744 937 Bostrorum

2178 948 2429 1017 episcopo
2454 948 2611 1003 verba
2642 948 2868 1008 faciens.
2889 965 2991 1002 non
3014 948 3177 1004 Adda:
3196 949 3427 1017 Modion,
3448 952 3542 1003 sed
3571 951 3742 1008 librum

2179 1018 2245 1072 de
2273 1018 2557 1086 Mysteriis.
2588 1020 2678 1090 qui
2707 1021 2808 1075 sub
2836 1019 3060 1074 Manetis
3099 1022 3315 1077 nomine
3345 1021 3744 1078 circumferrba-

2183 1097 2289 1157 tur,
2322 1091 2573 1159 rejecisse
2609 1091 2859 1145 afﬁrmat.
2900 1092 3070 1146 Aliam
3102 1092 3168 1146 ab
3192 1092 3489 1160 Epiphanio
3518 1106 3741 1151 secutum

2178 1176 2299 1217 esse
2324 1162 2514 1231 agendi
2552 1163 2814 1217 rationem
2840 1165 3149 1231 episcopum
3177 1163 3351 1218 Titum
3381 1164 3432 1218 iu
3468 1164 3576 1218 hoc
3624 1166 3736 1219 libro

2180 1230 2476 1287 refellendo
2505 1243 2808 1305 asseverat;
2840 1230 3067 1289 dii-endo
3093 1250 3213 1303 eum
3242 1230 3311 1286 22
3332 1235 3602 1305 capitibus
3618 1236 3740 1305 juxta

2181 1305 2438 1374 Syrorum
2488 1304 2832 1375 alphabetum
2880 1304 3047 1359 fuisse
3098 1304 3462 1374 distributum,
3501 1322 3571 1361 ac
3601 1308 3740 1364 Solule

2179 1375 2373 1430 deinde
2423 1375 2490 1431 ab
2523 1378 2624 1431 hoc
2652 1377 2812 1432 docto
2861 1377 3121 1446 prudente
3152 1378 3428 1443 episcopo,
3476 1378 3601 1431 sine
3642 1380 3739 1434 ullis

2180 1446 2457 1502 invectivis
2488 1447 2538 1501 in
2570 1464 2724 1503 suum
2749 1448 3140 1514 adversarium,
3168 1458 3382 1502 errores
3424 1447 3599 1501 fuisse
3626 1455 3737 1503 retu-

2180 1527 2334 1580 tatos,
2366 1521 2493 1588 quin
2525 1530 2797 1574 auctorem
2831 1529 3100 1579 tamquam
3132 1536 3354 1587 magum,
3389 1532 3437 1573 et
3472 1520 3739 1573 dwmonum

2179 1590 2650 1659 interpellatorem,
2693 1590 2746 1644 in
2790 1591 3211 1645 abominabilibus
3236 1592 3487 1660 mysteriis
3534 1608 3738 1661 occupa-

2180 1669 2289 1715 tum
2320 1662 2575 1729 appellet.
2621 1662 2784 1716 Addit
2827 1661 3037 1716 Manent
3072 1661 3289 1730 hujusce
3327 1663 3444 1715 libri
3492 1674 3737 1718 auctorem

2179 1732 2555 1802 philosophum
2589 1735 2770 1797 fuisse,
2799 1734 2887 1798 qui
2909 1734 3008 1788 sibi
3043 1733 3305 1801 persuasit
3338 1734 3602 1787 tnuudum
3626 1736 3737 1790 hunc

2182 1804 2401 1857 minime
2431 1806 2758 1873 respondere
2786 1804 2920 1860 ideae
2949 1820 3107 1875 quam
3140 1819 3237 1857 nos
3278 1804 3343 1858 de
3372 1804 3573 1857 divinis
3600 1809 3737 1873 perie-

2181 1876 2443 1948 ctionibus
2460 1876 2739 1940 habemus,
2755 1894 2816 1932 ac
2830 1889 3109 1948 propterea
3127 1890 3308 1929 secum
3328 1888 3611 1938 reputasse
3623 1878 3735 1931 aliud

2181 1946 2500 2015 principium
2552 1958 2745 2016 praeter
2795 1946 2958 2003 Deum
2993 1950 3164 2015 ipsum
3213 1948 3487 2001 habuisse.
3532 1948 3735 2016 Operam

2181 2016 2283 2071 Titi
2315 2018 2619 2073 Bostrensis
2667 2020 2903 2073 subSidia
2929 2019 3232 2076 Beausohre
3258 2019 3579 2073 adhibuisse
3620 2020 3735 2073 ..ωτ-

2180 2100 2310 2150 mat,
2342 2090 2465 2158 quia
2491 2092 2534 2144 is
2564 2092 2765 2158 absque
2797 2090 2899 2144 ulla
2950 2091 3350 2159 comparatione
3382 2092 3555 2159 magis
3581 2100 3733 2145 exacte

2182 2168 2236 2212 et
2257 2164 2530 2215 moderate
2555 2176 2713 2231 quam
2744 2162 3072 2229 Epiphanius
3107 2162 3222 2227 ipse
3246 2163 3467 2229 scripsit
3502 2162 3600 2229 (ά).
3624 2161 3732 2228 Quid

2180 2233 2341 2303 vero?
2372 2232 2660 2286 Tantarum
2715 2249 2893 2287 rerum
2938 2242 3198 2303 apparatu
3248 2232 3559 2299 posthabito
3602 2244 3731 2300 atque

2180 2302 2446 2369 neglecto,
2484 2304 2789 2358 deausobre
2816 2305 2866 2357 in
2907 2320 3024 2361 eam
3055 2305 3232 2371 lapsus
3272 2315 3355 2357 est
3407 2306 3731 2368 oscitantiaiu,

2179 2381 2236 2426 ut
2265 2388 2385 2427 mox
2415 2376 2552 2427 dicta
2584 2391 2649 2429 ex
2687 2376 2799 2443 ejus
2821 2376 3001 2431 animo
3026 2376 3355 2429 exciderent.
3383 2374 3587 2429 Oblitus
3610 2391 3733 2429 nam-

2177 2458 2279 2512 que
2307 2459 2368 2499 se
2398 2446 2677 2514 scripsisse
2709 2446 2914 2501 Manent
2947 2447 3115 2501 a'l‘ito
3134 2446 3410 2501 Bostrensi
3441 2446 3574 2501 haud
3594 2462 3729 2501 accu-

2176 2516 2306 2583 sari,
2340 2515 2408 2569 ob
2432 2518 2674 2586 magiam,
2719 2517 3088 2571 datmouiomm
3119 2516 3507 2571 invocationem
3535 2526 3583 2573 et
3620 2519 3729 2571 abeo

2179 2588 2454 2641 minabilia
2488 2589 2764 2659 mysteria,
2811 2590 3146 2655 postmodum
3174 2588 3356 2642 subdit
3384 2590 3514 2642 hunc
3540 2589 3724 2659 eiusce-

2176 2672 2301 2725 pum
2328 2658 2558 2725 graviter
2590 2662 2773 2713 tulisse
2805 2659 3006 2715 referre
3039 2670 3091 2715 et
3131 2659 3196 2712 ad
3225 2675 3441 2714 examen
3488 2658 3715 2713 reducere

2174 2742 2293 2798 quae
2344 2744 2372 2781 a
2419 2730 2712 2801 Manicltieo
2748 2734 2969 2801 mystice
3014 2732 3310 2799 excogitata
3356 2734 3552 2783 fuerant.
3597 2728 3708 2790 Qua

2176 2810 2343 2852 autem
2371 2818 2402 2853 a
2448 2800 2739 2873 Monichiae
2769 2804 2930 2873 magis
2981 2803 3192 2873 mystica
3244 2806 3435 2855 inventa
3462 2808 3584 2863 sunt,
3608 2811 3705 2857 aut:

2174 2880 2290 2941 sunt
2319 2871 2606 2941 complura,
2657 2871 2867 2927 silentio
2890 2871 3272 2941 prwtereuutes.
3304 2873 3566 2927 Exhorruit
3600 2883 3712 2938 ergo

2174 2940 2323 3014 Titus
2351 3013 2359 3014 ί
2385 2940 2689 2997 BOstrensis
2744 2940 3050 3013 expendere
3088 2959 3211 3014 qua;
3261 2944 3432 3012 magis
3473 2942 3668 3013 mystica
3693 2956 3724 2995 a

2174 3010 2468 3068 Manichan
2499 3016 2710 3069 inventa
2743 3010 2910 3070 fuere.
2936 3018 3045 3070 Nec
3070 3010 3175 3069 alia
3212 3010 3421 3069 ratione
3447 3030 3504 3068 ea
3527 3010 3724 3084 praster-

2176 3084 2388 3154 misisse
2405 3087 2613 3140 censeri
2630 3096 2863 3154 oportet,
2884 3102 2950 3141 ne
2972 3086 3219 3142 videlicet
3242 3086 3503 3141 lectorum
3526 3087 3729 3139 animum

482 3162 598 3226 rum
626 3159 785 3203 terras
832 3152 1071 3226 suscepit.
1118 3150 1342 3226 Hermas
1369 3168 1485 3226 vero
1524 3152 1590 3203 ad
1624 3151 1909 3226 Jfgyptum
1946 3150 2064 3226 pro-
2098 3162 2144 3226 ο
2174 3152 2499 3222 offenderet;
2547 3150 2997 3226 quemadmOdum
3029 3159 3097 3213 de
3123 3158 3567 3212 abominabilibus
3606 3156 3731 3226 hisce

485 3220 646 3344 ἔρως
675 3230 748 3274 est
769 3260 781 3271 .
800 3262 813 3273 .
839 3261 849 3274 .
871 3262 881 3273 .
908 3263 921 3275 .
941 3259 953 3273 .
976 3220 990 3274 ζ
1020 3221 1285 3292 Dogmatis
1324 3223 1475 3293 hujus
1515 3224 1681 3295 gratia
1702 3220 2066 3288 'prcedicandi.

533 3306 560 3344 e
590 3290 691 3344 hoc
720 3300 898 3344 tamen
930 3294 1117 3344 ordine
1142 3303 1194 3344 et
1225 3295 1620 3344 provinciarum
1649 3293 1914 3344 divisione
1940 3310 2066 3344 nau-

533 3306 560 3345 e
590 3290 691 3347 hoc
720 3300 898 3347 tamen
930 3290 1118 3347 ordine
1142 3303 1194 3347 et
1225 3290 1620 3362 provinciarum
1649 3293 1914 3349 divisione
1940 3310 2067 3361 pau-

488 3361 650 3415 lulum
684 3378 713 3416 a
756 3378 814 3416 se
858 3364 987 3432 ipsis
1032 3361 1246 3418 veteres
1277 3366 1566 3429 scriptore:
1595 3366 1901 3431 dissentire,
1931 3367 2074 3420 inter

484 3443 708 3505 οωιεςνρς
752 3448 887 3505 unus
928 3433 1248 3488 Guilielmus
1287 3434 1424 3489 Cave
1461 3436 1736 3489 annotavit
1776 3437 1896 3505 (b).
1942 3438 2073 3491 Nam

483 3502 619 3570 apud
643 3502 900 3573 Cyrillum
925 3519 978 3558 et
1004 3505 1380 3574 Epiphaniam,
1400 3506 1635 3559 Thomas
1661 3502 1889 3574 primum
1922 3524 2077 3563 occu-

483 3581 572 3647 pat
598 3574 795 3647 locum,
825 3576 1069 3647 hancque
1098 3576 1292 3632 abiisse
1322 3578 1373 3628 in
1404 3575 1639 3630 iliulazam
1670 3577 1809 3631 idem
1841 3578 2075 3647 Epipha-

483 3644 602 3717 nius
644 3642 894 3717 allirmat,
931 3645 1231 3715 refragante
1262 3655 1437 3717 tamen
1472 3647 1724 3717 Dionysio
1768 3642 1987 3703 Patavio
2020 3654 2070 3704 in

483 3714 603 3787 suis?
624 3714 1088 3787 annotationibus,
1118 3718 1207 3785 qui
1250 3732 1346 3785 pro
1384 3715 1572 3771 ludam
1602 3714 1882 3787 [egentium
1926 3730 2075 3786 putat

481 3782 714 3837 Indiam.
750 3786 814 3838 Et
844 3787 913 3839 ita
944 3782 1157 3854 quidem
1190 3782 1345 3842 habet
1388 3782 1776 3853 Theodoxetus,
1811 3782 2069 3846 Thomam

485 3856 550 3927 ad
585 3854 747 3927 ludos
786 3857 1006 3911 missum
1036 3873 1173 3912 esse.
1209 3858 1548 3915 Theodorelo
1582 3861 1779 3927 pariter
1810 3873 2072 3917 consmiat

489 3923 824 3994 NliprilUl'US
850 3930 941 3981 lib.
971 3944 1048 3995 v1,
1074 3945 1191 3997 cap.
1218 3930 1307 3984 52.
1332 3930 1482 3997 Quod
1511 3932 1554 3986 si
1573 3923 1643 3985 ita
1672 3932 1759 3997 sit,
1779 3934 1943 3987 voluit
1967 3932 2070 3987 im-

482 4006 667 4072 postor
710 3997 977 4052 Christum
1020 4002 1179 4054 etiam
1222 4002 1272 4055 in
1324 4002 1424 4055 hac
1468 4013 1618 4072 parte
1664 4004 1890 4068 imitari,
1943 4005 2068 4059 dum

481 4065 747 4144 Thomam
771 4071 1173 4144 apostolumad
1202 4065 1544 4144 Evangeliunt
1588 4087 1742 4127 suum
1773 4065 2069 4144 praedican-

480 4137 603 4193 dum
644 4140 695 4192 in
727 4140 926 4195 Indiam
959 4142 1268 4198 destinaret.

548 4210 601 4262 2.
636 4210 751 4265 Jam
795 4228 919 4267 vero
952 4214 1053 4267 isto
1085 4215 1286 4268 Thoma
1318 4216 1529 4282 relicto,
1575 4215 1641 4269 ad
1682 4216 1885 4271 Addam
1928 4218 2067 4273 Tur-

480 4279 635 4358 bonis
658 4293 1079 4358 prmceptorem,
1107 4286 1270 4341 alium
1300 4279 1595 4356 principem
1628 4288 1869 4354 ejusdem
1896 4291 2069 4358 impo-

484 4355 643 4406 smris
658 4352 877 4426 Mortalis
894 4352 1426 4426 pseudoapostol'um,
1445 4352 1503 4412 se
1527 4352 1685 4413 vertit
1703 4360 1893 4414 oratio.
1916 4352 2067 4416 Hunc

478 4434 607 4495 ergo
648 4423 708 4475 ad
733 4422 1273 4495 Syros—decipiendos
1303 4430 1530 4483 missum
1564 4427 1749 4495 fuisse,
1804 4430 1942 4485 idem
1968 4433 2067 4486 Ar-

477 4493 696 4546 chelaus
714 4495 868 4573 109
882 4493 1147 4573 asseverat
1165 4499 1284 4573 Lsed
1298 4496 1539 4573 Buddam
1554 4493 1745 4573 Petrus
1759 4500 1969 4573 Siculus
1984 4504 2055 4573 (c)

477 4575 599 4639 eum
633 4550 883 4639 app-eda?
911 4566 1141 4639 dedaln
1164 4550 2053 4639 Ciril—ltisTAlda—mTheodoreuis:
2080 4550 2135 4610 D

476 4631 926 4709 A_dtl_am_tantlem
963 4631 1285 4709 Epiphanius
1312 4650 1367 4694 et
1404 4631 1756 4709 Nicephorus,
1792 4646 1919 4696 Acta
1947 4645 2050 4698 Ar-

476 4703 652 4783 c-helai
683 4703 1432 4783 disputationissecuti,liunc
1453 4703 1773 4766 vocitarunt.
1800 4714 1905 4768 Sed
1944 4726 2059 4770 utut

474 4778 567 4851 sit,
604 4788 809 4829 certum
832 4787 910 4851 est
941 4778 1210 4833 hominem
1249 4781 1315 4834 de
1338 4797 1442 4850 quo
1470 4782 1677 4851 agimus
1716 4800 1815 4836 non
1850 4795 2056 4841 tantum

474 4845 553 4897 sui
590 4847 934 4923 praeceptoris
978 4851 1240 4923 institisse
1272 4845 1529 4921 vestigiis:
1563 4855 1679 4923 sed,
1725 4855 1907 4910 multis
1938 4857 2056 4913 aliis

473 4924 527 4997 et
554 4917 715 4997 novis
731 4922 943 4997 quidem
965 4920 1303 4997 excogitatis,
1320 4917 1651 4997 Maiiichaica
1669 4917 1923 4995 dogmata
1953 4943 2051 4984 suo

472 4989 591 5063 nisu
627 4989 922 5046 reddidisse
974 4994 1233 5046 auctiora.
1293 4994 1403 5048 llac
1455 4997 1649 5063 quippe
1696 4989 1774 5052 de
1802 5013 1958 5052 causa
1992 5000 2055 5055 li-

470 5056 624 5114 brum
655 5075 815 5116 unum
868 5064 1230 5132 concinnavit,
1264 5080 1422 5136 quem
1474 5056 1689 5122 Modica
1739 5070 2049 5140 appellavit,

541 5264 639 5336 (a)
676 5266 730 5322 S.
780 5266 1029 5337 prraem
1070 5276 1332 5337 tempore,
1380 5270 1793 5330 Manichaeorum
1826 5275 2050 5333 haeresis

467 5334 901 5414 Mesopotamiam
946 5334 1531 5414 masime'infestabat,
1580 5353 1637 5400 ut
1678 5346 1839 5402 tradit
1882 5352 2046 5405 Asse-

470 5417 774 5481 ma‘u._totn.
808 5411 849 5476 l,
880 5424 999 5481 pag.
1029 5412 1079 5467 8.

542 5477 1238 5556 (Ab)kllistoril;tlitteraria,
1281 5501 1400 5556 pag.
1439 5488 1565 5543 mihi
1597 5489 1686 5545 9l.

516 5548 614 5630 “(a)
648 5548 1297 5630 Petriis_§icultts,_Hist.'
1323 5548 1730 5617 Manichaeorum
1785 5572 1913 5619 tom.
1947 5564 2044 5621 XV

471 5618 814 5707 ξξειηῖριιιερτε
836 5623 1347 5707 PP.’1‘hept_loretuS,
1370 5630 1567 5688 llazret.
1592 5631 1723 5688 Fab.
1746 5618 1840 5689 lib.
1864 5651 1902 5702 ι,
1919 5618 2037 5707 cap.

465 5688 556 5745 26.
598 5694 811 5761 Epiph.,
847 5697 1035 5750 haeresi
1060 5697 1148 5752 66.

539 5762 618 5830 (d)
650 5765 800 5820 Titus
856 5766 1181 5837 Bostrensis,
1238 5778 1368 5827 tom.
1400 5771 1464 5829 IV
1516 5768 1862 5834 Bibliothectc
1914 5777 2043 5844 Pl’.,

2182 3227 2453 3296 mysteriis
2475 3231 2532 3282 ὃ.
2559 3224 2667 3283 Leo
2689 3229 2910 3298 Magnus
2945 3231 3210 3284 disserere
3240 3231 3512 3283 recusavit
3534 3230 3618 3297 (ε).
3645 3224 3734 3282 Sed

2179 3298 2357 3351 adhuc
2383 3298 2669 3353 difﬁcultas
2700 3312 2945 3368 superest
2974 3316 3041 3355 an
3067 3300 3219 3355 Titus
3255 3300 3563 3355 Bostrensis
3586 3302 3633 3353 in
3653 3311 3734 3352 suo

2181 3382 2345 3436 opere
2381 3369 2609 3425 Manetis
2640 3374 3020 3441 mysteriorum
3054 3374 3301 3426 volumen
3333 3379 3634 3441 oppugnet;
3681 3384 3736 3423 aa

2183 3453 2313 3492 vero
2344 3441 2511 3506 aliud,
2546 3443 2759 3496 Modion
2788 3444 3057 3507 videlicet,
3088 3444 3155 3497 ab
3179 3443 3331 3497 Adda
3371 3443 3731 3510 conscriptum,

2180 3510 2294 3584 sola
2327 3510 2631 3567 Beaasobre
2680 3515 2994 3569 auctoritate
3023 3516 3235 3579 ductus,
3283 3528 3386 3584 ego
3417 3514 3630 3584 quidem
3651 3526 3738 3564 non

2177 3580 2452 3654 deﬁniam.
2488 3584 2621 3638 Huic
2663 3586 2805 3638 enim
2853 3585 3023 3639 Photii
3056 3580 3740 3654 testinioniitm'praevalers

2175 3651 2393 3727 debere,
2421 3668 2627 3710 mecum
2640 3655 2951 3724 judicabuut
2970 3658 3059 3727 qui
3082 3657 3225 3711 illius
3253 3658 3304 3709 in
3333 3670 3429 3710 sua
3454 3651 3739 3710 adornanda

2177 3721 2505 3797 bibliotheca
2561 3721 2793 3781 studium
2827 3721 3125 3783 adhibitum
3172 3729 3422 3797 apprime
3475 3734 3735 3783 noverunt.

2175 3794 2281 3847 Sed
2306 3795 2373 3849 de
2407 3796 2571 3851 Addat:
2597 3797 2733 3851 libro
2763 3799 2895 3853 intra
2918 3799 3081 3853 verba
3106 3794 3386 3853 faciemus.

2244 3865 2299 3920 '5.
2342 3868 2491 3921 Circa
2517 3867 2658 3923 hunc
2692 3869 2893 3923 Addam
2929 3885 3077 3931 vero,
3110 3869 3358 3939 illiusque
3404 3884 3568 3939 opus,
3599 3880 3742 3937 quon-

2174 3934 2296 4007 dam
2325 3952 2383 3989 se
2401 3940 2621 4007 gravius
2662 3941 2942 3995 aberrasse
2987 3934 3307 3996 Guilielmus
3358 3934 3509 3993 Cave
3563 3934 3743 3993 sincere

2172 4005 2347 4061 fassus
2374 4005 2487 4073 est;
2530 4026 2648 4063 cum
2682 4011 2821 4065 hunc
2850 4012 3099 4066 videlicet
3128 4026 3231 4064 non
3288 4012 3453 4065 alium
3494 4012 3652 4064 fuisse
3688 4008 3741 4060 ab

2172 4076 2459 4152 Adimanto
2488 4081 2859 4148 arbitraretur,
2883 4082 3037 4151 cujus
3066 4083 3223 4137 toties
3244 4084 3383 4149 apud
3408 4082 3741 4152 Augusdnutu

2172 4150 2683 4222 occurrit‘mentio,
2739 4150 3006 4222 quemque
3054 4154 3111 4209 S.
3162 4154 3447 4221 episcopus
3508 4150 3745 4219 peculiari

2170 4232 2333 4293 opere
2354 4220 2625 4293 refutavit.
2678 4220 2952 4293 Ejdsmodi
2984 4236 3175 4293 autem,
3210 4220 3395 4277 falsam
3450 4224 3744 4291 Opinionem

2173 4289 2318 4364 idem
2341 4290 2549 4348 Cavcus
2577 4295 2685 4363 jam
2720 4289 2934 4364 pridem
2965 4291 3112 4349 Petri
3156 4292 3323 4349 Siculi
3355 4289 3657 4357 historiam,
3701 4299 3746 4347 et

2170 4359 2543 4428 Coteleriante,
2577 4359 2645 4420 'et
2674 4359 2907 4421 lulianus
2942 4366 3186 4420 formulae
3210 4375 3494 4421 auctorem
3526 4375 3745 4426 secutus,

2174 4434 2509 4506 retractavit;
2542 4436 2634 4489 sed
2665 4447 2724 4490 ut
2766 4437 2924 4491 simul
2956 4446 3264 4493 excusatum
3302 4438 3423 4499 iret,
3460 4438 3657 4506 prioris
3679 4434 3750 4489 sui

2173 4502 2357 4570 lapsus
2385 4520 2601 4561 causam
2634 4522 2910 4575 perperam
2935 4508 3026 4562 uni
3057 4508 3358 4575 Augustino
3395 4502 3644 4568 ascribit,
3671 4520 3751 4559 cu-

2157 4573 2257 4647 jus,
2274 4576 2550 4645 sequentia
2580 4573 2770 4633 recitat
2790 4579 2953 4633 verba
2978 4596 2991 4631 :
3024 4573 3166 4632 Nam
3188 4578 3324 4632 illud
3342 4579 3518 4647 aliud,
3545 4578 3675 4646 quod
3698 4578 3746 4628 ut

2160 4645 2335 4722 eodem
2368 4648 2541 4722 codice
2561 4651 2611 4722 γι
2624 4650 2725 4722 ιο
2750 4650 2903 4722 scribi
2932 4659 3171 4722 asperat,
3211 4650 3481 4705 Adimanti
3504 4645 3647 4721 iopas
3668 4656 3749 4712 est,

2161 4715 2303 4792 ittius
2346 4715 2917 4792 discipulTHEnichwi,
2968 4715 3054 4792 qui
3094 4722 3302 4789 proprio
3331 4715 3565 4777 nomine
3592 4722 3750 4774 Addas

2162 4789 2327 4862 dictus
2352 4800 2425 4844 est
2453 4791 2555 4862 (Γ).
2578 4791 2648 4845 At
2673 4808 2803 4846 vero
2834 4789 2957 4861 quid
2980 4789 3319 4847 'oscitantius
3378 4803 3475 4846 aut
3530 4792 3748 4859 iniquius

2161 4859 2322 4932 simili
2352 4859 2734 4917 excusatione?
2764 4859 2878 4918 Non
2912 4864 3056 4918 enim
3084 4864 3314 4931 genuina
3357 4863 3650 4932 Augusdni
3678 4876 3753 4915 reo

2162 4930 2279 4985 tulit
2299 4932 2485 4996 verba,
2520 4934 2613 4988 sed
2647 4933 2857 4989 falsata.
2887 4934 3018 4989 Nam
3045 4930 3306 4989 subducta
3334 4934 3405 4987 ab
3428 4930 3500 4989 eo
3526 4935 3753 4988 testimoo

2160 5003 2250 5076 nio
2275 5016 2406 5076 voce
2430 5004 2590 5076 ﬁlius,
2610 5003 2752 5076 hanc
2774 5007 2956 5071 aliam,
2975 5021 3273 5076 pronomen
3298 5004 3753 5076 videlicet,iiiiu_s,

2157 5072 2354 5141 intulit,
2374 5072 2492 5146 qua:
2517 5075 2578 5133 S.
2604 5075 2840 5134 doctoris
2860 5072 3020 5134 sensa
3041 5078 3094 5133 in
3118 5078 3279 5134 aliam
3301 5078 3533 5133 omnino
3559 5074 3755 5147 signiﬁ-

2155 5286 2295 5349 part.
2327 5293 2389 5346 tt,
2420 5280 2618 5336 colum.
2650 5280 2775 5337 899.
2840 5276 2843 5279 “

2226 5350 2297 5422 (ε)
2330 5350 2386 5405 S.
2452 5352 2563 5407 Leo
2606 5353 2851 5422 Magnus,
2911 5364 3083 5408 serm.
3128 5350 3163 5404 4
3192 5350 3260 5405 de
3300 5350 3530 5420 Jejunio
3573 5350 3759 5405 dec‘mi

2151 5423 2559 5506 mensishetde
2611 5424 3002 5506 Eleenlosynis,
3036 5437 3200 5477 scrm.
3251 5422 3380 5476 Qde
3438 5423 3761 5506 finireque

2150 5508 2269 5564 cap.
2302 5495 2367 5561 4;
2397 5494 2550 5559 ibid.,
2575 5510 2739 5561 serm,
2769 5494 2804 5547 2
2835 5493 2902 5550 d'e
2944 5495 3259 5549 Pentecoste
3296 5506 3412 5561 cap.
3450 5493 3513 5548 6.
3547 5494 3761 5548 Diodori

2150 5564 2434 5637 Tarsensis
2456 5568 2703 5637 exitium
2733 5581 2869 5637 opus
2915 5567 2967 5621 in
2997 5565 3758 5637 Manicheaosﬂconscriptuui,

2150 5633 2410 5708 temporis
2450 5636 2670 5706 injuria,
2715 5633 2854 5708 apud
2880 5638 3103 5695 Graecos
3132 5636 3476 5708 deperditum
3508 5633 3621 5692 est.

2223 5706 2302 5781 (Γ)
2329 5710 2578 5779 August.,
2623 5710 2717 5765 lib.
2750 5706 2807 5765 ἰι
2862 5718 3049 5768 contra
3080 5706 3450 5766 adversarium
3510 5708 3680 5781 Legis
3713 5716 3762 5764 et

2145 5777 2434 5861 Prophct.,'
2462 5782 2605 5838 circa
2627 5782 2811 5841 tinem.
