3988 6314
528 278 635 340 905

1124 270 1185 326 P.
1226 263 1543 325 CACCIARI
1586 256 2179 321 EXERCITATIONES
2218 254 2285 314 ΙΝ
2322 256 2383 313 S.
2425 254 2664 313 LEONIS
2702 253 2914 313 MAGNI
2952 252 3206 311 OPERA.

3686 254 3781 311 90¢

528 394 903 470 «tantum
930 389 1189 470 τεεροηάί·
1224 387 1279 470 ξε
1315 388 1434 470 (Ξυίε
1456 401 1584 470 Υθνο
1615 386 1667 441 ίη
1696 384 1782 470 his.
1800 383 1958 470 ξ’θδυὲ
1991 382 2102 470 ν¹⁸ῖ
2134 385 2175 440 Α
2206 374 3784 470 l’l‘fiipf‘lfi’fiefanfﬂR‘I'f'fffiifeﬂﬁu‘i'35.§?‘i.i“959‘“

526 455 871 523 nitisiustitui
899 455 1141 536 cupiens,
1170 455 1550 536 sciscitaretur
1589 472 1655 513 ex
1696 456 1851 511 nobis
1881 455 1947 508 ad
1969 466 2103 536 quos

526 538 862 610 potissimum
887 528 1281 610 ecclesiasticos
1304 540 1363 610 _et
1394 529 1673 610 populares
1703 542 1991 610 sermones
2023 528 2107 610 hic

566 622 820 663 rovocare
840 605 1069 659 voluerit
1094 596 1440 673 Augustinus,
1470 596 1987 673 huiciuterroganti
2036 596 2105 649 il-

566 622 820 663 rovocare
840 617 1069 659 VOIuet‘lt
1094 617 1440 673 Aitgusunus,
1490 617 1614 653 nmc
1645 617 1987 667 Interrogatus
2036 617 2105 649 tt-

527 617 634 736 rico
665 676 1137 750 reSpoudebimus,
1182 672 1508 750 calumtiiosa
1559 669 1829 750 Adimauti
1873 668 2107 750 objecta-

528 760 708 807 meuta
739 738 987 803 sermone
1010 746 1076 799 l2
1096 738 1327 799 maxime
1346 743 1553 798 diluere
1576 742 1673 811 (η),
1701 754 1806 811 quo
1835 738 2104 811 videlicet,

530 825 705 876 adhuc
752 834 909 888 agere
964 816 1155 871 volens
1176 816 1244 888 de
1280 810 1692 888 Manichaeorum
1745 810 2018 888 fraudibus
2053 819 2107 863 et

531 893 692 957 dolis,
718 892 769 944 in
789 883 1147 945 'Adimantum
1200 887 1487 953 invehitur,
1520 884 1635 957 qui,
1684 883 1923 937 studiose
1974 894 2106 949 apo-

532 964 655 1019 stoli
680 954 825 1017 Pauli
854 958 1158 1015 testimonio
1186 966 1439 1025 corrupto
1468 964 1521 1009 et
1548 954 1862 1025 depravato,
1887 962 2108 1006 conten-

532 1034 692 1089 debat
720 1031 917 1087 inlerre
941 1029 1120 1093 Neque
1144 1030 1415 1095 principes,
1445 1042 1603 1094 neque
1628 1032 1919 1097 potestates,
1951 1038 2109 1091 neque

534 1107 741 1158 virtutes
791 1101 953 1155 Deum
978 1101 1288 1171 cognovisse.
1326 1098 1395 1155 Ut
1434 1111 1562 1171 ergo
1593 1097 1861 1171 ejusmodi
1903 1100 2108 1148 evertat

537 1177 880 1240 calumniam,
922 1171 999 1226 ait
1030 1167 1056 1223 ε’
1088 1170 1192 1225 Sed
1236 1169 1489 1241 primoab
1518 1168 1627 1241 istis
1667 1167 1845 1241 uellem
1884 1180 2108 1241 quaerere

535 1247 622 1300 ubi
663 1236 968 1297 Adimantus
1013 1241 1153 1312 apud
1194 1236 1492 1308 A'postolum
1534 1239 1729 1312 legerit,
1760 1254 1881 1290 nam
1926 1236 2107 1312 talium

534 1317 909 1371 calumniarum
937 1314 1030 1366 iste
1047 1308 1370 1381 'conscriptor
1400 1318 1492 1364 est.
1547 1308 1741 1363 Vellem
1777 1324 1894 1379 ergo
1925 1308 2110 1361 diceret

532 1386 820 1455 ubilegerit
860 1394 1123 1455 testantem
1164 1382 1465 1455 Apostolum
1510 1388 1556 1435 et
1600 1381 2019 1448 conﬁrmantem,
2056 1386 2107 1430 ut

536 1452 661 1513 dicit
691 1452 801 1529 (ιν)ὲ
817 1454 953 1526 quod
977 1454 1422 1529 nequeprincipee,
1448 1466 1607 1529 neque
1636 1459 1926 1529 potestates,
1952 1465 2110 1529 neque

531 1522 925 1583 virtutes-Deum
953 1522 1345 1595 cognoverunt."
1368 1522 1494 1595 Cum
1535 1523 1778 1575 Dominus
1820 1522 1990 1595 etiam,
2019 1522 2112 1595 _ho-

534 1600 733 1654 minum
760 1599 813 1651 in
840 1614 893 1651 se
922 1593 1233 1650 credentium
1260 1594 1396 1647 dicat
1431 1594 1652 1663 Angelos
1691 1594 1917 1661 quotidie
1944 1593 2112 1646 ridere

537 1671 721 1742 faciem
748 1669 944 1742 Patris.
978 1668 1101 1742 llajc
1130 1680 1258 1742 ergo
1281 1674 1335 1720 et
1350 1664 1417 1742 _id
1442 1680 1614 1742 genus
1645 1666 1747 1742 alia
1773 1663 1976 1742 prolem
2002 1667 2110 1742 Λιι-

535 1734 780 1815 gustinus
801 1740 865 1793 ad
888 1736 1564 1815 conciliandumvidelieet
1591 1736 1807 1791 celebre
1822 1734 1942 1815 labi
1968 1739 2113 1815 testi-

535 1807 795 1877 inonium,
852 1810 994 1881 quod
1049 1822 1168 1877 cap.
1194 1811 1339 1881 t,_6,
1394 1808 1641 1881 legimus,
1688 1823 1808 1861 cum
1862 1808 1966 1881 illis
1987 1807 2114 1881 _aliis

536 1882 773 1939 Mattbaei
801 1877 978 1937 verbis
1006 1894 1123 1945 cap.
1153 1894 1207 1946 v,
1246 1877 1300 1946 8,
1332 1878 1524 1948 quibus
1553 1879 1866 1933 Adimantus
1898 1878 2112 1933 insiste-

534 1952 648 2023 bat,
674 1962 731 2007 ut
752 1951 1025 2022 utriusque
1046 1949 1373 2004 Testamenti
1404 1949 1809 2018 repugnantiam
1843 1948 2119 2004 induceret

534 2033 592 2080 et
616 2024 883 2079 suaderet.

608 2095 662 2149 9.
699 2095 897 2148 Verum
937 2090 1080 2146 enim
1115 2103 1244 2143 vero
1270 2103 1390 2141 cum
1424 2087 1492 2142 de
1538 2089 1641 2144 hoc
1662 2088 1955 2144 Adimanto
1988 2091 2117 2145 nihil

538 2164 683 2218 aliud
725 2171 817 2217 aut
869 2162 923 2216 in
966 2159 1245 2228 Augustini
1290 2159 1581 2229 Operibus,
1644 2170 1733 2214 aut
1794 2161 1844 2213 iu
1892 2161 2115 2215 aliorum

538 2234 754 2301 Icriptis
792 2233 927 2287 scitu
968 2226 1184 2300 dignum
1207 2226 1472 2292 occurrat,
1514 2226 1625 2298 jam
1654 2245 1721 2285 eo
1757 2232 2119 2301 praetermisso

539 2304 609 2361 ad
640 2301 988 2360 Fortunatum
1030 2301 1424 2372 presbyterum,
1459 2301 1875 2356 Manichaeorum
1905 2317 2118 2372 quoque

538 2384 861 2434 sectatorem
906 2376 1204 2441 horumque
1242 2370 1499 2426 doctrina:
1554 2372 1818 2427 vindicem
1850 2370 2042 2427 nostra
2061 2388 2119 2429 se

538 2456 716 2501 vertat
749 2445 920 2501 oratio
970 2442 1181 2497 tandem
1224 2457 1447 2497 necesse
1492 2451 1594 2497 est.
1630 2445 1676 2497 ls
1712 2458 1860 2513 ergo,
1899 2454 2118 2500 auctore

540 2515 809 2582 Possidio,
836 2514 1247 2586 ejusmodila‘be
1277 2514 1602 2586 inquinatus,
1622 2520 1834 2584 quando
1858 2529 1951 2584 per
1976 2514 2118 2569 Alri-

539 2602 621 2644 ctn
665 2583 911 2644 regiones
942 2586 1056 2640 haec
1108 2583 1323 2639 infamis
1364 2598 1429 2638 ac
1482 2583 1683 2639 nefaria
1710 2585 2119 2639 Ineresis'latius

538 2655 990 2731 grassabatur,_u_t
1019 2662 1187 2731 totam
1238 2669 1374 2723 pene
1419 2655 1811 2725 Hipponeusem
1839 2656 2027 2710 urbem
2067 2668 2120 2731 et

536 2728 866 2798 provinciam
900 2728 1246 2798 labefactaret
1301 2736 1462 2798 atque
1509 2736 1899 2798 corrumperet,
1961 2728 2119 2782 nimis

537 2797 781 2857 studiose
805 2799 1139 2854 allaboravit.
1166 2797 1363 2852 Eodem
1389 2797 1558 2868 itaque
1574 2797 1762 2851 ibidem
1790 2807 2119 2852 conversante

537 2880 691 2940 atque
711 2880 962 2936 manente,
1004 2869 1075 2922 ita
1122 2868 1272 2922 brevi
1303 2868 1462 2936 hujus
1486 2871 1765 2940 luere<eos
1813 2869 1961 2922 virus
1992 2883 2116 2923 suc-

535 2939 727 3006 crevit,
778 2953 834 2995 ut
873 2956 1031 3011 quam
1064 2940 1276 3011 plurimi
1308 2954 1371 2993 ex
1421 2939 1562 2993 illius
1613 2939 2013 3011 urbiscivibus
2066 2949 2117 2993 et

575 3013 835 3083 eregrinis
887 3009 1152 3083 pestilenti
1206 3009 1304 3083 hac
1345 3012 1665 3083 contagimte
1696 3010 1865 3065 vitiati
1898 3009 2114 3083 fuerint.

534 3025 835 3137 peregrinis
887 3025 1152 3081 pestilenti
1206 3025 1304 3063 nac
1345 3025 1665 3132 contagltone
1696 3025 1865 3065 viuau
1898 3025 2114 3064 tuertnt.

560 3096 741 3138 nterea
774 3082 871 3154 (ait
901 3082 1041 3137 idem
1070 3079 1367 3151 Possidius)
1397 3082 1476 3154 (c)
1519 3152 1526 3154 Α
1562 3082 1862 3150 ipponenses
1915 3082 2045 3154 entes
2070 3091 2117 3134 et

2209 450 2414 505 tatione
2460 460 2743 515 postrema:
2775 449 2881 503 diei
2913 463 3098 517 parum
3131 446 3234 501 sibi
3269 454 3572 515 constante,
3600 448 3784 515 confes-

2210 538 2294 575 sus
2320 530 2391 573 est
2421 520 2548 573 nihil
2573 536 2625 574 se
2645 522 2885 574 adversus
2924 536 3016 573 nos
3048 520 3267 573 invenire
3296 518 3433 588 quod
3456 518 3664 572 diceret.
3689 520 3781 575 Sed

2209 592 2538 658 responsione
2583 592 2846 657 deﬁciens,
2878 592 3058 645 ultimo
3096 591 3406 644 collaturum
3449 605 3502 643 se
3553 606 3667 642 cum
3693 592 3781 644 suis

2210 662 2488 733 majoribus
2512 679 2573 716 ea
2593 679 2705 731 qua:
2724 664 2954 733 refellere
2970 678 3072 715 non
3096 662 3259 730 potuit
3287 669 3591 728 prosecutus
3611 674 3703 726 est,
3724 673 3779 727 et,

2208 734 2252 787 si
2282 734 2377 786 sibi
2403 733 2534 801 forte
2563 734 2625 785 de
2653 734 2732 786 his
2776 735 2897 787 satis
2938 734 3144 785 minime
3181 734 3438 802 fecissent,
3483 747 3596 785 sui:
3621 734 3781 786 anima

2208 804 2561 858 consulturum
2606 805 2838 873 promisit
2865 805 2963 874 (d).
3017 805 3140 858 llsrc
3187 803 3401 858 laudato
3449 803 3573 874 loco
3625 815 3780 860 uamt

2210 874 2502 939 Possidius,
2536 872 2688 943 cujus
2736 872 3027 929 tamen‘rei
3063 891 3160 927 nos
3193 876 3361 944 magis
3405 872 3644 928 reddunt
3684 890 3780 930 cet-

2211 946 2373 1001 tiores
2399 945 2637 1012 ejusdem
2672 945 2952 999 Fortunati
2974 946 3270 1016 presbyteri
3296 944 3457 999 verba
3478 960 3662 998 coram
3684 961 3776 999 oat-

2210 1016 2366 1070 nibus
2397 1016 2449 1069 in
2475 1017 2725 1071 secundae
2746 1016 2851 1072 diei
2880 1017 3241 1085 disputatione
3259 1016 3629 1086 proountiata,
3652 1031 3778 1084 qus:-

2210 1100 2313 1155 que
2339 1102 2459 1141 cum
2484 1101 2511 1139 a
2536 1088 2758 1141 notariis
2788 1089 3182 1156 exciperentur,
3212 1088 3264 1141 in
3295 1087 3680 1156 ecclesiasticis
3710 1097 3776 1141 ts-

2211 1156 2352 1211 bulis
2381 1166 2638 1226 praeterea
2671 1158 2897 1214 fideliter
2913 1155 3123 1225 scripto
3164 1158 3481 1227 consignata
3527 1155 3694 1221 fuere,
3732 1165 3776 1212 ut

2211 1228 2391 1284 videre
2420 1236 2504 1282 est
2528 1230 2687 1282 etiam
2726 1230 2777 1283 in
2807 1231 2954 1284 calce
2977 1229 3042 1282 ad
3084 1230 3503 1290 disnutationcm
3549 1229 3773 1283 secunda

2211 1297 2339 1365 diei,
2368 1316 2485 1369 qum
2512 1313 2635 1353 cum
2669 1300 2827 1367 priori
2856 1310 3029 1355 exstat
3048 1310 3190 1354 lomo
3211 1298 3325 1353 VIII
3354 1299 3594 1368 Operum
3626 1300 3774 1355 S.Au-

2248 1371 2429 1424 ustini.
2480 1370 2693 1425 Interim
2727 1386 2852 1425 vero
2895 1386 3054 1425 nemo
3104 1370 3396 1425 arbitretur
3448 1370 3770 1425 Fortunatam

2264 1441 2560 1495 anichaaum
2593 1440 2684 1495 tali
2713 1450 2965 1511 tantoque
2991 1442 3216 1510 pudore,
3264 1440 3592 1496 verecundia
3624 1451 3673 1495 et
3696 1441 3772 1497 de-

2214 1510 2407 1567 decore
2431 1521 2666 1575 auctum,
2691 1528 2719 1565 a
2752 1514 2862 1566 suis
2878 1513 3148 1567 erroribus
3175 1512 3494 1582 resipiscere
3516 1513 3768 1582 cogitasse,

2216 1592 2308 1635 aut
2328 1583 2605 1637 catholicis
2633 1598 2826 1638 nomen
2850 1582 2902 1636 in
2922 1592 3194 1653 posterum
3226 1583 3354 1637 dare
3380 1585 3637 1639 voluisse.
3666 1584 3714 1639 In
3735 1584 3769 1637 id

2215 1653 2424 1723 consilii
2453 1657 2690 1722 profecto
2712 1654 2934 1723 quilibet
2960 1667 3102 1708 sanie
3128 1656 3322 1709 mentis
3358 1654 3540 1717 homo,
3568 1656 3653 1710 cui
3688 1670 3768 1709 sua

2219 1722 2341 1795 lidei
2360 1740 2443 1779 res
2456 1726 2628 1779 nutari
2646 1736 2697 1778 et
2720 1722 2783 1777 ad
2798 1725 3017 1779 exitium
3041 1726 3232 1779 deduci
3253 1724 3606 1795 intelligeret,
3629 1728 3767 1781 statim

2145 1775 2193 1836 Β
2220 1775 2634 1852 maestitiae
2650 1775 2976 1851 statim;
2988 1775 3019 1849 ii
3029 1775 3074 1850 ta
3084 1775 3234 1850 ista
3249 1775 3554 1852 sagittas;
3562 1775 3767 1852 aliis;

2222 1864 2290 1921 de
2318 1865 2637 1937 Hipponensi
2664 1870 2786 1921 urbe
2807 1868 3079 1939 profectus,
3104 1868 3172 1919 ad
3199 1867 3425 1920 eamdem
3456 1870 3673 1939 amplius
3695 1885 3767 1921 nos

2220 1939 2475 2001 remeavit,
2501 1955 2590 1992 nec
2618 1948 2784 1992 tamen
2818 1938 3094 1993 catholicus
3122 1942 3290 2007 [actus
3320 1948 3413 1993 est.
3449 1939 3524 1992 De
3558 1941 3655 1995 hoc
3679 1950 3766 1993 tano

2221 2007 2342 2081 dem
2372 2007 2664 2081 Fortunato
2701 2011 2990 2081 manichaeo
3018 2009 3352 2081 presbytero
3402 2010 3617 2081 nullibi,
3659 2012 3766 2081 quod

2220 2079 2490 2151 sciverim,
2548 2080 2875 2149 Augustinus
2931 2079 3056 2134 facit
3114 2082 3441 2136 mentionem
3501 2080 3598 2150 (e).
3639 2079 3767 2151 Hujus

2221 2148 2501 2222 dumtaxat
2533 2148 2775 2221 quaedam
2809 2160 2985 2206 exstat
3018 2152 3241 2220 epistola
3282 2152 3348 2205 ad
3386 2148 3561 2206 alium
3606 2148 3762 2222 scripta

2222 2219 2571 2275 Manichtcum
2596 2223 2988 2293 presbyterum,
3021 2219 3177 2292 quem
3210 2222 3443 2277 Felicem
3483 2222 3643 2279 fuisse
3662 2219 3764 2279 con-

2221 2292 2544 2361 gregationis
2570 2296 2626 2349 S.
2661 2292 2827 2348 Mauri
2871 2294 3056 2347 Patres
3098 2293 3149 2346 in
3197 2293 3485 2349 novissima
3527 2294 3764 2362 Augustini

2220 2362 2460 2417 editione
2481 2364 2733 2434 suspicati
2762 2373 2905 2419 sunt.
2936 2364 3085 2418 Hunc
3109 2379 3236 2434 ergo
3258 2366 3582 2433 Augustinus
3597 2367 3693 2435 jam
3717 2366 3763 2420 ad

2221 2436 2587 2500 episcopatum
2634 2435 3034 2504 Hipponensein
3082 2448 3388 2501 assumptus
3430 2436 3572 2490 hisce
3620 2438 3766 2491 verbis

2220 2506 2597 2572 eotupellavit:
2631 2505 2812 2572 Itaque
2833 2507 3075 2561 denuntio
3103 2506 3193 2558 tibi
3218 2506 3271 2559 in
3293 2509 3491 2560 nomine
3516 2507 3702 2569 Christi,
3725 2521 3765 2560 ut

2220 2575 2264 2626 si
2291 2587 2499 2642 paratus
2530 2593 2603 2648 es,
2627 2579 2764 2630 solve
2788 2579 3209 2648 qumstioneniin
3249 2594 3348 2646 qua
3386 2580 3560 2648 defecit
3589 2586 3766 2647 pra’de-

2218 2659 2387 2699 cessor
2412 2658 2527 2700 tuus
2557 2646 2918 2713 Fortunatus;
2950 2657 2993 2701 et
3028 2649 3099 2700 ita
3119 2646 3239 2702 hinc
3266 2650 3403 2709 ierat.
3433 2646 3484 2702 ut
3503 2646 3595 2703 non
3629 2654 3757 2704 redi-

2220 2727 2315 2780 ret,
2342 2717 2454 2779 _nisi
2489 2735 2603 2771 cum
2630 2722 2735 2773 suis
2786 2718 3133 2788 disputatione
3176 2718 3358 2772 collata
3393 2722 3611 2773 inveniret
3637 2724 3754 2790 quid

2221 2796 2399 2859 eontra
2444 2791 2752 2857 respondere
2781 2800 2949 2859 posset
2984 2790 3259 2856 disputans
3295 2807 3389 2844 cum
3414 2792 3649 2857 fratribus.
3678 2794 3749 2846 Ex

2222 2854 2307 2932 his
2339 2854 2713 2929 itaque'liquet
2740 2854 3112 2932 presbyterum
3152 2862 3295 2915 hunc
3324 2854 3653 2928 Mauiclizeum,
3672 2863 3759 2932 qui

2222 2925 2517 2985 Fortunato
2574 2925 2927 2995 successerat,
2975 2932 3042 2984 ab
3084 2931 3378 2999 Augustino
3413 2925 3769 2989 excitatum'ct

2221 3010 2568 3073 provocatum
2610 3005 2772 3056 luisse
2807 3003 2873 3057 ad
2924 3002 3167 3073 eamdem
3215 3004 3519 3058 solvendam
3546 3006 3768 3073 quastio-

2225 3083 2367 3143 nem.
2402 3071 2453 3143 in
2482 3089 2581 3142 qua
2610 3075 2812 3139 turpius
2841 3074 2957 3142 ejus
2978 3072 3245 3128 defecerat
3280 3071 3647 3143 praedecessor.
3684 3076 3767 3143 Qui

536 3138 793 3225 peregrini
822 3152 1117 3225 Christiani,
1160 3161 1263 3204 tam
1288 3138 1528 3225 catholici
1556 3138 1710 3221 q'u'am
1746 3154 1897 3205 etiam
1944 3149 2120 3205 Dona—
2146 3150 2191 3211 C
2224 3138 2296 3225 ξε
2322 3138 2736 3225 (ἐκβίββοηθιιέὶ
2764 3138 3162 3225 υςῠὲερίιειρξυε
3192 3138 3295 3209 es“;
3326 3157 3383 3199 ιιι
3414 3146 3640 3225 ξιυᾲἰᾳξε
3666 3138 3773 3202 can-

537 3223 673 3280 tistte
696 3226 882 3278 adeunt
902 3223 1245 3294 Augustinum
1276 3223 1645 3294 presbyterum,
1674 3234 1828 3294 atque
1841 3225 2121 3294 deposcunt

536 3305 592 3348 ut
621 3296 766 3349 illum
797 3292 1052 3350 hominem
1093 3292 1469 3365 (Fortunatam
1504 3293 1775 3365 videlicet)
1806 3292 2121 3365 Manichea-

536 3382 654 3419 rum
679 3368 1047 3435 presbyterum,
1079 3380 1227 3435 quem
1263 3364 1798 3435 doctumicredebant,
1831 3364 2041 3429 videret,
2072 3373 2119 3435 et

537 3450 654 3490 cum
680 3434 858 3490 eodem
900 3435 963 3489 de
1005 3437 1113 3506 lege
1152 3444 1412 3506 tractaret.
1462 3434 1593 3489 Cum
1640 3436 1753 3506 lucc
1800 3450 1928 3489 vero
1979 3434 2119 3504 apud

538 3506 701 3561 Afros
727 3507 782 3576 in
810 3504 1415 3576 Hippone'poussimum
1466 3505 1666 3561 celebri
1698 3508 1831 3560 urbe
1858 3506 2122 3575 gereban-

538 3586 647 3640 tur,
682 3574 943 3630 A’rcadius
993 3574 1263 3646 Augustus
1306 3584 1362 3629 et
1386 3576 1631 3641 Ruﬁnus,
1680 3577 1779 3629 viri
1810 3574 2117 3639 clarissimi,

538 3648 836 3716 secundum
890 3646 1118 3715 agebant
1155 3648 1515 3716 consulatum,
1565 3647 1803 3716 illudque
1850 3646 2033 3700 incidit
2065 3646 2116 3700 in

538 3715 737 3772 Christi
769 3732 858 3771 an.
882 3716 1006 3771 582.
1035 3716 1212 3785 Quare
1259 3715 1315 3771 S.
1369 3722 1645 3787 presbyter
1672 3715 2017 3786 Augustinus,
2067 3725 2123 3771 ut

537 3787 777 3843 omnium
809 3788 945 3842 votis
982 3788 1302 3857 indulgeret,
1347 3787 1579 3841 oblatam
1638 3787 1737 3841 sibi
1790 3789 2117 3855 provinciam

539 3858 721 3914 subire
760 3858 980 3913 minime
1029 3859 1375 3913 detrectavit:
1417 3858 1756 3923 Quinimmo,
1806 3872 1865 3912 se
1905 3858 2123 3912 omnino

578 3939 781 3984 aratum
811 3928 1061 3985 exhibuit
1092 3931 1354 3984 rationem
1386 3928 1455 3983 de
1486 3928 1608 3983 ﬁdei
1639 3929 1798 3984 rebus
1853 3930 2121 3999 poscenti-

579 4016 637 4055 us
663 4000 906 4056 reddere.

614 4072 702 4127 10.
741 4070 870 4126 Cum
902 4070 1081 4140 itaque
1108 4084 1195 4125 res
1244 4071 1317 4124 ita
1348 4071 1782 4139 disponerentur,
1841 4070 2123 4126 Mauichtei

540 4140 890 4198 Fortunatam
923 4150 1183 4212 rogarunt
1214 4156 1336 4196 cum
1364 4141 1662 4211 Augustino
1695 4142 1876 4197 subire
1908 4142 2121 4211 pericu-

541 4212 676 4279 lum,
709 4230 777 4268 ne
801 4213 1099 4268 communis
1119 4227 1303 4267 eorum
1331 4226 1495 4267 sectae
1519 4228 1679 4267 causa
1710 4212 2120 4281 periclitaretur.

541 4285 612 4339 At
638 4285 750 4352 ipse
774 4283 1128 4349 Fortunatus,
1161 4284 1249 4353 qui
1285 4284 1422 4350 apud
1449 4284 1827 4354 Carthaginem
1856 4284 2124 4354 quondam

543 4356 893 4423 Augustinum
921 4356 1108 4410 eodem
1134 4355 1547 4408 Manichaeorum
1582 4356 1769 4410 morbo
1796 4356 2123 4409 laborantem

543 4434 787 4488 noverat,
820 4442 940 4478 cum
965 4426 1155 4480 eodem
1178 4426 1429 4495 congredi
1456 4428 1756 4481 verebatur.
1788 4425 1895 4485 Sed
1920 4426 2126 4479 tandem

544 4509 750 4567 suorum
770 4498 991 4549 maxime
1012 4498 1256 4549 instantia
1282 4506 1484 4549 coactus
1511 4507 1557 4550 et
1582 4496 1967 4561 verecundatus,
2007 4513 2125 4567 pro-

545 4565 682 4637 misit
708 4567 935 4637 cominus
950 4582 1002 4619 se
1016 4582 1120 4620 esse
1138 4577 1425 4637 venturum,
1458 4578 1811 4637 certamenque
1831 4565 2127 4637 disputandi

547 4634 854 4706 subiturum.
876 4636 967 4690 Die
988 4651 1114 4706 ergo
1131 4638 1311 4701 quinta
1326 4635 1671 4691 kalendarum
1696 4634 2129 4704 septimi'mensis

547 4706 686 4777 aptt_d
729 4705 1132 4774 Hipponem,in
1166 4706 1331 4777 Sassii
1352 4707 1561 4774 balneis,
1596 4710 1946 4777 Augustinum
1988 4710 2129 4764 inter

548 4787 600 4848 et
630 4775 975 4830 Fortunatum
1008 4776 1297 4848 disputatio
1333 4778 1561 4845 incoepta
1592 4775 1700 4833 esti
1727 4779 1803 4831 Ad
1827 4795 1983 4848 quam
2030 4795 2128 4833 au-

548 4847 797 4918 diendam
828 4862 1014 4918 magna
1044 4850 1221 4917 p0puli
1246 4846 1546 4917 frequentia
1578 4846 1921 4916 convenerat,
1951 4862 2128 4906 astan-

547 4917 690 4971 tibus
712 4917 1048 4991 potissimum
1071 4918 1238 4973 doctis
1258 4928 1312 4973 et
1340 4918 1726 4991 curiosis'viris,
1768 4923 1858 4990 qui
1887 4922 2128 4991 utrisque

547 4992 809 5057 partibus,
843 4999 900 5043 ut
924 4989 1035 5044 lieri
1068 4992 1224 5056 solet,
1255 4990 1557 5045 studebant.
1588 4990 1721 5045 Tum
1741 4989 1868 5046 vero
1900 4989 2124 5046 notario-

548 5076 659 5112 rum
674 5063 857 5115 tabulis
869 5062 1086 5131 apertis,
1103 5061 1821 5130 AuguStiuusdiputatiouem
1840 5078 1996 5118 orsus
2010 5076 2087 5118 est
2105 5081 2119 5129 ;

548 5139 599 5183 et
623 5133 852 5200 quaestio
876 5134 1210 5201 potissimum
1226 5133 1538 5187 versabatur
1550 5133 1684 5188 unde
1698 5134 1798 5187 ntal
1806 5152 1889 5187 unt
1914 5136 2000 5188 sit.
2014 5136 2127 5202 Qua

554 5203 706 5273 121
742 5221 792 5256 ιιι
824 5220 901 5267 re,
931 5220 1051 5259 cum
1085 5207 1130 5259 is
1164 5204 1443 5259 catholicae
1472 5205 1731 5261 doctrina:
1766 5218 2130 5275 propugnator

464 5304 476 5312 ε
547 5287 790 5327 exortum
815 5276 977 5331 fuisse
991 5276 1211 5330 hominis
1236 5278 1430 5329 malum
1446 5292 1507 5330 ex
1524 5277 1680 5330 libero
1702 5281 1980 5331 voluntatis
1995 5279 2133 5331 arbi-

548 5344 647 5396 trio
661 5345 957 5414 explicaret;
970 5348 1061 5402 illo
1073 5359 1241 5403 autem
1256 5347 1595 5419 (Fortunato,
1612 5348 1881 5417 videlicet)
1897 5358 2133 5403 naturam

548 5556 604 5606 ﬂ
621 5478 699 5606 ge)
724 5479 901 5537 Serm.
932 5481 1022 5546 12,
1040 5484 1169 5540 alias
1192 5483 1261 5541 de
1284 5482 1514 5543 diversis
1550 5484 1639 5553 l6,
1673 5493 1802 5543 tom.
1834 5482 1899 5539 Vl
1926 5498 2046 5555 pag.
2068 5482 2135 5538 50

649 5621 700 5694 ὁ)
725 5623 857 5680 Ibid.
886 5639 1005 5696 cap.
1038 5626 1128 5682 ﬂ.

651 5695 1039 5769 c)_l?os_sidius,
1059 5697 1142 5769 _in
1172 5698 1451 5769 Augustini
1500 5699 1638 5767 Vita,
1670 5715 1789 5761 cat).
1822 5699 1877 5765 6,
1907 5706 2035 5751 tom.
2056 5768 2063 5769 ί
2085 5695 2130 5751 Χ

553 5765 685 5840 pag;
709 5765 795 5835 75,
826 5767 881 5823 in
902 5768 1031 5823 edit.
1058 5767 1164 5823 PP.
1197 5765 1481 5836 S.'Mauri,
1501 5781 1555 5827 et
1583 5765 1714 5827 tum.
1737 5770 1874 5837 Vill,
1896 5784 2013 5840 pag.
2042 5768 2129 5823 67.

2223 3208 2441 3289 {inserit
2482 3208 2605 3289 eum
2647 3215 2869 3289 caeteris
2903 3208 3315 3289 _Maui'chtcorum
3370 3218 3681 3289 principibus
3726 3234 3773 3275 se

2222 3283 2361 3355 velle
2384 3286 2654 3355 conferre,
2678 3301 2797 3355 qua:
2824 3287 2871 3339 ei
2896 3284 3108 3340 fuerant
3134 3286 3365 3355 objecta.

2295 3351 2380 3407 11.
2424 3351 2775 3429 Fortunatam
2801 3356 2940 3411 hunc
2970 3351 3343 3429 presbyterum
3373 3358 3621 3425 Faustus,
3650 3370 3776 3429 gente

2223 3423 2368 3491 Afer,
2404 3426 2618 3499 civitate
2646 3423 3002 3492 Mtlevitauus,
3028 3423 3377 3499 ,Maiiichaicm
3405 3443 3571 3487 sectae
3593 3423 3770 3499 episca-

2223 3507 2345 3573 pus,
2375 3497 2592 3573 excipit,
2617 3500 2705 3568 qui
2732 3514 2871 3573 anno
2901 3498 3434 3573 quadringentesimo
3472 3497 3665 3557 ﬂoruit.
3696 3503 3778 3556 llu-

2217 3568 2305 3631 jus
2327 3568 2838 3641 iugetiium,estudia,
2864 3568 3031 3641 animi
3052 3570 3225 3634 dotes,
3252 3582 3306 3624 et
3326 3575 3529 3641 scripta
3553 3576 3679 3629 inter
3697 3589 3780 3628 oze-

2226 3644 2367 3711 teros
2382 3654 2523 3711 unus
2540 3638 2873 3695 Guillielmus
2902 3640 3044 3694 Cave
3065 3641 3143 3709 (ί)
3166 3638 3454 3711 descripsit
3483 3645 3684 3700 dicens:
3710 3644 3781 3696 i’ir

2222 3705 2322 3787 fuit
2344 3709 2539 3779 eloquio
2560 3713 2750 3787 suavis,
2778 3712 2978 3787 ingenio
3000 3705 3236 3787 callidus,
3260 3705 3454 3784 loquax
3470 3721 3638 3787 potius
3658 3732 3782 3785 quam

2224 3776 2483 3853 eloquens,
2513 3783 2700 3835 sciolus
2726 3776 2893 3853 magis
2916 3798 3070 3850 quam
3095 3784 3259 3836 solide
3289 3776 3493 3840 doctus.
3530 3790 3595 3842 Et
3626 3776 3777 3842 rursus

2224 3851 2382 3917 paulo
2405 3852 2538 3906 infra
2565 3853 2784 3930 subjicit
2804 3851 2828 3904 ε’
2860 3852 3103 3930 Volunten
3148 3870 3266 3908 vero
3290 3863 3604 3930 conscripsit
3634 3860 3784 3911 adrer-

2224 3934 2312 3993 ἕῳ
2335 3934 2525 3993 rectam
2555 3921 2901 3977 Christianam
2927 3924 3081 3993 ﬁdem
3116 3936 3162 3978 et
3195 3921 3518 3981 catholicam.
3536 3933 3783 3984 veritatem.

2224 3990 2582 4048 Nihilominus
2614 4003 2794 4049 tamen
2828 3990 3070 4048 laudatus
3103 3997 3332 4065 scriptor
3356 4016 3463 4053 non
3496 4003 3629 4055 satis
3655 4014 3782 4053 acca-

2226 4071 2341 4139 rate
2369 4065 2524 4133 hujus
2547 4066 2683 4139 libri
2716 4067 3426 4139 argumentum‘descripsit.
3464 4071 3601 4126 Nam
3641 4073 3789 4139 Ausu-

2206 4134 2417 4207 .st_iuus,
2469 4136 2559 4204 qui
2609 4136 2787 4190 Fausti
2830 4137 3106 4191 Manichaai
3145 4153 3278 4207 opus
3304 4134 3512 4195 sedqu
3553 4134 3788 4203 lustravit.

2229 4203 2365 4279 libro
2394 4221 2430 4259 ιι
2458 4203 2938 4279 Retractationum,
2972 4223 3090 4275 cap.
3110 4209 3163 4273 7,
3184 4203 3312 4279 quid
3338 4212 3484 4265 istud
3522 4216 3575 4268 in
3606 4229 3662 4268 se
3682 4228 3791 4266 con-

2231 4276 2426 4347 tineret
2456 4278 2539 4333 his
2568 4278 2744 4333 verbis
2766 4280 3055 4347 explicavit
3080 4276 3265 4335 dicens
3293 4300 3303 4334 :
3335 4281 3535 4337 Contra
3572 4283 3797 4338 Faustitas

2232 4344 2574 4423 Manicheum
2631 4344 3061 4423 blasphemantem
3102 4348 3286 4422 Legem
3334 4365 3378 4405 et
3428 4353 3736 4423 Prophetas,
3762 4363 3799 4407 et

2229 4432 2406 4471 eorum
2438 4420 2617 4493 Deum,
2646 4432 2691 4473 et
2719 4422 3123 4473 incarnationem
3155 4420 3369 4487 Christi,
3399 4420 3700 4493 Scriptura:
3725 4442 3800 4476 αιο

2231 4498 2328 4565 tem
2357 4492 2472 4543 novi
2506 4490 2831 4557 Testamenti,
2862 4494 3043 4565 quibus
3082 4496 3421 4556 convincitur,
3459 4490 3685 4565 falsatas
3718 4510 3804 4549 esse

2231 4558 2496 4639 dicentem,
2534 4565 2715 4639 scripsi
2750 4558 2944 4633 grande
2982 4580 3131 4639 opus,
3181 4566 3341 4639 verbis
3392 4558 3510 4638 ejus
3555 4567 3802 4639 propositis

2231 4632 2449 4685 reddens
2485 4632 2839 4709 responsiones
2891 4632 3056 4709 meas.
3092 4636 3241 4689 Hunc
3286 4632 3569 4693 hominem
3618 4632 3805 4709 quidem

2233 4714 2456 4775 noverat
2500 4706 2850 4772 AugttStiuus,
2883 4707 2995 4775 qui,
3047 4707 3097 4759 in
3144 4721 3359 4760 suarum
3408 4706 3807 4765 (10nl'essiouum

2230 4773 2443 4828 sincero
2487 4775 2769 4842 sacrilicio,
2816 4773 3265 4844 quemadmodum
3304 4780 3355 4831 in
3407 4780 3808 4835 Manichaeorum

2230 4854 2433 4916 sectam
2466 4846 2739 4900 incidisset
2767 4850 3161 4916 prolocuturus,
3187 4849 3259 4902 ait
3282 4868 3295 4902 :
3320 4847 3441 4903 lam
3466 4862 3684 4905 venerat
3706 4850 3812 4906 Car-

2231 4914 2489 4993 thaginem
2535 4914 3210 4993 quidant'Manichteorunt
3272 4922 3554 4993 episcopus
3606 4922 3814 4975 Faustus

2233 4988 2456 5061 nomine,
2479 5004 2694 5055 magnus
2720 4990 2926 5058 laqueus
2949 4990 3162 5054 diaboli,
3188 4999 3233 5043 et
3257 4994 3405 5045 multi
3429 4988 3817 5061 implicabantur

2234 5059 2285 5111 in
2313 5076 2371 5133 eo
2400 5075 2488 5129 per
2515 5061 2777 5133 illecebras
2816 5062 3297 5130 suariloquentite...
3326 5064 3469 5133 fama
3492 5059 3637 5118 enim
3661 5068 3720 5118 de
3744 5064 3818 5116 illo

2232 5132 2510 5197 prtelocuta
2550 5131 2675 5184 mihi
2719 5142 2845 5197 erat,
2881 5135 3017 5201 quod
3051 5143 3177 5185 esset
3218 5131 3563 5189 honestarum
3617 5151 3820 5189 omnium

2233 5204 2577 5277 doctrinarum
2608 5204 2967 5277 peritissimus,
2998 5214 3045 5257 et
3070 5206 3304 5272 apprime
3342 5207 3651 5277 disciplinis
3687 5206 3823 5277 122

2235 5274 2531 5327 liberalibus
2560 5274 2809 5330 eruditus.
2838 5276 3113 5344 Ejusmodi
3150 5290 3307 5343 porro
3336 5276 3528 5331 FauSti
3560 5274 3824 5332 Mani—enati

2237 5344 2375 5399 fama
2401 5347 2537 5414 apud
2577 5360 2706 5400 suos
2746 5350 2979 5401 asseclas
3006 5346 3162 5400 valde
3223 5349 3567 5417 pervulgata,
3614 5351 3723 5417 jam
3750 5348 3825 5399 diu

2315 5481 2392 5553 (ά)
2434 5481 2785 5553 Augustinus,
2815 5481 3051 5536 Retract.
3082 5480 3175 5535 lib.
3219 5495 3257 5545 t,
3290 5495 3410 5549 cap.
3444 5482 3553 5547 i5;
3588 5492 3644 5537 et
3674 5482 3831 5535 Passi.

2242 5551 2383 5620 dius,
2415 5554 2569 5617 ibid.,
2600 5568 2718 5622 cap.
2748 5552 2800 5607 6.

2314 5623 2384 5695 (e)
2424 5621 2672 5689 Augu5t.,
2706 5624 2797 5679 lib.
2834 5623 3289 5678 Retractationum
3318 5621 3570 5691 laudato,
3604 5639 3728 5694 cap.
3759 5621 3832 5682 lti.

2242 5704 2296 5749 et
2324 5697 2483 5765 epist.
2513 5696 2600 5761 79,
2629 5696 2762 5750 alias
2786 5695 2912 5750 2H.

2312 5761 2388 5839 (Γ)
2428 5762 2766 5824 Guillielmus
2796 5768 2965 5837 Cave,
3006 5767 3143 5825 Hist.
3183 5765 3495 5836 Litteraria,
3540 5779 3676 5845 pag.
3720 5761 3839 5823 318.
