3988 6314
1017 195 1109 254 DE
1145 190 1668 256 MANICHEORUM
1706 192 1983 253 ΗΕΒΕεί
2020 194 2106 252 ΕΤ
2146 190 2461 255 HiS'l‘ORlA
2500 196 2630 255 LIB.
2667 197 2738 254 11.

3403 206 3507 266 906

245 306 557 391 desiderium
587 308 643 366 in
668 307 1510 391 Augustinumexcitaverateum
1536 310 1820 366 docentem
1848 314 1900 375 Α
1926 324 2044 391 rum
2064 310 2178 391 ejus
2203 310 2528 391 cognitione,
2555 310 2817 391 hujucquc
2844 309 3069 391 scriptis
3092 315 3303 391 tradidit
3329 319 3510 391 Angu-

242 391 290 436 et
314 383 675 449 disputantem
702 381 970 438 audiendi.
995 381 1125 437 Nam
1147 385 1191 437 si
1220 383 1538 454 quandoque
1554 398 1818 437 annorum

242 468 432 526 novem,
456 454 651 521 spatio,
680 470 787 526 quo
814 454 1016 510 erranti
1041 454 1193 525 quasi
1220 455 1401 509 animo
1422 455 1481 511 S.
1514 455 1671 510 Pater
1698 454 1821 511 huic

241 536 392 578 sectze
423 525 628 582 luerere
652 525 949 589 videbatur,
975 526 1027 580 in
1057 526 1355 580 auditorum
1385 528 1684 591 dumtaxat,
1714 542 1819 581 non

244 597 507 651 electorum
544 598 770 653 classem
821 600 1093 667 redactus,
1137 599 1190 651 iti
1219 598 1466 653 difﬁciles
1515 598 1823 653 oﬁ'endebat

244 668 428 739 nodos,
455 678 614 734 atque
639 670 985 738 quaestiones.
1011 683 1148 739 quas
1172 668 1408 737 profanae
1432 670 1576 723 illius
1608 668 1823 739 religio-

239 736 315 791 nis
345 740 527 795 czeteri
550 736 791 796 homines
818 736 1391 804 solvere'tiesciebont,
1417 741 1576 796 nimis
1603 736 1822 797 extento

238 808 779 885 desideriogventurum
812 810 1349 885 aspectabantiltum
1377 809 1634 885 Faustum
1675 815 1821 885 cujus

236 881 447 967 adventu
485 882 578 967 (ait
600 885 740 967 ipse.)
774 881 1059 967 collataque
1102 883 1379 952 colloquio,
1414 884 1665 967 facillime
1696 881 1823 938 mihi

235 952 358 1025 Inscr,
390 964 437 1007 et
456 952 502 1008 si
515 952 772 1025 quaforte
796 952 999 1020 maiora
1024 969 1324 1025 quatrerem,
1346 952 1707 1009 enodatissime
1734 971 1824 1009 ea:-

234 1024 645 1095 pedirentur(a).
670 1025 725 1081 ld
774 1042 906 1082 sane
940 1027 1120 1081 caeteri
1157 1024 1433 1080 Manichaei
1476 1041 1598 1080 cum
1644 1028 1825 1097 Augu-

232 1098 367 1166 stino
416 1098 484 1151 de
531 1098 656 1151 ﬁdei
727 1098 889 1153 rebus
950 1096 1359 1166 congredientes
1414 1097 1818 1164 promittebant.

230 1164 385 1233 Quasi
408 1168 550 1237 quod
582 1168 725 1224 illius
760 1168 1004 1224 nefandae
1033 1164 1196 1223 sectae
1226 1169 1480 1236 mysteria
1527 1170 1617 1222 uni
1665 1168 1821 1223 dum-

232 1244 374 1291 taxat
414 1248 596 1295 esseut
625 1238 824 1296 Fausto
867 1239 1121 1309 episcopo
1162 1240 1419 1293 rchlata.
1457 1238 1815 1307 Augustinum

230 1310 440 1365 tandem
473 1310 741 1380 ejusmodi
767 1314 941 1377 gentis
977 1309 1324 1365 Manichaicae
1353 1310 1492 1363 fama
1524 1310 1731 1365 fefellit.
1760 1311 1821 1366 Si

227 1381 429 1450 quidem
454 1384 539 1436 ubi
561 1384 715 1447 venit,
738 1391 977 1451 expertus
1006 1398 1121 1436 sum
1149 1380 1268 1454 (ait)
1297 1381 1553 1454 hominem
1586 1392 1814 1454 gratum,

228 1461 274 1505 et
303 1455 599 1522 jucundum
629 1454 812 1521 verbis,
844 1464 894 1507 et
924 1469 985 1507 ea
1014 1454 1127 1522 ipsa
1161 1451 1284 1519 qua
1316 1452 1396 1505 illi
1442 1451 1606 1506 saleni
1651 1454 1819 1507 dicere

228 1526 386 1596 multo
414 1526 621 1579 suavius
645 1528 972 1596 garrientem.
997 1524 1106 1578 Sed
1126 1523 1247 1589 quid
1274 1524 1342 1575 ad
1366 1539 1528 1577 meam
1549 1525 1687 1577 sitim
1702 1542 1818 1596 pre-

228 1594 498 1649 tiosiorum
552 1594 854 1664 poculorum
894 1596 1275 1649 decentissimus
1319 1596 1671 1649 ministratur?
1697 1595 1813 1651 Jam

226 1663 493 1738 similibus
521 1663 684 1723 rebus
710 1667 990 1738 Augustini
1019 1681 1184 1738 aures»
1205 1665 1414 1738 fuerant
1456 1666 1685 1738 satiatae,
1717 1682 1817 1722 nec

228 1733 351 1789 ideo
377 1737 452 1792 illi
483 1738 702 1794 meliora
731 1733 1068 1801 videbantur,
1101 1736 1220 1804 quia
1251 1736 1441 1790 melius
1475 1736 1808 1805 dicebautur,

229 1819 330 1861 nec
354 1806 478 1864 ideo
510 1824 660 1875 vera,
688 1812 809 1879 quia
831 1808 1050 1874 diserta,
1084 1821 1183 1861 nec
1211 1806 1331 1879 ideo
1360 1807 1576 1875 sapiens
1607 1810 1810 1874 anima,

228 1880 356 1950 quia
378 1880 554 1935 vultus
577 1876 860 1950 cong’ruus,
892 1890 945 1950 et
981 1878 1234 1933 decorum
1264 1876 1561 1950 eloquium.
1599 1879 1706 1935 Sed
1742 1881 1810 1935 ad

223 1949 562 2015 particularia
608 1948 845 2021 ejusdem
888 1949 1069 2004 Fausti
1114 1958 1286 2019 gesta,
1329 1948 1537 2005 sciendi
1587 1950 1811 2006 faculta-

222 2025 350 2091 t_em,
389 2021 688 2091 divinarum
746 2022 1177 2091 naturaliunique
1214 2034 1393 2091 rerum
1443 2021 1807 2091 cognitionem

219 2087 574 2149 descendens.
597 2092 723 2163 quid
742 2102 1009 2162 quantove
1038 2090 1093 2144 in
1119 2089 1205 2146 his
1230 2090 1393 2163 homo
1417 2087 1810 2162 ille'tantopere

218 2172 249 2214 a
272 2162 382 2215 suis
402 2160 697 2218 aestimaius
727 2160 975 2232 polleret,
1012 2178 1135 2218 cum
1162 2164 1327 2217 variis
1367 2160 1420 2216 in
1456 2160 1811 2221 familiaribus

217 2234 690 2305 congressionibus
734 2234 875 2290 idem
934 2234 1269 2305 Augustinus
1306 2244 1571 2305 expertus
1639 2246 1806 2302 esset,

216 2299 383 2376 hocce
422 2317 755 2376 postremum
795 2308 863 2363 de
888 2299 1080 2362 eodem
1122 2304 1342 2375 protulit
1367 2299 1649 2375 judicium.
1675 2299 1807 2363 Cum

216 2374 467 2448 videlicet
496 2378 564 2432 ab
593 2394 781 2434 eorum
817 2381 1071 2441 Opinione
1095 2374 1409 2432 recessisset
1450 2379 1644 2448 quibus
1684 2394 1810 2448 pru-

216 2445 352 2500 dens
381 2455 437 2503 et
476 2451 693 2518 sapiens
743 2450 1046 2513 videbatur,
1071 2449 1196 2518 quia
1242 2445 1547 2504 delectabat
1590 2445 1698 2504 eos'
1729 2450 1811 2505 lo-

215 2532 408 2588 quens,
457 2522 680 2576 scribit:
723 2520 849 2576 Post
888 2521 1033 2576 varia
1064 2519 1222 2589 igitur
1251 2518 1540 2588 familiaria
1578 2522 1807 2589 pericula

217 2601 454 2662 expertus
474 2608 587 2645 sum
607 2592 749 2661 prius
776 2592 1031 2647 hominem
1050 2600 1305 2660 expertem
1328 2591 1616 2647 liberalium
1646 2594 1805 2646 disci-

213 2662 503 2741 plin/trum,
529 2664 627 2723 nisi
651 2666 1025 2741 grammaticis,
1048 2672 1198 2732 atque
1217 2663 1383 2741 ipsius
1415 2664 1607 2718 usitato
1629 2665 1804 2741 modo,

213 2735 261 2792 et
287 2740 409 2809 quia
429 2740 620 2810 legerat
646 2735 845 2806 {aliquas
868 2739 1137 2795 Tullianos
1160 2735 1439 2799 orationes,
1469 2742 1514 2788 et
1548 2736 1805 2806 paucissi-

213 2824 326 2864 mos
353 2812 561 2866 Seneca:
581 2811 758 2880 libros,
782 2822 829 2867 et
850 2810 1101 2867 nonnulla
1124 2818 1413 2877 poetarum,
1432 2813 1480 2859 et
1507 2822 1616 2860 suae
1634 2817 1804 2880 sectae,

214 2880 259 2934 si
309 2898 412 2951 qua
469 2878 751 2938 volumina
776 2882 959 2939 Latine
1004 2894 1156 2950 atque
1202 2892 1481 2949 composite
1521 2878 1809 2951 conscripta

212 2950 378 3026 erant.
406 2953 473 3026 Et
493 2955 615 3024 quia
636 2956 817 3010 aderat
838 2954 1140 3026 quotidiana
1159 2954 1537 3026 sermocinandi
1559 2950 1809 3026 exercita-

212 3023 309 3083 tio.
345 3024 477 3096 inde
507 3022 811 3096 suppetebat
848 3022 1112 3096 eloquium
1153 3024 1291 3091 quod
1335 3024 1488 3091 ﬁebat
1526 3022 1805 3092 acceptius,

1925 383 2121 441 stitttls,
2144 384 2193 433 in
2217 382 2409 448 quibus
2430 384 2788 447 exneudendis
2812 400 2908 438 tius
2932 384 3070 437 haud
3102 387 3301 443 diutius
3328 382 3510 447 inuito-

1924 453 2220 530 Rar5123
2247 468 2547 530 possumus,
2574 469 2639 507 ne
2657 454 2929 530 Augustini
2959 458 3150 530 potius.
3172 478 3330 523 quam
3354 466 3509 530 hujus

1922 524 2198 579 Mauicluei
2219 525 2456 593 episcopi
2481 534 2623 591 gesta
2643 527 2872 591 pandere
2898 528 3036 582 velle
3054 530 3350 587 videamur.
3374 524 3509 588 ΙΙῘ1111

1922 612 2089 651 unum
2119 597 2331 651 tandem
2363 595 2825 662 superaddeudum
2876 612 2995 652 es~e
3020 602 3366 659 arbitramur:
3402 612 3512 661 Att-

1921 667 2215 744 gttstinum,
2278 668 2547 744 videlicet,
2593 666 2703 744 jam
2748 682 2777 720 e
2834 668 3245 744 Manichazurutu
3301 677 3509 744 laqueis

1922 741 2181 813 solutum,
2228 749 2388 813 altum
2432 739 2497 791 ad
2548 739 3185 813 episcopatus_.ordiuem
3237 739 3505 813 evectum,

1921 820 2107 887 contra
2137 812 2276 887 hunc
2298 808 2549 887 faustum
2582 811 2778 887 stylum
2817 811 3099 887 .Sl‘l'ill‘lissre
3136 815 3380 887 huncqne
3415 808 3508 874 iri;

1922 884 2068 956 ginta
2091 883 2276 956 tribus
2299 880 2451 956 libris
2478 880 2779 949 exagitasse
2809 878 3237 956 (c_).»Quod_s:tne,
3266 878 3399 956 o'pus
3432 892 3506 945 ita

1924 954 2200 1022 ingeniose
2229 952 2472 1021 digessit,
2506 962 2559 1005 ut
2583 956 2757 1019 primo
2784 952 2883 1003 sub
2908 954 3060 1006 istius
3084 954 3259 1010 Fausti
3289 952 3506 1015 nomine

1923 1027 2085 1081 verba
2116 1024 2372 1094 posuerit,
2406 1024 2631 1091 singulis
2666 1024 2929 1089 capitibus
2969 1025 3185 1079 totidem
3218 1032 3507 1086 catholicas

1926 1096 2307 1168 respuiisiones
2336 1110 2365 1148 a
2398 1110 2457 1168 s_e
2484 1096 2599 1159 ipso
2628 1094 2962 1168 conscriptas
2991 1094 3343 1168 subjiciendo.
3374 1102 3508 1168 Qua-

1926 1166 2030 1221 lem
2061 1181 2187 1221 vero
2218 1168 2373 1220 ﬁnem
2412 1166 2641 1218 Faustus
2674 1165 2787 1233 ipse
2810 1164 3056 1231 subierit,
3091 1181 3271 1221 narrat
3308 1164 3445 1225 libro
3474 1188 3507 1226 v

1922 1253 2045 1306 cap.
2081 1240 2136 1302 8,
2172 1238 2259 1292 ubi
2291 1236 2347 1292 S.
2381 1236 2541 1291 Pater
2569 1245 2711 1290 totus
2738 1244 2822 1287 cst
2862 1237 2913 1289 iti
2946 1239 3315 1303 exprobranda
3352 1241 3511 1297 Mani.

1922 1310 2195 1364 chazorum
2226 1308 2470 1372 audacia,
2494 1325 2595 1377 qua
2629 1317 2830 1361 temere
2848 1316 2904 1361 et
2934 1309 3190 1378 sacrilege
3215 1319 3510 1369 contende-

1923 1379 2053 1435 bant
2098 1396 2158 1435 se
2191 1380 2590 1445 persecutiones
2642 1386 2695 1432 et
2750 1379 3024 1433 hominum
3071 1383 3191 1437 odia
3245 1387 3511 1442 sustinere

1922 1462 2141 1520 propter
2180 1452 2461 1520 justitiam,
2493 1466 2613 1504 cum
2646 1448 2904 1521 videlicet
2938 1451 3134 1507 Africa:
3167 1457 3511 1521 proc0nsules

1919 1519 2198 1592 pmnarum
2229 1523 2406 1592 rigore
2434 1535 2619 1575 contra
2651 1520 2787 1575 hanc
2816 1519 3077 1578 nefariam
3100 1519 3301 1579 sectam
3332 1530 3509 1582 anitu-

1922 1594 2307 1667 advertentes,
2351 1595 2458 1663 ipse
2506 1592 2733 1646 Faustus
2781 1594 3061 1659 convictus,
3124 1597 3201 1649 vel
3249 1602 3511 1667 confessus

1848 1695 1895 1755 Β
1921 1668 2059 1755 quod
2078 1738 2090 1749 .
2113 1664 2429 1719 Manichceus
2468 1676 2615 1755 esset,
2651 1680 2765 1755 cum
2794 1666 2920 1747 aliis.
2940 1666 3201 1755 nonnullis
3229 1664 3401 1755 secum
3441 1672 3511 1725 ad

1913 1738 2180 1818 judicium
2212 1734 2861 1818 proconsulareperductis
2904 1738 2957 1818 in
2998 1736 3222 1818 insulam
3258 1743 3511 1811 relegatus

1916 1806 1990 1862 est
2014 1809 2119 1880 (d).
2148 1808 2251 1862 Sed
2280 1807 2347 1861 de
2380 1809 2478 1861 hoc
2500 1806 2686 1877 judicii
2715 1822 2917 1876 genere
2940 1810 3256 1865 luculentius
3286 1824 3336 1867 et
3362 1806 3512 1869 com-

1915 1881 2129 1934 modius
2161 1880 2406 1946 sequenti
2438 1894 2557 1947 cap.
2589 1881 2757 1933 acturi
2780 1895 2988 1934 sumus.

1986 1951 2073 2006 i3.
2115 1950 2372 2017 Superest
2419 1950 2530 2018 jam
2579 1964 2706 2005 vero
2736 1958 2792 2001 ut
2821 1952 2888 2003 de
2914 1950 3146 2019 quodam
3194 1955 3500 2012 Secundino

1913 2021 2087 2095 altero
2109 2021 2454 2077 Manichaij
2475 2030 2637 2076 εεςιιθ
2657 2021 2867 2095 vindice
2880 2032 3049 2095 atque
3068 2027 3329 2095 scriptore
3351 2032 3509 2084 verba

1914 2092 2197 2159 faciamus,
2240 2108 2396 2161 quem
2427 2103 2586 2161 gente
2641 2092 2828 2147 Afrum
2871 2092 3035 2149 fuisse
3086 2092 3360 2163 perperam
3393 2117 3510 2154 om-

1913 2163 2043 2218 nino
2064 2164 2381 2221 Guilleltnus
2402 2164 2544 2218 Cave
2574 2164 2863 2218 arbitratus
2884 2175 2983 2219 est.
3011 2168 3229 2223 Addidit
3253 2182 3508 2232 prmterea

1915 2235 2055 2291 hunc
2102 2238 2371 2291 hominem
2404 2238 2601 2289 vixisse
2633 2246 2751 2305 post
2781 2238 3059 2303 Augustini
3112 2242 3175 2293 ad
3212 2242 3509 2298 Ecclesiatn

1914 2311 2144 2382 reditum
2166 2354 2203 2382 ,γ
2226 2322 2281 2363 et
2314 2310 2593 2382 absolutos
2619 2311 2685 2382 de
2728 2306 2894 2382 libero
2916 2310 3153 2364 Arbitrio
3177 2312 3337 2365 librOs
3371 2325 3505 2382 tres;

1912 2379 2122 2441 sibique
2158 2379 2326 2434 videri
2356 2379 2653 2451 Secundini
2692 2380 2756 2432 ad
2808 2382 3160 2448 Augustinum
3203 2379 3508 2451 epistolam,

1912 2460 1966 2503 et
2009 2452 2291 2521 Augustini
2336 2452 2402 2503 ad
2449 2450 2809 2521 secundintim
2849 2466 3105 2519 responsa
3134 2494 3149 2518 ,
3200 2450 3265 2507 ad
3308 2458 3510 2516 Christi

1910 2520 2242 2578 annum390
2266 2538 2388 2579 esse
2419 2520 2718 2576 referenda.
2762 2522 2893 2586 Quae
2939 2525 3046 2577 duo
3093 2540 3223 2579 sane
3255 2544 3359 2581 non
3409 2529 3509 2586 nisi

1909 2593 1978 2647 ab
2000 2595 2215 2651 homine
2245 2594 2527 2651 audentius
2556 2594 2849 2657 divinante,
2894 2604 2947 2648 et
2976 2596 3043 2649 de
3087 2597 3339 2652 Ecclesiae
3378 2600 3509 2653 εει-ῖς

1912 2666 2154 2731 ptoribus
2184 2669 2318 2721 falso
2347 2676 2402 2722 et
2430 2681 2495 2721 ex
2521 2666 2632 2719 Stiia
2683 2665 2901 2719 libidine
2949 2670 3324 2734 rattociuaute,
3357 2669 3507 2723 afﬁr-

1911 2737 2044 2809 tnaﬁri
2078 2746 2319 2805 potuere.
2350 2741 2415 2792 Et
2443 2740 2615 2805 primo
2639 2738 2856 2805 quidem
2879 2738 3019 2809 quod
3043 2739 3107 2791 ad
3138 2739 3255 2806 ejus
3284 2746 3508 2809 patriam

1909 2808 2120 2874 attinet,
2169 2810 2534 2864 Secundinum
2586 2823 2689 2861 non
2720 2823 2784 2860 ex
2832 2808 3080 2861 Afrorum
3113 2808 3291 2874 gente,
3324 2813 3415 2865 sed
3444 2826 3509 2865 ex

1912 2873 2155 2933 Romano
2200 2881 2395 2947 popqu
2448 2879 2663 2932 duxisse
2706 2878 3005 2943 originem,
3058 2873 3221 2947 ipsius
3276 2873 3511 2937 indicant

1912 2947 2135 3021 scripta.
2171 2951 2377 3004 Etenim
2408 2952 2475 3005 de
2507 2949 2797 3019 setuetip~o
2822 2951 3094 3021 disserens
3116 2952 3191 3004 sic
3219 2952 3510 3021 alloquitur

1914 3018 2266 3101 Augustinum
2318 3022 2390 3093 (e)
2424 3021 2612 3101 :hLegit
2637 3018 2815 3101 enim.
2842 3019 3107 3101 aliquanta
3160 3023 3290 3075 exile
3342 3018 3510 3079 meum

212 3095 477 3166 magisque
516 3085 861 3153 seductorium
894 3085 1242 3152 moderamine
1272 3085 1465 3165 ingenii
1500 3104 1548 3149 et
1584 3085 1805 3163 quodam
1839 3085 1886 3154 C
1916 3100 1967 3166 et
2005 3085 2381 3166 qualecumque
2430 3085 2646 3147 Romani
2678 3091 2899 3166 hominis
2929 3085 3186 3166 ingenium
3227 3098 3511 3151 reverenda:

213 3164 657 3236 lepore'naturali.
682 3169 963 3240 Ejusmodi
986 3167 1312 3240 ergo‘animi
1332 3164 1689 3240 corporisque
1710 3166 1809 3222 do-

214 3244 321 3299 tes.
345 3253 480 3308 quas
504 3242 687 3296 caeteri
713 3238 991 3296 Manicbmi
1016 3240 1067 3294 iu
1100 3238 1296 3294 Fausto
1332 3239 1587 3308 episcopo
1632 3240 1807 3292 admi-

212 3309 494 3381 rabantur,
515 3326 615 3367 nec
643 3312 837 3369 leniter
866 3311 1152 3381 Augustini
1175 3310 1448 3381 ingenium
1472 3310 1806 3377 demulcere,

212 3387 313 3453 aut
326 3380 586 3439 seducere
614 3391 859 3453 potuere.
888 3380 1019 3437 Nam
1053 3391 1333 3453 postquam
1364 3380 1437 3435 illi
1465 3380 1597 3436 satis
1619 3396 1805 3439 earum

213 3452 411 3526 artium
439 3452 724 3526 imperitus
753 3456 1022 3526 apparuit,
1054 3452 1250 3524 quibus
1286 3453 1559 3509 excellere
1587 3461 1646 3509 et
1670 3454 1809 3509 fama

214 3522 551 3598 venditabat,
592 3538 648 3582 et
690 3522 1022 3598 Augustinus
1060 3522 1175 3592 ipse
1206 3534 1504 3598 potaverat,
1531 3526 1598 3598 is
1625 3528 1806 3581 statim

215 3540 551 3592 venatumat,
592 3540 648 3582 et
690 3540 1022 3598 Augustinus
1060 3540 1175 3592 ipse
1206 3540 1504 3594 potaverat,
1550 3542 1564 3579 t
1625 3540 1806 3581 statim

215 3592 509 3665 desperare
527 3601 703 3670 cepit
726 3614 884 3669 posse
912 3597 1165 3653 Faustum
1196 3596 1408 3670 aperire
1422 3605 1494 3670 _et
1513 3540 1811 3657 dijsolvere

215 3678 311 3740 eas
347 3666 677 3740 quastiones
716 3666 773 3725 in
818 3670 1034 3740 quibus,
1086 3667 1343 3740 spectatis
1391 3666 1808 3740 Manichaeorum

216 3735 481 3812 fabulosis
513 3741 807 3812 principiis.
835 3735 953 3810 ejus
983 3735 1191 3796 animus
1222 3740 1380 3794 nimis
1410 3737 1723 3812 ﬂuctuabat.
1754 3740 1809 3794 Id

216 3811 595 3891 praesertimei
623 3811 869 3891 evenisse
892 3813 1109 3891 fatetur,
1138 3826 1282 3875 cum,
1315 3811 1606 3891 conversis
1635 3813 1807 3891 oculis

217 3883 270 3936 in
302 3894 493 3955 eorum
527 3883 695 3940 libros
723 3886 879 3955 nugis
901 3883 1152 3951 refertos,
1182 3883 1365 3937 omnia
1393 3898 1513 3953 quae
1541 3884 1612 3939 de
1638 3886 1810 3939 cuslo-

216 3960 364 4026 rum,
408 3952 667 4021 siderum,
713 3952 844 4012 solis
872 3963 928 4011 et
970 3955 1127 4010 lunaa-
1166 3952 1424 4026 motibus,
1464 3956 1811 4026 qualitatibus

216 4021 565 4098 afﬁrmabant
596 4027 836 4098 perfecte
879 4028 1025 4083 scire
1063 4034 1119 4081 ct
1174 4021 1498 4098 intelligere
1530 4028 1807 4098 cupiebat.

218 4093 353 4162 Quae
398 4093 885 4167 omnia-Faustus,
940 4100 996 4154 in
1059 4093 1455 4152 mathematicis
1512 4093 1811 4166 disciplinis

218 4179 487 4235 nusquam
537 4170 803 4237 eruditus,
846 4185 969 4225 cum
1012 4168 1235 4225 minime
1286 4169 1556 4236 explicare
1608 4175 1809 4235 posset,

216 4236 677 4308 quemadmodum
698 4236 819 4297 eum
848 4240 1092 4297 conﬁteri
1118 4256 1227 4296 non
1268 4239 1487 4307 puduit;
1526 4239 1669 4293 illico
1698 4252 1814 4292 om-

217 4308 308 4364 nis
330 4308 615 4384 Augustini
642 4323 885 4379 conatus,
910 4327 1019 4384 quo
1051 4312 1313 4381 proﬁcere
1335 4313 1389 4384 iu
1415 4309 1504 4363 illa
1536 4324 1684 4384 secta
1705 4319 1815 4364 sta-

216 4387 424 4455 tuerat,
456 4382 548 4455 illo
578 4386 795 4441 homine
827 4380 1066 4455 cognito,
1100 4396 1321 4452 prorsus
1349 4380 1662 4455 intercidit,
1707 4395 1812 4455 non

214 4453 391 4541 utoab
431 4453 511 4509 eis
545 4457 765 4541 omnino
807 4472 883 4541 se.
902 4453 1213 4526 separaret,
1248 4453 1363 4537 .sed
1417 4455 1570 4523 quasi
1621 4454 1814 4541 melius
1841 4480 1895 4541 ι)

210 4523 519 4594 quidquam
555 4542 664 4583 non
707 4523 991 4583 inveniens
1022 4543 1089 4582 eo
1113 4541 1220 4596 quo
1240 4524 1352 4595 jam
1391 4540 1607 4595 quoquo
1650 4526 1811 4579 modo

209 4597 480 4669 irrueret.
513 4597 926 4656 Deiervescente
952 4599 1114 4669 igitur
1138 4596 1403 4667 ejusmodi
1438 4612 1597 4666 prava
1630 4602 1813 4667 Augu-

206 4666 354 4743 stini
376 4669 670 4743 cupiditate
696 4686 797 4743 pro
816 4666 1437 4743 addiscendisotnuibus
1468 4666 1812 4743 Manichaicis

204 4738 568 4815 dogmatibus
591 4738 752 4813 atque
771 4742 1064 4815 mysteriis,
1082 4742 1236 4811 quasi
1251 4741 1544 4815 derepente
1558 4742 1675 4815 ejus
1698 4740 1814 4795 ani-

201 4825 361 4884 mus
391 4811 557 4881 erepit
577 4811 792 4871 nutare.
830 4811 935 4879 Qui
971 4817 1215 4884 quamvis
1262 4827 1370 4867 non
1422 4812 1567 4869 illico
1613 4812 1811 4869 divinae

198 4882 415 4954 gratia:
451 4885 686 4958 motibus
722 4882 1071 4958 acquieverit,
1100 4894 1192 4941 aut
1225 4884 1700 4958 obtemperaverit,
1740 4893 1813 4938 ta-

197 4968 351 5009 men
384 4970 577 5011 manus
600 4956 817 5013 Domini
855 4958 911 5014 in
950 4958 1131 5013 abdito
1172 4956 1506 5026 providentia
1538 4971 1666 5024 suat,
1704 4972 1810 5011 non

196 5028 558 5081 deseruerunt
578 5029 811 5084 animam
842 5030 980 5100 ejus,
1010 5039 1057 5082 et
1085 5027 1149 5083 de
1166 5028 1415 5100 sanguine
1442 5029 1613 5083 cordis
1634 5029 1813 5082 matris

195 5113 361 5171 sua},
394 5115 485 5166 per
505 5100 761 5171 lacrymas
785 5099 893 5171 ejus
914 5100 1091 5155 diebus
1117 5116 1176 5154 nc
1199 5099 1430 5154 noctibus
1468 5117 1561 5170 pro
1592 5099 1702 5169 ﬁlio
1728 5114 1816 5155 sa-

192 5169 483 5242 criﬁcium
520 5169 779 5239 o/ferentis
809 5169 931 5227 cum
953 5188 1011 5227 eo
1035 5172 1176 5226 miris
1206 5172 1368 5225 modis
1396 5169 1608 5242 egerunt
1640 5172 1734 5242 (b).

287 5240 391 5297 12.
416 5242 542 5297 Haec
562 5245 740 5315 itaque
763 5244 1028 5316 dejFausti
1050 5243 1239 5316 gestis,
1256 5240 1557 5298 studio—rum
1578 5240 1806 5311 ratione,

185 5314 575 5374 scientiarum
604 5314 875 5385 facultate,
897 5316 1202 5372 divitiarum
1226 5314 1691 5387 humanarumque
1720 5332 1808 5372 re-

312 5457 379 5528 a)
419 5457 666 5515 Confess.
694 5458 791 5514 lib.
817 5472 872 5523 v,
899 5471 1016 5528 cap.
1048 5457 1099 5525 6,

311 5530 374 5599 b)
421 5530 621 5586 Eodem
655 5531 746 5585 lib.
771 5546 825 5595 v,
855 5546 974 5599 cap.
1010 5531 1059 5583 7.

309 5599 373 5672 ε)
414 5603 698 5671 Augustini
746 5602 867 5657 libri
919 5603 1132 5672 triginta
1181 5607 1290 5656 tres
1334 5608 1523 5658 contra
1556 5599 1814 5659 Faustum

187 5672 586 5735 Mahicbteum
618 5681 829 5728 exstant
854 5683 984 5729 tom.
1023 5672 1154 5737 Vlll,
1187 5687 1304 5743 pag.
1336 5673 1458 5729 151.

266 5746 377 5822 (Δ)
414 5743 643 5816 August.
673 5745 766 5801 lib.
788 5760 822 5799 ν
847 5754 1036 5803 contra
1057 5744 1335 5816 Faustum,
1361 5760 1484 5818 cap.
1508 5745 1568 5809 8.

508 5841 787 5905 Panos.
833 5841 965 5905 LV.

1914 3163 2229 3235 dignationis
2260 3162 2476 3234 scripta,
2518 3166 2568 3216 in
2611 3163 2798 3236 quibus
2822 3162 2896 3213 sic
2925 3162 3161 3217 irasceris
3198 3166 3416 3236 veritati,
3454 3175 3511 3228 ut

1914 3234 2227 3311 Hartensius
2268 3236 2635 3311 philosonltite.
2668 3236 2739 3293 Se
2772 3234 3069 3293 Romanum
3110 3236 3277 3311 igitur
3306 3234 3513 3300 Secum

1913 3309 2073 3365 ditius
2102 3309 2358 3382 appellat,
2390 3324 2444 3369 et
2472 3313 2536 3367 ad
2566 3328 2627 3367 ea
2659 3320 2909 3378 provocat
2939 3309 3156 3380 scripta'
3178 3314 3371 3382 quibus
3402 3319 3511 3371 Auv

1914 3385 2181 3457 gtistinus,
2218 3385 2327 3453 jam
2374 3386 2463 3439 diu
2509 3386 2573 3438 ad
2624 3382 2938 3457 catholicam
2981 3398 3276 3457 conversus
3310 3388 3465 3442 ﬁdem
3491 3432 3507 3457 ,

1915 3454 2239 3529 _Manich:eos
2293 3458 2677 3526 exagitaverat.
2730 3454 2934 3529 Rursus
2989 3455 3127 3509 idem
3178 3454 3509 3529 Augustinus

1915 3525 2063 3603 hunc
2088 3528 2258 3603 ipsum
2282 3525 2551 3585 hominem
2582 3539 2853 3603 tamquam
2879 3525 3174 3603 Romanum
3197 3525 3507 3603 compellat,

1915 3597 1988 3672 ita
2015 3597 2133 3669 ejus
2186 3601 2478 3671 ingenium,
2512 3602 2579 3655 de
2623 3613 2729 3668 quo
2768 3597 3103 3653 Secundinus
3136 3597 3365 3655 maxime
3391 3597 3509 3672 gloQ

1915 3671 2040 3725 riari
2087 3672 2384 3739 videbatur,
2423 3675 2650 3727 illudens
2683 3688 2696 3724 :
2750 3672 2935 3733 Quer
2979 3672 3066 3725 abs
3093 3682 3139 3723 te
3169 3684 3319 3726 acuto
3341 3692 3400 3725 ac
3427 3692 3508 3727 so-

1915 3741 2039 3797 lerte
2060 3744 2187 3808 viro,
2210 3755 2257 3796 et
2286 3762 2316 3797 a
2357 3756 2445 3798 tuo
2480 3745 2729 3805 Romano,
2755 3752 2809 3793 ut
2838 3741 3094 3810 gloriaris,
3119 3742 3343 3809 ingenio,
3380 3746 3511 3800 unde

1916 3814 2098 3869 habeat
2124 3818 2225 3869 ista
2248 3816 2365 3871 boni
2389 3827 2572 3871 natura
2600 3817 2708 3888 pati
2732 3829 2876 3886 posse
2900 3814 3034 3880 quod
3067 3816 3279 3884 patitur,
3312 3828 3365 3869 ut
3387 3834 3511 3871 con-

1913 3887 2096 3959 sentiat
2128 3890 2264 3959 malo
2296 3888 2396 3959 (Ῑ).

1984 3956 2095 4010 Nec
2144 3953 2330 4010 minor
2357 3953 2447 4011 est
2491 3957 2759 4012 Guillcltni
2816 3953 2975 4007 Cavei
3026 3954 3359 4019 allucinatio,
3424 3960 3509 4015 vel

1915 4026 1993 4097 (g)
2038 4027 2319 4080 oscitantia
2356 4028 2406 4081 in
2436 4028 2740 4081 deﬁniendo
2778 4035 3021 4090 tempore
3060 4041 3165 4092 quo
3198 4028 3274 4079 vel
3307 4028 3511 4083 Secun-

1915 4100 2071 4153 dinus
2098 4097 2452 4167 Augustinum
2482 4098 2593 4150 suis
2637 4099 2851 4165 scriptis
2878 4097 3099 4147 adorsus
3124 4106 3236 4159 est;
3269 4100 3346 4150 vel
3386 4113 3509 4154 cum

1916 4169 1979 4234 is,
2024 4177 2211 4223 contra
2239 4184 2360 4223 eum
2402 4177 2620 4223 exarato
2650 4182 2834 4233 opere,
2864 4168 3039 4219 omnia
3073 4166 3236 4233 ipsius
3271 4170 3511 4234 epistola:

1914 4251 2227 4310 argumenta
2257 4242 2462 4307 rejecit.
2490 4239 2617 4292 Nam
2641 4240 2684 4293 si
2707 4238 2994 4310 Prospero,
3020 4236 3263 4310 Possidio
3285 4239 3511 4308 aliisque

1915 4307 2237 4385 supparibus
2287 4311 2661 4385 scriptoribus
2691 4309 2848 4385 ﬁdem
2912 4307 3183 4385 adhibere_
3221 4307 3465 4385 volumus
3492 4358 3508 4385 ,

1915 4381 2266 4452 Augustinus.
2292 4384 2500 4452 ejurato
2527 4381 2943 4439 Manichteismo,
2982 4393 3122 4433 anno
3153 4381 3511 4452 567703Ui0ii;

1918 4470 2101 4510 corum
2126 4451 2369 4511 societati
2395 4471 2453 4508 se
2482 4452 2743 4519 adiunxit.
2774 4454 2827 4506 Si
2854 4457 3012 4521 igitur
3042 4452 3208 4504 hocce
3248 4451 3510 4510 Sucundi-

1920 4542 2047 4581 num
2084 4527 2224 4583 inter
2248 4537 2301 4582 et
2333 4528 2684 4593 Augustinum
2721 4528 3019 4578 litterarum
3048 4528 3427 4578 commercium
3458 4533 3509 4583 iu

1920 4613 2090 4653 annos
2132 4612 2251 4669 post
2292 4599 2448 4669 hujus
2479 4598 2543 4651 ad
2591 4600 2844 4653 Ecclesiae
2884 4595 3111 4651 reditum
3156 4597 3507 4663 rejiciendum

1918 4678 2083 4735 esset,
2114 4685 2170 4724 ut
2211 4670 2528 4726 Guillelmus
2553 4669 2693 4724 Cave
2720 4669 3010 4725 oscitanter
3034 4681 3372 4724 conuueutus
3403 4685 3507 4739 est,

1914 4741 2025 4811 jam
2068 4743 2192 4797 inde
2243 4743 2431 4797 isthmc
2473 4751 2635 4796 staret
2682 4744 3014 4805 consecutio,
3060 4740 3333 4805 videlicet,
3369 4758 3510 4799 eirea

1918 4812 2117 4868 Christi
2142 4829 2342 4868 annum
2371 4814 2474 4869 590
2505 4814 2767 4883 ejusmodi
2800 4816 2994 4876 scripta
3042 4814 3205 4867 fuisse
3235 4814 3506 4881 evolgtta.

1924 4884 2119 4941 Verum
2152 4886 2361 4940 laudata
2390 4890 2701 4941 consecutio
2730 4887 2868 4941 illico
2899 4885 3135 4943 caderet,
3170 4883 3213 4935 si
3247 4884 3507 4935 SCI'UlHiI-

1919 4972 2021 5029 nus
2071 4956 2184 5011 suis
2230 4960 2280 5011 in
2322 4961 2535 5029 scriptis
2579 4958 2943 5029 Augustinum
2963 4952 3314 5029 stilidolejum
3351 4956 3510 5008 veluti

1916 5028 2253 5099 episcopatus
2270 5025 2529 5084 honorem
2553 5030 2801 5096 adeptum
2821 5026 3089 5081 vi-Ilicarel
3112 5032 3165 5075 et
3190 5025 3468 5099 ianpeterot
3491 5041 3504 5088 ;

1914 5095 1970 5154 ei
2000 5095 2325 5168 Augustinus
2356 5104 2467 5167 ipse
2497 5095 2955 5170 hujuscolumniis
2981 5107 3287 5170 uocor-rens,
3315 5095 3508 5147 mllidu

1918 5166 2117 5245 homini
2150 5187 2225 5245 se
2263 5166 2649 5245 catholicorum
2680 5166 3373 5245 episcopatumobtinuisse
3404 5183 3509 5245 non

1916 5243 2299 5299 dissimularet.
2343 5251 2412 5299 At
2441 5238 2774 5300 Serundtuus
2802 5254 2990 5293 revera
3034 5238 3386 5305 AuguStiuum
3423 5238 3509 5290 in-

1915 5315 2133 5371 simulat
2158 5315 2301 5387 quod
2342 5331 2372 5370 a
2403 5315 2695 5371 Manichaao
2734 5316 2924 5366 timore
2976 5311 3205 5380 quodam
3259 5317 3312 5362 et
3358 5324 3509 5363 asse-

1997 5458 2065 5531 (e)
2107 5454 2397 5531 Secundini
2428 5453 2585 5531 epist.
2619 5450 2684 5505 ad
2716 5452 2864 5531 Aug.‘
3032 5520 3063 5531 η

1992 5520 2076 5602 (Γ)
2116 5520 2547 5602 Augustin._[i_b.
2597 5532 2783 5578 contra
2834 5520 3194 5576 Secundinum
3246 5533 3363 5588 cap.
3403 5520 3505 5585 l9,

1920 5597 2228 5675 toriigvtllg
2256 5614 2374 5675 pag-
2409 5597 2534 5675 38:5-
2796 5666 2810 5675 .
2880 5665 2893 5675 ,
2945 5664 2956 5675 .
3308 5662 3318 5672 .
3358 5662 3388 5675 ,.

1994 5674 2071 5746 (g)
2110 5662 2429 5746 Guilteltiius
2455 5668 2616 5737 Cave,
2650 5666 2833 5723 saecul.
2866 5664 3050 5721 Arian.
3098 5662 3163 5718 ad
3194 5662 3390 5720 Christi
3418 5677 3506 5719 an.

1921 5742 2061 5814 390,
2078 5760 2199 5817 pag.
2237 5742 2362 5799 184.

1920 5870 1927 5875 -
2956 5834 3037 5897 29
