3988 6314
714 234 767 247 ,μ
808 230 820 239 ρ
848 210 925 227 θίν’
1002 202 1277 252 ’τιμηθῇ

220 297 324 356 915

981 293 1071 350 DE
1111 293 1638 359 MANICIIEORUH
1681 299 1955 360 HERESI
1994 302 2083 361 ET
2121 303 2441 366 HISTORIA
2477 308 2608 368 LIB.
2646 307 2717 368 II.

3397 318 3503 379 9M

218 420 515 503 mitinrum.
540 416 688 503 leges
729 412 1011 503 ferebant,
1038 428 1103 503 _al
1130 414 1446 503 victimariis
1504 417 1597 503 qui
1646 430 1805 503 erant
1828 420 1885 480 Α
1911 418 2097 489 opinio
2132 421 2395 503 prodierit
2421 424 2816 503 obtinueritque
2860 446 3021 503 posse
3049 432 3215 490 Iaicos
3255 432 3504 493 homines

222 491 417 561 publici
445 484 699 555 ministri,
730 486 1013 561 petedictos
1037 484 1212 561 libros
1230 498 1498 561 crematos
1521 484 1709 547 inisse.
1736 491 1808 549 At

219 559 347 629 rogo
379 562 683 617 Beausobre
715 575 729 632 _:
769 560 1006 632 Erantne
1032 568 1154 632 tum
1199 559 1339 615 inter
1380 559 1681 632 Romanos,
1715 565 1809 632 qui

210 636 339 709 ῥηιςί
357 634 617 702 pontiﬁcio
647 630 727 686 vel
751 630 1088 709 philosophia
1106 645 1328 709 gperatn
1360 631 1589 687 darent?
1620 630 1809 709 fuisse

220 701 431 774 quidem
463 718 683 761 necesse
716 712 799 758 est
828 702 1081 774 fateatur.
1105 701 1319 774 Nullum
1357 712 1536 774 tamen
1570 703 1807 773 cujusvis

222 772 425 831 ordinis
452 776 623 831 virum
650 774 920 847 exstitisse
940 772 1085 847 ,“qui
1125 774 1194 828 de
1226 773 1411 847 talium
1448 772 1703 830 librorum
1725 777 1811 847 ja—

219 857 371 902 ctura
403 856 842 918 conquereretur,
876 843 1168 918 indicatum
1205 854 1307 899 est.
1351 844 1670 918 Persuasum
1701 843 1809 905 illis

223 919 420 988 quippe
456 915 571 974 erat
604 917 921 989 religionem
962 915 1118 970 novis
1142 924 1197 971 et
1222 916 1459 989 externis
1484 916 1675 973 ritibus
1701 934 1809 976 non

223 984 788 1045 esse'attenuanda'm.
833 986 1005 1052 Nam,
1048 996 1268 1042 auctore
1310 984 1605 1056 Cicerone,
1641 991 1809 1046 cultus

220 1061 433 1115 deorum
462 1071 535 1116 est
557 1062 802 1127 optimus,
836 1059 1087 1129 idemque
1103 1057 1466 1131 castissimus,
1497 1068 1657 1131 atque
1685 1075 1810 1117 san-

219 1133 515 1195 etissimus,
569 1128 1015 1199 plenissimusque
1064 1128 1317 1199 pietatis,
1364 1138 1423 1184 ut
1461 1128 1809 1200 eos'semper

222 1219 388 1272 pura,
423 1205 626 1272 integra
667 1212 725 1257 ct
765 1201 1071 1265 incorrupta
1110 1208 1290 1255 mente
1328 1210 1383 1255 et
1428 1216 1561 1256 voce
1588 1216 1811 1259 venere-

221 1290 343 1328 mur
373 1276 471 1345 (α).
501 1275 570 1329 At
596 1287 853 1341 quorsum
886 1286 1037 1345 meus
1066 1281 1227 1341 atque
1248 1286 1350 1326 vox
1374 1274 1693 1342 puritatem,
1728 1276 1810 1330 in-

222 1342 522 1415 tegritatem
554 1344 920 1399 institutorum
946 1342 1015 1415 ad
1038 1357 1151 1397 rem
1190 1357 1398 1415 sacram
1427 1345 1805 1412 pertinentium

221 1413 515 1471 servabunt
536 1457 550 1479 ,
579 1416 621 1468 si
648 1416 828 1483 vagari
862 1414 1151 1486 incipiant,
1176 1424 1232 1469 et
1260 1413 1512 1470 delectari
1537 1416 1587 1469 in
1617 1416 1809 1486 aliqui-

220 1487 323 1542 bus
351 1488 539 1542 saltem
571 1485 957 1554 superstitiosis
987 1484 1525 1555 insolentissimisqne
1557 1484 1721 1542 rebus
1733 1488 1757 1542 τ

296 1559 354 1612 ln
392 1558 474 1611 his
504 1559 729 1611 tandem
773 1556 1056 1623 omnibus,
1097 1571 1163 1611 ex
1196 1556 1533 1611 ethnicorum
1566 1569 1805 1615 veterum

224 1629 468 1683 historiis
498 1627 757 1683 hactenus
784 1626 1114 1695 desumptis,
1160 1627 1318 1695 paulo
1358 1626 1527 1683 fusius
1568 1640 1805 1685 nostram

224 1701 529 1773 orationem
550 1700 758 1773 _versari
789 1706 1042 1773 oportuit,
1074 1712 1142 1753 ne
1170 1698 1804 1773 sutnma-‘Beaueobriana

224 1767 497 1834 luxuries,
547 1769 602 1824 in
652 1767 877 1823 taxando
924 1770 1167 1838 antiquas
1218 1767 1494 1824 catholica:
1546 1770 1805 1827 Ecclesia:

223 1840 665 1904 consuetudines,
694 1852 742 1894 et
774 1841 825 1909 in
857 1838 1088 1907 maligno
1117 1838 1258 1909 stylo
1287 1839 1591 1894 exercendo
1615 1850 1808 1898 contra

226 1908 940 1984 Romanornmpontiiicum
982 1908 1179 1984 gesta,
1212 1908 1331 1984 sine
1368 1910 1513 1980 justa
1562 1913 1812 1984 ohjurga-

223 1983 375 2035 tione
406 1981 680 2049 praeterire
715 1979 1036 2034 videremur.
1070 1978 1446 2046 Potissimum,
1486 1996 1607 2037 cum
1630 1978 1811 2040 etiam

220 2050 387 2118 hujus
415 2061 609 2104 nostra:
635 2051 810 2104 astatis
843 2050 1128 2105 acatholici
1162 2051 1295 2117 viri,
1322 2051 1565 2109 videntes
1589 2070 1716 2110 suos
1743 2056 1811 2111 li-

219 2120 353 2175 bros
377 2121 666 2190 apostolica
699 2123 1019 2194 auctoritate
1045 2122 1329 2192 proscribi,
1353 2132 1407 2178 et
1430 2126 1549 2194 igne
1576 2141 1604 2177 a
1638 2126 1814 2193 publi-

218 2195 302 2247 cis
326 2193 585 2247 ministris
608 2194 660 2246 in
685 2193 862 2259 populi
890 2205 1181 2259 consuectu
1203 2193 1467 2259 cremari,
1484 2196 1814 2253 blaterantes

219 2274 623 2332 conquerantur
649 2264 716 2320 de
754 2264 921 2320 veluti
953 2264 1150 2335 iujusta
1189 2276 1349 2334 atque
1381 2267 1633 2334 injuriosa
1662 2284 1814 2326 teco-

218 2335 426 2407 nomia,
456 2336 791 2407 sanctissime
814 2346 986 2391 tamen
1013 2348 1069 2391 et
1091 2336 1340 2407 religiose
1363 2337 1605 2393 adhibita
1630 2339 1698 2395 ad
1725 2355 1816 2399 ca-

217 2405 441 2463 tholicas
465 2406 588 2463 ﬁdei
619 2410 907 2477 puritatem
936 2405 1405 2481 integritatemque
1436 2408 1708 2468 tuendam.

862 2546 1090 2605 CAPUT
1124 2548 1190 2606 γ.

217 2655 584 2731 Imperialium
610 2662 783 2735 legum
800 2663 855 2715 in
883 2660 1197 2735 Manichaeos
1220 2662 1409 2734 Africa:
1434 2665 1571 2735 rigor
1587 2667 1664 2735 ed
1693 2682 1815 2721 exa-

296 2749 411 2787 men
434 2743 716 2787 revocatur.
752 2733 863 2801 Quo
893 2734 1123 2788 videlicet
1144 2733 1540 2804 perterrefactus
1570 2733 1745 2803 Felix,
1763 2745 1813 2792 et

300 2804 362 2858 S.
378 2805 649 2873 Augustini
668 2805 973 2859 auctoritate
991 2816 1034 2859 et
1057 2805 1484 2873 disputationibus
1500 2809 1682 2871 uictus,
1705 2819 1813 2863 tan-

298 2876 413 2948 dem
426 2875 665 2948 ippone
679 2891 784 2929 sua:
804 2877 1051 2930 haereseos
1076 2891 1270 2930 errores
1291 2879 1529 2948 ejuravit.
1549 2875 1714 2933 Varia:
1726 2879 1816 2932 de-

295 2946 449 3016 nique
460 2946 511 2999 in
525 2946 620 2999 hac
631 2963 789 3001 causa
799 2949 1104 3018 quiestiones
1116 2946 1433 3002 occurrentes
1454 2948 1813 3019 expediuntur.

298 3058 517 3130 ‘I.7Post
542 3059 813 3115 inductam
843 3060 895 3114 in
925 3060 1102 3116 Africa
1130 3059 1512 3118 Manichaicam
1537 3061 1676 3118 luem
1695 3105 1710 3130 ,
1743 3064 1815 3119 ita

216 3129 377 3203 brevi
421 3132 535 3199 ejus
565 3146 717 3187 error
748 3132 906 3186 latius
947 3132 1230 3203 propagari
1269 3135 1432 3201 coepit
1470 3142 1531 3189 ut
1577 3135 1628 3189 in
1668 3129 1814 3191 Ouini

1919 506 2105 547 sacros
2122 494 2389 576 Ecclesia:
2412 496 2685 576 ministros
2698 494 2992 576 instituere
3018 516 3073 563 et
3098 505 3379 572 ordinare;
3408 509 3502 576 qui

1915 578 2073 650 ereor
2114 566 2225 634 jam
2265 566 2363 650 diu
2387 569 2650 650 abolitus,
2697 573 2902 650 iterum
2917 578 3115 647 elapsis
3144 566 3504 650 stcculis’u'no

1914 633 2138 715 Calvino
2184 637 2501 715 caeterisque
2542 633 2936 715 eceIestissimis
2986 633 3325 715 auctoribus,
3376 633 3501 705 cum

1914 704 2091 788 totqu
2125 704 2502 788 ecclesiastica:
2550 711 2864 788 hierfarchia:
2915 718 3160 788 jactura,
3206 704 3503 776 renovatus

1915 786 2021 859 est:
2051 776 2183 832 Cum
2215 778 2333 835 haec
2362 782 2539 859 itaque
2564 793 2622 859 _et
2653 783 2706 838 id
2734 776 3028 859 genus'alia
3058 776 3349 847 electorum
3388 793 3499 846 Ma-

1916 847 2247 925 nichzeorum
2287 847 2667 925 scelestissima
2716 847 2861 911 εἴξειε
2891 858 3068 915 facere
3100 863 3501 925 consuevisset.

1915 920 1983 973 ad
2015 920 2174 1003 hujus
2198 923 2637 1003 corruptissimos
2666 942 2846 983 mores
2892 930 3102 1003 penitus
3130 920 3504 1003 exstirpandos

1915 992 2100 1074 saeculi
2114 994 2397 1075 principes
2426 1009 2641 1075 omnem
2673 992 2913 1075 operam:
2933 1002 3286 1075 insumpsere.
3302 992 3503 1075 INeque

1916 1075 2046 1142 veeu
2079 1062 2128 1142 id
2175 1080 2237 1119 ex
2282 1081 2388 1142 uno
2417 1076 2509 1142 aut
2531 1062 2724 1142 altero'
2747 1068 2945 1142 Leonis
2973 1062 3159 1142 Magni
3198 1062 3505 1130 testimonio

1916 1132 2415 1211 nobisinnotescit.
2441 1136 2545 1193 Sed
2573 1154 2638 1194 ex
2668 1140 2783 1204 ipso
2804 1132 3180 1199 Theodosiano
3207 1144 3415 1211 codice,
3447 1148 3504 1201 in

1914 1205 2233 1287 quuplures
2264 1208 2332 1262 ab
2370 1208 2793 1287 imperatoribus
2825 1212 2946 1267 Iatze
2987 1215 3040 1269 in
3089 1205 3505 1287 Manirhmorum

1915 1278 2317 1355 e_xitium_l_eges
2351 1278 2748 1355 describuntur,
2776 1292 2845 1355 ut
2863 1284 3235 1355 opportuniori
3262 1286 3365 1340 alio
3387 1288 3508 1344 loco

1913 1344 2345 1429 observabimus.
2378 1350 2596 1406 Interim
2629 1344 2766 1429 vero
2785 1354 2853 1411 ad
2883 1344 3001 1411 eam
3035 1356 3207 1429 legem
3237 1372 3379 1429 opus
3421 1370 3506 1413 est

1912 1419 2443 1493 animadvertamus,
2491 1437 2683 1493 quam,
2737 1425 2987 1490 ,instante
3042 1419 3508 1485 Juliano'Alricat

1912 1491 2403 1564 proconsule,_duo
2443 1491 2798 1564 imperatores
2835 1498 3202 1554 Diocletianus
3247 1508 3302 1555 et
3342 1500 3507 1556 Maxi-

1913 1559 2123 1618 mianus
2176 1561 2494 1633 ediderunt,
2520 1559 2608 1621 'ut
2646 1568 2809 1624 etiam
2851 1568 3227 1627 Tillemontius
3258 1585 3506 1630 comme-
3606 1580 3609 1581 ⁷

1908 1644 2247 1790 :0;ka
2285 1706 2467 1790 itaque
2494 1709 2868 1790 imperatores,
2900 1712 3256 1790 enno‘Christi
3290 1714 3507 1790 Domini

1836 1810 1887 1871 Β
1912 1773 2267 1871 endit}:
2285 1773 2514 1871 primum
2530 1773 2930 1871 Aiésins‘Juliani
2952 1784 3149 1871 Afeicat
3168 1788 3506 1871 proconsulis

1914 1849 2814 1974 querimoniis,.quemadmodum
2860 1870 2997 1910 nova
3041 1849 3315 1940 hominum
3355 1868 3507 1941 secta

1961 1934 2201 1974 ersarutn
2249 1920 2446 1974 ﬁnibus
2474 1924 2543 1974 tbi
2567 1924 2896 1974 adveniens-
2930 1941 3151 1974 magna;
3192 1936 3328 1974 intra
3362 1930 3506 1974 illius

1961 1934 2201 1998 ersaruni
2249 1920 2446 1998 ﬁnibus
2474 1923 2543 1978 ibi
2567 1924 2897 1998 adveniens,
2930 1941 3151 1998 magnas
3192 1927 3329 1983 intra
3362 1930 3506 1983 illius

1917 1992 2068 2068 regni
2096 1993 2255 2049 urbes
2287 1993 2471 2068 turbas
2501 1996 2868 2062 excitaverat,
2910 1992 3103 2068 quibus
3143 1998 3369 2055 Romani
3407 2003 3506 2055 im-

1918 2062 2171 2140 periiUres
2192 2065 2565 2140 susquedeque
2592 2062 2970 2135 vertebantur;
3002 2070 3130 2140 ipsi,
3164 2069 3312 2125 hisce
3350 2072 3507 2126 malis

1918 2134 1991 2209 ibi
2017 2135 2368 2209 gliscentibus
2387 2134 2670 2209 occurrere
2698 2140 2997 2209 cupientes,
3021 2134 3076 2195 in
3100 2134 3286 2197 mense
3312 2142 3506 2198 Martio

1918 2204 2161 2276 ejusdem
2197 2208 2322 2283 anni
2354 2208 2495 2278 apud
2525 2204 2906 2283 Alexandriam
2942 2204 3061 2267 eam
3107 2213 3277 2283 legem
3319 2214 3507 2269 edide-

1919 2286 2084 2343 runt,
2116 2286 2177 2333 ut
2221 2279 2377 2349 hujus
2416 2289 2578 2335 secta
2608 2281 2852 2338 homines
2881 2297 3004 2338 cum
3036 2279 3279 2339 nefandis
3314 2299 3505 2341 eorum

1917 2350 2201 2424 scripturis
2218 2349 2340 2424 igne
2359 2350 2709 2424 comburendi
2734 2354 3090 2410 traderentur.
3112 2353 3333 2410 Nobiles
3350 2372 3505 2424 vero,

1917 2420 1965 2476 si
1992 2421 2083 2494 qui
2106 2420 2349 2494 bac_labe
2377 2422 2547 2478 vitiati
2569 2425 2991 2492 reperiebantur,
3017 2434 3212 2494 praeter
3237 2420 3506 2483 bonorum

1919 2493 2161 2547 omnium
2200 2492 2555 2567 jacturamin
2586 2496 2834 2552 exsilium
2884 2492 3157 2567 deportari
3196 2502 3502 2566 jusserunt;

1918 2574 2158 2638 caeteros
2177 2566 2391 2620 tandem
2414 2565 2610 2621 intima:
2631 2565 3114 2638 conditionis‘viros
3129 2565 3205 2623 ad
3220 2570 3507 2638 capitalem

1918 2634 2251 2711 subeundam
2266 2652 2489 2711 pinnam
2508 2648 2823 2711 coegerunt.
2848 2637 3127 2711 Ejusmodi
3151 2634 3309 2709 igitur
3330 2641 3506 2711 legem

1918 2706 1975 2761 in
2005 2706 2187 2762 Africa
2214 2707 2390 2764 adhuc
2414 2706 2697 2779 Augustini
2726 2725 2845 2765 aevo
2872 2706 3197 2775 obtinuisse,
3233 2706 3509 2767 inter'cze-

1920 2784 2068 2852 [eros
2122 2793 2263 2852 unus
2308 2780 2684 2852 Iillemontius
2712 2780 3041 2851 probabilius
3069 2782 3361 2852 arbitratur
3410 2782 3505 2852 (c).

1920 2846 2045 2914 Qui.
2075 2850 2211 2903 scite
2230 2858 2287 2903 et
2322 2849 2609 2918 diligenter
2633 2846 2891 2906 consultis
2915 2860 3102 2907 contra
3129 2851 3362 2906 Felicem
3394 2846 3509 2905 Au-

1921 2918 2119 2988 gustini
2155 2918 2336 2985 Actis,
2371 2920 2749 2976 animadvertit
2794 2922 3105 2977 haereticum
3148 2921 3297 2977 illum
3339 2922 3511 2976 homi-

1922 3004 2080 3063 nem,
2107 2999 2153 3043 et
2177 2991 2458 3063 episcopali
2488 2991 2572 3061 (ut
2610 2992 2810 3063 aiebat)
2851 2994 3176 3062 perterritum
3204 2994 3510 3046 auctoritate

1922 3060 2079 3135 [uisse
2102 3103 2117 3127 ,
2155 3068 2201 3114 et
2231 3061 2440 3135 illarum
2484 3060 2651 3135 legum
2680 3060 3031 3129 districtione,
3061 3080 3190 3134 quas
3219 3064 3274 3117 in
3297 3064 3513 3135 nefaria

1922 3131 2078 3202 hujus
2122 3143 2269 3207 serue
2312 3131 2910 3207 exitium'_imperjatores
2960 3131 3373 3207 peruulgaruntﬁ
3402 3134 3514 3207 Sed

219 3202 504 3278 hominum
535 3210 677 3257 coetu
695 3244 709 3267 ,
729 3203 840 3278 viri
870 3214 926 3259 et
952 3202 1209 3278 mulieres
1240 3206 1423 3278 multu:
1450 3206 1818 3276 reperirentur
1841 3202 1889 3267 C
1922 3212 2210 3278 utrumque
2238 3205 2391 3259 istius
2422 3203 2935 3278 hominis_ell‘ugium
2960 3202 3102 3261 inire
3121 3202 3339 3262 eludere
3361 3206 3512 3260 nisus

218 3287 349 3344 quae
376 3273 564 3329 eadem
600 3276 909 3343 turpissime
941 3274 1336 3344 polluebantur.
1375 3273 1527 3330 Cum'
1554 3278 1734 3347 itaque
1763 3278 1817 3334 id

220 3360 338 3400 non
368 3347 483 3400 sine
525 3360 717 3415 magno
745 3348 919 3401 civilis
949 3354 1005 3402 et
1041 3347 1319 3402 catholicae
1346 3346 1656 3418 reipublicai
1691 3364 1820 3405 con-

222 3418 471 3482 tumelia,
499 3417 765 3491 dedecore
792 3426 845 3473 et
872 3417 1039 3474 exitio
1062 3418 1325 3483 eveniret,
1356 3417 1479 3491 quia
1503 3419 1817 3491 Manichaici

221 3503 411 3561 mores
436 3497 491 3543 et
520 3490 756 3543 instituta
782 3491 953 3559 primo
975 3491 1154 3544 omnia
1175 3494 1544 3561 conjugiorum
1566 3490 1686 3561 jura
1709 3492 1819 3547 dis-

222 3559 530 3633 solvebant,
553 3561 789 3633 prolinm
804 3562 1088 3633 puritatem
1114 3559 1435 3633 turpissimis
1461 3559 1819 3631 promiscuis-

224 3647 349 3703 que,
385 3631 730 3701 impudicitiis
779 3631 1219 3701 labefactahant;
1257 3634 1543 3689 sanctioris
1590 3634 1715 3689 vita:
1761 3644 1819 3692 et

223 3702 458 3759 instituti
490 3706 722 3775 virgines
750 3705 999 3759 tenellam
1025 3705 1200 3759 adhuc
1220 3713 1432 3760 aetatem
1457 3713 1677 3775 agentes
1697 3722 1820 3762 cor-

224 3776 586 3845 rumpebant,
619 3788 671 3828 et
701 3776 919 3845 perinde
957 3781 1105 3845 quasi
1136 3775 1295 3846 hujus
1325 3786 1487 3833 sectae
1525 3778 1623 3833 viri
1657 3778 1819 3835 nullis

226 3862 455 3917 prorsus
481 3846 677 3919 divinis
700 3858 752 3900 et
778 3847 1023 3903 humanis
1052 3848 1257 3919 legibus
1286 3849 1697 3919 subjicerentur,
1723 3866 1818 3905 na-

222 3928 348 3973 tura
393 3920 507 3987 ipsa
548 3918 899 3991 abhorrente,
933 3920 986 3974 in
1017 3918 1195 3974 omnia
1234 3918 1560 3989 nequissima
1590 3919 1819 3991 ﬂagitio-

224 4005 348 4045 rum
380 4003 575 4058 genera
604 4005 723 4044 sese
745 3989 1118 4055 effundebant;
1150 3991 1311 4058 igitur
1342 3993 1521 4045 statim
1551 4004 1614 4045 ac
1636 3989 1819 4047 saeculi

224 4060 570 4130 principibus
590 4060 817 4115 innotuit
840 4062 1024 4117 isthzec
1045 4061 1461 4116 Manichaeorum
1484 4063 1575 4115 diu
1598 4076 1816 4127 arcana,

227 4143 279 4187 et
312 4133 486 4186 latens
513 4132 721 4186 vitendi
754 4134 908 4197 ratio,
936 4133 1044 4199 jam
1076 4134 1127 4186 in
1156 4147 1251 4186 eos
1274 4146 1571 4201 eorumque
1600 4132 1823 4188 sacrile-

265 4219 329 4258 os
361 4213 660 4258 conventus
703 4205 1221 4259 animadverteretur
1262 4203 1497 4258 edictum
1540 4211 1654 4267 est,
1696 4201 1821 4258 latis

265 4219 329 4258 os
361 4218 660 4258 conventus
703 4218 1221 4259 animadverteretur
1262 4218 1497 4258 cunctum
1540 4218 1654 4267 est,
1696 4218 1821 4258 tatis

226 4218 335 4329 gae
370 4275 441 4330 de
477 4289 636 4329 causa
666 4275 829 4329 variis
857 4276 1091 4346 legibus,
1119 4273 1313 4346 quibus
1342 4275 1514 4346 multa
1541 4287 1822 4344 poenarum

226 4360 430 4417 genera
483 4344 1156 4417 subireastringébantur‘.
1199 4345 1393 4401 Noster
1434 4344 1645 4417 animus
1687 4361 1824 4414 prae-

218 4416 381 4473 ierea
410 4421 640 4471 maxime
670 4416 916 4473 horreret
943 4434 1005 4473 ea
1034 4418 1236 4474 referre
1262 4432 1382 4486 quae
1405 4416 1822 4472 Manichaeorum

228 4492 406 4554 electi,
423 4490 472 4541 in
487 4488 619 4543 cibis
631 4494 1078 4560 quibuscumque,
1092 4499 1141 4544 et
1156 4488 1448 4543 venerabili
1462 4489 1621 4543 etiam
1636 4490 1823 4543 eucha-

230 4563 397 4647 sjsiiu:
419 4560 761 4647 :S'acramente
782 4559 1077 4647 sumelul‘o,‘
1091 4561 1348 4630 sacrilege
1369 4559 1823 4647 «superstitiose
1850 4586 1900 4647 ι)

238 4634 397 4707 131
417 4632 593 4707 facere
609 4634 949 4702 cogebantur.
974 4634 1077 4707 Sed
1096 4642 1337 4707 nostrum
1354 4633 1518 4686 animi
1541 4632 1822 4707 horrorem

233 4703 757 4773 Verciniidiamque,
788 4705 1064 4773 Augustini
1101 4704 1294 4770 verba,
1327 4718 1445 4773 qua:
1477 4703 1822 4770 subjicimus,

231 4776 555 4831 elevabant.
596 4776 710 4842 Qua
752 4778 1014 4831 occasione
1054 4774 1171 4845 (ait)
1200 4776 1277 4828 vel
1307 4776 1475 4843 potius
1505 4774 1828 4829 exsecrabilis

232 4849 619 4921 superstitionis
645 4852 867 4917 quadam
888 4851 1185 4902 necessitate
1212 4857 1461 4921 coguntur
1489 4846 1633 4899 electi
1653 4861 1828 4899 eorum

231 4917 376 4975 velut
400 4920 761 4975 eucharistiam
784 4935 1108 4984 conspersum
1134 4918 1325 4973 semine
1355 4917 1578 4970 humano
1606 4932 1825 4985 sumere,

234 5002 298 5047 ut
328 4993 482 5046 etiam
510 4992 658 5058 inde,
688 4992 817 5046 sicut
844 4993 905 5044 de
934 4991 1050 5045 aliis
1082 4989 1205 5044 cibis
1234 5004 1358 5057 quos
1387 4989 1678 5059 accipiunt,
1709 4990 1831 5042 sub-

236 5065 438 5119 stantia
474 5063 567 5117 illa
596 5064 771 5117 divina
810 5073 1052 5134 purgetur
1088 5062 1186 5134 (b)._
1232 5060 1414 5127 Neque
1454 5063 1631 5134 minus
1666 5059 1826 5127 impia

236 5136 612 5205 sacrilegaque
641 5130 1079 5191 erant'nounulla
1097 5130 1528 5205 'alia_mysteria,
1558 5145 1681 5201 qua:
1707 5144 1830 5187 cum

238 5201 775 5277 magno‘nostrorum
803 5207 1001 5260 rituum
1029 5206 1196 5277 abusa
1227 5201 1550 5277 Manichaeos
1588 5216 1833 5258 servasse

240 5273 579 5349 Augustinus
599 5277 721 5333 alibi
756 5286 1047 5349 asseverat.
1068 5273 1201 5349 cum
1224 5273 1476 5329 videlicet
1498 5276 1551 5327 in
1581 5289 1833 5343 magnum

240 5346 529 5406 catholica:
569 5362 766 5405 nostra:
801 5348 1072 5419 religionis
1092 5346 1325 5419 dedecus
1349 5354 1403 5399 et
1431 5354 1828 5419 contemptum,

240 5424 350 5494 ipsi
376 5421 535 5491 hujus
557 5433 721 5476 secta:
748 5415 1007 5494 auditores
1036 5425 1157 5494 ante
1182 5417 1365 5469 electos
1386 5432 1551 5486 genua
1579 5415 1832 5494 ﬁgebant,

243 5488 302 5551 ut
345 5494 421 5548 eis
450 5488 637 5547 manus
681 5491 995 5565 supplicibus
1030 5489 1437 5565 imponerentur,
1480 5502 1581 5540 non
1623 5504 1655 5540 a
1710 5488 1834 5565 solis

240 5565 560 5637 presbyteris
578 5608 594 5633 ,
626 5565 701 5637 uel
723 5557 992 5637 episeopis,
1020 5557 1110 5615 aut
1135 5557 1434 5637 diaconibus
1461 5572 1656 5637 eorum,
1673 5558 1838 5637 _sed_a

236 5628 562 5713 quibuslibet
580 5628 782 5692 electis.
817 5628 902 5691 En
924 5648 1055 5706 ergo
1084 5630 1227 5689 unde
1256 5630 1488 5703 primum
1518 5628 1721 5686 nefaria
1745 5628 1836 5686 illa

318 5780 406 5929 si
434 5777 943 5924 metuas
968 5777 1168 5909 tam
1472 5768 1709 5846 εει

1924 3282 2007 3331 est
2054 3274 2196 3330 idem
2245 3277 2600 3347 Augustinus.
2656 3274 2839 3333 Primo
2889 3279 3179 3334 ostendens
3231 3291 3511 3334 sacrorum

1923 3347 2298 3417 episcOporum
2340 3349 2713 3405 auctoritatem
2739 3364 2770 3403 a
2800 3349 2914 3405 Deo
2941 3348 3268 3412 derivatum,
3305 3348 3512 3404 nullum

1921 3419 2031 3502 reis
2061 3420 2308 3502 timorem
2353 3418 2626 3502 incutere,
2655 3420 2888 3502 quando
2904 3422 3286 3502 tranquillitate
3328 3420 3515 3502 dispu-

1924 3499 2095 3556 tatur,
2144 3497 2202 3545 et
2246 3492 2472 3561 populus
2515 3492 2606 3560 qui
2636 3491 3087 3562 disputationibus
3119 3494 3271 3549 adest
3310 3492 3513 3547 nullam

1922 3575 2141 3633 prorsus
2185 3562 2292 3616 vim
2332 3571 2699 3633 terroremque
2748 3565 2987 3620 incutiat.
3026 3562 3272 3620 Secundo
3316 3563 3513 3619 deinde

1923 3633 2181 3706 exponit,
2214 3633 2669 3702 quemadmodum
2714 3635 3069 3705 imperialiutn
3094 3638 3269 3706 legum
3303 3636 3448 3702 rigor
3479 3651 3511 3689 a

1921 3703 2082 3777 gladii
2110 3707 2230 3772 jure
2252 3714 2425 3771 ortus,
2455 3706 2732 3777 religionis
2757 3703 2967 3762 veritati
2996 3703 3329 3775 sinceimque
3350 3706 3511 3774 hujus

1920 3775 2254 3849 Confessioni
2289 3775 2580 3845 numquam
2626 3778 2818 3833 obesse
2853 3779 3057 3849 possit,
3090 3778 3183 3849 sed
3224 3788 3513 3849 utrumque

1921 3862 2137 3916 semper
2156 3847 2432 3903 catholicae
2456 3848 2709 3903 Ecclesia:
2726 3847 3001 3916 sacrisque
3020 3850 3138 3918 ejus
3152 3847 3511 3917 dogmatibus,

1921 3926 2298 3974 ornamentum
2322 3960 2340 3986 ,
2380 3920 2689 3987 praesidium
2736 3927 2898 3989 atque
2939 3920 3330 3974 incrementum
3377 3931 3515 3984 pra:-

1923 3989 2125 4044 buisse.
2154 3988 2341 4043 Dixisti
2368 3990 2519 4043 etiam
2548 3989 2686 4060 quod
2715 3999 2764 4043 te
2787 3988 3094 4057 episcopalis
3124 3995 3307 4041 terreat
3336 3999 3516 4039 aucto-

1923 4061 2049 4114 ritas
2074 4075 2224 4113 :cum
2240 4060 2409 4114 videas
2435 4070 2626 4127 quanta
2649 4074 2773 4129 pace
2795 4060 2928 4112 inter
2943 4076 3033 4111 nos
3061 4074 3295 4128 agamus,
3323 4065 3515 4124 quanta

1924 4130 2297 4201 tranquillitate
2318 4128 2659 4201 disputemus,
2680 4130 3110 4201 quemudmodum
3138 4128 3359 4201 papulas
3383 4141 3517 4201 prte-

1924 4198 2061 4257 sensi
2082 4200 2279 4254 nullam
2309 4198 2411 4254 tibi
2425 4201 2526 4254 vim
2548 4200 2730 4270 faciat,
2762 4198 2965 4254 nullum
2991 4210 3235 4270 terrorem
3268 4200 3515 4270 incutiat,
3576 4226 3579 4227 ν

1922 4273 2015 4328 sed
2064 4270 2516 4341 tranquillissimus
2552 4269 2789 4337 audiat,
2820 4271 2952 4323 sicut
3001 4271 3141 4323 decet
3172 4269 3514 4341 Christianos.

1924 4343 2119 4399 Dixisti
2140 4340 2294 4397 etiam
2315 4345 2491 4397 timere
2509 4351 2555 4396 te
2570 4343 2705 4415 leges
2726 4342 3096 4415 imperatorum
3121 4358 3141 4396 :
3166 4340 3261 4415 hoc
3283 4356 3519 4415 precem

1925 4415 2029 4485 ﬁde
2056 4430 2161 4468 non
2181 4415 2397 4481 timeret,
2420 4430 2568 4485 quem
2593 4411 2819 4485 Spiritus
2842 4422 3051 4467 sanctus
3071 4413 3325 4485 impleret.
3351 4411 3519 4481 Cujus

1926 4484 2143 4556 quidem
2170 4485 2246 4539 rei
2268 4501 2425 4539 cau~a
2448 4484 2622 4556 eidem
2640 4484 2788 4539 Petri
2814 4485 3039 4553 apostoli
3060 4484 3367 4553 exemplum
3392 4499 3520 4556 pro-

1927 4555 2096 4627 ponit,
2114 4556 2204 4627 qui
2224 4555 2571 4627 diviuo132
2593 4564 2744 4627 artus
2763 4557 2961 4625 Spiritu
2987 4572 3084 4626 pro
3114 4557 3388 4611 Dominica
3413 4555 3519 4611 lide

1928 4626 2219 4684 erucilixas
2254 4638 2355 4682 est.
2388 4626 2585 4682 verum
2621 4626 2770 4682 Felix
2819 4630 2932 4697 ipse
2964 4628 3130 4684 nimio
3158 4627 3521 4683 contentionis

1928 4700 2107 4755 studio
2139 4700 2421 4764 adductus,
2450 4699 2520 4752 ita
2545 4700 2873 4770 respondere
2892 4701 3192 4770 Augustino
3212 4714 3375 4754 ausus
3396 4708 3477 4753 est
3502 4716 3516 4751 :

1930 4772 1999 4827 Et
2030 4774 2249 4840 apostoli
2287 4774 2582 4825 timuerunt.
2615 4770 2767 4840 Quod
2793 4786 2986 4825 novum
3017 4771 3212 4826 Felicis
3239 4770 3520 4824 Manichati

1930 4844 2184 4913 eﬂugium
2212 4843 2352 4898 idem
2376 4854 2594 4897 sanctus
2623 4842 2782 4897 Pater
2810 4844 3018 4909 eripere
3048 4846 3291 4911 cupiens,
3330 4855 3523 4913 quem-

1931 4911 2220 4969 admodum
2251 4914 2779 4984 apostoliwtyrannos
2812 4915 3117 4968 timuissent
3145 4914 3324 4965 statim
3372 4911 3521 4965 hisce

1933 4986 2114 5041 verbis
2144 4983 2446 5054 explicavit.
2482 4983 2782 5038 Timuerunt
2814 4984 2933 5055 (ait)
2962 4992 3020 5055 ut
3043 4988 3303 5055 caverent_,
3329 4995 3432 5033 non
3464 4991 3524 5055 ut

1936 5057 2092 5140 ﬁdem
2128 5050 2274 5140 suam
2301 5050 2872 5140 comprehensifdicerle
2899 5050 3524 5140 dubiturentglnligltupaulu

1938 5122 2099 5197 infra,
2150 5128 2343 5183 leviter
2370 5122 2426 5181 ei
2453 5130 2569 5181 sine
2600 5127 2703 5180 ulla
2736 5124 3023 5197 verborum
3051 5122 3403 5191 ambiguitate
3430 5132 3527 5176 aut

1938 5201 2266 5257 contumelia
2308 5213 2431 5254 eum
2475 5197 2721 5267 ohjurgat
2756 5196 2897 5263 quod
2944 5197 3323 5267 imperatorem
3366 5200 3524 5247 antea

1940 5288 2046 5327 non
2096 5272 2368 5338 timuerit,
2400 5279 2459 5323 ut
2486 5265 3015 5338 comminiscebatur,
3057 5265 3183 5338 quia
3232 5274 3388 5317 antea
3418 5278 3525 5318 non

1939 5342 2106 5399 tacuit
2145 5359 2158 5397 :
2200 5336 2359 5396 Nam
2394 5341 2485 5394 etsi
2531 5341 2889 5410 imperatorem
2930 5336 3219 5410 timuisses,
3278 5343 3399 5410 unte
3449 5346 3528 5410 tu-

1942 5415 2152 5470 cuisses.
2182 5412 2251 5469 Et
2297 5427 2419 5467 cum
2452 5406 2701 5465 hesterna
2730 5408 2817 5463 die
2844 5408 2895 5462 in
2927 5406 3307 5462 Manichteismi
3346 5408 3527 5474 suSpi-

1944 5486 2151 5541 cionem
2183 5485 2339 5541 Felix
2356 5483 2541 5537 luisset
2567 5478 2850 5547 adductus,
2883 5479 2951 5534 ad
2977 5478 3122 5533 urbis
3159 5478 3405 5547 Hippone
3431 5492 3527 5530 cu-

1943 5567 2164 5630 ratorem
2193 5555 2520 5630 provocavit,
2532 5551 2633 5630 cui
2661 5549 2845 5630 Iibello
2871 5549 3112 5630 exhibito
3152 5547 3377 5630 publice.
3412 5548 3529 5602 cla-

1944 5618 2230 5687 mitaverat
2257 5642 2318 5684 se
2341 5627 2492 5697 juxta
2520 5620 2896 5678 Diocletianum
2927 5623 3119 5695 legem,
3146 5635 3269 5676 cum
3298 5618 3411 5676 suis
3438 5633 3530 5676 co-

2019 5768 2096 5846 (ο)
2124 5765 2451 5832 Tilletnontii
2472 5762 2757 5842 judicium,
2787 5771 2918 5823 tom.
2956 5759 3047 5831 1v,
3080 5775 3204 5836 pag.
3231 5758 3359 5822 tos.
