3988 6314
174 355 274 411 921

172 472 342 528 stinus
373 488 389 528 :
422 470 558 539 Quid
596 471 782 539 plura?
814 470 975 525 coacti
1003 469 1281 539 aliquando
1306 473 1754 521 murmurarerunt
1781 468 1833 525 Α

171 544 404 598 sustineri
432 538 525 597 illa
553 538 797 597 mandata
832 559 932 598 non
974 558 1137 613 posse,
1184 540 1304 597 inde
1351 540 1406 594 in
1453 538 1750 593 seditionem

173 616 406 687 abeuntes
435 616 540 687 (a).

245 686 297 739 5.
339 682 544 741 Nemini
595 686 808 742 interim
875 692 1052 739 autem
1102 684 1358 752 prolixior
1410 682 1524 737 haec
1571 691 1752 736 nostra

171 762 343 811 oratio
370 758 603 812 videatur
631 772 789 826 quam
814 772 933 810 esse
963 757 1262 826 oportebat.
1298 752 1469 826 Nemo
1496 764 1752 820 praeterea

172 839 410 882 nostram
442 824 705 882 scribendi
758 828 1019 881 rationem
1059 824 1437 894 reprehendat,
1479 825 1619 894 quod
1669 840 1754 878 res

171 899 224 953 in
254 900 428 953 Africa
457 909 640 954 contra
671 898 990 953 Manicbmos
1020 905 1199 967 gestas
1245 911 1366 949 cum
1418 895 1482 950 iis
1519 910 1639 967 quae
1665 896 1753 949 diu

169 978 322 1024 antea
380 972 562 1025 Romae
618 972 958 1038 contigerant
1014 966 1337 1038 permiscere
1397 966 1748 1038 voluerimus.

175 1040 384 1094 Etenim
430 1052 550 1095 uta
588 1036 1098 1111 Carthagineusibus
1143 1036 1538 1111 episcopalibus
1585 1038 1758 1111 gestis

168 1126 455 1180 parumper
490 1108 915 1183 digrederentur,
950 1112 1054 1183 duo
1085 1110 1550 1183 pOtissimutn_r_tos
1585 1108 1759 1183 impne

170 1178 300 1238 lere.
336 1178 576 1238 Alterum
612 1193 693 1236 est
724 1181 957 1237 schisma
1000 1178 1128 1235 illud
1156 1180 1297 1248 quod
1338 1178 1391 1233 iu
1433 1178 1753 1233 Manicliwo-

166 1268 283 1307 rum
315 1256 744 1309 confessionibus
783 1268 813 1306 a
862 1252 1085 1307 notariis
1125 1250 1372 1320 exceptis
1400 1250 1568 1319 magis
1596 1260 1756 1318 atquo

167 1328 335 1394 magis
362 1326 683 1394 patefacmm
714 1332 813 1378 est.
839 1324 938 1378 Cui
966 1339 1085 1376 cum
1112 1321 1256 1377 aliud
1289 1324 1585 1394 Itomanum
1609 1320 1754 1394 quod

168 1390 515 1466 praecesserat
548 1397 791 1466 apprime
827 1394 1270 1466 _respondeat,jet
1303 1390 1447 1446 iatud
1491 1392 1543 1446 in
1588 1392 1753 1466 nostri

165 1465 385 1521 lectoris
425 1462 709 1521 utilitatem
754 1464 990 1519 indicare
1035 1478 1140 1518 non
1191 1464 1539 1533 incongruum
1566 1462 1757 1517 existi-

166 1540 455 1591 mavimus.
493 1539 735 1592 Alterum
760 1551 890 1589 vero
920 1544 1003 1591 est
1032 1537 1385 1605 quorumdam
1418 1533 1545 1605 olim
1579 1533 1755 1605 magni

167 1608 403 1663 nominis
455 1608 729 1662 hominum
764 1606 969 1677 opinio,
1018 1607 1105 1674 qui
1151 1605 1327 1658 otnnia
1374 1604 1753 1677 ecclesiastica:

166 1678 410 1733 historiae
460 1673 814 1733 monumenta
851 1673 1222 1745 susijuedeque
1248 1682 1536 1739 vertentes,
1580 1673 1751 1729 Mani-

167 1748 442 1803 chteornm
483 1750 536 1804 in
587 1753 769 1805 urbem
819 1748 1040 1802 Romam
1092 1748 1378 1800 adventum
1427 1748 1637 1799 nonnisi
1684 1746 1752 1799 ab

170 1834 313 1891 anno
340 1819 445 1874 627
486 1820 830 1891 repetendum
875 1833 994 1873 esse
1036 1819 1385 1871 contendunt.
1430 1815 1674 1891 Profecto
1703 1818 1747 1869 si

170 1889 394 1944 istorum
430 1885 596 1944 staret
626 1891 822 1958 Opinio,
858 1905 961 1943 non
1006 1896 1207 1941 tantum
1242 1885 1750 1958 Augustinianorum

168 1962 485 2024 scriptorum
518 1956 674 2014 ﬁdes
702 1967 928 2023 nutaret,
975 1958 1066 2011 sed
1112 1957 1341 2027 plurium
1386 1956 1750 2013 Romanorum

163 2029 476 2097 pontiﬁcum
511 2031 722 2083 decreta
748 2039 800 2083 et
825 2029 1253 2093 constitutiones,
1284 2044 1350 2083 ex
1379 2028 1573 2095 quibus
1604 2029 1751 2085 Alri-

161 2113 313 2153 cana:
345 2101 598 2155 Ecclesia:
630 2100 881 2163 przesules
926 2114 1018 2155 eas
1048 2099 1345 2169 disciplinae
1375 2100 1589 2169 regulas
1624 2101 1754 2154 hau-

160 2178 370 2241 serunt,
405 2181 462 2224 ut
503 2172 554 2225 in
596 2171 917 2226 Manichzeos
948 2172 1486 2233 animadverteretur,
1533 2186 1750 2241 pessum

157 2240 391 2312 abirent.
428 2241 594 2310 Hujus
633 2253 811 2298 autem
857 2243 1127 2312 opinionis
1180 2240 1753 2312 potissimum’auctor

154 2310 263 2384 fuit
286 2311 624 2380 Quesnellus,
655 2310 1110 2383 quemadmodum
1139 2310 1195 2368 in
1224 2313 1571 2384 sequentibus
1605 2313 1752 2382 capi-

154 2380 304 2436 tibus
330 2385 616 2440 ostendere
647 2380 1003 2439 reservamus.
1302 2380 1319 2384 ⁷
1462 2386 1482 2406 ⁶

233 2452 357 2527 Ιεωγ
385 2469 514 2509 vero
545 2457 611 2509 ad
639 2471 756 2510 eam
790 2457 1169 2511 ecclesiasticas
1190 2455 1488 2521 disciplina:
1524 2456 1694 2527 legem
1718 2472 1750 2514 ι

150 2539 265 2593 qua
312 2526 703 2595 aliquantulum
745 2527 970 2597 digressi
1010 2543 1196 2582 sumus
1236 2526 1595 2592 revertentes,
1633 2545 1752 2583 eam

154 2596 283 2668 sine
330 2598 433 2650 ulla
482 2612 701 2667 prorsus
731 2600 1099 2666 episcenoruut
1145 2597 1474 2667 indulgentia
1523 2600 1750 2668 rigidius

152 2665 332 2722 fuisse
361 2665 652 2734 servatam,
679 2665 783 2723 alia
825 2669 1065 2737 ejusdem
1110 2665 1602 2734 sancti—Augustini
1637 2687 1664 2724 e
1709 2673 1751 2724 i-

152 2737 300 2792 stola
340 2740 739 2793 evidentissime
786 2740 1054 2793 patefacit.
1098 2739 1451 2793 Comoererat
1482 2741 1623 2793 enim
1662 2686 1751 2793 θί-

150 2737 300 2792 stnla
340 2740 739 2794 evidentissime
786 2740 1054 2807 patefacit.
1098 2739 1451 2808 Couipererat
1482 2741 1623 2795 enim
1662 2737 1752 2796 Vi-

150 2809 431 2863 ctorinqu
455 2810 735 2878 quemdam
760 2810 1181 2873 Mallianensem,
1208 2814 1259 2864 in
1282 2812 1519 2865 clericali
1538 2812 1753 2866 subdia-

152 2893 391 2934 conzuus
444 2881 631 2937 ordine
677 2883 1025 2935 constitutum
1080 2880 1406 2936 Manichaiea
1454 2896 1574 2936 esse
1630 2883 1751 2938 labe

148 2950 445 3020 pollutum.
473 2951 763 3021 Propterea
785 2953 1062 3006 catholica!
1084 2952 1360 3018 religionis
1383 2954 1562 3005 studio
1579 2962 1750 3017 actus,

150 3023 347 3076 statim
381 3023 585 3077 litteras
614 3023 678 3077 ad
712 3022 1020 3077 Deuterium
1053 3024 1294 3089 ejusdem
1326 3024 1616 3093 provincia:
1643 3025 1755 3091 epi-

149 3107 386 3164 scopum
415 3093 585 3158 dedit,
614 3105 668 3147 ut
692 3095 834 3148 hunc
857 3094 1107 3149 clericum
1131 3092 1477 3164 praecaveret.
1503 3092 1580 3148 Ne
1608 3094 1755 3149 video

148 3163 291 3219 licet
320 3180 413 3233 per
440 3165 762 3227 socordiam,
796 3176 888 3217 aut
930 3165 1042 3233 ejtts
1074 3163 1472 3235 negligentiam,
1508 3165 1754 3221 inimicus

151 3235 349 3299 homo,
373 3236 462 3305 qui
485 3236 609 3289 ovili
639 3236 916 3291 Dominico
936 3244 1175 3305 ereperat
1200 3235 1462 3298 insidiari,
1494 3235 1754 3291 Cbristia-
1784 3240 1831 3304 ρ

149 3321 363 3377 norunt
382 3310 588 3361 animas
621 3316 760 3360 tanta
789 3308 952 3377 pretio
977 3318 1297 3375 comparatas
1325 3307 1575 3375 perderet.
1604 3307 1757 3363 lluuc

150 3392 292 3447 ergo
322 3376 655 3433 Victorinum
688 3376 1013 3448 Augustinus
1054 3379 1105 3432 in
1147 3377 1407 3447 judicium
1439 3390 1760 3447 vocaverat;

148 3459 207 3504 et
242 3462 532 3518 antequam
561 3465 588 3502 a
623 3450 849 3503 testibus
891 3452 979 3517 qui
1024 3464 1144 3505 eum
1186 3458 1576 3504 accusaverant
1606 3464 1763 3505 coar-

155 3530 449 3591 gueretur,
485 3522 840 3590 interrogatus
870 3522 1049 3574 laesam
1078 3536 1225 3591 suam
1244 3521 1409 3591 [idem
1438 3536 1634 3590 negare
1654 3537 1763 3577 non

151 3590 359 3660 potuit.
394 3590 460 3645 Et
492 3591 691 3646 ideirco
720 3591 1006 3645 auditorem
1052 3590 1481 3657 Manichmarunt,
1515 3608 1617 3645 non
1662 3594 1765 3647 elc-

150 3671 325 3725 ctmn,
359 3679 414 3715 se
442 3678 549 3717 esse
575 3666 836 3731 confessus
858 3671 951 3716 est.
973 3660 1139 3731 Cujus
1161 3665 1377 3732 quidem
1406 3664 1763 3719 confessionis

151 3733 335 3789 veluti
379 3747 643 3788 summam
684 3732 938 3803 episcopo
976 3733 1229 3789 Deuterio
1276 3732 1511 3801 subjicit,
1559 3742 1617 3789 ut
1657 3736 1762 3790 im-

151 3806 339 3859 mania
373 3806 738 3874 sacrilegaque
769 3803 1003 3875 facinora
1031 3804 1420 3875 percurrendo,
1464 3808 1760 3875 generatim

149 3877 356 3929 saltem
388 3876 828 3943 corruptiSsimos
859 3874 1016 3944 hujus
1036 3874 1041 3875 ⁷
1063 3889 1226 3931 secus:
1272 3890 1452 3930 mores
1472 3874 1760 3945 'impiaque

150 3946 413 4018 dogmata
444 3946 742 4018 intelligere
772 3957 971 4013 posset.
996 3947 1123 4002 Post
1154 3948 1265 4018 hate
1296 3957 1474 4000 autem
1502 3946 1760 4018 ecclesia-

151 4018 315 4071 sticae
346 4016 645 4088 disciplina:
690 4022 904 4087 regulas
942 4020 993 4073 in
1035 4017 1342 4071 Manichaais
1373 4016 1760 4087 penitentibus

149 4088 491 4158 recipiendis
538 4088 929 4153 observandas,
979 4098 1069 4141 aut
1123 4088 1173 4142 ei
1224 4102 1533 4156 suggerere,
1576 4098 1665 4142 aut
1706 4090 1758 4143 in

152 4161 282 4227 ejus
321 4170 553 4214 mentem
592 4174 845 4216 revocare
885 4159 1074 4213 voluit.
1105 4158 1249 4225 Quas
1280 4158 1473 4212 deinde
1516 4172 1634 4211 cum
1676 4173 1760 4212 se-

146 4244 284 4286 cum
318 4240 645 4299 reputasset,
689 4230 982 4299 seduloque
1031 4228 1518 4299 animadvertisset,
1560 4228 1762 4299 Optime

149 4297 451 4371 perspecta
484 4297 808 4370 prtccedenti
837 4297 1098 4356 Victorini
1124 4298 1337 4354 vivendi
1365 4300 1591 4371 ratione,
1620 4297 1761 4355 hunc

146 4370 252 4426 eas
293 4370 705 4427 observaturum
757 4387 861 4426 non
906 4386 1029 4427 esse
1078 4372 1311 4441 graviter
1360 4370 1754 4439 suspicabatur.

144 4442 344 4566 enare
376 4459 445 4498 ne
470 4443 577 4498 levi
604 4444 913 4512 suspicione
945 4443 1148 4499 moveri
1176 4441 1471 4505 videretur,
1499 4442 1761 4498 anteactis

203 4515 429 4566 icturini
462 4514 700 4566 moribus
727 4515 779 4566 in
808 4514 1041 4566 medium
1078 4513 1344 4566 adductis.
1387 4514 1452 4565 ad
1483 4527 1600 4566 eam
1636 4527 1759 4566 oro-

203 4515 429 4568 ictorini
462 4514 700 4569 moribus
727 4515 779 4569 in
808 4514 1041 4569 medium
1078 4513 1344 4577 adductis,
1387 4514 1452 4565 ad
1483 4527 1600 4566 eam
1636 4527 1759 4581 pro-

143 4593 324 4641 vocat
378 4586 643 4641 ﬁctionem
690 4602 814 4656 qua,
865 4588 966 4640 sub
1013 4584 1259 4639 simulata
1304 4582 1585 4637 catholica:
1633 4583 1757 4639 ﬁdei

145 4657 503 4728 professione
529 4670 579 4710 et
611 4655 748 4728 sacri
778 4656 1130 4711 ecclesiastici
1165 4655 1583 4728 subdiaconatus
1608 4656 1756 4710 ordi-

144 4726 241 4784 his
269 4729 475 4793 colore,
499 4727 879 4783 Maniehaicam
906 4728 1240 4797 religionem,
1264 4740 1423 4796 quam
1445 4726 1607 4780 corde
1629 4742 1755 4796 pro-

144 4799 433 4863 litabatur,
491 4802 636 4853 nisus
692 4802 864 4853 fuerat
916 4800 1182 4854 occulere.
1240 4797 1394 4851 Hunc
1448 4812 1599 4866 ergo,
1644 4809 1754 4852 tant

142 4875 312 4941 gravi
348 4870 608 4925 adductus
654 4870 929 4939 scrupulo,
974 4870 1323 4941 Augustinus,
1363 4877 1610 4941 ξιερλροεῐ
1637 4868 1774 4941 θίαν*

145 4938 314 4999 ratos
340 4957 577 5008 errores,
608 4938 874 5011 tamquam
907 4938 1250 5006 minitantem
1278 4940 1329 4993 in
1359 4938 1601 5011 Ecclesia
1626 4940 1761 4994 reci-

142 5014 425 5086 piendum
454 5028 575 5069 esse
600 5009 836 5078 censuit;
861 5011 979 5079 sed,
1013 5012 1157 5086 omni
1180 5009 1480 5086 disciplina:
1504 5010 1759 5086 ecclesia-

141 5080 320 5141 suos
342 5100 522 5154 rigore
550 5092 786 5150 servato,
817 5098 937 5149 eum
953 5084 1245 5138 coercitum
1269 5097 1331 5135 ex
1361 5080 1599 5151 llippona
1628 5082 1760 5154 urbe

140 5167 204 5211 et
234 5153 466 5211 diazcesi
500 5156 802 5226 pellendum
832 5154 1057 5209 curavit.
1089 5154 1258 5218 Quem
1290 5162 1477 5226 tamen
1500 5153 1758 5226 s_everiori

139 5228 346 5283 adhuc
386 5223 683 5299 alia'139
725 5226 1084 5299 ecclesiasuea
1124 5223 1480 5299 plenaplecti
1510 5223 1760 5299 Deuterio

142 5314 268 5354 suo
298 5295 854 5368 episcopoint‘andat;
910 5296 1035 5352 huic
1081 5297 1190 5351 Suis
1230 5295 1474 5368 epistolis
1515 5295 1756 5350 indicens

141 5381 218 5427 ut
246 5387 279 5424 a
312 5367 619 5441 clericorum
646 5370 812 5441 gradu
843 5384 1064 5438 congrue
1107 5367 1465 5441 ecclesiastica_
1492 5368 1758 5423 seueritate

139 5440 507 5499 Vielorinum
554 5436 832 5508 dejiceret,
886 5436 953 5493 ut
977 5440 1020 5493 is
1064 5452 1405 5509 quocumque
1453 5436 1661 5509 honore
1704 5447 1759 5493 et

143 5513 554 5572 communione
588 5512 824 5580 privatus
846 5508 1096 5565 omnibus
1122 5510 1499 5563 innotesceret.
1520 5508 1579 5561 Ei
1608 5510 1760 5565 deui-

140 5601 271 5657 que
303 5584 509 5657 petenti
536 5582 1062 5657 pmtiitentigloctim
1098 5580 1398 5657 concedere
1421 5580 1642 5657 omnino
1678 5595 1763 5635 ve-

137 5650 273 5725 tat;
302 5650 404 5712 nisi
433 5665 482 5711 et
509 5655 637 5710 alios
653 5670 780 5727 quos
806 5652 913 5709 illic
939 5654 1073 5709 novit
1095 5669 1203 5710 esse
1221 5650 1637 5722 manifestaverit,
1660 5666 1763 5708 non

1782 1857 1829 1918 Β

1786 4621 1843 4683 D

227 5800 317 5879 (α)
358 5799 595 5880 Consule
636 5799 885 5861 eumdem
915 5798 1140 5873 August.
1185 5796 1279 5856 lib.
1306 5794 1604 5859 vConless.
1633 5810 1753 5870 cap.
1830 5870 1852 5880 _

134 5872 262 5951 II;
294 5872 443 5935 num.
466 5872 558 5933 21.

934 351 1020 409 DE
1059 345 1589 409 MANICHEORUM
1628 342 1906 401 HERESI
1946 343 2033 399 ET
2076 343 2395 400 HISTORIA
2431 344 2561 402 LIB.
2601 346 2666 403 ll.

3337 346 3447 404 92?.

1858 463 2025 547 solum
2049 462 2103 515 in
2143 459 2421 532 Malliana,
2461 465 2551 520 sed
2596 466 2647 520 in
2688 466 2800 538 ipsa
2844 473 2950 523 tota
2987 467 3192 524 omnino
3234 468 3446 542 provin-

1859 552 1959 589 σω.

1930 607 1983 662 6.
2016 606 2213 663 Rerum
2238 624 2397 677 porro
2421 607 2609 662 barum
2634 623 2892 668 summam
2924 627 2985 665 ex
3018 612 3295 677 Augustini
3328 612 3443 677 epi-

1856 680 1994 753 stola
2024 678 2149 743 ‘256,
2184 682 2310 734 oliui
2352 696 2481 733 vero
2514 680 2609 753 77,4,
2643 696 2739 734 nos
2770 683 2867 753 ipsi
2907 684 2971 737 ad
3017 684 3433 752 patelaciendam

1857 752 2275 806 ecclesiasticam
2333 767 2453 805 eum
2512 752 2817 810 Manichaeis
2866 756 3153 808 adhibitam
3204 754 3440 820 discipli-

1861 838 1983 876 nam
2007 824 2373 891 esct‘rpsimus
2399 822 2492 894 (lt).
2522 822 2639 889 Qun
2661 840 2799 878 anno
2825 836 2999 880 autem
3026 825 3083 881 S.
3112 828 3298 880 ductor
3318 842 3437 880 eam

1858 893 2158 961 scripserit,
2207 896 2357 947 latuit
2398 894 2718 948 novissimus
2757 896 3031 966 Augustini
3058 895 3289 962 Operum
3321 897 3438 950 edi-

1863 974 2029 1027 tores,
2053 965 2143 1034 qui
2173 980 2290 1018 eatn
2325 966 2375 1018 in
2403 975 2646 1034 quartam
2674 965 3017 1034 epistularum
3047 968 3272 1023 classem
3304 970 3439 1035 reje-

1859 1044 2069 1091 cerunt.
2107 1036 2297 1109 Earum
2326 1036 2574 1109 videlicet
2606 1053 2819 1104 quarum
2851 1049 3046 1109 tempus
3086 1038 3253 1091 minus
3300 1056 3439 1091 com-

1861 1117 2059 1177 pertum
2089 1116 2181 1160 est.
2233 1107 2336 1161 Sed
2380 1108 2431 1161 in
2466 1109 2869 1174 praemunitione
2917 1107 2983 1163 ad
3010 1109 3142 1161 duos
3184 1110 3251 1159 de
3294 1109 3441 1162 Actis

1860 1192 1983 1249 cum
2010 1177 2183 1231 Felice
2213 1177 2505 1232 Manichzeo
2536 1178 2720 1247 libros,
2750 1190 3017 1234 vetustum
3048 1179 3314 1249 quoddam
3340 1180 3442 1233 Fe-

1862 1248 2071 1302 liciana:
2114 1252 2463 1317 professiOnis
2512 1250 2865 1313 lragmeutum
2917 1267 3036 1305 cum
3071 1248 3147 1303 ex
3194 1249 3439 1315 Baronin,

1861 1326 1975 1390 tum
2021 1335 2086 1375 ex
2117 1318 2445 1375 Gervasiano
2485 1322 2692 1385 codice,
2742 1322 2840 1390 ipsi
2894 1320 3178 1390 Augustini
3209 1318 3440 1388 Operum

1861 1389 2099 1461 editores
2146 1391 2196 1444 in
2247 1393 2479 1445 medium
2519 1389 2810 1461 adducunt,
2856 1389 3346 1461 quorinlelligitnus
3378 1407 3441 1444 ex

1859 1459 1962 1515 hac
1993 1462 2181 1515 btrresi
2208 1463 2274 1515 ad
2313 1462 2605 1516 Ecelesiam
2650 1459 2926 1519 venientes
2974 1478 3262 1527 numquam
3298 1476 3445 1516 rece-

1860 1532 2195 1605 ptosluisse,
2235 1534 2341 1605 nisi
2383 1537 2613 1603 primunt
2656 1535 2791 1590 alios
2817 1535 3059 1605 ejusdem
3105 1543 3266 1589 sectas
3300 1533 3444 1587 viros

1860 1603 2172 1675 proderent,
2209 1614 2261 1659 et
2282 1604 2347 1658 ad
2373 1619 2500 1660 suos
2537 1603 2897 1661 Eeelesiaruin
2928 1607 3210 1675 episcopos
3236 1605 3318 1659 vel
3350 1619 3444 1674 pa-

1857 1684 2032 1729 stores
2061 1674 2369 1739 drlerrent;
2406 1692 2505 1732 nec
2532 1676 2806 1731 Maniclmi
2839 1679 2928 1747 qui
2966 1674 3235 1742 tamquam
3269 1676 3441 1745 ρωιιίο

1860 1751 2034 1799 tentes
2083 1746 2503 1816 recipiebantur,
2538 1749 2763 1803 aliorum
2816 1746 2973 1815 huius
3014 1758 3178 1803 secta:
3208 1748 3441 1801 virorum

1858 1816 2073 1888 nomina
2119 1819 2509 1887 patelaeiehant
2552 1820 2641 1888 qui
2697 1836 2814 1875 eam
2846 1820 3123 1873 dumtaxat
3167 1818 3443 1873 dioecesim

1859 1885 2165 1959 incolebant
2214 1890 2278 1944 ad
2317 1890 2472 1959 cujus
2509 1885 2941 1946 communionem
2972 1899 3089 1958 post
3129 1890 3443 1944 reconcilia-

1859 1958 2021 2034 tionis
2048 1958 2450 2034 sacramentum
2490 1963 2593 2034 ipsi
2625 1972 2783 2034 erant
2813 1962 3054 2027 admissi,
3087 1962 3267 2034 sedet
3311 1962 3445 2034 alios

1858 2028 2015 2098 longe.
2047 2031 2258 2099 lateque
2300 2049 2395 2102 per
2426 2028 2589 2087 totam
2639 2033 2988 2102 provinciam,
3029 2032 3112 2087 vel
3141 2031 3272 2085 alias
3312 2031 3441 2085 vici-

1858 2103 2040 2155 niores
2083 2103 2355 2171 dispersos
2399 2105 2625 2169 prodere
2664 2106 3001 2160 tenebantur.
3054 2103 3105 2157 Id
3159 2104 3440 2171 perspicue

1859 2170 2146 2229 innotescit
2173 2191 2237 2228 ex
2279 2174 2444 2241 ipsius
2474 2175 2668 2231 Felicis
2710 2175 2977 2240 quondam
3013 2173 3289 2229 Manicbmi
3314 2189 3445 2226 eon-

1858 2241 2111 2315 fessione,
2142 2246 2211 2299 de
2242 2262 2347 2315 quo
2384 2245 2436 2301 itt
2466 2246 2835 2311 superioribus
2860 2247 3022 2301 verba
3064 2244 3285 2300 fecimus
3313 2260 3325 2297 :
3356 2243 3447 2297 Vi-

1858 2314 2052 2369 delicet
2084 2314 2233 2371 Felix
2262 2314 2532 2372 conversus
2564 2335 2629 2373 ea:
2655 2318 2953 2372 Manichwis
2986 2319 3115 2380 dixi,
3148 2315 3237 2369 sub
3266 2315 3446 2375 testiﬁ-

1859 2389 2060 2459 catione
2090 2386 2225 2453 Dei,
2267 2406 2346 2443 me
2385 2390 2555 2445 omnia
2604 2406 2722 2444 vera
2764 2390 3042 2459 conﬁteri,
3088 2388 3151 2459 de
3197 2403 3296 2457 quo
3338 2386 3444 2439 scio

1858 2456 2197 2525 Maniclueos,
2246 2460 2324 2515 vel
2384 2459 2724 2526 Manichwas,
2774 2463 2827 2515 in
2865 2456 3038 2526 partes
3083 2456 3444 2522 Cwsarienses,

1858 2526 2084 2603 Matium
2126 2539 2173 2583 et
2223 2530 2577 2603 Lantpadiami
2606 2549 2817 2587 uxorem
2859 2531 3103 2586 Mercurii
3143 2529 3442 2603 argentarii,

1855 2601 2045 2675 quibus
2092 2604 2246 2656 etiam
2275 2601 2491 2675 electum
2536 2602 2904 2658 Eucharistum
2934 2602 3443 2675 pariterdorat'imus,

1857 2669 2134 2727 Caesariam
2183 2685 2231 2728 et
2281 2673 2536 2729 Lucillum
2581 2676 2742 2741 ﬁliam
2774 2669 2945 2740 suam,
2987 2672 3447 2741 Candidamtqua:

1854 2754 2219 2817 commoratur
2251 2745 2516 2817 Thipas_se,
2564 2740 2883 2817 Victorinum
2935 2744 3253 2814 Hispanam,
3303 2740 3447 2795 Sim-

1862 2814 2145 2883 plicianum
2188 2814 2394 2869 Antonii
2425 2815 2655 2880 Patrem,
2688 2815 2913 2870 Paulum
2946 2826 2990 2867 et
3027 2829 3248 2883 sororem
3278 2826 3445 2875 suam,

1856 2882 1944 2952 aui
1967 2896 2082 2938 sunt
2112 2884 2374 2954 Hippone,
2405 2904 2531 2951 quas
2569 2889 2723 2940 etiam
2764 2902 2853 2952 per
2886 2883 3108 2939 Mariam
3140 2896 3185 2937 et
3217 2882 3445 2954 Lampa-

1858 2951 1999 3007 diam
2028 2958 2147 3009 scivi
2170 2951 2279 3011 esse
2316 2956 2653 3011 Manicha'as.
2690 2958 2768 3011 Ex
2818 2956 2918 3010 hac
2948 2971 3075 3017 ergo
3104 2954 3300 3009 Felicis
3338 2951 3445 3005 Ma-

1858 3024 2050 3078 nicbzei
2082 3026 2147 3079 ad
2176 3026 2494 3082 catholicam
2529 3028 2686 3082 [idem
2734 3028 3055 3081 revertentis
3086 3023 3445 3087 confessione,

1860 3107 2066 3151 vetuSIa
2100 3098 2187 3151 illa
2232 3100 2482 3153 Ecclesiae
2519 3098 2798 3166 disciplina
2831 3096 3136 3161 innoteseit,
3170 3109 3273 3165 qua
3315 3108 3444 3147 cau-

1859 3175 1972 3220 tum
2001 3181 2115 3222 erat
2159 3185 2226 3223 ne
2258 3185 2509 3237 umquam
2554 3169 2618 3223 ad
2670 3168 3120 3223 recomiliationis
3145 3179 3446 3237 sacramen-

1864 3248 1975 3292 tum
2008 3235 2443 3305 adtuitterentur,
2476 3240 2576 3294 nisi
2624 3240 2724 3295 sub
2753 3238 3137 3300 omnip0tentis
3170 3235 3259 3290 Dei
3299 3235 3448 3290 testi-

1869 3310 2121 3365 ﬁcatione
2152 3312 2441 3381 proderent
2470 3322 2731 3381 quotquot
2770 3320 3028 3365 noverant
3058 3307 3336 3381 ealmresi
3370 3306 3449 3381 in:

1868 3376 2405 3451 quinatoszuorum
2452 3376 2665 3438 tandem
2707 3384 2751 3437 si
2780 3384 3043 3451 petiitens
3072 3379 3304 3449 aliquem
3345 3376 3448 3431 sibi

1868 3462 2054 3507 notum
2082 3453 2147 3505 ad
2181 3455 2576 3509 ecclesiasticos
2601 3453 2810 3523 jndiees
2853 3453 3036 3507 dolose
3060 3452 3269 3523 deferre
3296 3463 3448 3523 prte-

1871 3525 2216 3592 tern-isisset,
2242 3528 2350 3593 jam
2395 3521 2615 3580 laudata
2653 3524 3089 3580 reconciliatione
3122 3521 3449 3593 efﬁciebatur

1867 3594 2138 3665 indignus.
2185 3591 2471 3667 Propterea
2522 3598 2661 3652 idem
2711 3597 2855 3651 ltielix
2890 3596 3026 3651 hanc
3058 3610 3211 3650 suam
3237 3591 3449 3667 confes:

1867 3664 2075 3721 sionem
2117 3667 2198 3722 ltis
2228 3664 2406 3724 verbis
2447 3670 2641 3724 clausit
2670 3687 2683 3722 :
2718 3668 2837 3722 Hoc
2865 3679 3057 3722 tantum
3083 3668 3211 3728 scio,
3241 3666 3374 3731 quod
3403 3664 3449 3716 si

1864 3738 2013 3791 aliud
2058 3739 2319 3794 inuentum
2350 3740 2501 3810 fuerit
2532 3757 2612 3794 me
2640 3740 2773 3795 scire
2802 3756 2959 3811 supra
2998 3755 3151 3811 quam
3194 3738 3327 3803 dixi,
3371 3751 3449 3789 me

1865 3823 2009 3881 reum
2022 3826 2123 3881 ego
2148 3811 2257 3879 ipse
2283 3812 2545 3879 conﬁteor.
2662 3874 2670 3881 ,

1937 3879 1991 3933 7.
2016 3879 2121 3934 seu
2147 3898 2211 3935 ex
2242 3884 2567 3951 prmcedenti
2598 3879 2695 3937 bac
2726 3881 2920 3937 Felicis
2950 3880 3289 3951 confessione
3310 3893 3449 3951 non-

1865 3949 1993 4023 dum
2025 3949 2328 4019 plettius‘et
2370 3953 2657 4023 perfecﬁus
2682 3955 2846 4023 Villius
2876 3953 3107 4019 antiquas
3131 3950 3447 4023 disciplinae

1864 4020 2007 4073 ratio
2035 4031 2086 4073 et
2134 4023 2270 4077 ordo
2319 4020 2623 4078 innoteseit.
2679 4022 2891 4076 Etenim
2940 4037 3061 4075 eum
3095 4020 3333 4087 plerique
3377 4034 3445 4071 ex

1866 4089 2177 4145 Manichais
2220 4109 2508 4162 numquam
2552 4106 2708 4146 sacro
2752 4092 3087 4160 baptismatis
3118 4090 3337 4162 lavacro
3364 4103 3449 4162 es-

1866 4173 1988 4214 sent
2020 4164 2347 4228 regenerati,
2371 4158 2425 4218 et
2445 4162 2718 4233 gentilium
2742 4158 2892 4231 quasi
2920 4162 3024 4215 ritu
3051 4173 3265 4233 semper
3290 4158 3450 4233 vi_x_is-

1867 4238 2012 4295 sent,
2044 4234 2132 4284 alii
2166 4248 2295 4287 vero
2325 4249 2391 4287 ex
2416 4228 2676 4288 catholica
2707 4228 2963 4285 societate
2983 4230 3315 4298 aulugiemes
3339 4228 3450 4282 Ma-

1866 4300 1980 4356 neti
2011 4316 2204 4358 nomen
2253 4303 2532 4367 dederant,
2580 4304 2779 4358 idcirco
2808 4318 2914 4357 non
2944 4301 3130 4355 eadem
3171 4300 3451 4368 episcopo-

1864 4388 1988 4444 rum
2016 4376 2206 4443 agendi
2238 4374 2373 4429 ratio
2419 4389 2540 4431 esse
2582 4384 2794 4444 poterat
2833 4374 2884 4428 in
2917 4372 3156 4442 utrisque
3187 4369 3450 4444 recipien-

1868 4443 1975 4515 dis.
2040 4446 2104 4498 Et
2157 4446 2373 4515 quidem
2431 4442 2617 4501 eorum
2670 4444 2895 4512 quilibet
2929 4458 3063 4510 quos
3120 4442 3451 4515 pmttilebanl

1864 4514 2105 4569 libellum
2138 4514 2495 4573 cnnfessionis
2540 4517 2700 4571 simul
2729 4525 2888 4587 atque
2918 4514 3243 4584 panitentize
3275 4514 3450 4587 lacere

1868 4587 2175 4661 tenebatur,
2202 4590 2253 4661 in
2279 4606 2406 4661 quo,
2436 4589 2774 4643 anathemate
2800 4584 3029 4661 primum
3060 4587 3254 4661 Maneti
3280 4584 3447 4661 dicto,

1865 4660 2025 4714 enixe
2074 4657 2311 4714 debebat
2348 4670 2561 4731 petere,
2604 4661 2688 4715 vel
2727 4657 3099 4731 catechumeui
3143 4659 3239 4731 vel
3278 4657 3449 4726 poeni-

1868 4734 2033 4785 tentis
2060 4731 2236 4787 locum
2278 4730 2561 4798 obtinere;
2606 4730 2868 4801 ejusmodi
2915 4746 3075 4801 porro
3104 4730 3312 4785 libellos
3338 4732 3451 4797 cpi-

1865 4803 2013 4872 scopi
2044 4804 2395 4871 recipiebant,
2421 4806 2623 4870 hosque
2650 4802 2944 4873 probabant
2970 4819 3037 4857 an
3065 4801 3444 4873 ecclesiasticis

1864 4883 2045 4945 essent
2072 4874 2379 4930 conl‘nrmes
2403 4875 2632 4945 regulis;
2656 4872 2772 4945 nec
2798 4875 2953 4929 aliter
2982 4875 3171 4929 iisdem
3199 4872 3445 4945 reconci-

1868 4942 2105 4998 liationis
2131 4946 2352 5014 epistola
2383 4941 2628 5013 dabatur,
2664 4944 2763 5001 nisi
2791 4962 2906 4999 cum
2951 4946 3031 4998 die
3054 4954 3101 4996 et
3128 4941 3364 4997 consule:
3385 4950 3450 5014 _nt

1870 5010 2179 5087 (nimirumj
2206 5034 2368 5085 neque
2408 5018 2472 5069 de
2497 5010 2761 5087 superiore
2790 5025 3013 5085 tempore
3035 5010 3448 5087 aliquantmole-

1866 5082 2018 5137 etiam
2053 5089 2127 5138 vel
2149 5082 2367 5162 publicis
2402 5082 2615 5162 legibus,
2662 5089 2738 5141 uel
2787 5082 3061 5155 disciplina
3101 5082 3444 5162 ecclesiastica

1866 5152 2177 5227 paterentur.
2226 5159 2282 5215 Si
2326 5152 2607 5229 quis'vero
2644 5167 2767 5229 post
2808 5152 3083 5229 acceptum
3126 5152 3448 5229 ecclesiasti-

1867 5221 2388 5301 i'um_testimonium
2420 5239 2475 5285 et
2501 5221 2889 5301 syngraphum,
2921 5221 3083 5301 certis
3107 5224 3281 5301 adhuc
3313 5221 3449 5275 indi-

1864 5297 1962 5371 ciis
1995 5299 2320 5355 Manichacus
2343 5295 2658 5371 apparebat,
2698 5295 2826 5353 tunc
2850 5298 3073 5371 justitiz
3101 5295 3445 5371 severitatem

1866 5368 1931 5422 ad
1964 5371 2196 5451 civilium
2224 5383 2276 5451 et
2309 5368 2792 5451 ecclesiasticarum
2827 5368 3192 5451 lwlegum
3221 5368 3443 5448 [urinam

1868 5442 2100 5510 experiri
2123 5444 2442 5512 cogebatur;
2469 5457 2602 5511 quos
2619 5441 2813 5496 deinde
2830 5438 3115 5512 Euiholicis
3143 5438 3273 5493 viris
3295 5451 3447 5505 pror-

1868 5527 1959 5584 sus
1993 5514 2143 5582 juxta
2190 5510 2541 5584 apostolicum
2570 5512 2675 5567 divi
2722 5512 2870 5565 Pauli
2902 5510 3207 5584 mandatum
3254 5522 3447 5584 cavere

1868 5576 2741 5655 jubebantur.'Commendabantur
2778 5593 2966 5655 autem,
2986 5583 3090 5655 qui
3120 5580 3360 5655 epistolas
3384 5576 3449 5633 ab

1871 5651 2122 5733 episc0pis
2142 5664 2460 5731 acceperant,
2485 5655 2739 5728 religiosis
2759 5651 3024 5712 catholicis
3042 5651 3243 5719 vicinis,
3266 5651 3343 5709 vel
3363 5667 3450 5708 co-

1938 5800 2015 5877 (b)
2049 5802 2330 5877 Augustini
2360 5802 2519 5877 epist.
2548 5800 2689 5868 256;
2719 5806 2895 5861 exstat
2922 5805 3052 5859 tom.
3076 5794 3141 5868 ll,
3172 5807 3290 5869 pag.
3320 5789 3445 5850 646.
