3988 6314
534 248 639 308 935

1114 244 1178 311 Ρ.
1217 241 1536 304 CACClARl
1573 238 2165 303 EXERCITATIONES
2205 244 2273 303 ΙΝ
2309 248 2371 306 S.
2408 245 2653 307 LEONlS
2690 242 2905 305 MAGNI
2942 240 3199 303 OPERA.

3684 244 3781 306 936

530 375 717 433 papam
746 356 1115 433 Theodosium:
1141 359 1197 414 in
1219 358 1533 415 Manichteos
1555 356 1683 429 legis
1703 373 1964 414 suasorem
1992 374 2115 429 pro-
2141 364 2187 425 Α
2219 361 2515 426 ﬁgmentis,
2547 364 2738 419 ritibus
2765 372 2819 419 et
2840 354 3403 433 impudicitiisafﬁnes
3430 357 3779 433 profiteretur,

530 432 615 487 cut
644 432 797 487 dubio
824 432 1097 486 exstitisse.

599 505 653 559 3.
683 503 869 574 Neque
903 519 1000 558 nos
1025 513 1204 557 tamen
1237 502 1539 559 inliciamur
1568 517 1685 560 eam
1723 502 2109 559 haereticorum

527 576 812 631 colluviem
840 590 908 629 ex
928 575 1332 629 Africaautaliis-
1350 576 1717 631 transmarinis
1740 576 1981 645 partibus
1995 589 2118 644 pro-

529 647 725 703 fectam
758 645 955 702 Urbem
992 647 1234 713 aliasque
1274 646 1441 701 Italiae
1470 648 1718 703 civitates
1759 646 2112 701 inhabitasse.

532 718 589 774 ld
614 718 771 773 facile
794 717 970 788 colligi
1014 726 1188 787 potest
1218 732 1286 771 ex
1322 717 1438 772 Vita
1462 718 1730 773 Anastasii
1769 732 1917 788 papae
1948 717 1998 785 l,
2025 718 2113 787 qui

530 801 748 846 mortuo
771 790 983 853 Siricio,
1011 790 1076 842 ad
1104 788 1468 857 pontificatum
1498 800 1737 855 evectus,
1764 790 1975 843 decreta
2005 790 2120 843 edi-

530 862 609 917 dit
638 879 652 914 :
684 860 828 915 nulla
852 863 1047 913 ratione
1076 860 1470 913 transmarinum
1497 860 1749 914 hominem
1771 862 1822 913 in
1851 860 2118 914 clericatus

532 932 779 1013 honorem
799 932 1147 1013 suscipinnisi
1175 932 1397 1013 quinque
1434 933 1787 1013 episcopo-rum
1812 931 2119 1013 [designaret

530 1002 1069 1087 chirograpl‘tosﬂuia
1095 1013 1143 1087 et
1162 1003 1592 1087 eodemtempore
1623 1001 1901 1087 ﬂanichtei
1931 1001 2119 1056 inventi

530 1087 648 1131 sunt
676 1071 729 1128 in
750 1077 873 1127 urbe
894 1071 1078 1127 Remo.
1111 1076 1181 1127 At
1208 1074 1519 1128 Anastasius
1540 1074 1683 1129 Petri
1711 1074 1962 1127 thronum
1987 1087 2119 1127 cou-

531 1147 737 1201 scendit
767 1160 909 1199 anno
931 1144 1130 1199 Christi
1162 1144 1287 1208 398,
1324 1145 1427 1199 hoc
1457 1145 1626 1199 est29
1656 1146 1807 1199 annis
1830 1154 2116 1213 antequam

532 1217 801 1271 Vandalus
829 1230 951 1271 cum
980 1215 1290 1285 suisciipiis
1313 1216 1485 1285 maria
1509 1218 1913 1270 transmitteret.
1958 1214 2121 1285 Igitur

531 1288 947 1344 Maiiicbteomiu
976 1288 1041 1340 ad
1076 1284 1275 1341 Urbem
1296 1284 1669 1355 commigratio
1704 1303 1768 1340 ex
1805 1288 2000 1341 Africa:
2034 1302 2118 1342 re-

532 1358 632 1415 bus
683 1375 714 1413 a
771 1356 1025 1413 Vandalis
1074 1358 1366 1427 proﬂigatis
1412 1360 1632 1413 minime
1678 1369 1761 1414 est
1804 1357 2117 1425 repetenda.

531 1430 787 1498 Quamvis
807 1446 866 1484 re
891 1430 1001 1495 ipsa
1028 1442 1132 1482 non
1157 1444 1343 1482 eamus
1364 1429 1569 1483 inticias
1588 1439 1710 1498 post
1732 1428 1923 1483 Africa:
1942 1440 2117 1484 vasta-

535 1506 737 1558 tionem
766 1500 1071 1555 crebriores
1095 1500 1263 1554 factos
1292 1499 1458 1553 fuisse
1495 1499 1549 1553 in
1583 1500 1726 1556 Urbe
1770 1498 2116 1568 Manichzeos,

532 1571 588 1630 in
615 1588 717 1642 qua
737 1571 846 1639 jam
870 1571 1073 1640 pridem
1108 1574 1265 1635 hujus
1294 1571 1553 1640 improbi?
1577 1581 1739 1626 secta:
1767 1572 2010 1625 homines
2036 1572 2119 1625 in-

533 1653 618 1701 ter
670 1645 900 1698 latebras
940 1642 1040 1696 sibi
1082 1643 1391 1711 praesidium
1435 1654 1772 1711 paraverant.
1827 1642 1881 1695 Id
1924 1653 2118 1696 sonant

534 1730 597 1772 ea
630 1715 826 1771 Leonis
849 1713 1012 1768 verba
1053 1710 1305 1767 sermone
1333 1710 1512 1781 l5,’c.
1544 1714 1578 1768 5
1609 1729 1625 1766 :
1671 1713 1785 1767 Hos
1828 1713 1999 1782 itaque
2024 1714 2119 1767 ho-

533 1789 694 1841 mines
749 1802 836 1855 per
877 1785 1051 1838 omnia
1090 1783 1422 1837 exsecrabile;
1471 1794 1620 1853 atque
1659 1786 1960 1856 pestiferos,
1993 1800 2121 1854 quos

532 1858 757 1913 aliarum
795 1858 1059 1927 regionum
1101 1856 1415 1927 perturbatio
1458 1855 1605 1927 nobis
1639 1855 1812 1927 intulit
1846 1857 2119 1909 crebriores

535 1931 599 1983 ab
622 1926 1035 1983 ainicitia’vestra
1064 1927 1264 1998 penitus
1293 1926 1523 1979 abdicale
1540 1926 1639 1996 (a).
1665 1927 1744 1998 Ad
1773 1926 1914 1979 hunc
1944 1927 2119 1981 locum

533 2015 656 2056 cum
682 1997 1114 2053 animadvertere
1154 2000 1451 2067 neglexerit
1496 1997 1847 2063 Quesnellus,
1890 2000 2120 2067 turpiter

537 2072 721 2140 lapsus
762 2081 865 2124 est.
898 2067 1097 2123 Verum
1136 2068 1416 2140 Qiiesnt-lli
1452 2068 1658 2134 lapsum
1697 2070 1919 2121 missum
1961 2067 2121 2121 facia-

538 2138 681 2208 mus,
714 2156 783 2195 ne
812 2140 1031 2193 nimium
1066 2141 1117 2193 in
1148 2152 1241 2193 eos
1280 2138 1456 2192 invehi
1494 2142 1630 2192 velle
1681 2140 1991 2202 videamur,
2030 2140 2120 2207 qui

534 2212 643 2283 jam
670 2214 791 2265 vivo
810 2210 963 2273 olim,
989 2221 1045 2283 et
1075 2224 1218 2283 nunc
1237 2208 1523 2283 demortuo
1552 2210 1978 2283 Quesnello,giia
2004 2211 2122 2280 ejus

536 2281 697 2337 dictis
716 2294 771 2336 et
791 2281 1070 2335 sententiis
1100 2281 1561 2349 subscripserunt,
1588 2291 1646 2335 ut
1670 2296 1815 2345 eum,
1852 2281 1895 2334 si
1929 2297 2034 2335 non
2069 2297 2122 2336 in

537 2353 878 2424 dogmaticis,
906 2352 1095 2406 saltem
1128 2353 1181 2405 in
1214 2350 1511 2419 historias,
1540 2362 1595 2406 et
1620 2354 1851 2422 antiquae
1882 2351 2124 2423 discipli-

537 2423 630 2480 nte
644 2426 803 2479 rebus
833 2438 939 2478 noii
970 2433 1105 2479 adeo
1132 2424 1279 2478 illum
1301 2423 1611 2492 deceptum,
1639 2433 1694 2477 et
1725 2426 1894 2492 pluris
1922 2424 2125 2479 haben-

539 2498 665 2552 dum
702 2510 822 2550 esse
844 2495 1193 2549 crediderint.
1217 2494 1324 2549 Nos
1356 2496 1572 2550 interim
1612 2496 1853 2565 ejusdem
1896 2497 2123 2562 Vestigia

538 2567 941 2629 conculcantes,
965 2582 1034 2621 ue
1064 2567 1332 2636 incognita
1376 2583 1471 2635 pro
1507 2570 1773 2636 cognitis,
1812 2569 2125 2637 incertaque

539 2650 638 2709 pro
658 2640 822 2694 certis
854 2639 1161 2703 habeamus,
1198 2644 1297 2691 hoc
1323 2652 1485 2691 unum
1517 2640 1768 2692 omnibus
1804 2653 2119 2709 persuasum

541 2708 662 2766 esse
682 2712 951 2773 volumus,
994 2710 1407 2764 Manichaeorum
1456 2710 1658 2763 sobolis
1704 2712 1754 2763 in
1802 2708 2000 2765 Urhein
2028 2710 2124 2763 ad-

542 2792 760 2835 ventum
788 2781 1198 2849 quadragesimo
1235 2788 1423 2834 saltem
1455 2796 1599 2836 anno
1624 2791 1911 2849 antequam
1943 2779 2125 2836 Africa

542 2851 765 2907 Vandali
789 2866 906 2907 rum
928 2853 1096 2920 copiis
1121 2866 1472 2921 occuparetur
1502 2852 1809 2921 contigisse.

609 2924 664 2978 4.
703 2924 974 2992 Ejusmodi
1009 2937 1139 2992 ergo
1164 2924 1502 2977 solidissimis
1538 2924 1695 2993 jactis
1737 2922 2124 2990 fundamentis,

538 3008 639 3049 nos
677 2998 1021 3057 arbitramur,
1058 3009 1225 3063 usque
1247 2994 1313 3048 ad
1337 2993 1531 3049 Leonis
1561 2996 1928 3064 pontiﬁcatum
1956 2995 2129 3049 Mani-

542 3066 723 3136 charos
749 3068 801 3120 in
831 3064 994 3119 Italiae
1016 3066 1322 3136 regionibus
1347 3065 1647 3120 delituisse.
1696 3065 1807 3121 Nec
1840 3078 2127 3136 propterea

2217 436 2405 504 utjam
2439 435 2703 501 vidimus,
2753 428 3085 490 facile-intra
3137 429 3279 504 illius
3324 428 3473 504 urbis
3509 441 3659 504 septa
3708 428 3783 489 diu

2218 500 2376 562 etiam
2423 510 2590 563 latere
2628 500 2872 577 poterat,
2911 521 3031 559 cum
3073 518 3182 577 non
3221 501 3273 577 i_n
3313 500 3563 577 omnibus
3603 503 3784 559 civibus

2220 593 2315 648 par
2343 588 2488 635 essvt
2517 572 2712 649 pietas,
2748 572 2875 631 fides
2905 590 3065 646 atque
3091 572 3294 649 religio.
3318 572 3470 649 Quod
3498 587 3621 624 cum
3652 588 3782 649 com.

2218 643 2428 721 perium
2453 643 2563 706 Leo
2586 650 2872 721 habuerit,
2888 643 3335 721 pilainpontilnin
3364 643 3665 721 alloquens,
3689 646 3782 721 inec

2221 715 2326 775 iitin
2357 722 2732 777 di~simulavit.
2770 715 3028 775 Sed—cunt
3067 720 3122 771 in
3159 715 3353 771 cunctis
3394 718 3781 783 perversitatibiis

2222 792 2525 864 (diabolus)
2579 792 2944 859 multiformem
2991 798 3158 845 teneat
3210 787 3594 864 principatum,
3631 803 3780 864 ,αι-ραι

2222 858 2391 918 tamen
2419 858 2515 919 sibi
2545 865 2598 918 in
2632 864 3037 917 Manichaoruin
3066 859 3249 913 struxit
3276 858 3517 917 insania,
3550 865 3596 911 et
3625 858 3782 913 latissi-

2221 952 2355 988 mam
2378 936 2432 989 in
2458 938 2531 991 eis
2560 936 2733 989 aulam
2752 977 2767 1001 ,
2802 934 2856 987 in
2886 950 2983 1001 qua
3014 949 3065 985 se
3091 930 3427 985 exsultantius
3452 928 3698 1001 iactaret,
3722 932 3783 984 is-

2221 1010 2389 1070 tienit;
2416 1009 2498 1061 ubi
2529 1026 2629 1061 non
2658 1000 2811 1059 unius
2851 1004 3117 1075 prauitatis
3149 1004 3395 1075 speciem,
3445 1000 3542 1053 sed
3590 1001 3779 1075 omnia

2221 1078 2377 1131 simul
2420 1094 2652 1133 errorum
2699 1072 3122 1145 impietatumque
3175 1074 3449 1126 mixturam
3513 1072 3779 1145 generaliter

2223 1091 2375 1131 simul
2420 1094 2652 1133 errorum
2699 1091 3122 1199 impietatumgue
3175 1091 3449 1126 mixturam
3513 1091 3776 1141 generatim

2223 1149 2522 1218 possideret.
2555 1149 2758 1202 Deinde
2785 1149 2952 1215 magis
2984 1166 3005 1195 :i
3079 1151 3311 1218 nostrain
3355 1158 3475 1196 rem
3509 1144 3647 1218 _h:ee_
3677 1144 3776 1218 sub-

2217 1211 2337 1290 iicit
2371 1239 2383 1273 :
2412 1221 2562 1288 Quod
2588 1222 2723 1273 enim
2745 1220 2799 1270 in
2817 1211 3030 1287 paganis
3051 1216 3348 1290 profanum.
3373 1212 3520 1290 quod
3543 1211 3777 1290 ἰηλεμᾴῴ

2224 1285 2517 1345 carnalibus
2538 1307 2750 1353 eiscum,
2775 1285 2912 1360 quod
2944 1306 2994 1340 in
3024 1287 3229 1360 secretis
3258 1287 3479 1360 magij
3522 1285 3778 1360 artis_illici-

2225 1372 2331 1416 tum
2350 1409 2364 1431 ,
2396 1362 2531 1428 quod
2572 1355 2798 1428 denique
2826 1362 2878 1413 iit
2921 1358 3172 1431 omnibus
3190 1358 3469 1431 Itwrestbus
3491 1355 3776 1431 _sacrilcgtm

2223 1426 2375 1504 atque
2406 1426 2784 1504 blasphemant
2819 1439 2889 1484 est
2910 1473 2923 1490 ,
2961 1432 3055 1504 hoc
3078 1429 3130 1481 in
3155 1428 3277 1481 istos
3305 1428 3454 1504 quasi
3485 1426 3543 1478 in
3571 1429 3775 1504 seminata

2223 1499 2499 1575 quamdam
2516 1499 2631 1558 cum
2647 1502 2872 1575 omnium
2884 1500 3111 1575 sordium
3121 1499 3440 1575 concretione
3455 1499 3691 1575 con/iacit
3705 1500 3773 1575 (ὁ).

2293 1578 2349 1631 4.
2377 1578 2451 1631 Ne
2472 1579 2630 1646 igitur
2647 1574 2704 1629 S.
2730 1572 2968 1646 pontifex
2997 1586 3055 1625 se
3086 1570 3191 1646 falli
3216 1572 3419 1624 sineret
3454 1569 3581 1646 licia
3611 1568 3773 1623 virtutis

2226 1648 2459 1718 imagine
2492 1638 2553 1702 ct
2581 1638 2757 1718 fallaci
2790 1642 3000 1712 pietatis
3053 1643 3272 1705 umbra;
3324 1656 3394 1694 ne
3428 1638 3772 1718 _Romsnorult

2151 1752 2199 1814 Β
2226 1713 2538 1814 Ροιιῐιίξριιη]
2588 1716 3044 1814 pra‘det-essorum
3083 1726 3317 1814 c‘anones
3334 1720 3401 1814 1et
3428 1713 3769 1814 impgcatorutii

2230 1781 2374 1846 leaes
2399 1792 2816 1851 frustrarentur;
2844 1800 2978 1840 neve
2998 1784 3211 1837 tandem
3228 1783 3529 1851 quidquam
3552 1781 3618 1836 de
3638 1794 3767 1835 sancti

2227 1862 2329 1916 sibi
2368 1862 2657 1915 commisso
2685 1875 2834 1933 grege
2858 1858 3043 1933 periret
3058 1898 3084 1933 ,_
3100 1856 3229 1908 nihil
3257 1870 3447 1933 eorum
3480 1855 3770 1924 praetermisit

2226 1949 2344 2002 qua)
2368 1933 2555 1987 horum
2571 1926 2941 2002 lteréticorom
2962 1929 3227 2002 instituta,
3248 1926 3410 2002 vitam
3434 1934 3774 2002 corruptamet

2232 1997 2504 2059 latebrosa
2534 2005 2652 2058 loca
2681 2001 2750 2055 ab
2780 2000 2969 2055 iisdem
2999 1998 3292 2053 inhabitata
3316 1997 3618 2066 detegeret.
3640 1997 3772 2063 Quare

2228 2086 2285 2130 ut
2310 2075 2630 2145 gravissimo
2657 2073 2782 2128 huic
2808 2073 2981 2136 malo,
3023 2069 3186 2145 veluti
3230 2084 3429 2145 cancro
3461 2070 3663 2145 occulte
3692 2082 3775 2121 ser-

2227 2140 2395 2218 penti,
2430 2148 2732 2218 multosque
2756 2142 3117 2218 labelactanti,
3147 2151 3195 2195 et
3223 2141 3492 2218 medelam
3518 2140 3769 2218 adhiberet,

2228 2208 2283 2273 ct
2335 2231 2545 2286 pararet
2590 2208 2844 2278 exitium,
2879 2213 3024 2283 prius
3052 2211 3123 2286 in
3171 2212 3408 2280 templis,
3460 2211 3662 2286 quando
3693 2208 3773 2286 ire:

2227 2279 2477 2359 queiitior
2522 2299 2637 2343 erat
2679 2279 2935 2356 populus,
2981 2282 3188 2359 publice
3224 2279 3575 2359 contraeam
3614 2279 3771 2359 diaboli

2228 2351 2431 2416 sectam
2458 2351 2763 2416 declamare
2779 2359 2963 2425 cmpit,
2984 2351 3281 2410 ostendens
3281 2354 3660 2425 _tiirpissimuut
3685 2351 3771 2425 fore

2270 2431 2369 2485 ttod
2404 2432 2537 2491 lilii,
2579 2444 2806 2497 quorum
2858 2422 3225 2497 progenitores
3272 2422 3614 2497 Euangeliuni_
3640 2424 3771 2476 crucis

2270 2447 2369 2485 thtl
2404 2447 2537 2491 llllt,
2579 2447 2806 2497 qniirttm
2858 2447 3225 2497 progenitores
3272 2447 3599 2495 noungeuum
3640 2447 3771 2476 crum

2228 2447 2419 2558 ἓΙη-ἱειί
2468 2502 2530 2555 ab
2586 2504 2695 2571 ipso
2745 2500 3149 2553 beatissimorum
3188 2499 3532 2571 apostolorum
3576 2494 3705 2571 Petri
3739 2503 3775 2546 et

2230 2573 2394 2628 Pauli
2426 2590 2512 2627 ore
2541 2568 2633 2643 (ε’)
2657 2572 2991 2635 didicerunt,
3022 2584 3052 2623 a
3083 2580 3189 2622 tam
3222 2568 3439 2643 nefariis
3454 2568 3701 2643 ecroribus
3723 2578 3774 2619 se

2230 2647 2475 2701 sinerent
2514 2638 2806 2715 corrumpi.
2852 2643 3144 2715 Utrumque
3173 2647 3349 2693 autem
3374 2638 3574 2693 miriﬁce
3598 2647 3765 2715 cstas.

2231 2728 2468 2773 secutus.
2500 2714 2629 2769 Nam
2657 2731 2777 2768 cum
2810 2724 3069 2782 perpetuo
3106 2712 3249 2765 inter
3288 2724 3420 2763 sacra
3444 2712 3759 2782 contraejus-

2232 2789 2377 2843 modi
2411 2788 2582 2842 labem
2610 2776 2958 2846 declaiii'are't,
2984 2782 3287 2854 generalem
3310 2781 3359 2854 in
3381 2778 3582 2854 eosdem
3607 2776 3761 2830 haere-

2232 2858 2368 2914 ticos
2395 2858 2790 2927 inquisitionem
2824 2851 3107 2910 inStitueiis
3123 2896 3139 2920 ,
3164 2853 3266 2927 alii
3282 2852 3367 2927 qui
3388 2851 3668 2927 infirmitate
3683 2854 3769 2899 aut

2232 2922 2535 2999 ignorantia
2566 2928 2857 2999 seductiiin
2890 2938 2997 2999 tam
3039 2922 3640 2999 superstitiosa_crimina
3666 2932 3777 2997 pro-

2234 2994 2370 3071 lapsi
2400 3012 2584 3069 erant,
2617 2998 2851 3069 pr0priis
2874 2996 3276 3071 culpisniederi
3308 2994 3605 3061 cupientes,
3630 2994 3779 3071 suasi-

2235 3064 2325 3128 mo
2353 3072 2515 3126 animi
2558 3064 2793 3127 maerore
2837 3079 2891 3125 et
2933 3064 3112 3123 cordis
3134 3066 3333 3136 ejulatu
3366 3073 3563 3131 patrata
3588 3064 3781 3136 crimina

542 3135 840 3191 Romanam
871 3136 1054 3190 urbem
1086 3134 1154 3190 ab
1193 3135 1294 3191 hac
1327 3137 1448 3191 labe
1491 3136 1655 3191 fuisse
1685 3139 1897 3206 penitus
1938 3134 2122 3207 purga-

2236 3146 2449 3199 sincere
2493 3141 2757 3199 exsecrati
2785 3150 2929 3196 sunt.
2960 3140 3065 3196 Alii
3097 3134 3257 3205 vero,
3289 3138 3377 3207 qui
3427 3134 3783 3207 pertinaciae.

540 3215 673 3270 tam,
704 3207 949 3277 quamvis
976 3206 1119 3261 civili
1153 3220 1205 3262 et
1252 3208 1612 3263 ecclesiastica
1664 3209 1779 3278 lege
1815 3209 1925 3279 jam
1968 3206 2127 3264 antea

539 3290 754 3335 cautum
789 3280 976 3333 fuisset
1002 3279 1265 3347 ejusmodi
1310 3281 1554 3335 homines
1591 3282 1763 3335 exsilii
1797 3296 1950 3348 ptena
1976 3290 2127 3335 extra

538 3350 702 3406 Italiae
729 3365 854 3405 oras
883 3364 1005 3405 esse
1035 3352 1500 3416 ainanuandos,et
1523 3356 1845 3419 poenitentes
1860 3362 2130 3407 monaste-

538 3424 637 3492 riis
652 3420 1107 3476 intercludendos.
1123 3422 1228 3476 Sed
1245 3424 1318 3475 illi
1342 3438 1501 3491 porro
1523 3432 1723 3477 versuti
1747 3424 1993 3477 homines
2009 3432 2130 3492 post

538 3490 676 3546 latas
708 3494 759 3546 in
783 3509 879 3547 eos
919 3492 1065 3561 leges
1092 3532 1106 3556 ,
1138 3490 1359 3546 minime
1400 3495 1798 3563 superstitionis
1835 3490 2129 3564 sacrilegos

538 3576 752 3617 errores
792 3566 967 3631 palam
1019 3564 1259 3631 proliteri
1292 3566 1595 3629 audebant;
1624 3566 1716 3619 sed
1742 3576 1883 3619 tanta
1908 3567 2131 3618 simula-

541 3636 687 3705 tione
716 3635 768 3686 in
790 3635 1040 3687 omnibus
1065 3634 1370 3705 utebantur,
1386 3634 1522 3689 utad
1540 3651 1708 3705 magis
1728 3636 1997 3705 tegendam
2009 3636 2132 3705 inﬁ-

540 3703 800 3756 deliiatem
824 3719 975 3757 suam
1000 3718 1121 3758 cum
1143 3704 1441 3771 catholicis,
1467 3703 1662 3760 divinis
1690 3703 1793 3761 non
1822 3703 2132 3762 desinerent

541 3773 804 3830 interesse
835 3776 1123 3845 mysteriis,
1139 3792 1207 3831 ne
1229 3785 1321 3830 aut
1354 3780 1534 3832 saeculi
1563 3788 1655 3832 aut
1680 3779 1930 3832 Ecclesiae
1966 3778 2130 3832 mini-

547 3849 684 3918 stris
704 3860 889 3900 eorum
921 3850 1231 3918 superstitio
1243 3848 1298 3903 e't
1326 3849 1579 3903 damnata
1603 3849 1788 3918 religio
1808 3848 2131 3905 redderetur

546 3915 703 3988 153
716 3919 997 3987 suspeeta‘!
1020 3916 1149 3972 Illud
1177 3931 1433 3987 praeterea
1460 3921 1686 3985 accedit,
1703 3915 1807 3973 non
1833 3922 1932 3974 nisi
1948 3922 2131 3975 abdita

537 3988 940 4059 secretioraque
972 3988 1083 4043 loca
1115 3994 1455 4059 lrequentare
1480 3996 1829 4047 causuevisse
1848 4032 1863 4057 ,
1892 4006 2129 4057 praiser-

538 4059 634 4139 tim
678 4073 799 4113 cuin
840 4059 1136 4139 sacrilegos
1171 4062 1519 4139 celebrabant
1542 4076 1860 4139 conventus.
1884 4063 2125 4139 Quorum

538 4130 716 4212 aditus
736 4140 789 4185 et
816 4130 1066 4212 accessus
1091 4134 1154 4212 iis
1174 4134 1452 4212 dumtaxat
1476 4134 1745 4212 patebant,
1776 4136 1863 4212 qui
1892 4130 2124 4205 primum

537 4203 593 4256 in
614 4206 869 4276 obscenis
898 4203 1280 4276 sceleratisque
1312 4203 1503 4261 ritibus
1545 4203 1822 4270 instructi,
1849 4203 1908 4261 ei
1936 4220 1967 4258 a
2006 4220 2129 4260 car-

538 4272 752 4353 palibus
781 4273 1050 4353 illeccbris
1068 4272 1272 4353 allecti,
1297 4276 1554 4353 nefariam
1583 4277 1832 4353 haeresim
1856 4277 1955 4331 sub
1977 4279 2131 4353 jure:

534 4344 1371 4419 jurandoutueriproﬁtebantur.
1403 4346 1541 4416 Quid
1571 4364 1700 4419 ergo
1744 4348 1934 4401 mirum
1960 4344 2128 4419 quod

537 4414 630 4467 tali
661 4414 839 4490 studio
869 4415 972 4490 tisi,
1007 4427 1256 4487 tantaque
1280 4414 1519 4475 adhibita
1544 4414 1817 4490 diligentia
1840 4420 1933 4473 diu
1957 4414 2128 4473 latere

537 4486 843 4560 potuerint?
874 4487 945 4560 Ea
976 4494 1119 4542 enim
1159 4486 1245 4543 est
1274 4486 1943 4560 improbortint'hoininum
1990 4504 2121 4545 cou-

538 4556 1045 4632 suetutlo,_q_oi,_ut
1072 4556 1386 4632 gravissima
1420 4575 1646 4632 quasque
1675 4559 1911 4615 facinora
1942 4575 2124 4631 perpe-

540 4634 684 4707 trare
722 4626 985 4707 callidiori
1029 4628 1234 4707 ratione
1270 4626 1503 4707 possint,
1540 4626 1782 4703 j'udicum
1829 4626 2123 4707 potentiam

536 4697 974 4777 refocmidaiites,
1005 4697 1431 4777 tumdumiaxat,
1460 4706 1511 4758 in
1541 4697 1734 4777 vanam
1760 4697 1908 4771 spem
1931 4705 2121 4769 erecti,

536 4769 1011 4845 sihiblaudiantur
1040 4772 1279 4840 publicas
1311 4790 1466 4843 posse
1497 4776 1729 4830 evadere
1759 4769 1966 4845 pinnas,
1998 4789 2123 4829 cum

536 4838 769 4914 latebras
795 4841 902 4914 sibi
935 4838 1218 4914 criminum
1267 4838 1441 4901 socias
1469 4838 1776 4902 asciscuntf
1792 4847 1976 4914 Neque
2006 4857 2126 4900 tan-

536 4908 659 4963 dem
695 4924 816 4965 cum
853 4911 1143 4968 Maiiiclizea
1189 4915 1279 4969 illa
1322 4917 1536 4972 soboles
1566 4918 1761 4972 Urbem
1792 4908 2125 4971 inltabitabat

538 4977 813 5037 Romanus
854 4987 1077 5053 populus
1110 4997 1321 5054 penitus
1350 4991 1418 5042 ab
1444 4988 1589 5043 omni
1612 4990 1995 5057 superstitione
2026 5004 2126 5043 ex-

537 5063 792 5127 purgatus
836 5066 952 5109 erat
994 5066 1048 5110 et
1094 5060 1365 5112 immunis.
1413 5059 1739 5127 Superstites
1767 5058 1910 5113 enim
1945 5059 2123 5115 adhuc

535 5132 691 5205 erant
716 5125 892 5192 plures
909 5128 1249 5205 ethnicorum
1275 5125 1694 5199 Judaeiiruiiique
1717 5130 1974 5205 reliquiis,
1997 5145 2120 5185 cum

535 5195 803 5270 videlicet
834 5198 1058 5264 publicis
1088 5201 1278 5254 darent
1304 5216 1521 5269 Operam
1553 5195 1905 5270 spectaculis,
1937 5202 2121 5268 luper-

538 5265 730 5320 caliuiu
754 5268 1031 5333 nimirum,
1075 5265 1396 5327 circensium
1419 5312 1435 5337 ,
1475 5273 1563 5326 Bai
1579 5265 1945 5326 chaualioruin
1967 5312 1981 5337 ,
1997 5265 2124 5326 Ἀυ-

534 5340 819 5413 gustaliuui
871 5340 1403 5413 Saturnaliorumque
1448 5345 1732 5409 ludorutn,
1780 5350 1839 5396 ut
1880 5344 2122 5398 luculen-

540 5410 745 5485 tissima
784 5425 903 5464 com
947 5412 1244 5468 llormisdae
1280 5410 1431 5485 papae
1469 5414 1739 5483 epistolie,
1793 5426 1904 5468 tum
1952 5415 2123 5469 nostri

535 5477 731 5554 Leonis
753 5497 1031 5539 sermones
1054 5477 1333 5540 testantur.
1350 5477 1536 5554 'Quare
1558 5502 1678 5541 cum
1703 5477 2118 5540 Manichaeorum

536 5549 759 5607 haeresis
806 5557 1003 5609 multos
1047 5570 1261 5611 errores
1308 5549 1648 5612 ethnicorum
1695 5572 1760 5613 ac
1810 5556 2125 5612 Judteorum

608 5688 685 5829 Ea)
717 5688 775 5744 S.
803 5689 911 5746 Leo
933 5690 1174 5763 Magnus,
1202 5708 1364 5749 serm.
1394 5694 1479 5761 15,
1510 5709 1559 5749 c.
1588 5693 1642 5749 5.

634 5763 687 5829 ὑ)
712 5760 888 5817 Serm.
911 5765 944 5818 8
973 5766 1039 5819 de
1062 5765 1312 5821 Collectis
1333 5776 1386 5821 et
1417 5768 1642 5824 Elecmoa

634 5763 687 5829 b)
712 5760 888 5817 Serm.
911 5765 944 5818 8
973 5760 1039 5819 de
1062 5765 1312 5821 Collectis
1333 5776 1386 5821 et
1417 5764 1807 5836 Eleemosynis,
1832 5778 1955 5838 cap.
1986 5765 2043 5825 ι.

2150 4523 2205 4585 ι)
2301 4519 2531 4590 ejusdem

2237 3217 2439 3271 lutttate
2462 3214 2641 3269 carnis
2668 3213 2966 3273 illecebris,
2994 3203 3322 3282 cmterisijue'
3349 3203 3785 3282 superstitionibus

2236 3288 2574 3356 indulgentes
2606 3287 2851 3339 haeresim
2881 3281 3270 3357 defendebant,
3300 3278 3665 3357 corporalibus
3702 3278 3786 3357 ξρῆ

2236 3350 2628 3426 ritualibnsque
2671 3360 2845 3427 poenis
2886 3356 3152 3427 mulctati,
3188 3367 3293 3405 non
3321 3350 3601 3427 dumtaxat
3625 3350 3727 3427 vagi
3749 3354 3787 3426 et

2273 3429 2443 3500 rotugi
2474 3422 2721 3500 errantes
2744 3469 2757 3491 ,
2794 3429 2949 3500 omni
2989 3425 3109 3500 jure
3145 3431 3305 3493 atque
3350 3422 3558 3500 honore
3598 3422 3783 3500 privati,

2273 3444 2443 3500 rotugt
2474 3444 2757 3491 errantes,
2806 3444 2949 3481 omni
2989 3444 3109 3493 jure
3145 3444 3305 3493 atque
3350 3444 3558 3476 tiuuurc
3599 3444 3783 3491 privati,

2234 3444 2361 3556 Einc
2390 3511 2550 3568 atque
2583 3498 2729 3554 illinc
2757 3498 2906 3553 abire
2933 3497 3279 3566 cogebantur,
3313 3493 3408 3568 sed
3434 3492 3599 3568 etiam
3623 3490 3684 3544 ab
3709 3487 3789 3541 Ec-

2234 3574 2401 3628 clesia
2433 3563 2748 3640 proscripti,
2780 3580 2888 3623 tum
2915 3568 2984 3640 ab
3004 3563 3257 3640 omnibus
3289 3563 3607 3640 reipublicae
3649 3571 3788 3615 recto-

2236 3643 2387 3698 ribus
2409 3636 2462 3697 e't
2487 3636 3187 3711 inagastratibusabOminati
3205 3646 3255 3689 et
3272 3636 3452 3711 exacti
3479 3640 3785 3711 cuinesseol.

2239 3715 2453 3768 tandem
2480 3706 2631 3767 extra
2658 3712 2820 3765 Italia:
2841 3726 2965 3765 oras
2984 3706 3415 3783 prmsidiumsibi
3439 3706 3791 3783 quaesiverunt.

2236 3784 2329 3841 Sic
2369 3786 2548 3855 itaque
2598 3785 2988 3855 catholicorum
3025 3780 3191 3855 italia;
3229 3778 3457 3855 urbibus
3501 3778 3787 3855 expurgatis,

2238 3872 2338 3911 nos
2367 3844 2561 3910 Siricio
2594 3853 2751 3926 154
2774 3863 2934 3926 atque
2960 3853 3125 3907 Leoni
3154 3850 3416 3905 debemus
3444 3844 3707 3926 gratulari.
3730 3844 3790 3926 Et!

2236 3937 2538 3997 prtesertim
2570 3914 2795 3995 ιιῖιίῖιΓιιι
2823 3914 2921 3979 hac
2956 3936 3265 3997 sanctorum
3298 3914 3619 3997 pontilicum
3637 3914 3787 3988 agendi

2236 3991 2446 4053 ratione
2506 3991 2732 4051 formant
2801 3996 3184 4051 ecclesiastica:
3247 3991 3605 4061 inquisitionis
3649 3998 3789 4041 conus

2238 4070 2593 4124 lia'reticorum
2635 4069 2933 4137 pravitatem
2970 4073 3313 4126 constitutam
3357 4071 3524 4130 atque
3572 4064 3795 4137 firmatam

2234 4140 2403 4195 fuisse
2440 4134 2936 4210 deprehendamus,
2990 4145 3050 4191 ut
3087 4150 3212 4191 mox
3240 4148 3309 4189 ex
3336 4134 3690 4203 sequentibus
3721 4144 3795 4200 pa-

2234 4213 2391 4268 tebit.

2841 4276 3069 4337 CAPUT
3107 4276 3199 4334 lX.

2234 4376 2472 4431 Romana
2494 4376 2658 4430 sancti
2687 4374 2873 4429 Leonis
2902 4372 3163 4446 Magniin
3192 4369 3515 4446 Manichteos
3545 4368 3803 4443 inquisitio.

2305 4447 2384 4502 De
2412 4450 2562 4519 cujus
2595 4446 2783 4519 judicii
2819 4443 3232 4519 forma'quinque
3270 4443 3599 4519 potissimum
3641 4454 3808 4495 tumes

2626 4466 2781 4501 uatcu
2819 4466 2986 4515 [arma
3012 4466 3232 4513 qumque
3270 4466 3599 4512 pousstmum
3641 4466 3808 4495 ruma

2581 4466 2643 4573 ἑ.
2675 4518 2743 4571 Ρ.
2773 4518 3007 4585 scriptis,
3044 4524 3151 4568 tum
3178 4530 3242 4569 ea:
3276 4514 3425 4569 Rom.
3462 4516 3809 4584 imperatorum

2305 4588 2499 4662 legibus
2528 4600 2839 4643 annotantur
2866 4598 2915 4642 et
2943 4588 3321 4657 expenduntur.

2307 4705 2361 4759 l.
2404 4702 2520 4758 1am
2548 4702 2728 4758 animo
2756 4700 3005 4771 concipio
3048 4700 3205 4755 nimis
3245 4699 3451 4769 ingrata
3503 4709 3599 4755 aut
3641 4699 3810 4771 saltent

2232 4790 2420 4847 parum
2456 4776 2689 4847 jucunda
2733 4766 2929 4828 sciolis'
2960 4771 3062 4843 (ne
3090 4766 3391 4847 quidquam
3423 4772 3492 4847 de
3534 4766 3815 4847 lzrsmlidei

2233 4842 2396 4918 viris)
2428 4842 2548 4901 esse
2577 4845 2751 4901 futura
2780 4860 2900 4914 qua:
2918 4842 3057 4898 nunc
3071 4842 3251 4898 dicere
3272 4843 3578 4918 aggredior.
3598 4842 3815 4918 Quibus,

2233 4933 2355 4974 cum
2378 4914 2678 4987 numquam
2710 4928 2950 4971 veterum
2979 4926 3285 4969 sanctorum
3311 4914 3535 4987 Patrum
3555 4916 3817 4987 volumina

2235 4986 2619 5060 pervolveriiit,
2656 5002 2754 5043 nec
2798 4987 3494 5060 ecclesiasticarninrerum
3524 4986 3816 5041 bismriatn,

2236 5057 2337 5115 nisi
2368 5076 2430 5114 ex
2455 5062 2721 5130 corruptis
2750 5068 2805 5114 et
2832 5058 3138 5125 depravatis
3163 5057 3402 5130 fontibus
3430 5058 3714 5130 hauserint
3736 5059 3820 5107 aut

2235 5126 2659 5201 praelibaverini,
2685 5146 2781 5185 nos
2814 5132 2997 5201 nugari
3020 5138 3114 5201 aut
3140 5126 3474 5201 comminisci
3503 5128 3821 5201 videbimur.

2235 5196 2696 5271 Quemadmodum
2741 5196 2979 5256 oliin'de
3030 5199 3333 5270 hujnsniudi
3376 5197 3577 5271 Leonis
3610 5196 3825 5271 inquisi-

2238 5268 2414 5339 tione,
2466 5275 2517 5328 in
2564 5273 2784 5343 privatis
2832 5268 3508 5343 litterariaiantiqtiierei
3546 5268 3825 5343 colloquiis

2236 5350 2399 5399 verba
2430 5341 2616 5416 facere
2634 5342 3227 5416 aggrediens,gquidatn
3250 5341 3551 5416 homines,
3592 5341 3688 5410 qui
3722 5350 3822 5416 tuin

2235 5418 2472 5470 nonduin
2506 5409 2741 5485 perfecte
2770 5416 2828 5470 S.
2862 5414 3132 5484 pontiﬁcis
3157 5412 3356 5481 scripta
3392 5412 3733 5475 lustrarunt,
3766 5409 3828 5461 de

2236 5503 2323 5541 me
2343 5488 2673 5557 judicarunt,
2703 5486 3091 5557 contendentes
3114 5499 3404 5554 numquam
3431 5498 3592 5557 quam
3624 5497 3731 5552 par
3750 5487 3827 5557 est

2236 5573 2305 5615 ex
2344 5550 2535 5613 'duliiis
2580 5550 2903 5613 et'incertis
2947 5550 3277 5627 conjecturis
3318 5550 3639 5626 apostolicae
3685 5550 3828 5607 sedis

2309 5692 2383 5768 (ι’)
2411 5694 2468 5752 S.
2503 5693 2610 5751 Leo
2636 5692 2879 5765 Magnus.
2920 5707 3089 5753 serui.
3124 5692 3210 5765 is,
3244 5706 3363 5765 cap.
3396 5691 3452 5766 5,
3483 5700 3537 5751 et
3572 5702 3831 5750 sermone

2233 5765 2291 5825 in
2317 5765 2505 5825 octava
2534 5768 2918 5843 Apostolorum
