3988 6314
199 365 287 423 937
941 362 1025 417 DE
1065 358 1582 418 MANICIIEORUM
1622 359 1898 418 [IERESI
1937 360 2024 415 ET
2065 359 2376 417 HISTORIA
2417 359 2543 414 Llll.
2584 359 2642 412 ll.
3322 365 3430 420 958

197 479 302 548 jura
327 482 380 531 et
400 473 716 548 iudiciorum
739 471 1225 548 ecclesiasticarum
1250 478 1606 548 meonomlam
1629 487 1751 528 esse
1777 473 1831 532 Δ
1855 473 2134 548 incolumes
2161 485 2474 548 perseverent
2490 515 2503 537 ,
2545 477 2633 548 sed
2657 477 2806 528 etiam
2836 478 3008 540 multi,
3053 478 3140 545 qui
3177 478 3430 534 diabolica

198 543 493 616 repetenda.
521 544 621 611 Qui
644 558 770 614 ergo
799 543 932 598 meis
954 543 1108 616 dictis
1131 543 1526 616 repugnabant,
1569 558 1751 616 secum
1853 546 2143 616 “ductione
2166 546 2359 613 decepti
2383 555 2517 607 sunt,
2546 546 2608 597 ab
2644 562 2809 598 errore
2837 543 3127 600 revocentur
3156 549 3251 616 (b).

262 609 360 672 tius
385 609 729 685 reputabant:
751 629 854 668 non
876 630 946 685 ex
972 609 1310 685 Leoneﬁsed
1334 628 1402 668 ex
1435 612 1753 685 recentiori-
1929 615 2119 670 Divino
2161 609 2338 683 itaque
2380 617 2567 682 spiritu
2615 616 2932 676 illustratus,
2985 609 3225 672 maximo
3267 622 3431 677 animi

262 634 360 672 IIIIS
385 634 719 685 reputabant,
751 634 854 668 non
876 634 941 668 ΩΧ
974 634 1179 678 Leone,
1219 634 1310 667 580
1334 634 1402 668 CX
1435 634 1753 668 τεςεηιιοῐι-
1929 634 2119 670 υινιηο
2161 634 2338 683 Itaque
2380 634 2567 682 Fpll‘llu
2615 634 2932 676 IIIIISII'MUS,
2985 634 3219 672 maximo
3267 636 3428 677 animi

199 634 286 744 ms
313 686 523 742 smculis
551 685 691 740 illam
715 685 899 754 judicii
930 684 1148 738 formam
1183 683 1418 753 illudque
1449 683 1753 754 inquisitio-
1855 686 2038 751 vigore
2066 687 2362 754 mentisque
2396 685 2666 747 firmitate,
2695 686 2882 754 quibus
2909 687 2957 740 in
2992 688 3194 743 divinis
3227 695 3428 745 sacris-

1854 771 1960 830 que
1991 759 2148 830 rebus
2173 757 2420 824 gerendis
2447 765 2500 830 et
2526 757 3068 830 moderandisnoster
3102 759 3212 812 Leo
3257 764 3429 830 polle-

1858 827 1967 890 hat,
1999 829 2200 895 Optime
2233 825 2490 891 prmuovit
2521 826 2652 879 nihil
2687 826 2932 881 Ecclesiae
2961 827 3049 880 Dei
3077 825 3278 896 utilius,
3301 835 3430 889 nihil

1857 898 2094 951 sanctius
2123 906 2178 951 et
2209 897 2414 951 felicius
2442 895 2760 950 ChriStiana:
2801 897 3114 964 professioni
3147 895 3301 967 posse
3332 906 3430 958 de-

1859 967 2085 1022 siderari
2126 982 2186 1020 ea
2234 967 2420 1035 agendi
2469 967 2766 1021 (economia
2813 981 2913 1032 qua
2956 968 3219 1024 utebatur.
3256 974 3330 1027 Ex
3370 991 3432 1029 ea

1859 1053 2022 1105 porro
2047 1037 2168 1109 fidei
2189 1048 2240 1091 et
2271 1053 2482 1109 morum,
2506 1037 2785 1105 integritas
2802 1035 3107 1109 defenditur
3135 1049 3290 1109 atque
3322 1060 3436 1096 scr-

1862 1116 2036 1180 vatur,
2074 1107 2165 1180 Dei
2193 1109 2370 1180 cultus
2397 1117 2450 1162 et
2475 1108 2644 1160 honor
2666 1117 3022 1180 augentur,e_t
3055 1107 3294 1164 Ecclesia
3322 1115 3438 1180 ipsa

1862 1175 2114 1232 immunis
2143 1179 2438 1232 custoditur
2467 1193 2495 1231 a
2531 1185 2607 1230 tot
2631 1175 2894 1246 tantisque
2917 1178 3163 1232 vitiorum
3190 1175 3437 1245 maculis,

1863 1249 2057 1317 quibus
2085 1249 2343 1303 diabolica
2376 1249 2694 1317 contagione
2725 1257 2903 1314 posset
2932 1247 3256 1303 labefactari.
3289 1254 3434 1305 Con-

1865 1327 1945 1372 tra
1971 1333 2119 1380 vero.
2151 1322 2192 1372 si
2217 1321 2305 1386 qui
2337 1319 2387 1372 itt
2411 1318 2642 1371 Ecclesia
2667 1318 3002 1384 reperiantur
3022 1328 3114 1371 aut
3143 1321 3435 1375 barresibus

1865 1388 2076 1452 imbuti,
2108 1399 2199 1442 aut
2227 1403 2507 1454 pravorum
2535 1388 2814 1441 criminum
2844 1388 3006 1442 sorde
3036 1391 3226 1451 vitiati.
3268 1392 3319 1444 hi
3353 1394 3436 1448 vel

1865 1458 2020 1513 facile
2042 1460 2105 1512 ad
2137 1469 2333 1514 rectam
2367 1457 2602 1513 veritatis
2632 1457 2876 1528 semitam
2908 1459 3086 1514 redire
3118 1473 3356 1528 possunt,
3391 1466 3437 1517 si

1865 1531 2186 1598 pmnitentes
2221 1529 2335 1583 fieri
2367 1529 2650 1599 incipiant;
2695 1527 2776 1581 sin
2806 1537 2981 1583 autem
3009 1535 3307 1586 contumaci
3346 1535 3442 1589 ob-

1862 1601 2149 1654 stinatione
2177 1600 2226 1652 in
2259 1600 2528 1654 erroribus
2551 1608 2810 1668 perstent,
2839 1599 3217 1657 ecclesiasticis
3243 1619 3439 1658 censu-

1865 1671 1941 1725 ris
1964 1670 2252 1739 perstricti,
2285 1684 2314 1722 a
2346 1671 2506 1724 totius
2534 1669 2783 1724 Ecclesia:
2813 1673 3187 1728 cmumunione
3216 1675 3440 1729 abscissi

1865 1751 2232 1796 retnoventur.
2258 1740 2424 1808 Quam
2465 1740 2676 1809 quidem
2700 1740 2889 1808 agendi
2913 1742 3195 1806 rationem,
3218 1761 3336 1798 cum
3365 1748 3444 1800 ci-

1869 1811 2050 1865 vilium
2083 1827 2260 1866 rerum
2291 1810 2737 1865 administrationi
2761 1819 2920 1878 atque
2960 1811 3202 1879 regimini
3238 1818 3437 1879 princi-

1871 1897 1966 1952 pes
2007 1883 2186 1937 saeculi
2225 1891 2281 1937 et
2309 1884 2647 1952 magistratus
2676 1881 2876 1952 optime
2914 1894 3197 1938 noscerent
3225 1900 3440 1940 accom-

1868 1949 2161 2015 modatam,
2205 1953 2312 2022 jam
2343 1949 2556 2022 quidem
2601 1949 2730 2004 illud
2775 1966 2969 2023 nomen
3015 1967 3336 2023 usurparunt
3374 1959 3443 2014 ad

1868 2023 2205 2078 indicandam
2253 2021 2372 2077 eant
2417 2023 2738 2092 judiciorum
2783 2021 3006 2075 formam
3060 2021 3161 2092 qua
3215 2027 3263 2078 in
3305 2028 3445 2084 laesa)

1869 2094 2162 2168 majestatis
2199 2108 2318 2168 reos
2346 2093 2696 2149 animadverti
2725 2093 2880 2146 solet.
2909 2093 3015 2148 Sed
3058 2095 3124 2150 ad
3149 2096 3307 2152 aliam
3332 2101 3444 2168 jam

1868 2164 2090 2235 gradum
2124 2165 2400 2218 faciamus.

1939 2233 1992 2289 5.
2027 2235 2371 2304 Perspicuum
2420 2242 2677 2304 prmterea
2723 2232 2850 2288 illud
2892 2243 2994 2298 est,
3026 2235 3167 2304 quod
3208 2241 3444 2295 secundo

1870 2306 1988 2361 loco
2045 2303 2435 2374 proposuimus,
2491 2303 2808 2358 Manichteos
2854 2303 3099 2360 videlicet
3146 2323 3178 2362 e
3227 2309 3444 2367 latebris

1871 2376 2195 2444 prodeuntes
2244 2376 2435 2430 Leonis
2495 2376 2756 2441 pontificis
2801 2376 2954 2445 jussu
3003 2377 3053 2430 in
3103 2377 3192 2444 jus
3244 2384 3446 2436 accitos

1873 2447 2068 2511 fuisse,
2111 2449 2314 2516 hosque
2351 2460 2531 2519 coram
2572 2446 2966 2519 episcoporum.
3010 2449 3444 2519 presbyterorum

1871 2519 2203 2588 aliorumque
2230 2515 2444 2588 piorum
2480 2515 2752 2588 hominum
2784 2528 2925 2572 cmtu
2958 2515 3118 2572 veluti
3151 2515 3293 2574 liesa:
3324 2524 3446 2580 ﬁdei

1872 2604 1995 2663 reos
2025 2587 2349 2663 stetisse,‘u_t
2379 2587 2632 2663 Ecclesia:
2652 2587 2906 2663 judicium
2936 2587 3212 2663 subirent.
3234 2591 3308 2645 Ex
3339 2610 3445 2663 quo

1873 2660 2098 2728 aliisque
2147 2659 2410 2712 similibus
2458 2658 2622 2726 gestis
2673 2657 2834 2712 etiam
2886 2659 3022 2727 apud
3071 2657 3446 2725 Carthaginem

1873 2732 2108 2799 aliasque
2152 2731 2345 2785 Africa:
2389 2729 2652 2782 Ecclesias
2675 2728 2750 2797 (c)
2778 2729 3054 2797 Augustini
3080 2745 3197 2784 :evo
3227 2747 3255 2785 a
3285 2733 3449 2788 Mani-

1874 2800 2036 2855 chmis
2064 2813 2300 2863 vexatas,
2335 2800 2534 2867 optime
2564 2800 2903 2866 intelligimus
2930 2799 3250 2855 criminosos
3290 2803 3450 2858 Chri-

1875 2871 2080 2925 stianos
2101 2871 2484 2937 cujuscumque
2510 2869 2619 2921 sint
2639 2869 2841 2921 ordinis
2870 2879 2920 2921 et
2944 2871 3158 2935 gradus,
3187 2873 3451 2926 conditio-

1877 2940 1960 2994 nis
2007 2949 2062 2993 et
2103 2955 2284 3002 sexus,
2336 2938 2560 3007 publicis
2604 2953 2813 3005 quoque
2858 2952 3130 2991 sacrorum
3179 2953 3451 3006 pastorum

1872 3011 2088 3079 judiciis
2117 3011 2339 3063 subesse
2365 3009 2595 3071 debere;
2645 3018 2698 3061 et
2727 3008 2778 3061 in
2821 3009 2883 3061 iis
2912 3009 3086 3061 causis
3116 3014 3450 3077 potissimum

203 3077 454 3152 deinceps
482 3079 620 3137 labia
644 3079 828 3135 dolosa
849 3077 1187 3135 mendacium
1219 3079 1557 3150 obloquentia
1587 3082 1775 3136 obmu-
1874 3077 1932 3136 in
1959 3081 2150 3150 quibus
2174 3080 2291 3152 fidei
2313 3080 2599 3152 integritati
2619 3079 2894 3152 ctveritati
2916 3081 3256 3152 prospicitur.
3274 3084 3450 3148 Quare

205 3149 430 3208 tescani.
558 3221 565 3222 ί
897 3220 910 3222 _
958 3219 1006 3222 __
1185 3219 1196 3222 _
1307 3219 1319 3222 _
1362 3149 1376 3150 ί
1809 3211 1846 3222 _
1880 3149 2038 3206 facile
2081 3151 2342 3206 refellitur
2393 3149 2604 3202 illorum
2651 3149 2942 3222 perniciosa
2991 3150 3206 3215 opinio,
3258 3157 3344 3222 qui
3399 3157 3451 3211 in

278 3224 512 3278 Primum
555 3221 732 3290 itaque
771 3220 912 3290 quod
958 3219 1044 3274 hic
1082 3219 1414 3289 probandum
1457 3222 1778 3278 assumimus
1801 3211 1848 3274 C
1880 3234 2084 3277 arctutn
2114 3222 2527 3276 ecclesiasticam
2555 3211 2982 3286 jurisdictioncm
3013 3211 3333 3289 compellere
3358 3240 3452 3279 vo-

204 3295 538 3367 potissimum
564 3291 835 3367 colligitur
856 3306 922 3367 ex
951 3291 1641 3367 sermone‘decimoqninto
1673 3293 1769 3364 (α),
1881 3294 2076 3367 lentes,
2126 3307 2242 3367 eam
2293 3291 2378 3344 vix
2409 3291 2622 3367 extendi
2669 3292 3193 3367 posse_rontendunt
3234 3293 3311 3367 ad
3329 3295 3451 3352 illos

199 760 271 814 nis
316 772 509 812 nomen
553 755 605 809 in
646 753 900 810 Ecclesia:
937 754 1149 822 judiciis
1195 755 1422 808 traxisse
1466 753 1752 823 originem.

198 829 318 885 Tum
349 841 480 882 sane
507 826 635 882 mihi
668 840 1045 895 proposueram
1074 839 1136 879 ea
1168 824 1235 878 de
1279 838 1338 878 re
1377 823 1590 893 longam
1626 825 1756 879 satis

198 908 479 956 contexere
498 897 950 960 dissertationem,
976 895 1218 965 hancque
1243 908 1350 948 non
1373 909 1437 950 ex
1455 895 1573 948 aliis
1597 910 1754 962 quam

199 985 256 1026 ex
285 969 451 1024 sancti
484 966 750 1037 pontificis
775 965 1369 1037 Operibusdeductam.
1391 965 1589 1037 _Atque
1629 965 1756 1037 item

199 1041 246 1095 in
272 1055 332 1094 ea
362 1034 594 1111 probare
624 1037 897 1107 antiquam
930 1034 1191 1111 Ecclesiae
1217 1034 1587 1111 disciplinam,
1617 1045 1671 1090 et
1695 1035 1758 1111 _S_.

200 1105 382 1167 Leonis
414 1105 970 1180 potissimum—agendi
991 1105 1358 1180 ra_tionem,_in
1391 1105 1764 1174 perquirendis

200 1190 247 1236 et
286 1174 602 1237 damnandis
628 1174 892 1233 haereticis
921 1175 1246 1231 Manichaeis.
1281 1174 1358 1228 Re
1384 1185 1561 1230 tamen
1591 1184 1764 1230 matu-

200 1252 302 1308 rius
325 1264 606 1320 perpensa,
631 1262 808 1304 causte
835 1245 990 1320 huius
1017 1246 1484 1320 pertractationem
1513 1245 1634 1301 huic
1658 1246 1761 1302 loci

197 1315 535 1378 diﬂ'erendam
590 1318 944 1390 opportunius
996 1315 1325 1381 existimavi,
1376 1323 1433 1371 et
1477 1327 1762 1386 propterea

199 1389 709 1464 quinquegsubjicere
730 1403 912 1464 cogor.

261 1456 594 1518 2.'Primuin
645 1456 989 1529 inquisitionis
1036 1457 1358 1529 vocabulum
1407 1456 1761 1529 jam__Leonis

202 1549 309 1591 aevo
339 1532 503 1587 fuisse
524 1527 840 1600 usurpatum
869 1527 936 1583 ad
956 1527 1278 1600 innuendam
1308 1543 1424 1582 eam
1445 1527 1631 1600 iudicii
1652 1528 1765 1600 for-

201 1619 336 1660 mam
362 1616 518 1672 quam
547 1598 672 1672 tum
691 1600 936 1672 Bomana
979 1598 1221 1672 Ecclesia
1263 1599 1682 1672 prosequebatur
1706 1598 1760 1672 in

202 1667 565 1744 perquirendis
596 1668 1080 1744 _in_dis_criminat_im
1105 1667 1514 1744 cujuscumque
1557 1667 1763 1724 ordinis

203 1738 254 1800 et
272 1738 464 1802 gradus
485 1741 802 1797 Christianis
829 1741 1077 1794 haeretica
1105 1739 1223 1794 labe
1242 1738 1480 1802 infectis;

307 1812 569 1868 ecundum
589 1854 606 1878 ,
634 1811 701 1867 de
717 1811 906 1866 haeresi
931 1817 1384 1880 suspectosatque
1407 1808 1762 1880 comprehen-

205 1898 290 1940 sos
316 1899 493 1939 coram
522 1882 773 1938 Ecclesia
795 1879 1057 1948 iudicibus
1090 1892 1149 1932 se
1180 1879 1366 1934 sistere
1395 1879 1672 1946 debuisse,
1705 1889 1764 1936 ut

206 1968 412 2010 causam
437 1952 693 2016 dicerent,
715 1961 769 2006 et
796 1950 1113 2005 sententiam
1134 1949 1402 2012 subirent;

269 2024 524 2087 Tertium,
555 2021 622 2077 ab
646 2021 774 2090 ipsis
795 2020 902 2075 reis
919 2033 1097 2074 coram
1126 2020 1491 2076 sacerdotibus
1519 2021 1763 2078 adductis

196 2102 507 2148 consuetum
531 2090 716 2156 fuisse,
747 2104 868 2145 cum
897 2090 1180 2144 criminum
1208 2090 1626 2160 confessionem,
1650 2102 1762 2150 tum

199 2162 504 2219 eorumdem
526 2160 934 2217 detestationem
960 2162 1295 2230 extorqueri;

266 2233 546 2299 Quartum,
559 2231 945 2301 cujuscumque
965 2231 1168 2287 ordinis
1194 2241 1250 2287 et
1269 2232 1589 2288 conditionis
1605 2233 1766 2290 Chri-

197 2301 397 2359 stianos
444 2313 568 2358 tunc
605 2304 766 2358 etiam
814 2302 1044 2372 quodam
1092 2313 1428 2358 sacramento
1479 2304 1769 2362 obstrictos

199 2374 360 2431 fuisse
403 2373 471 2430 de
512 2373 704 2430 haeresi
743 2381 1021 2443 suspectos
1049 2372 1115 2427 ad
1146 2373 1502 2429 Ecclesiarum
1547 2390 1768 2432 suarum

197 2460 292 2569 aeu
339 2446 693 2568 p‘armciarum
732 2444 1076 2516 presbyteros
1100 2444 1328 2514 deferre,
1359 2445 1476 2514 vel,
1503 2455 1562 2501 ut
1587 2447 1769 2515 aiunt,

239 2533 364 2569 enun
388 2532 494 2569 tare
511 2533 531 2569 ἔ

239 2527 494 2572 enuntiare
510 2533 531 2582 ,'

272 2587 522 2655 Quintum
549 2585 788 2648 tandem.
820 2585 1112 2640 heresibus
1141 2585 1424 2655 inquinati,
1456 2601 1563 2642 non
1592 2588 1768 2644 eccle-

201 2657 528 2713 siasticarum
557 2657 840 2711 dumtaxat
877 2671 1222 2712 censurarum
1247 2657 1469 2712 vinculis
1496 2659 1768 2715 constrin-

237 2729 478 2794 ebantur,
525 2742 709 2782 verum
751 2728 913 2782 etiam
952 2727 994 2781 si
1034 2743 1141 2782 non
1181 2728 1311 2782 satis
1355 2743 1632 2797 pmnarum
1671 2747 1770 2786 ex-

237 2744 478 2794 eoantur,
525 2744 709 2782 verum
751 2744 913 2782 euam
952 2744 994 2781 st
1034 2744 1141 2782 non
1181 2744 1311 2782 satts
1355 2744 1632 2797 pmnarum
1671 2747 1770 2786 ex-

200 2744 446 2854 haustum
475 2798 634 2863 foret,
669 2797 914 2868 saeculari
945 2799 1224 2865 potestati,
1249 2813 1406 2868 quam
1438 2799 1540 2853 sibi
1564 2799 1615 2853 in
1646 2802 1773 2856 sub-

202 2869 393 2940 sidium
417 2869 651 2925 Ecclesia
679 2867 990 2940 advocabat,
1017 2868 1134 2923 aliis
1163 2867 1323 2940 atque
1348 2870 1466 2923 aliis
1497 2871 1772 2940 suppliciis

203 2939 375 2996 an‘ecti
405 2939 762 2994 tradebantur.
808 2938 1054 3006 Quinque
1095 2948 1271 2994 autem
1312 2939 1425 2993 hzec
1465 2940 1532 2992 ita
1564 2938 1627 2994 ex
1658 2943 1774 2995 solo

203 3011 380 3066 Leone
412 3010 686 3081 perspicua
718 3018 786 3081 _et
827 3008 1100 3081 explorata
1139 3010 1311 3081 facere
1338 3009 1674 3074 conabimur,
1717 3020 1776 3066 ut

205 3360 258 3421 in
280 3380 387 3436 quo
406 3379 527 3421 cum
549 3363 615 3418 de
633 3360 834 3436 jejunio
849 3360 1044 3436 decimi
1062 3361 1278 3436 mensis,
1307 3371 1416 3436 tum
1442 3362 1596 3435 155
1614 3360 1774 3420 etiam

203 3437 274 3492 de
299 3431 668 3505 ‘eleemosyni's
704 3434 764 3505 S.
802 3431 1037 3500 pontifex
1076 3433 1219 3505 agit.
1248 3432 1410 3486 Paulo
1444 3431 1588 3489 and.
1629 3445 1772 3502 ante,

203 3502 564 3579 prasentibus
582 3503 948 3579 sacerdotibus
970 3511 1023 3557 et
1043 3502 1272 3579 clericis,
1298 3519 1399 3579 una
1423 3520 1542 3579 cum
1567 3507 1778 3579 amplis-

205 3573 346 3633 simo
367 3576 522 3632 Urbis
537 3586 726 3631 senatu
745 3575 968 3644 aliisque
989 3573 1253 3645 nobilibus
1275 3574 1422 3639 viris,
1442 3577 1494 3629 in
1516 3573 1776 3645 quosdam

204 3647 501 3703 Manichaea
529 3647 648 3702 labe
682 3642 984 3715 inquinatos
1012 3642 1479 3700 animadverterat.
1507 3642 1680 3714 Quare
1708 3647 1774 3702 ad

203 3718 534 3776 innuendam
555 3731 672 3772 eam
698 3715 882 3786 judicii
915 3715 1136 3788 formam
1167 3730 1324 3788 quam
1354 3718 1632 3788 pastoralis
1662 3718 1779 3788 ejus

203 3789 481 3860 vigilantia
509 3785 848 3860 servaverat,
887 3786 969 3860 vel
1015 3785 1486 3860 in__investigandis
1533 3798 1588 3860 et
1630 3785 1780 3844 dete-

201 3856 402 3932 ge'ndis
431 3857 577 3913 hisce
599 3857 857 3932 improbis
886 3856 1218 3932 hominibus,
1256 3857 1340 3911 vel
1383 3856 1434 3912 in
1473 3859 1601 3932 ipsis
1631 3861 1782 3915 evul-

199 3927 401 4016 fraudis
419 3937 474 4010 et
494 3927 953 4016 coertcendis,.n.on
968 3927 1073 3981 alio
1092 3937 1179 4016 est
1195 3943 1322 4016 usus
1343 3943 1468 4016 voca
1478 3930 1781 4016 bulolqua'm

1881 3365 2126 3420 homines
2161 3363 2440 3416 dumtaxat
2468 3362 2553 3428 qui
2587 3376 2679 3430 per
2718 3361 2993 3415 clericales
3023 3363 3236 3418 ordines
3266 3365 3454 3421 altaris

1882 3433 2180 3488 ministerio
2208 3441 2333 3487 sunt
2363 3433 2664 3500 mancipati.
2701 3434 2805 3483 llos
2835 3433 3027 3501 (aiunt)
3059 3445 3276 3500 possunt
3310 3440 3451 3492 sacri

1884 3515 2154 3573 pastores,
2201 3505 2494 3572 praesertim
2535 3509 2584 3556 in
2627 3503 2782 3574 156
2814 3504 3054 3557 ctvnciliis
3089 3509 3392 3574 congregati
3423 3525 3454 3564 θ

1882 3576 2111 3645 propriis
2131 3576 2382 3644 gradibus
2405 3575 2654 3643 dejicere,
2675 3590 2768 3628 eos
2789 3575 3136 3639 ecclesiarum
3159 3576 3453 3644 beneficiis,

1883 3648 2053 3701 titulis
2083 3657 2240 3716 atque
2271 3645 2571 3713 prtehendis
2603 3647 2840 3714 privare,
2882 3655 3040 3715 atque
3073 3649 3282 3703 tandem
3318 3651 3454 3705 intra

1883 3729 2329 3773 monasteriorum
2365 3717 2592 3770 claustra
2636 3718 2718 3770 vel
2758 3717 2808 3770 in
2849 3718 3178 3771 arctissimos
3213 3736 3457 3776 carceres

1883 3790 2155 3852 relegare,
2192 3788 2458 3854 conjicere
2489 3797 2645 3856 atque
2678 3788 3061 3855 constringere.
3099 3787 3296 3843 Contra
3329 3807 3455 3845 vero

1884 3859 2007 3914 laici
2026 3860 2244 3927 (aiunt),
2262 3869 2416 3912 extra
2435 3874 2639 3910 sacram
2661 3859 3011 3911 hierarchiam
3030 3859 3300 3926 degentes,
3322 3862 3458 3929 ejus-

1885 3932 2029 3984 modi
2053 3931 2475 3997 inquisitionum,
2509 3929 2971 3992 investigationum
3001 3929 3214 3994 judiciis
3235 3932 3459 3984 subesse

199 3997 586 4071 inquisitionis.
607 3997 792 4070 Capite
831 3999 990 4068 igitur
1028 4007 1247 4071 quarto,
1293 3999 1562 4071 locuturus
1593 3997 1657 4054 de
1687 4003 1782 4055 ob-

196 4067 394 4130 scenis
418 4081 472 4125 et
497 4067 738 4126 nefandis
760 4067 945 4124 eorum
967 4067 1239 4122 sacrificiis
1257 4079 1312 4122 et
1334 4069 1782 4134 solemnitatibus.

199 4145 328 4199 hac
362 4143 522 4196 habet
564 4159 578 4196 :
619 4138 698 4193 De
723 4141 882 4194 sacris
908 4149 1072 4192 tamen
1100 4154 1303 4199 eorum,
1334 4145 1460 4205 quw’
1486 4140 1625 4208 apud
1668 4141 1785 4194 illos

195 4225 315 4270 tam
344 4215 562 4267 obscena
582 4221 698 4266 sunt
725 4227 877 4280 quam
899 4209 1154 4278 nefanda,
1187 4209 1321 4278 quod
1360 4209 1669 4277 inquisitioni
1697 4227 1788 4263 no-

193 4296 334 4342 stra
366 4283 616 4338 Dominus
644 4281 970 4349 manifestare
993 4280 1145 4349 voluit
1175 4295 1276 4332 non
1294 4288 1531 4349 tacemus.
1559 4280 1789 4349 Exponit

195 4353 419 4412 deinde
444 4347 886 4424 quemadmodum
913 4352 1001 4420 qui
1032 4350 1096 4403 ad
1123 4348 1378 4424 judicium
1399 4348 1624 4424 fuerant
1644 4347 1788 4424 _per-
1891 4347 2120 4424 lingeret
2141 4363 2258 4417 qua:
2280 4348 2344 4400 ad
2368 4360 2542 4424 sacra;
2559 4347 2948 4424 communionis
2973 4347 3430 4424 participationem
3453 4393 3467 4414 ,

195 4425 366 4482 ducti
403 4418 562 4493 impia
597 4424 841 4493 dogmata
869 4418 1305 4493 et'exsecrabilia
1337 4421 1557 4493 crimina
1590 4418 1791 4491 patefe-
1892 4421 1959 4476 ad
1998 4427 2449 4493 sacramentorum
2480 4418 3014 4493 administrationem.
3051 4419 3130 4471 vel
3164 4420 3227 4472 ad
3256 4419 3463 4493 divino-

192 4498 421 4554 cerint.
449 4486 579 4562 Qua:
598 4486 811 4563 quidem
837 4507 941 4546 non
971 4491 1352 4563 sinegmaxitno
1381 4492 1544 4545 animi
1571 4486 1792 4551 horrore
1893 4507 2012 4547 rum
2054 4492 2432 4563 mysteriorum
2461 4488 2874 4563 celebrationem
2917 4486 3237 4557 referuntur,
3272 4492 3465 4559 quibus

190 4569 277 4624 ab
306 4567 403 4643 _iis
439 4557 545 4643 q:ui_
571 4557 1196 4643 ej'usmodihconfessioni.
1244 4561 1466 4643 aderant
1509 4573 1793 4643 potuerunt
1820 4585 1872 4643 ο
1896 4564 2015 4617 laici
2046 4557 2185 4641 justa
2210 4558 2599 4643 aerattonabi’li
2725 4572 2882 4639 causa
2915 4568 3136 4643 possunt
3169 4557 3385 4643 privari,
3410 4573 3466 4617 et

189 4637 422 4694 audiri.
450 4627 581 4703 Quia
599 4627 820 4690 tandem
843 4632 900 4688 S.
933 4633 1060 4701 Leo,
1093 4631 1268 4686 divina
1297 4631 1491 4687 virtute
1511 4627 1790 4703 praeditus,
1820 4627 1869 4643 ”
1901 4648 1932 4688 a
1958 4627 2126 4687 sacris
2151 4630 2376 4703 canibus
2403 4629 2590 4703 arceri.
2625 4627 2698 4682 ita
2745 4643 2802 4682 re
2832 4628 2941 4703 ipsa
2973 4627 3242 4703 idiotaj’et
3274 4633 3468 4700 depra-

188 4719 260 4767 et
290 4699 630 4764 revelatione
656 4699 1408 4775 prmmonitus,ipra:novera_t
1432 4699 1599 4775 unam
1641 4699 1794 4760 dum;
1901 4715 2036 4758 vata:
2057 4699 2394 4775 conscientia:
2420 4700 2662 4753 homines
2675 4700 2951 4775 catholicas
2972 4699 3101 4775 legis
3129 4699 3467 4775 fundamenta

190 4787 370 4836 taxat
416 4787 619 4846 partem
655 4769 932 4846 noxiorum
965 4769 1235 4826 hominum
1268 4773 1318 4826 in
1354 4773 1494 4828 Urbe
1509 4774 1793 4846 latentium
1901 4785 2144 4830 evertere
2171 4771 2630 4846 conari__possent.
2661 4769 2780 4846 _Nec
2819 4773 2968 4846 enim
2994 4769 3120 4846 ipsis
3148 4773 3266 4826 fidei
3294 4773 3472 4828 lumen

187 4852 258 4907 in
295 4865 373 4905 eo
407 4840 632 4903 solemni
673 4845 1116 4914 sanctissimeque
1149 4853 1414 4898 conventu
1452 4843 1612 4900 fuisse
1641 4861 1796 4901 coer-
1904 4846 2060 4910 inest,
2087 4859 2193 4912 quo
2222 4840 2519 4910 intelligant
2552 4841 2843 4914 Ecclesium
2874 4842 2971 4895 sibi
2999 4843 3084 4909 jus
3115 4855 3320 4914 nactam
3351 4858 3472 4914 esse

184 4924 388 4978 citam
423 4928 477 4974 et
513 4918 840 4987 evulgatam;
894 4911 1172 4984 prapierea
1217 4925 1495 4984 antequam
1536 4917 1798 4987 ejusmodi
1906 4919 1959 4970 in
2003 4911 2282 4986 quotquot,
2326 4911 2975 4987 abrenuntiatisprimum
3007 4913 3252 4987 omnibus
3278 4913 3474 4987 _steculi

181 4991 512 5050 clauderet
536 4980 835 5046 boniiliam.
869 4980 1199 5056 nequaquam
1239 5000 1268 5038 a
1300 4980 1493 5039 conatu
1537 4980 1800 5043 desistere
1907 4980 2288 5055 impietatibus,
2314 4998 2374 5038 se
2395 4980 2611 5056 Christo
2634 4981 2926 5046 dederunt;
2957 4981 3172 5056 quando
3200 4981 3473 5056 videlicet,

179 5063 439 5121 statuit.
471 5059 637 5114 Immo
664 5059 717 5114 in
737 5057 922 5112 eadem
954 5050 1294 5121 inquisitione
1333 5070 1390 5110 se
1429 5069 1798 5121 perseveratu-
1907 5050 2320 5110 soletnnioribus
2355 5052 2563 5117 ritibus,
2595 5053 2646 5105 in
2680 5056 3003 5120 praecipuum
3035 5050 3314 5105 catholicae
3348 5052 3477 5107 reli-

179 5150 340 5193 rum
377 5147 504 5188 esse
544 5129 840 5201 pollicetur,
871 5123 1046 5201 quoad
1076 5135 1184 5182 tota
1210 5125 1349 5201 Ilrbs
1397 5123 1465 5201 ab
1506 5127 1806 5196 hujusmodi
1911 5126 2082 5198 gionis
2103 5133 2491 5201 sacramentum
2510 5127 2764 5201 jurarunt
2787 5123 3044 5201 totovitaa
3065 5136 3222 5201 cursu
3251 5123 3478 5201 catholi:

177 5191 558 5271 edntagioné
599 5191 1170 5271 penitus'eipiaretur,
1206 5199 1256 5251 id
1295 5199 1524 5252 maxime
1561 5191 1806 5271 exigente
1914 5191 2032 5254 Eam
2066 5193 2662 5271 religionem_p_r_ofite_ri,
2694 5201 2748 5246 et
2787 5192 3038 5271 Ecclesia:
3065 5191 3300 5271 obedire.
3343 5192 3478 5271 Quid

174 5262 560 5343 diligentiori
593 5262 942 5343 suisupremi
963 5262 1291 5343 apostolatus
1318 5271 1562 5343 cautione
1603 5287 1614 5321 :
1652 5262 1810 5324 idco-
1913 5283 2040 5343 ergo
2070 5262 2385 5343 dicendum?
2417 5266 2470 5318 Si
2503 5280 2560 5343 re
2589 5265 2720 5332 ipsa,
2761 5263 2958 5343 violata
2991 5262 3327 5343 postmodum
3359 5263 3476 5324 fide.

171 5332 491 5418 (praeveniat
524 5332 810 5418 misericors
831 5338 977 5418 _Deus
999 5332 1280 5408 quamdam
1299 5340 1441 5418 πρωί
1474 5349 1666 5418 partem
1696 5357 1811 5418 pro-
1913 5332 2112 5418 divinis
2140 5338 2410 5418 sacrisque
2449 5336 2608 5418 rebus
2648 5332 3072 5418 possentabuti,
3095 5333 3324 5418 θεομυξεί
3360 5349 3477 5418 sant

171 5409 357 5493 Elidit
407 5413 685 5493 hominum
720 5412 1036 5493 noxiorum”
1067 5419 1153 5490 ut,
1199 5409 1522 5493 manifestata
1557 5413 1808 5493 periculo,

168 5488 549 5545 excitaretur
593 5482 856 5554 diligentia
898 5480 1173 5554 cautionis.
1228 5477 1348 5532 Non
1397 5477 1627 5550 sufﬁciat
1679 5483 1812 5554 quod

164 5571 408 5616 actum
442 5565 546 5622 est,
573 5555 659 5607 sed
681 5550 856 5606 eadem
891 5550 1148 5620 inquisitio
1188 5561 1464 5622 perseveret
1497 5566 1515 5603 :
1545 5567 1655 5619 qum
1684 5550 1810 5614 hoc,

161 5619 682 5690 auxiliante'Deo,
705 5619 1038 5691 consequitur,
1062 5631 1118 5676 ut
1139 5636 1241 5674 non
1261 5619 1427 5674 solum
1449 5622 1534 5691 qui
1557 5622 1679 5675 recti
1701 5633 1816 5676 sunt

1887 4015 1992 4054 non
2021 4001 2236 4054 debent.
2269 3999 2475 4050 Habent
2505 3997 2589 4049 isti
2613 3997 2944 4065 (subjiciunt)
2970 4014 3094 4050 suos
3118 4002 3457 4066 magistratus

1887 4080 1941 4123 et
1965 4070 2193 4136 judices,
2241 4083 2269 4119 a
2301 4069 2492 4136 quibus
2521 4069 2570 4119 in
2598 4069 2684 4134 jus
2710 4067 2884 4119 vocari
2919 4078 3158 4136 possunt,
3204 4078 3360 4134 atque
3391 4071 3458 4122 ad

1887 4135 1982 4192 eos
2011 4135 2340 4204 potissimum
2390 4146 2595 4199 spectat
2639 4136 2706 4187 de
2745 4136 2938 4189 civium
2979 4135 3104 4197 vita,
3141 4139 3377 4190 moribus
3408 4150 3463 4194 et

1889 4209 2146 4263 institutis
2169 4207 2457 4273 inquirere.
2489 4205 2722 4258 Tandem
2755 4208 2795 4256 si
2818 4205 3178 4259 Ecclesiarum
3211 4211 3463 4273 prmsules

1891 4279 2015 4361 quid
2042 4278 2092 4332 in
2127 4278 2289 4330 laicos
2314 4285 2546 4361 possent,
2577 4275 2625 4328 id
2654 4275 2927 4357 dumtaxat
2961 4277 3022 4328 iis
3052 4279 3104 4361 in
3135 4277 3294 4359 rebus
3326 4294 3456 4332 con-

1915 5410 2168 5465 ctissimm
2197 5407 2350 5475 hujus
2374 5406 2554 5458 matris
2583 5413 2860 5475 corpuset
2881 5403 3086 5475 viscera
3114 5403 3393 5475 dilaniarc,
3435 5415 3477 5454 ut

1916 5482 1959 5534 si
1993 5480 2107 5532 haac
2136 5480 2186 5530 in
2216 5472 2376 5531 laicos
2408 5475 2652 5528 homines
2689 5472 2829 5525 nulla
2871 5473 3091 5540 polleret
3123 5473 3484 5540 jurisdiCIione

1917 5553 1983 5606 ad
2016 5551 2338 5618 impietatem
2378 5544 2751 5599 coercendam.
2785 5544 2930 5618 _quis
2953 5558 3200 5612 umquam
3234 5543 3496 5618 scissuras

1919 5637 2014 5692 per
2037 5613 2270 5674 haereses
2297 5617 2462 5671 factas
2493 5613 2807 5684 repararet?
2845 5614 2964 5682 quis
2997 5629 3176 5667 aream
3205 5613 3494 5682 purgaret?

268 5764 384 5872 ςα)
423 5759 488 5816 S.
517 5758 628 5815 Leo
649 5758 885 5827 Magnus,
914 5772 1075 5812 serm.
1105 5757 1177 5812 l5
1202 5771 1318 5825 cap.
1351 5757 1405 5811 ι.
1975 5755 2080 5837 .(c)
2101 5755 2456 5844 .Augusttnus,
2491 5750 2584 5828 lib.
2610 5748 2676 5802 de
2704 5747 3023 5814 Haeresibus,
3055 5760 3174 5816 cap.
3201 5744 3290 5800 46.
3319 5745 3496 5803 Poni.

318 5835 383 5872 In
428 5831 541 5872 ..μη
570 5831 661 5872 Μη
687 5844 849 5872 serm-
877 5843 993 5872 sun-
1028 5828 1254 5872 laudato-
1288 5842 1405 5872 can-
1429 5829 1483 5872 6-
1935 5826 2074 5872 dtus-
2101 5841 2152 5872 m
2182 5824 2456 5872 Aumlsltnl
2489 5821 2627 5872 Vlla.

314 5821 383 5890 bi
423 5831 541 5888 Leo
568 5831 664 5893 M.,
687 5821 849 5883 se'rm.
875 5821 994 5896 sup.
1028 5821 1406 5897 laudatofcap.
1429 5829 1484 5882 6.
1935 5821 2075 5890 dius,
2101 5825 2152 5878 in
2181 5821 2456 5889 Augustini
2489 5821 2627 5876 Vita.

537 5925 806 5984 Parnm.
863 5923 990 5982 LV.
3155 5912 3227 5957 an
