  <div class='ocr_page' id='page_1' title='image "/cluster/home/n/w/nwhite01/storage/ocr_20150623/55/hvd.32044015471592/477.png"; bbox 0 0 3988 6314; ppageno 0'>
   <div class='ocr_carea' id='block_1_1' title="bbox 579 392 691 452">
    <p class='ocr_par' dir='ltr' id='par_1_1' title="bbox 579 392 691 452">
     <span class='ocr_line' id='line_1_1' title="bbox 579 392 691 452; baseline 0.009 -1"><span class='ocrx_word' id='word_1_1' title='bbox 579 392 691 452; x_wconf 74' lang='grc'><strong>943</strong></span> 
     </span>
    </p>
   </div>
   <div class='ocr_carea' id='block_1_2' title="bbox 3326 288 3356 315">
    <p class='ocr_par' dir='ltr' id='par_1_2' title="bbox 3326 288 3356 315">
     <span class='ocr_line' id='line_1_2' title="bbox 3326 288 3356 315; baseline 0 0"><span class='ocrx_word' id='word_1_2' title='bbox 3326 288 3356 315; x_wconf 57' lang='grc' dir='ltr'><strong><em>ἔ</em></strong></span> 
     </span>
    </p>
   </div>
   <div class='ocr_carea' id='block_1_3' title="bbox 1156 365 3837 441">
    <p class='ocr_par' dir='ltr' id='par_1_3' title="bbox 1156 365 3837 441">
     <span class='ocr_line' id='line_1_3' title="bbox 1156 365 3837 441; baseline -0.006 -2"><span class='ocrx_word' id='word_1_3' title='bbox 1156 382 1221 439; x_wconf 83' lang='grc' dir='ltr'><strong>Ρ.</strong></span> <span class='ocrx_word' id='word_1_4' title='bbox 1259 381 1575 441; x_wconf 78' lang='lat' dir='ltr'><strong>CACCIARI</strong></span> <span class='ocrx_word' id='word_1_5' title='bbox 1613 373 2210 436; x_wconf 75' lang='lat' dir='ltr'><strong>EXERCITATIONES</strong></span> <span class='ocrx_word' id='word_1_6' title='bbox 2246 372 2314 429; x_wconf 92' lang='lat' dir='ltr'><strong>lN</strong></span> <span class='ocrx_word' id='word_1_7' title='bbox 2352 372 2411 429; x_wconf 89' lang='lat' dir='ltr'><strong>S.</strong></span> <span class='ocrx_word' id='word_1_8' title='bbox 2452 369 2698 428; x_wconf 83' lang='lat' dir='ltr'><strong>LEOle</strong></span> <span class='ocrx_word' id='word_1_9' title='bbox 2735 365 2948 425; x_wconf 78' lang='lat' dir='ltr'><strong>MAGNl</strong></span> <span class='ocrx_word' id='word_1_10' title='bbox 2987 366 3234 423; x_wconf 74' lang='lat' dir='ltr'><strong>Ol’EB\.</strong></span> <span class='ocrx_word' id='word_1_11' title='bbox 3747 372 3837 424; x_wconf 71' lang='lat' dir='ltr'><strong>9H</strong></span> 
     </span>
    </p>
   </div>
   <div class='ocr_carea' id='block_1_4' title="bbox 580 482 3833 574">
    <p class='ocr_par' dir='ltr' id='par_1_4' title="bbox 580 482 3833 574">
     <span class='ocr_line' id='line_1_4' title="bbox 580 482 3833 574; baseline -0.006 -13"><span class='ocrx_word' id='word_1_12' title='bbox 580 522 673 574; x_wconf 79' lang='lat' dir='ltr'><strong>qus</strong></span> <span class='ocrx_word' id='word_1_13' title='bbox 697 502 935 574; x_wconf 76' lang='lat' dir='ltr'><strong>deinceps</strong></span> <span class='ocrx_word' id='word_1_14' title='bbox 964 503 1199 574; x_wconf 75' lang='lat' dir='ltr'><strong>repertus</strong></span> <span class='ocrx_word' id='word_1_15' title='bbox 1228 496 1380 574; x_wconf 75' lang='lat' dir='ltr'><strong>fuerit</strong></span> <span class='ocrx_word' id='word_1_16' title='bbox 1420 494 1643 574; x_wconf 70' lang='lat' dir='ltr'><strong>nefande</strong></span> <span class='ocrx_word' id='word_1_17' title='bbox 1670 493 1938 549; x_wconf 87' lang='lat' dir='ltr'><strong>obstrictus</strong></span> <span class='ocrx_word' id='word_1_18' title='bbox 1962 509 2161 574; x_wconf 9' lang='lat' dir='ltr'><strong>terrore.</strong></span> <span class='ocrx_word' id='word_1_19' title='bbox 2191 488 2388 574; x_wconf 74' lang='lat' dir='ltr'><strong>Aliter</strong></span> <span class='ocrx_word' id='word_1_20' title='bbox 2412 482 3643 574; x_wconf 28' lang='lat' dir='ltr'><strong>indicetis...Nectitbfjusgmttdi‘denuntiationis</strong></span> <span class='ocrx_word' id='word_1_21' title='bbox 3674 486 3833 573; x_wconf 74' lang='lat' dir='ltr'><strong>debito</strong></span> 
     </span>
    </p>
   </div>
   <div class='ocr_carea' id='block_1_5' title="bbox 582 563 2167 642">
    <p class='ocr_par' dir='ltr' id='par_1_5' title="bbox 582 563 2167 642">
     <span class='ocr_line' id='line_1_5' title="bbox 582 563 2167 642; baseline -0.011 -6"><span class='ocrx_word' id='word_1_22' title='bbox 582 563 792 636; x_wconf 69' lang='lat' dir='ltr'><strong>Similia</strong></span> <span class='ocrx_word' id='word_1_23' title='bbox 815 563 1161 642; x_wconf 19' lang='lat' dir='ltr'><strong>pa&#39;rtiter&#39;aliis</strong></span> <span class='ocrx_word' id='word_1_24' title='bbox 1186 563 1239 622; x_wconf 84' lang='lat' dir='ltr'><strong>in</strong></span> <span class='ocrx_word' id='word_1_25' title='bbox 1276 567 1407 642; x_wconf 63' lang='lat' dir='ltr'><strong>Igcis</strong></span> <span class='ocrx_word' id='word_1_26' title='bbox 1425 563 1657 642; x_wconf 75' lang='lat' dir='ltr'><strong>legenda</strong></span> <span class='ocrx_word' id='word_1_27' title='bbox 1686 572 1995 642; x_wconf 77' lang='lat' dir='ltr'><strong>occurrunt,</strong></span> <span class='ocrx_word' id='word_1_28' title='bbox 2022 563 2167 642; x_wconf 78' lang='lat' dir='ltr'><strong>velut</strong></span> 
     </span>
    </p>
   </div>
   <div class='ocr_carea' id='block_1_6' title="bbox 583 633 2171 717">
    <p class='ocr_par' dir='ltr' id='par_1_6' title="bbox 583 633 2171 717">
     <span class='ocr_line' id='line_1_6' title="bbox 583 633 2171 717; baseline -0.011 -13"><span class='ocrx_word' id='word_1_29' title='bbox 583 633 641 705; x_wconf 68' lang='lat' dir='ltr'><strong>in</strong></span> <span class='ocrx_word' id='word_1_30' title='bbox 665 633 858 717; x_wconf 72' lang='lat' dir='ltr'><strong>quarto</strong></span> <span class='ocrx_word' id='word_1_31' title='bbox 887 641 955 717; x_wconf 85' lang='lat' dir='ltr'><strong>de</strong></span> <span class='ocrx_word' id='word_1_32' title='bbox 982 640 1258 717; x_wconf 66' lang='lat' dir='ltr'><strong>nativitatis</strong></span> <span class='ocrx_word' id='word_1_33' title='bbox 1286 633 1538 717; x_wconf 58' lang='lat' dir='ltr'><strong>Domini,</strong></span> <span class='ocrx_word' id='word_1_34' title='bbox 1584 636 1649 717; x_wconf 85' lang='lat' dir='ltr'><strong>in_</strong></span> <span class='ocrx_word' id='word_1_35' title='bbox 1676 645 1864 717; x_wconf 77' lang='lat' dir='ltr'><strong>qttarto</strong></span> <span class='ocrx_word' id='word_1_36' title='bbox 1886 633 2171 717; x_wconf 74' lang='lat' dir='ltr'><strong>itidemde</strong></span> 
     </span>
    </p>
   </div>
   <div class='ocr_carea' id='block_1_7' title="bbox 584 705 2169 788">
    <p class='ocr_par' dir='ltr' id='par_1_7' title="bbox 584 705 2169 788">
     <span class='ocr_line' id='line_1_7' title="bbox 584 705 2169 788; baseline -0.009 -14"><span class='ocrx_word' id='word_1_37' title='bbox 584 705 1023 788; x_wconf 75' lang='lat' dir='ltr'><strong>Quadragesima.</strong></span> <span class='ocrx_word' id='word_1_38' title='bbox 1066 708 1176 788; x_wconf 82' lang='lat' dir='ltr'><strong>sed</strong></span> <span class='ocrx_word' id='word_1_39' title='bbox 1204 718 1270 788; x_wconf 23' lang='lat' dir='ltr'><strong>tet</strong></span> <span class='ocrx_word' id='word_1_40' title='bbox 1309 707 1363 762; x_wconf 90' lang='lat' dir='ltr'><strong>in</strong></span> <span class='ocrx_word' id='word_1_41' title='bbox 1392 709 1578 788; x_wconf 73' lang='lat' dir='ltr'><strong>quinto</strong></span> <span class='ocrx_word' id='word_1_42' title='bbox 1619 705 1936 788; x_wconf 81' lang='lat' dir='ltr'><strong>deJejunio</strong></span> <span class='ocrx_word' id='word_1_43' title='bbox 1974 705 2169 761; x_wconf 83' lang='lat' dir='ltr'><strong>decimi</strong></span> 
     </span>
    </p>
   </div>
   <div class='ocr_carea' id='block_1_8' title="bbox 585 778 2173 850">
    <p class='ocr_par' dir='ltr' id='par_1_8' title="bbox 585 778 2173 850">
     <span class='ocr_line' id='line_1_8' title="bbox 585 778 2173 850; baseline -0.01 -4"><span class='ocrx_word' id='word_1_44' title='bbox 585 778 830 850; x_wconf 52' lang='lat' dir='ltr'><strong>Eleusis:</strong></span> <span class='ocrx_word' id='word_1_45' title='bbox 841 799 947 838; x_wconf 92' lang='lat' dir='ltr'><strong>non</strong></span> <span class='ocrx_word' id='word_1_46' title='bbox 969 781 1134 837; x_wconf 87' lang='lat' dir='ltr'><strong>semel</strong></span> <span class='ocrx_word' id='word_1_47' title='bbox 1167 780 1251 833; x_wconf 91' lang='lat' dir='ltr'><strong>hic</strong></span> <span class='ocrx_word' id='word_1_48' title='bbox 1278 795 1306 831; x_wconf 86' lang='lat' dir='ltr'><strong>a</strong></span> <span class='ocrx_word' id='word_1_49' title='bbox 1339 780 1492 832; x_wconf 86' lang='lat' dir='ltr'><strong>nobis</strong></span> <span class='ocrx_word' id='word_1_50' title='bbox 1515 778 1749 850; x_wconf 86' lang='lat' dir='ltr'><strong>laudato,</strong></span> <span class='ocrx_word' id='word_1_51' title='bbox 1778 780 1831 831; x_wconf 89' lang='lat' dir='ltr'><strong>in</strong></span> <span class='ocrx_word' id='word_1_52' title='bbox 1859 793 1985 848; x_wconf 92' lang='lat' dir='ltr'><strong>quo,</strong></span> <span class='ocrx_word' id='word_1_53' title='bbox 2010 791 2173 850; x_wconf 80' lang='lat' dir='ltr'><strong>gene-</strong></span> 
     </span>
    </p>
   </div>
   <div class='ocr_carea' id='block_1_9' title="bbox 587 848 2172 920">
    <p class='ocr_par' dir='ltr' id='par_1_9' title="bbox 587 848 2172 920">
     <span class='ocr_line' id='line_1_9' title="bbox 587 848 2172 920; baseline -0.009 -4"><span class='ocrx_word' id='word_1_54' title='bbox 587 859 748 917; x_wconf 76' lang='lat' dir='ltr'><strong>ratim</strong></span> <span class='ocrx_word' id='word_1_55' title='bbox 798 848 1084 910; x_wconf 83' lang='lat' dir='ltr'><strong>admonitis</strong></span> <span class='ocrx_word' id='word_1_56' title='bbox 1127 850 1275 920; x_wconf 89' lang='lat' dir='ltr'><strong>prius</strong></span> <span class='ocrx_word' id='word_1_57' title='bbox 1315 849 1564 904; x_wconf 90' lang='lat' dir='ltr'><strong>omnibus</strong></span> <span class='ocrx_word' id='word_1_58' title='bbox 1610 849 1857 903; x_wconf 84' lang='lat' dir='ltr'><strong>fidelibus</strong></span> <span class='ocrx_word' id='word_1_59' title='bbox 1900 858 1958 903; x_wconf 92' lang='lat' dir='ltr'><strong>ut</strong></span> <span class='ocrx_word' id='word_1_60' title='bbox 2006 848 2172 903; x_wconf 85' lang='lat' dir='ltr'><strong>Mani-</strong></span> 
     </span>
    </p>
   </div>
   <div class='ocr_carea' id='block_1_10' title="bbox 589 920 2169 987">
    <p class='ocr_par' dir='ltr' id='par_1_10' title="bbox 589 920 2169 987">
     <span class='ocr_line' id='line_1_10' title="bbox 589 920 2169 987; baseline -0.009 -2"><span class='ocrx_word' id='word_1_61' title='bbox 589 933 773 985; x_wconf 71' lang='lat' dir='ltr'><strong>chaaos</strong></span> <span class='ocrx_word' id='word_1_62' title='bbox 798 943 827 981; x_wconf 91' lang='lat' dir='ltr'><strong>a</strong></span> <span class='ocrx_word' id='word_1_63' title='bbox 856 940 951 978; x_wconf 88' lang='lat' dir='ltr'><strong>sua</strong></span> <span class='ocrx_word' id='word_1_64' title='bbox 984 923 1235 977; x_wconf 88' lang='lat' dir='ltr'><strong>abdicent</strong></span> <span class='ocrx_word' id='word_1_65' title='bbox 1261 921 1493 975; x_wconf 76' lang='lat' dir='ltr'><strong>amicitia</strong></span> <span class='ocrx_word' id='word_1_66' title='bbox 1531 931 1584 974; x_wconf 92' lang='lat' dir='ltr'><strong>et</strong></span> <span class='ocrx_word' id='word_1_67' title='bbox 1614 921 1870 975; x_wconf 86' lang='lat' dir='ltr'><strong>sneietate</strong></span> <span class='ocrx_word' id='word_1_68' title='bbox 1895 920 2169 987; x_wconf 78' lang='lat' dir='ltr'><strong>speciatim</strong></span> 
     </span>
    </p>
   </div>
   <div class='ocr_carea' id='block_1_11' title="bbox 590 991 2172 1067">
    <p class='ocr_par' dir='ltr' id='par_1_11' title="bbox 590 991 2172 1067">
     <span class='ocr_line' id='line_1_11' title="bbox 590 991 2172 1067; baseline -0.008 -10"><span class='ocrx_word' id='word_1_69' title='bbox 590 999 785 1058; x_wconf 89' lang='lat' dir='ltr'><strong>deinde</strong></span> <span class='ocrx_word' id='word_1_70' title='bbox 812 997 876 1051; x_wconf 88' lang='lat' dir='ltr'><strong>ad</strong></span> <span class='ocrx_word' id='word_1_71' title='bbox 905 998 1047 1067; x_wconf 87' lang='lat' dir='ltr'><strong>ipsas</strong></span> <span class='ocrx_word' id='word_1_72' title='bbox 1076 992 1327 1067; x_wconf 85' lang='lat' dir='ltr'><strong>mulieres</strong></span> <span class='ocrx_word' id='word_1_73' title='bbox 1350 1006 1641 1067; x_wconf 81' lang='lat' dir='ltr'><strong>conversus</strong></span> <span class='ocrx_word' id='word_1_74' title='bbox 1670 1000 1780 1067; x_wconf 66' lang='lat' dir='ltr'><strong>toto</strong></span> <span class='ocrx_word' id='word_1_75' title='bbox 1801 991 1960 1067; x_wconf 80' lang='lat' dir='ltr'><strong>animi</strong></span> <span class='ocrx_word' id='word_1_76' title='bbox 1990 991 2172 1067; x_wconf 80' lang='lat' dir='ltr'><strong>vigore</strong></span> 
     </span>
    </p>
   </div>
   <div class='ocr_carea' id='block_1_12' title="bbox 590 1060 2170 1132">
    <p class='ocr_par' dir='ltr' id='par_1_12' title="bbox 590 1060 2170 1132">
     <span class='ocr_line' id='line_1_12' title="bbox 590 1060 2170 1132; baseline -0.007 -7"><span class='ocrx_word' id='word_1_77' title='bbox 590 1086 687 1128; x_wconf 89' lang='lat' dir='ltr'><strong>eas</strong></span> <span class='ocrx_word' id='word_1_78' title='bbox 710 1060 961 1124; x_wconf 76' lang='lat' dir='ltr'><strong>admonet</strong></span> <span class='ocrx_word' id='word_1_79' title='bbox 980 1082 1033 1119; x_wconf 85' lang='lat' dir='ltr'><strong>se</strong></span> <span class='ocrx_word' id='word_1_80' title='bbox 1054 1065 1113 1117; x_wconf 90' lang='lat' dir='ltr'><strong>ab</strong></span> <span class='ocrx_word' id='word_1_81' title='bbox 1136 1079 1311 1117; x_wconf 89' lang='lat' dir='ltr'><strong>eorum</strong></span> <span class='ocrx_word' id='word_1_82' title='bbox 1340 1063 1521 1115; x_wconf 76' lang='lat' dir='ltr'><strong>notitia</strong></span> <span class='ocrx_word' id='word_1_83' title='bbox 1542 1071 1587 1116; x_wconf 87' lang='lat' dir='ltr'><strong>et</strong></span> <span class='ocrx_word' id='word_1_84' title='bbox 1607 1060 1875 1132; x_wconf 76' lang='lat' dir='ltr'><strong>colloquiis</strong></span> <span class='ocrx_word' id='word_1_85' title='bbox 1895 1061 2170 1127; x_wconf 85' lang='lat' dir='ltr'><strong>abstinere,</strong></span> 
     </span>
    </p>
   </div>
   <div class='ocr_carea' id='block_1_13' title="bbox 589 1132 2174 1209">
    <p class='ocr_par' dir='ltr' id='par_1_13' title="bbox 589 1132 2174 1209">
     <span class='ocr_line' id='line_1_13' title="bbox 589 1132 2174 1209; baseline -0.011 -11"><span class='ocrx_word' id='word_1_86' title='bbox 589 1159 695 1204; x_wconf 89' lang='lat' dir='ltr'><strong>ne,</strong></span> <span class='ocrx_word' id='word_1_87' title='bbox 727 1143 849 1193; x_wconf 85' lang='lat' dir='ltr'><strong>dum</strong></span> <span class='ocrx_word' id='word_1_88' title='bbox 896 1133 1846 1209; x_wconf 68' lang='lat' dir='ltr'><strong>fabulosisnarratienibus_incaulus</strong></span> <span class='ocrx_word' id='word_1_89' title='bbox 1899 1132 2174 1209; x_wconf 68' lang='lat' dir='ltr'><strong>delectatur</strong></span> 
     </span>
    </p>
   </div>
   <div class='ocr_carea' id='block_1_14' title="bbox 588 1201 2174 1276">
    <p class='ocr_par' dir='ltr' id='par_1_14' title="bbox 588 1201 2174 1276">
     <span class='ocr_line' id='line_1_14' title="bbox 588 1201 2174 1276; baseline -0.006 -9"><span class='ocrx_word' id='word_1_90' title='bbox 588 1201 822 1276; x_wconf 81' lang='lat' dir='ltr'><strong>auditus,</strong></span> <span class='ocrx_word' id='word_1_91' title='bbox 848 1201 906 1262; x_wconf 77' lang='lat' dir='ltr'><strong>in</strong></span> <span class='ocrx_word' id='word_1_92' title='bbox 926 1207 1119 1261; x_wconf 87' lang='lat' dir='ltr'><strong>diaboli</strong></span> <span class='ocrx_word' id='word_1_93' title='bbox 1146 1205 1351 1273; x_wconf 87' lang='lat' dir='ltr'><strong>laqueos</strong></span> <span class='ocrx_word' id='word_1_94' title='bbox 1376 1202 1634 1276; x_wconf 86' lang='lat' dir='ltr'><strong>incidatis.</strong></span> <span class='ocrx_word' id='word_1_95' title='bbox 1666 1203 1839 1276; x_wconf 64' lang='lat' dir='ltr'><strong>Atque</strong></span> <span class='ocrx_word' id='word_1_96' title='bbox 1873 1203 2085 1257; x_wconf 88' lang='lat' dir='ltr'><strong>tandem</strong></span> <span class='ocrx_word' id='word_1_97' title='bbox 2108 1201 2174 1257; x_wconf 85' lang='lat' dir='ltr'><strong>ad</strong></span> 
     </span>
    </p>
   </div>
   <div class='ocr_carea' id='block_1_15' title="bbox 590 1273 2177 1352">
    <p class='ocr_par' dir='ltr' id='par_1_15' title="bbox 590 1273 2177 1352">
     <span class='ocr_line' id='line_1_15' title="bbox 590 1273 2177 1352; baseline -0.016 -13"><span class='ocrx_word' id='word_1_98' title='bbox 590 1283 762 1352; x_wconf 89' lang='lat' dir='ltr'><strong>magis</strong></span> <span class='ocrx_word' id='word_1_99' title='bbox 787 1273 967 1352; x_wconf 80' lang='lat' dir='ltr'><strong>earum</strong></span> <span class='ocrx_word' id='word_1_100' title='bbox 998 1277 1155 1333; x_wconf 86' lang='lat' dir='ltr'><strong>fidem</strong></span> <span class='ocrx_word' id='word_1_101' title='bbox 1203 1274 1517 1328; x_wconf 86' lang='lat' dir='ltr'><strong>firmandam</strong></span> <span class='ocrx_word' id='word_1_102' title='bbox 1545 1273 2012 1352; x_wconf 81' lang='lat' dir='ltr'><strong>.__pudieit_iamq_ue</strong></span> <span class='ocrx_word' id='word_1_103' title='bbox 2061 1289 2177 1327; x_wconf 77' lang='lat' dir='ltr'><strong>mu-</strong></span> 
     </span>
    </p>
   </div>
   <div class='ocr_carea' id='block_1_16' title="bbox 588 1344 2172 1413">
    <p class='ocr_par' dir='ltr' id='par_1_16' title="bbox 588 1344 2172 1413">
     <span class='ocr_line' id='line_1_16' title="bbox 588 1344 2172 1413; baseline -0.007 -5"><span class='ocrx_word' id='word_1_104' title='bbox 588 1344 865 1412; x_wconf 70' lang='lat' dir='ltr'><strong>niendatn,</strong></span> <span class='ocrx_word' id='word_1_105' title='bbox 888 1349 939 1403; x_wconf 93' lang='lat' dir='ltr'><strong>in</strong></span> <span class='ocrx_word' id='word_1_106' title='bbox 968 1356 1200 1402; x_wconf 84' lang='lat' dir='ltr'><strong>mentem</strong></span> <span class='ocrx_word' id='word_1_107' title='bbox 1223 1354 1436 1398; x_wconf 82' lang='lat' dir='ltr'><strong>revocat</strong></span> <span class='ocrx_word' id='word_1_108' title='bbox 1456 1344 1697 1398; x_wconf 87' lang='lat' dir='ltr'><strong>mulieris</strong></span> <span class='ocrx_word' id='word_1_109' title='bbox 1730 1345 1913 1412; x_wconf 75' lang='lat' dir='ltr'><strong>prima:</strong></span> <span class='ocrx_word' id='word_1_110' title='bbox 1944 1345 2172 1413; x_wconf 89' lang='lat' dir='ltr'><strong>lapsum,</strong></span> 
     </span>
    </p>
   </div>
   <div class='ocr_carea' id='block_1_17' title="bbox 593 1414 2177 1496">
    <p class='ocr_par' dir='ltr' id='par_1_17' title="bbox 593 1414 2177 1496">
     <span class='ocr_line' id='line_1_17' title="bbox 593 1414 2177 1496; baseline -0.006 -18"><span class='ocrx_word' id='word_1_111' title='bbox 593 1441 735 1496; x_wconf 74' lang='lat' dir='ltr'><strong>quae,</strong></span> <span class='ocrx_word' id='word_1_112' title='bbox 760 1419 1037 1496; x_wconf 80' lang='lat' dir='ltr'><strong>diabolieis</strong></span> <span class='ocrx_word' id='word_1_113' title='bbox 1064 1414 1757 1496; x_wconf 41' lang='lat' dir='ltr'><strong>suggestionibus-decepta,</strong></span> <span class='ocrx_word' id='word_1_114' title='bbox 1780 1414 2177 1496; x_wconf 73' lang='lat' dir='ltr'><strong>perpetuo_un_i-</strong></span> 
     </span>
    </p>
   </div>
   <div class='ocr_carea' id='block_1_18' title="bbox 590 1484 2174 1558">
    <p class='ocr_par' dir='ltr' id='par_1_18' title="bbox 590 1484 2174 1558">
     <span class='ocr_line' id='line_1_18' title="bbox 590 1484 2174 1558; baseline -0.005 -11"><span class='ocrx_word' id='word_1_115' title='bbox 590 1484 808 1551; x_wconf 65' lang='lat' dir='ltr'><strong>v&#39;ersum</strong></span> <span class='ocrx_word' id='word_1_116' title='bbox 839 1490 1068 1544; x_wconf 88' lang='lat' dir='ltr'><strong>hominis</strong></span> <span class='ocrx_word' id='word_1_117' title='bbox 1092 1484 1260 1558; x_wconf 83' lang='lat' dir='ltr'><strong>genus</strong></span> <span class='ocrx_word' id='word_1_118' title='bbox 1287 1500 1314 1537; x_wconf 87' lang='lat' dir='ltr'><strong>a</strong></span> <span class='ocrx_word' id='word_1_119' title='bbox 1348 1484 1577 1554; x_wconf 87' lang='lat' dir='ltr'><strong>paradisi</strong></span> <span class='ocrx_word' id='word_1_120' title='bbox 1605 1485 1857 1558; x_wconf 78' lang='lat' dir='ltr'><strong>felicitate</strong></span> <span class='ocrx_word' id='word_1_121' title='bbox 1884 1485 2099 1555; x_wconf 86' lang='lat' dir='ltr'><strong>dejecit,</strong></span> <span class='ocrx_word' id='word_1_122' title='bbox 2122 1487 2174 1558; x_wconf 82' lang='lat' dir='ltr'><strong>in</strong></span> 
     </span>
    </p>
   </div>
   <div class='ocr_carea' id='block_1_19' title="bbox 591 1556 2178 1637">
    <p class='ocr_par' dir='ltr' id='par_1_19' title="bbox 591 1556 2178 1637">
     <span class='ocr_line' id='line_1_19' title="bbox 591 1556 2178 1637; baseline -0.005 -18"><span class='ocrx_word' id='word_1_123' title='bbox 591 1580 700 1637; x_wconf 90' lang='lat' dir='ltr'><strong>quo</strong></span> <span class='ocrx_word' id='word_1_124' title='bbox 724 1562 1043 1637; x_wconf 71' lang='lat' dir='ltr'><strong>miserrimo</strong></span> <span class='ocrx_word' id='word_1_125' title='bbox 1080 1556 1142 1637; x_wconf 73' lang='lat' dir='ltr'><strong>et</strong></span> <span class='ocrx_word' id='word_1_126' title='bbox 1173 1558 1416 1637; x_wconf 73' lang='lat' dir='ltr'><strong>luctuoso</strong></span> <span class='ocrx_word' id='word_1_127' title='bbox 1446 1557 1785 1637; x_wconf 72' lang='lat' dir='ltr'><strong>statu_ad_huc</strong></span> <span class='ocrx_word' id='word_1_128' title='bbox 1812 1556 2044 1637; x_wconf 73' lang='lat' dir='ltr'><strong>iaceret,</strong></span> <span class='ocrx_word' id='word_1_129' title='bbox 2074 1556 2178 1637; x_wconf 76' lang='lat' dir='ltr'><strong>nisi</strong></span> 
     </span>
    </p>
   </div>
   <div class='ocr_carea' id='block_1_20' title="bbox 591 1625 2174 1701">
    <p class='ocr_par' dir='ltr' id='par_1_20' title="bbox 591 1625 2174 1701">
     <span class='ocr_line' id='line_1_20' title="bbox 591 1625 2174 1701; baseline -0.008 -9"><span class='ocrx_word' id='word_1_130' title='bbox 591 1625 974 1701; x_wconf 75' lang='lat' dir='ltr'><strong>omnipotentis</strong></span> <span class='ocrx_word' id='word_1_131' title='bbox 1004 1630 1097 1701; x_wconf 84' lang='lat' dir='ltr'><strong>Dei</strong></span> <span class='ocrx_word' id='word_1_132' title='bbox 1127 1627 1421 1701; x_wconf 75' lang='lat' dir='ltr'><strong>miseratio,</strong></span> <span class='ocrx_word' id='word_1_133' title='bbox 1456 1625 1637 1681; x_wconf 87' lang='lat' dir='ltr'><strong>fractis</strong></span> <span class='ocrx_word' id='word_1_134' title='bbox 1662 1627 1925 1701; x_wconf 62' lang='lat' dir='ltr'><strong>daemonis</strong></span> <span class='ocrx_word' id='word_1_135' title='bbox 1950 1627 2174 1701; x_wconf 78' lang='lat' dir='ltr'><strong>laqueis,</strong></span> 
     </span>
    </p>
   </div>
   <div class='ocr_carea' id='block_1_21' title="bbox 591 1696 2181 1775">
    <p class='ocr_par' dir='ltr' id='par_1_21' title="bbox 591 1696 2181 1775">
     <span class='ocr_line' id='line_1_21' title="bbox 591 1696 2181 1775; baseline -0.006 -15"><span class='ocrx_word' id='word_1_136' title='bbox 591 1717 643 1761; x_wconf 89' lang='lat' dir='ltr'><strong>et</strong></span> <span class='ocrx_word' id='word_1_137' title='bbox 676 1696 878 1775; x_wconf 80' lang='lat' dir='ltr'><strong>peccati</strong></span> <span class='ocrx_word' id='word_1_138' title='bbox 908 1700 1133 1775; x_wconf 88' lang='lat' dir='ltr'><strong>vinculis</strong></span> <span class='ocrx_word' id='word_1_139' title='bbox 1162 1696 1620 1775; x_wconf 83' lang='lat' dir='ltr'><strong>eum_libcras_set.</strong></span> <span class='ocrx_word' id='word_1_140' title='bbox 1670 1698 1770 1764; x_wconf 85' lang='lat' dir='ltr'><strong>Qui</strong></span> <span class='ocrx_word' id='word_1_141' title='bbox 1802 1697 2066 1775; x_wconf 78' lang='lat' dir='ltr'><strong>(diabolus</strong></span> <span class='ocrx_word' id='word_1_142' title='bbox 2100 1698 2181 1752; x_wconf 84' lang='lat' dir='ltr'><strong>vi-</strong></span> 
     </span>
    </p>
   </div>
   <div class='ocr_carea' id='block_1_22' title="bbox 593 1768 2180 1845">
    <p class='ocr_par' dir='ltr' id='par_1_22' title="bbox 593 1768 2180 1845">
     <span class='ocr_line' id='line_1_22' title="bbox 593 1768 2180 1845; baseline -0.008 -13"><span class='ocrx_word' id='word_1_143' title='bbox 593 1768 819 1845; x_wconf 81' lang='lat' dir='ltr'><strong>delicet)</strong></span> <span class='ocrx_word' id='word_1_144' title='bbox 858 1774 1020 1827; x_wconf 87' lang='lat' dir='ltr'><strong>sciens</strong></span> <span class='ocrx_word' id='word_1_145' title='bbox 1055 1770 1190 1845; x_wconf 79' lang='lat' dir='ltr'><strong>quod</strong></span> <span class='ocrx_word' id='word_1_146' title='bbox 1229 1769 1453 1845; x_wconf 80' lang='lat' dir='ltr'><strong>primum</strong></span> <span class='ocrx_word' id='word_1_147' title='bbox 1483 1768 1674 1845; x_wconf 71' lang='lat' dir='ltr'><strong>virum,</strong></span> <span class='ocrx_word' id='word_1_148' title='bbox 1718 1769 1944 1845; x_wconf 78' lang='lat' dir='ltr'><strong>mulieris</strong></span> <span class='ocrx_word' id='word_1_149' title='bbox 1981 1784 2067 1845; x_wconf 72' lang='lat' dir='ltr'><strong>ore</strong></span> <span class='ocrx_word' id='word_1_150' title='bbox 2102 1784 2180 1822; x_wconf 84' lang='lat' dir='ltr'><strong>se-</strong></span> 
     </span>
    </p>
   </div>
   <div class='ocr_carea' id='block_1_23' title="bbox 593 1839 2180 1915">
    <p class='ocr_par' dir='ltr' id='par_1_23' title="bbox 593 1839 2180 1915">
     <span class='ocr_line' id='line_1_23' title="bbox 593 1839 2180 1915; baseline -0.007 -12"><span class='ocrx_word' id='word_1_151' title='bbox 593 1839 817 1910; x_wconf 72' lang='lat' dir='ltr'><strong>duxerit,</strong></span> <span class='ocrx_word' id='word_1_152' title='bbox 842 1858 1026 1915; x_wconf 84' lang='lat' dir='ltr'><strong>perque</strong></span> <span class='ocrx_word' id='word_1_153' title='bbox 1048 1839 1315 1915; x_wconf 75' lang='lat' dir='ltr'><strong>femineam</strong></span> <span class='ocrx_word' id='word_1_154' title='bbox 1337 1839 1691 1915; x_wconf 82' lang='lat' dir='ltr'><strong>credulitatem</strong></span> <span class='ocrx_word' id='word_1_155' title='bbox 1712 1855 1883 1893; x_wconf 89' lang='lat' dir='ltr'><strong>omnes</strong></span> <span class='ocrx_word' id='word_1_156' title='bbox 1903 1840 2127 1892; x_wconf 78' lang='lat' dir='ltr'><strong>homines</strong></span> <span class='ocrx_word' id='word_1_157' title='bbox 2148 1857 2180 1915; x_wconf 69' lang='grc' dir='ltr'><strong>ᾳ</strong></span> 
     </span>
    </p>
   </div>
   <div class='ocr_carea' id='block_1_24' title="bbox 593 1911 2179 1990">
    <p class='ocr_par' dir='ltr' id='par_1_24' title="bbox 593 1911 2179 1990">
     <span class='ocr_line' id='line_1_24' title="bbox 593 1911 2179 1990; baseline -0.008 -16"><span class='ocrx_word' id='word_1_158' title='bbox 593 1911 1099 1990; x_wconf 50' lang='grc' dir='ltr'><strong>ρωαᾰίεἴίᾳῑὶζὶφίε</strong></span> <span class='ocrx_word' id='word_1_159' title='bbox 1137 1911 1404 1990; x_wconf 73' lang='lat' dir='ltr'><strong>dejecerit,</strong></span> <span class='ocrx_word' id='word_1_160' title='bbox 1444 1918 1607 1990; x_wconf 82' lang='lat' dir='ltr'><strong>vestro</strong></span> <span class='ocrx_word' id='word_1_161' title='bbox 1635 1926 1772 1962; x_wconf 86' lang='lat' dir='ltr'><strong>nunc</strong></span> <span class='ocrx_word' id='word_1_162' title='bbox 1801 1926 1998 1990; x_wconf 69' lang='lat' dir='ltr'><strong>quoque</strong></span> <span class='ocrx_word' id='word_1_163' title='bbox 2034 1911 2179 1990; x_wconf 75' lang='lat' dir='ltr'><strong>sexui</strong></span> 
     </span>
    </p>
   </div>
   <div class='ocr_carea' id='block_1_25' title="bbox 591 1980 2176 2052">
    <p class='ocr_par' dir='ltr' id='par_1_25' title="bbox 591 1980 2176 2052">
     <span class='ocr_line' id='line_1_25' title="bbox 591 1980 2176 2052; baseline -0.008 -7"><span class='ocrx_word' id='word_1_164' title='bbox 591 1980 1154 2045; x_wconf 60' lang='lat' dir='ltr'><strong>securiore&#39;insidiatur</strong></span> <span class='ocrx_word' id='word_1_165' title='bbox 1182 1980 1402 2045; x_wconf 83' lang='lat' dir='ltr'><strong>astutia,</strong></span> <span class='ocrx_word' id='word_1_166' title='bbox 1450 1988 1525 2052; x_wconf 62' lang='lat' dir='ltr'><strong>ut</strong></span> <span class='ocrx_word' id='word_1_167' title='bbox 1548 1996 1631 2033; x_wconf 87' lang='lat' dir='ltr'><strong>eas</strong></span> <span class='ocrx_word' id='word_1_168' title='bbox 1671 1997 1795 2049; x_wconf 87' lang='lat' dir='ltr'><strong>quas</strong></span> <span class='ocrx_word' id='word_1_169' title='bbox 1825 1982 1933 2052; x_wconf 78' lang='lat' dir='ltr'><strong>sibi</strong></span> <span class='ocrx_word' id='word_1_170' title='bbox 1957 1982 2176 2052; x_wconf 89' lang='lat' dir='ltr'><strong>potuerit</strong></span> 
     </span>
    </p>
   </div>
   <div class='ocr_carea' id='block_1_26' title="bbox 593 2049 2179 2131">
    <p class='ocr_par' dir='ltr' id='par_1_26' title="bbox 593 2049 2179 2131">
     <span class='ocr_line' id='line_1_26' title="bbox 593 2049 2179 2131; baseline -0.004 -18"><span class='ocrx_word' id='word_1_171' title='bbox 593 2077 685 2131; x_wconf 85' lang='lat' dir='ltr'><strong>per</strong></span> <span class='ocrx_word' id='word_1_172' title='bbox 721 2058 979 2131; x_wconf 80' lang='lat' dir='ltr'><strong>ministros</strong></span> <span class='ocrx_word' id='word_1_173' title='bbox 1019 2068 1127 2109; x_wconf 74' lang='lat' dir='ltr'><strong>sua:</strong></span> <span class='ocrx_word' id='word_1_174' title='bbox 1165 2053 1403 2123; x_wconf 70' lang='lat' dir='ltr'><strong>falsitatis</strong></span> <span class='ocrx_word' id='word_1_175' title='bbox 1447 2049 1642 2105; x_wconf 86' lang='lat' dir='ltr'><strong>illicere</strong></span> <span class='ocrx_word' id='word_1_176' title='bbox 1669 2090 1684 2117; x_wconf 92' lang='lat'><strong>,</strong></span> <span class='ocrx_word' id='word_1_177' title='bbox 1725 2060 1771 2104; x_wconf 91' lang='lat' dir='ltr'><strong>et</strong></span> <span class='ocrx_word' id='word_1_178' title='bbox 1799 2051 1900 2120; x_wconf 83' lang='lat' dir='ltr'><strong>ﬁde</strong></span> <span class='ocrx_word' id='word_1_179' title='bbox 1926 2049 2105 2123; x_wconf 81' lang='lat' dir='ltr'><strong>spoliet</strong></span> <span class='ocrx_word' id='word_1_180' title='bbox 2130 2059 2179 2106; x_wconf 88' lang='lat' dir='ltr'><strong>et</strong></span> 
     </span>
    </p>
   </div>
   <div class='ocr_carea' id='block_1_27' title="bbox 634 2131 919 2185">
    <p class='ocr_par' dir='ltr' id='par_1_27' title="bbox 634 2131 919 2185">
     <span class='ocr_line' id='line_1_27' title="bbox 634 2131 919 2185; baseline -0.018 0"><span class='ocrx_word' id='word_1_181' title='bbox 634 2131 791 2185; x_wconf 86' lang='lat' dir='ltr'><strong>udore</strong></span> <span class='ocrx_word' id='word_1_182' title='bbox 819 2131 919 2185; x_wconf 87' lang='lat' dir='ltr'><strong>(al.</strong></span> 
     </span>
    </p>
   </div>
   <div class='ocr_carea' id='block_1_28' title="bbox 593 2126 2179 2263">
    <p class='ocr_par' dir='ltr' id='par_1_28' title="bbox 593 2126 2179 2263">
     <span class='ocr_line' id='line_1_28' title="bbox 593 2126 2146 2204; baseline -0.015 -18"><span class='ocrx_word' id='word_1_183' title='bbox 593 2126 791 2203; x_wconf 78' lang='lat' dir='ltr'><strong>pudore</strong></span> <span class='ocrx_word' id='word_1_184' title='bbox 819 2126 919 2199; x_wconf 87' lang='lat' dir='ltr'><strong>(a).</strong></span> <span class='ocrx_word' id='word_1_185' title='bbox 1540 2191 1553 2204; x_wconf 48' lang='lat'><strong>.</strong></span> <span class='ocrx_word' id='word_1_186' title='bbox 1708 2192 1721 2203; x_wconf 44' lang='lat'><em>.</em></span> <span class='ocrx_word' id='word_1_187' title='bbox 2024 2191 2036 2204; x_wconf 47' lang='lat'><strong>.</strong></span> <span class='ocrx_word' id='word_1_188' title='bbox 2133 2192 2146 2204; x_wconf 46' lang='lat'><em>.</em></span> 
     </span>
     <span class='ocr_line' id='line_1_29' title="bbox 667 2192 2179 2263; baseline -0.008 -5"><span class='ocrx_word' id='word_1_189' title='bbox 667 2201 723 2258; x_wconf 91' lang='lat'><strong>8.</strong></span> <span class='ocrx_word' id='word_1_190' title='bbox 766 2198 861 2253; x_wconf 82' lang='lat' dir='ltr'><strong>llic</strong></span> <span class='ocrx_word' id='word_1_191' title='bbox 883 2210 1033 2259; x_wconf 90' lang='lat' dir='ltr'><strong>vero,</strong></span> <span class='ocrx_word' id='word_1_192' title='bbox 1058 2194 1105 2248; x_wconf 90' lang='lat' dir='ltr'><strong>si</strong></span> <span class='ocrx_word' id='word_1_193' title='bbox 1125 2192 1282 2263; x_wconf 83' lang='lat' dir='ltr'><strong>hujus</strong></span> <span class='ocrx_word' id='word_1_194' title='bbox 1304 2200 1555 2261; x_wconf 57' lang='lat' dir='ltr'><strong>praecepti</strong></span> <span class='ocrx_word' id='word_1_195' title='bbox 1585 2201 1807 2262; x_wconf 79' lang='lat' dir='ltr'><strong>:equttas</strong></span> <span class='ocrx_word' id='word_1_196' title='bbox 1834 2201 1992 2262; x_wconf 89' lang='lat' dir='ltr'><strong>atque</strong></span> <span class='ocrx_word' id='word_1_197' title='bbox 2017 2200 2179 2261; x_wconf 72' lang='lat' dir='ltr'><strong>pisti-</strong></span> 
     </span>
    </p>
   </div>
   <div class='ocr_carea' id='block_1_29' title="bbox 594 2263 2178 2336">
    <p class='ocr_par' dir='ltr' id='par_1_29' title="bbox 594 2263 2178 2336">
     <span class='ocr_line' id='line_1_30' title="bbox 594 2263 2178 2336; baseline -0.004 -10"><span class='ocrx_word' id='word_1_198' title='bbox 594 2272 671 2326; x_wconf 85' lang='lat' dir='ltr'><strong>tia</strong></span> <span class='ocrx_word' id='word_1_199' title='bbox 699 2270 804 2325; x_wconf 93' lang='lat' dir='ltr'><strong>rite</strong></span> <span class='ocrx_word' id='word_1_200' title='bbox 837 2274 1140 2336; x_wconf 90' lang='lat' dir='ltr'><strong>reputetur,</strong></span> <span class='ocrx_word' id='word_1_201' title='bbox 1181 2278 1208 2317; x_wconf 86' lang='lat' dir='ltr'><strong>a</strong></span> <span class='ocrx_word' id='word_1_202' title='bbox 1259 2264 1508 2336; x_wconf 87' lang='lat' dir='ltr'><strong>quopiam</strong></span> <span class='ocrx_word' id='word_1_203' title='bbox 1551 2276 1696 2336; x_wconf 63' lang='lat' dir='ltr'><strong>sane:</strong></span> <span class='ocrx_word' id='word_1_204' title='bbox 1742 2264 1935 2336; x_wconf 80' lang='lat' dir='ltr'><strong>mentis</strong></span> <span class='ocrx_word' id='word_1_205' title='bbox 1964 2263 2178 2319; x_wconf 86' lang='lat' dir='ltr'><strong>homine</strong></span> 
     </span>
    </p>
   </div>
   <div class='ocr_carea' id='block_1_30' title="bbox 594 2333 2176 2412">
    <p class='ocr_par' dir='ltr' id='par_1_30' title="bbox 594 2333 2176 2412">
     <span class='ocr_line' id='line_1_31' title="bbox 594 2333 2176 2412; baseline -0.005 -15"><span class='ocrx_word' id='word_1_206' title='bbox 594 2333 918 2412; x_wconf 78' lang='lat' dir='ltr'><strong>reprehendi</strong></span> <span class='ocrx_word' id='word_1_207' title='bbox 965 2343 1069 2412; x_wconf 84' lang='lat' dir='ltr'><strong>aut_</strong></span> <span class='ocrx_word' id='word_1_208' title='bbox 1102 2333 1412 2412; x_wconf 76' lang='lat' dir='ltr'><strong>imprebari</strong></span> <span class='ocrx_word' id='word_1_209' title='bbox 1434 2347 1594 2412; x_wconf 81' lang='lat' dir='ltr'><strong>posse</strong></span> <span class='ocrx_word' id='word_1_210' title='bbox 1622 2333 1927 2412; x_wconf 82' lang='lat' dir='ltr'><strong>vi_x__ad_dnci</strong></span> <span class='ocrx_word' id='word_1_211' title='bbox 1961 2349 2176 2412; x_wconf 77' lang='lat' dir='ltr'><strong>possum</strong></span> 
     </span>
    </p>
   </div>
   <div class='ocr_carea' id='block_1_31' title="bbox 595 2404 2176 2477">
    <p class='ocr_par' dir='ltr' id='par_1_31' title="bbox 595 2404 2176 2477">
     <span class='ocr_line' id='line_1_32' title="bbox 595 2404 2176 2477; baseline -0.004 -10"><span class='ocrx_word' id='word_1_212' title='bbox 595 2404 813 2467; x_wconf 67' lang='lat' dir='ltr'><strong>ut&#39;mihi</strong></span> <span class='ocrx_word' id='word_1_213' title='bbox 846 2406 1226 2477; x_wconf 60' lang='lat' dir='ltr'><strong>persuadeam.</strong></span> <span class='ocrx_word' id='word_1_214' title='bbox 1250 2404 1420 2477; x_wconf 84' lang='lat' dir='ltr'><strong>Habet</strong></span> <span class='ocrx_word' id='word_1_215' title='bbox 1445 2404 1806 2477; x_wconf 24' lang='lat' dir='ltr'><strong>quippetillud</strong></span> <span class='ocrx_word' id='word_1_216' title='bbox 1844 2414 1901 2477; x_wconf 91' lang='lat' dir='ltr'><strong>ut</strong></span> <span class='ocrx_word' id='word_1_217' title='bbox 1937 2406 2176 2461; x_wconf 91' lang='lat' dir='ltr'><strong>omnium</strong></span> 
     </span>
    </p>
   </div>
   <div class='ocr_carea' id='block_1_32' title="bbox 597 2474 2179 2547">
    <p class='ocr_par' dir='ltr' id='par_1_32' title="bbox 597 2474 2179 2547">
     <span class='ocr_line' id='line_1_33' title="bbox 597 2474 2179 2547; baseline -0.006 -8"><span class='ocrx_word' id='word_1_218' title='bbox 597 2491 801 2539; x_wconf 75' lang='lat' dir='ltr'><strong>naturae</strong></span> <span class='ocrx_word' id='word_1_219' title='bbox 828 2474 882 2534; x_wconf 81' lang='lat' dir='ltr'><strong>et</strong></span> <span class='ocrx_word' id='word_1_220' title='bbox 908 2480 1183 2531; x_wconf 87' lang='lat' dir='ltr'><strong>hominum</strong></span> <span class='ocrx_word' id='word_1_221' title='bbox 1216 2474 1419 2545; x_wconf 79' lang='lat' dir='ltr'><strong>legibus</strong></span> <span class='ocrx_word' id='word_1_222' title='bbox 1445 2474 1515 2528; x_wconf 85' lang='lat' dir='ltr'><strong>sit</strong></span> <span class='ocrx_word' id='word_1_223' title='bbox 1549 2474 1703 2529; x_wconf 85' lang='lat' dir='ltr'><strong>valde</strong></span> <span class='ocrx_word' id='word_1_224' title='bbox 1730 2476 2037 2542; x_wconf 89' lang='lat' dir='ltr'><strong>conforme,</strong></span> <span class='ocrx_word' id='word_1_225' title='bbox 2060 2478 2179 2547; x_wconf 85' lang='lat' dir='ltr'><strong>qui-</strong></span> 
     </span>
    </p>
   </div>
   <div class='ocr_carea' id='block_1_33' title="bbox 598 2547 2176 2618">
    <p class='ocr_par' dir='ltr' id='par_1_33' title="bbox 598 2547 2176 2618">
     <span class='ocr_line' id='line_1_34' title="bbox 598 2547 2176 2618; baseline -0.005 -8"><span class='ocrx_word' id='word_1_226' title='bbox 598 2556 700 2611; x_wconf 86' lang='lat' dir='ltr'><strong>bus</strong></span> <span class='ocrx_word' id='word_1_227' title='bbox 726 2550 947 2606; x_wconf 92' lang='lat' dir='ltr'><strong>vetitum</strong></span> <span class='ocrx_word' id='word_1_228' title='bbox 971 2557 1054 2603; x_wconf 89' lang='lat' dir='ltr'><strong>est</strong></span> <span class='ocrx_word' id='word_1_229' title='bbox 1087 2548 1290 2618; x_wconf 84' lang='lat' dir='ltr'><strong>privata</strong></span> <span class='ocrx_word' id='word_1_230' title='bbox 1322 2547 1640 2618; x_wconf 79' lang='lat' dir='ltr'><strong>auctoritate</strong></span> <span class='ocrx_word' id='word_1_231' title='bbox 1672 2561 1825 2618; x_wconf 83' lang='lat' dir='ltr'><strong>posse</strong></span> <span class='ocrx_word' id='word_1_232' title='bbox 1854 2562 2176 2617; x_wconf 88' lang='lat' dir='ltr'><strong>quemquam</strong></span> 
     </span>
    </p>
   </div>
   <div class='ocr_carea' id='block_1_34' title="bbox 598 2615 2175 2692">
    <p class='ocr_par' dir='ltr' id='par_1_34' title="bbox 598 2615 2175 2692">
     <span class='ocr_line' id='line_1_35' title="bbox 598 2615 2175 2692; baseline -0.003 -14"><span class='ocrx_word' id='word_1_233' title='bbox 598 2638 630 2678; x_wconf 90' lang='lat' dir='ltr'><strong>a</strong></span> <span class='ocrx_word' id='word_1_234' title='bbox 660 2623 845 2692; x_wconf 75' lang='lat' dir='ltr'><strong>patriis</strong></span> <span class='ocrx_word' id='word_1_235' title='bbox 890 2615 1172 2674; x_wconf 65' lang='lat' dir='ltr'><strong>ritibus&#39;et</strong></span> <span class='ocrx_word' id='word_1_236' title='bbox 1195 2615 1470 2692; x_wconf 85' lang='lat' dir='ltr'><strong>_in_stitutis</strong></span> <span class='ocrx_word' id='word_1_237' title='bbox 1497 2616 1832 2692; x_wconf 68' lang='lat' dir='ltr'><strong>abscedere,</strong></span> <span class='ocrx_word' id='word_1_238' title='bbox 1870 2615 1960 2692; x_wconf 73' lang='lat' dir='ltr'><strong>aut</strong></span> <span class='ocrx_word' id='word_1_239' title='bbox 2008 2615 2175 2674; x_wconf 83' lang='lat' dir='ltr'><strong>novos</strong></span> 
     </span>
    </p>
   </div>
   <div class='ocr_carea' id='block_1_35' title="bbox 596 2686 2178 2759">
    <p class='ocr_par' dir='ltr' id='par_1_35' title="bbox 596 2686 2178 2759">
     <span class='ocr_line' id='line_1_36' title="bbox 596 2686 2178 2759; baseline -0.003 -10"><span class='ocrx_word' id='word_1_240' title='bbox 596 2686 728 2749; x_wconf 79' lang='lat' dir='ltr'><strong>deos</strong></span> <span class='ocrx_word' id='word_1_241' title='bbox 754 2692 854 2746; x_wconf 74' lang='lat' dir='ltr'><strong>sibi</strong></span> <span class='ocrx_word' id='word_1_242' title='bbox 886 2693 1062 2745; x_wconf 89' lang='lat' dir='ltr'><strong>facere</strong></span> <span class='ocrx_word' id='word_1_243' title='bbox 1101 2699 1154 2741; x_wconf 93' lang='lat' dir='ltr'><strong>et</strong></span> <span class='ocrx_word' id='word_1_244' title='bbox 1194 2687 1391 2759; x_wconf 85' lang='lat' dir='ltr'><strong>habere</strong></span> <span class='ocrx_word' id='word_1_245' title='bbox 1419 2694 1510 2741; x_wconf 88' lang='lat' dir='ltr'><strong>aut</strong></span> <span class='ocrx_word' id='word_1_246' title='bbox 1537 2686 1696 2759; x_wconf 85' lang='lat' dir='ltr'><strong>aliam</strong></span> <span class='ocrx_word' id='word_1_247' title='bbox 1739 2689 2052 2759; x_wconf 76' lang='lat' dir='ltr'><strong>religionem</strong></span> <span class='ocrx_word' id='word_1_248' title='bbox 2074 2730 2087 2749; x_wconf 84' lang='lat'><strong>,</strong></span> <span class='ocrx_word' id='word_1_249' title='bbox 2122 2698 2178 2744; x_wconf 89' lang='lat' dir='ltr'><strong>et</strong></span> 
     </span>
    </p>
   </div>
   <div class='ocr_carea' id='block_1_36' title="bbox 596 2757 2178 2828">
    <p class='ocr_par' dir='ltr' id='par_1_36' title="bbox 596 2757 2178 2828">
     <span class='ocr_line' id='line_1_37' title="bbox 596 2757 2178 2828; baseline -0.004 -9"><span class='ocrx_word' id='word_1_250' title='bbox 596 2779 749 2819; x_wconf 89' lang='lat' dir='ltr'><strong>sacra</strong></span> <span class='ocrx_word' id='word_1_251' title='bbox 773 2763 950 2816; x_wconf 89' lang='lat' dir='ltr'><strong>furtim</strong></span> <span class='ocrx_word' id='word_1_252' title='bbox 982 2761 1141 2816; x_wconf 91' lang='lat' dir='ltr'><strong>etiam</strong></span> <span class='ocrx_word' id='word_1_253' title='bbox 1171 2758 1448 2828; x_wconf 89' lang='lat' dir='ltr'><strong>inducere,</strong></span> <span class='ocrx_word' id='word_1_254' title='bbox 1477 2757 1561 2813; x_wconf 89' lang='lat' dir='ltr'><strong>vel</strong></span> <span class='ocrx_word' id='word_1_255' title='bbox 1586 2757 1974 2827; x_wconf 49' lang='lat' dir='ltr'><strong>statuerefnisi</strong></span> <span class='ocrx_word' id='word_1_256' title='bbox 2001 2758 2178 2828; x_wconf 83' lang='lat' dir='ltr'><strong>publi-</strong></span> 
     </span>
    </p>
   </div>
   <div class='ocr_carea' id='block_1_37' title="bbox 596 2827 2177 2899">
    <p class='ocr_par' dir='ltr' id='par_1_37' title="bbox 596 2827 2177 2899">
     <span class='ocr_line' id='line_1_38' title="bbox 596 2827 2177 2899; baseline -0.003 -8"><span class='ocrx_word' id='word_1_257' title='bbox 596 2850 676 2891; x_wconf 71' lang='lat' dir='ltr'><strong>ea:</strong></span> <span class='ocrx_word' id='word_1_258' title='bbox 705 2831 1035 2889; x_wconf 77' lang='lat' dir='ltr'><strong>auctoritatis</strong></span> <span class='ocrx_word' id='word_1_259' title='bbox 1064 2828 1315 2899; x_wconf 69' lang='lat' dir='ltr'><strong>suffragio</strong></span> <span class='ocrx_word' id='word_1_260' title='bbox 1344 2827 1460 2883; x_wconf 65' lang='lat' dir='ltr'><strong>hare</strong></span> <span class='ocrx_word' id='word_1_261' title='bbox 1487 2830 1661 2882; x_wconf 88' lang='lat' dir='ltr'><strong>omnia</strong></span> <span class='ocrx_word' id='word_1_262' title='bbox 1694 2827 2063 2898; x_wconf 86' lang='lat' dir='ltr'><strong>probarentur.</strong></span> <span class='ocrx_word' id='word_1_263' title='bbox 2107 2830 2177 2886; x_wconf 87' lang='lat' dir='ltr'><strong>Et</strong></span> 
     </span>
    </p>
   </div>
   <div class='ocr_carea' id='block_1_38' title="bbox 598 2899 2177 2975">
    <p class='ocr_par' dir='ltr' id='par_1_38' title="bbox 598 2899 2177 2975">
     <span class='ocr_line' id='line_1_39' title="bbox 598 2899 2177 2975; baseline -0.002 -15"><span class='ocrx_word' id='word_1_264' title='bbox 598 2905 813 2975; x_wconf 80' lang='lat' dir='ltr'><strong>quidem</strong></span> <span class='ocrx_word' id='word_1_265' title='bbox 844 2902 1204 2975; x_wconf 74' lang='lat' dir='ltr'><strong>siunicuique</strong></span> <span class='ocrx_word' id='word_1_266' title='bbox 1229 2915 1294 2955; x_wconf 81' lang='lat' dir='ltr'><strong>ex</strong></span> <span class='ocrx_word' id='word_1_267' title='bbox 1322 2899 1535 2975; x_wconf 82' lang='lat' dir='ltr'><strong>propria</strong></span> <span class='ocrx_word' id='word_1_268' title='bbox 1568 2899 1786 2975; x_wconf 85' lang='lat' dir='ltr'><strong>libidine</strong></span> <span class='ocrx_word' id='word_1_269' title='bbox 1814 2901 2000 2975; x_wconf 83' lang='lat' dir='ltr'><strong>liceret</strong></span> <span class='ocrx_word' id='word_1_270' title='bbox 2030 2903 2082 2956; x_wconf 94' lang='lat' dir='ltr'><strong>in</strong></span> <span class='ocrx_word' id='word_1_271' title='bbox 2111 2902 2177 2957; x_wconf 91' lang='lat' dir='ltr'><strong>iis</strong></span> 
     </span>
    </p>
   </div>
   <div class='ocr_carea' id='block_1_39' title="bbox 596 2971 2178 3047">
    <p class='ocr_par' dir='ltr' id='par_1_39' title="bbox 596 2971 2178 3047">
     <span class='ocr_line' id='line_1_40' title="bbox 596 2971 2178 3047; baseline -0.001 -18"><span class='ocrx_word' id='word_1_272' title='bbox 596 2971 716 3047; x_wconf 64' lang='lat' dir='ltr'><strong>quae</strong></span> <span class='ocrx_word' id='word_1_273' title='bbox 744 2975 809 3047; x_wconf 80' lang='lat' dir='ltr'><strong>ad</strong></span> <span class='ocrx_word' id='word_1_274' title='bbox 840 2973 1148 3047; x_wconf 80' lang='lat' dir='ltr'><strong>religionem</strong></span> <span class='ocrx_word' id='word_1_275' title='bbox 1175 2978 1230 3025; x_wconf 89' lang='lat' dir='ltr'><strong>et</strong></span> <span class='ocrx_word' id='word_1_276' title='bbox 1259 2984 1466 3024; x_wconf 89' lang='lat' dir='ltr'><strong>morum</strong></span> <span class='ocrx_word' id='word_1_277' title='bbox 1499 2971 1737 3047; x_wconf 79' lang='lat' dir='ltr'><strong>instituta</strong></span> <span class='ocrx_word' id='word_1_278' title='bbox 1761 2974 2048 3047; x_wconf 76' lang='lat' dir='ltr'><strong>pertinent,</strong></span> <span class='ocrx_word' id='word_1_279' title='bbox 2079 2988 2178 3047; x_wconf 87' lang='lat' dir='ltr'><strong>no-</strong></span> 
     </span>
    </p>
   </div>
   <div class='ocr_carea' id='block_1_40' title="bbox 597 3042 2173 3105">
    <p class='ocr_par' dir='ltr' id='par_1_40' title="bbox 597 3042 2173 3105">
     <span class='ocr_line' id='line_1_41' title="bbox 597 3042 2173 3105; baseline -0.003 -3"><span class='ocrx_word' id='word_1_280' title='bbox 597 3042 852 3102; x_wconf 68' lang='lat' dir='ltr'><strong>vitatibus</strong></span> <span class='ocrx_word' id='word_1_281' title='bbox 881 3044 1154 3099; x_wconf 68' lang='lat' dir='ltr'><strong>adbmrere</strong></span> <span class='ocrx_word' id='word_1_282' title='bbox 1173 3083 1188 3105; x_wconf 89' lang='lat'><strong>,</strong></span> <span class='ocrx_word' id='word_1_283' title='bbox 1219 3056 1340 3097; x_wconf 92' lang='lat' dir='ltr'><strong>cum</strong></span> <span class='ocrx_word' id='word_1_284' title='bbox 1377 3042 1720 3096; x_wconf 89' lang='lat' dir='ltr'><strong>novatoribus</strong></span> <span class='ocrx_word' id='word_1_285' title='bbox 1748 3042 2058 3099; x_wconf 87' lang='lat' dir='ltr'><strong>societatem</strong></span> <span class='ocrx_word' id='word_1_286' title='bbox 2090 3044 2173 3098; x_wconf 83' lang='lat' dir='ltr'><strong>in-</strong></span> 
     </span>
    </p>
   </div>
   <div class='ocr_carea' id='block_1_41' title="bbox 599 3112 2174 3185">
    <p class='ocr_par' dir='ltr' id='par_1_41' title="bbox 599 3112 2174 3185">
     <span class='ocr_line' id='line_1_42' title="bbox 599 3112 2174 3185; baseline -0.001 -13"><span class='ocrx_word' id='word_1_287' title='bbox 599 3117 711 3181; x_wconf 87' lang='lat' dir='ltr'><strong>ire,</strong></span> <span class='ocrx_word' id='word_1_288' title='bbox 744 3117 829 3170; x_wconf 91' lang='lat' dir='ltr'><strong>vel</strong></span> <span class='ocrx_word' id='word_1_289' title='bbox 860 3116 912 3169; x_wconf 91' lang='lat' dir='ltr'><strong>in</strong></span> <span class='ocrx_word' id='word_1_290' title='bbox 957 3113 1282 3185; x_wconf 86' lang='lat' dir='ltr'><strong>consortium</strong></span> <span class='ocrx_word' id='word_1_291' title='bbox 1313 3114 1499 3185; x_wconf 87' lang='lat' dir='ltr'><strong>venire</strong></span> <span class='ocrx_word' id='word_1_292' title='bbox 1520 3153 1534 3177; x_wconf 93' lang='lat'><strong>,</strong></span> <span class='ocrx_word' id='word_1_293' title='bbox 1558 3126 1703 3185; x_wconf 19' lang='lat' dir='ltr'><strong>tquze</strong></span> <span class='ocrx_word' id='word_1_294' title='bbox 1746 3112 1991 3169; x_wconf 83' lang='lat' dir='ltr'><strong>confusio</strong></span> <span class='ocrx_word' id='word_1_295' title='bbox 2012 3156 2027 3182; x_wconf 95' lang='lat'><strong>,</strong></span> <span class='ocrx_word' id='word_1_296' title='bbox 2054 3130 2174 3185; x_wconf 67' lang='lat' dir='ltr'><strong>qum</strong></span> 
     </span>
    </p>
   </div>
   <div class='ocr_carea' id='block_1_42' title="bbox 599 3182 2175 3258">
    <p class='ocr_par' dir='ltr' id='par_1_42' title="bbox 599 3182 2175 3258">
     <span class='ocr_line' id='line_1_43' title="bbox 599 3182 2175 3258; baseline -0.002 -15"><span class='ocrx_word' id='word_1_297' title='bbox 599 3186 1038 3258; x_wconf 22' lang='lat' dir='ltr'><strong>perturbatiouint</strong></span> <span class='ocrx_word' id='word_1_298' title='bbox 1069 3184 1236 3258; x_wconf 82' lang='lat' dir='ltr'><strong>sacris</strong></span> <span class='ocrx_word' id='word_1_299' title='bbox 1271 3191 1325 3237; x_wconf 91' lang='lat' dir='ltr'><strong>et</strong></span> <span class='ocrx_word' id='word_1_300' title='bbox 1355 3182 1602 3258; x_wconf 75' lang='lat' dir='ltr'><strong>humanis</strong></span> <span class='ocrx_word' id='word_1_301' title='bbox 1625 3183 1788 3258; x_wconf 84' lang='lat' dir='ltr'><strong>rebus</strong></span> <span class='ocrx_word' id='word_1_302' title='bbox 1815 3199 1921 3239; x_wconf 91' lang='lat' dir='ltr'><strong>non</strong></span> <span class='ocrx_word' id='word_1_303' title='bbox 1952 3182 2175 3258; x_wconf 78' lang='lat' dir='ltr'><strong>consur-</strong></span> 
     </span>
    </p>
   </div>
   <div class='ocr_carea' id='block_1_43' title="bbox 2274 554 3833 630">
    <p class='ocr_par' dir='ltr' id='par_1_43' title="bbox 2274 554 3833 630">
     <span class='ocr_line' id='line_1_44' title="bbox 2274 554 3833 630; baseline -0.005 -17"><span class='ocrx_word' id='word_1_304' title='bbox 2274 573 2593 630; x_wconf 87' lang='lat' dir='ltr'><strong>quemquam</strong></span> <span class='ocrx_word' id='word_1_305' title='bbox 2615 557 2775 611; x_wconf 90' lang='lat' dir='ltr'><strong>etiam</strong></span> <span class='ocrx_word' id='word_1_306' title='bbox 2805 571 2876 630; x_wconf 69' lang='lat' dir='ltr'><strong>es</strong></span> <span class='ocrx_word' id='word_1_307' title='bbox 2901 554 3241 630; x_wconf 62' lang='lat' dir='ltr'><strong>probiorjbus</strong></span> <span class='ocrx_word' id='word_1_308' title='bbox 3264 555 3739 630; x_wconf 70' lang='lat' dir='ltr'><strong>sanctior-ibusque</strong></span> <span class='ocrx_word' id='word_1_309' title='bbox 3766 564 3833 616; x_wconf 67' lang='lat' dir='ltr'><strong>vi-</strong></span> 
     </span>
    </p>
   </div>
   <div class='ocr_carea' id='block_1_44' title="bbox 2275 625 3830 697">
    <p class='ocr_par' dir='ltr' id='par_1_44' title="bbox 2275 625 3830 697">
     <span class='ocr_line' id='line_1_45' title="bbox 2275 625 3830 697; baseline -0.001 -12"><span class='ocrx_word' id='word_1_310' title='bbox 2275 625 2349 685; x_wconf 73' lang='lat' dir='ltr'><strong>ris</strong></span> <span class='ocrx_word' id='word_1_311' title='bbox 2379 625 2538 684; x_wconf 69' lang='lat' dir='ltr'><strong>eximi</strong></span> <span class='ocrx_word' id='word_1_312' title='bbox 2569 642 2727 696; x_wconf 87' lang='lat' dir='ltr'><strong>posse</strong></span> <span class='ocrx_word' id='word_1_313' title='bbox 2757 628 2934 682; x_wconf 87' lang='lat' dir='ltr'><strong>statim</strong></span> <span class='ocrx_word' id='word_1_314' title='bbox 2978 625 3228 695; x_wconf 78' lang='lat' dir='ltr'><strong>patefacit</strong></span> <span class='ocrx_word' id='word_1_315' title='bbox 3248 625 3435 682; x_wconf 89' lang='lat' dir='ltr'><strong>dicens</strong></span> <span class='ocrx_word' id='word_1_316' title='bbox 3470 644 3482 679; x_wconf 94' lang='lat'>:</span> <span class='ocrx_word' id='word_1_317' title='bbox 3517 625 3830 697; x_wconf 75' lang='lat' dir='ltr'><strong>Quiapanun</strong></span> 
     </span>
    </p>
   </div>
   <div class='ocr_carea' id='block_1_45' title="bbox 2273 698 3830 771">
    <p class='ocr_par' dir='ltr' id='par_1_45' title="bbox 2273 698 3830 771">
     <span class='ocr_line' id='line_1_46' title="bbox 2273 698 3830 771; baseline 0.002 -18"><span class='ocrx_word' id='word_1_318' title='bbox 2273 701 2477 771; x_wconf 82' lang='lat' dir='ltr'><strong>prodest</strong></span> <span class='ocrx_word' id='word_1_319' title='bbox 2507 699 2779 767; x_wconf 79' lang='lat' dir='ltr'><strong>unicuique</strong></span> <span class='ocrx_word' id='word_1_320' title='bbox 2821 698 2981 771; x_wconf 86' lang='lat' dir='ltr'><strong>quod,</strong></span> <span class='ocrx_word' id='word_1_321' title='bbox 3011 707 3298 771; x_wconf 79' lang='lat' dir='ltr'><strong>protegente</strong></span> <span class='ocrx_word' id='word_1_322' title='bbox 3330 698 3538 771; x_wconf 84' lang='lat' dir='ltr'><strong>Spiritu</strong></span> <span class='ocrx_word' id='word_1_323' title='bbox 3568 711 3752 771; x_wconf 81' lang='lat' dir='ltr'><strong>sancto,</strong></span> <span class='ocrx_word' id='word_1_324' title='bbox 3779 707 3830 756; x_wconf 80' lang='lat' dir='ltr'><strong>ab</strong></span> 
     </span>
    </p>
   </div>
   <div class='ocr_carea' id='block_1_46' title="bbox 2274 768 3828 842">
    <p class='ocr_par' dir='ltr' id='par_1_46' title="bbox 2274 768 3828 842">
     <span class='ocr_line' id='line_1_47' title="bbox 2274 768 3828 842; baseline -0.001 -18"><span class='ocrx_word' id='word_1_325' title='bbox 2274 768 2385 825; x_wconf 82' lang='lat' dir='ltr'><strong>istis</strong></span> <span class='ocrx_word' id='word_1_326' title='bbox 2415 772 2521 842; x_wconf 85' lang='lat' dir='ltr'><strong>ipse</strong></span> <span class='ocrx_word' id='word_1_327' title='bbox 2551 787 2651 842; x_wconf 74' lang='lat' dir='ltr'><strong>non</strong></span> <span class='ocrx_word' id='word_1_328' title='bbox 2672 771 2889 840; x_wconf 86' lang='lat' dir='ltr'><strong>capitur,</strong></span> <span class='ocrx_word' id='word_1_329' title='bbox 2914 770 2975 833; x_wconf 88' lang='lat' dir='ltr'><strong>si,</strong></span> <span class='ocrx_word' id='word_1_330' title='bbox 3008 784 3124 842; x_wconf 82' lang='lat' dir='ltr'><strong>cum</strong></span> <span class='ocrx_word' id='word_1_331' title='bbox 3148 768 3277 822; x_wconf 87' lang='lat' dir='ltr'><strong>alios</strong></span> <span class='ocrx_word' id='word_1_332' title='bbox 3313 770 3429 837; x_wconf 86' lang='lat' dir='ltr'><strong>capi</strong></span> <span class='ocrx_word' id='word_1_333' title='bbox 3454 769 3719 842; x_wconf 86' lang='lat' dir='ltr'><strong>intelligit,</strong></span> <span class='ocrx_word' id='word_1_334' title='bbox 3746 791 3828 829; x_wconf 78' lang='lat' dir='ltr'><strong>non</strong></span> 
     </span>
    </p>
   </div>
   <div class='ocr_carea' id='block_1_47' title="bbox 2273 838 3827 909">
    <p class='ocr_par' dir='ltr' id='par_1_47' title="bbox 2273 838 3827 909">
     <span class='ocr_line' id='line_1_48' title="bbox 2273 838 3827 909; baseline 0.002 -13"><span class='ocrx_word' id='word_1_335' title='bbox 2273 838 2518 897; x_wconf 77' lang='lat' dir='ltr'><strong>movetur.</strong></span> <span class='ocrx_word' id='word_1_336' title='bbox 2552 838 2744 894; x_wconf 82' lang='lat' dir='ltr'><strong>Contra</strong></span> <span class='ocrx_word' id='word_1_337' title='bbox 2770 855 3059 896; x_wconf 87' lang='lat' dir='ltr'><strong>communes</strong></span> <span class='ocrx_word' id='word_1_338' title='bbox 3088 838 3255 893; x_wconf 86' lang='lat' dir='ltr'><strong>hostes</strong></span> <span class='ocrx_word' id='word_1_339' title='bbox 3278 857 3372 909; x_wconf 90' lang='lat' dir='ltr'><strong>pro</strong></span> <span class='ocrx_word' id='word_1_340' title='bbox 3398 842 3574 893; x_wconf 86' lang='lat' dir='ltr'><strong>salute</strong></span> <span class='ocrx_word' id='word_1_341' title='bbox 3604 838 3827 899; x_wconf 70' lang='lat' dir='ltr'><strong>communi</strong></span> 
     </span>
    </p>
   </div>
   <div class='ocr_carea' id='block_1_48' title="bbox 2275 909 3812 979">
    <p class='ocr_par' dir='ltr' id='par_1_48' title="bbox 2275 909 3812 979">
     <span class='ocr_line' id='line_1_49' title="bbox 2275 909 3812 979; baseline -0.002 -12"><span class='ocrx_word' id='word_1_342' title='bbox 2275 931 2379 967; x_wconf 87' lang='lat' dir='ltr'><strong>una</strong></span> <span class='ocrx_word' id='word_1_343' title='bbox 2400 913 2630 967; x_wconf 87' lang='lat' dir='ltr'><strong>omnium</strong></span> <span class='ocrx_word' id='word_1_344' title='bbox 2657 911 2801 964; x_wconf 86' lang='lat' dir='ltr'><strong>debet</strong></span> <span class='ocrx_word' id='word_1_345' title='bbox 2825 926 2933 965; x_wconf 86' lang='lat' dir='ltr'><strong>esse</strong></span> <span class='ocrx_word' id='word_1_346' title='bbox 2958 911 3243 979; x_wconf 84' lang='lat' dir='ltr'><strong>vigilantia,</strong></span> <span class='ocrx_word' id='word_1_347' title='bbox 3277 926 3339 964; x_wconf 88' lang='lat' dir='ltr'><strong>ne</strong></span> <span class='ocrx_word' id='word_1_348' title='bbox 3365 912 3427 965; x_wconf 89' lang='lat' dir='ltr'><strong>de</strong></span> <span class='ocrx_word' id='word_1_349' title='bbox 3450 911 3683 974; x_wconf 85' lang='lat' dir='ltr'><strong>alicuius</strong></span> <span class='ocrx_word' id='word_1_350' title='bbox 3706 909 3812 967; x_wconf 64' lang='lat' dir='ltr'><strong>mini</strong></span> 
     </span>
    </p>
   </div>
   <div class='ocr_carea' id='block_1_49' title="bbox 2276 982 3824 1051">
    <p class='ocr_par' dir='ltr' id='par_1_49' title="bbox 2276 982 3824 1051">
     <span class='ocr_line' id='line_1_50' title="bbox 2276 982 3824 1051; baseline -0.001 -13"><span class='ocrx_word' id='word_1_351' title='bbox 2276 984 2355 1051; x_wconf 51' lang='lat' dir='ltr'><strong>bri</strong></span> <span class='ocrx_word' id='word_1_352' title='bbox 2399 985 2603 1038; x_wconf 87' lang='lat' dir='ltr'><strong>vulnere</strong></span> <span class='ocrx_word' id='word_1_353' title='bbox 2643 983 2796 1035; x_wconf 88' lang='lat' dir='ltr'><strong>etiam</strong></span> <span class='ocrx_word' id='word_1_354' title='bbox 2838 982 2944 1036; x_wconf 88' lang='lat' dir='ltr'><strong>alia</strong></span> <span class='ocrx_word' id='word_1_355' title='bbox 2994 983 3187 1051; x_wconf 85' lang='lat' dir='ltr'><strong>possint</strong></span> <span class='ocrx_word' id='word_1_356' title='bbox 3228 982 3453 1036; x_wconf 87' lang='lat' dir='ltr'><strong>membra</strong></span> <span class='ocrx_word' id='word_1_357' title='bbox 3487 987 3757 1049; x_wconf 81' lang='lat' dir='ltr'><strong>corrumpi.</strong></span> <span class='ocrx_word' id='word_1_358' title='bbox 3784 988 3824 1041; x_wconf 87' lang='lat' dir='ltr'><strong>Si</strong></span> 
     </span>
    </p>
   </div>
   <div class='ocr_carea' id='block_1_50' title="bbox 2276 1001 3823 1123">
    <p class='ocr_par' dir='ltr' id='par_1_50' title="bbox 2276 1001 3823 1123">
     <span class='ocr_line' id='line_1_51' title="bbox 2276 1001 3823 1051; baseline -0.001 -13"><span class='ocrx_word' id='word_1_359' title='bbox 2276 1001 2305 1038; x_wconf 88' lang='grc' dir='ltr'><strong><em>ο</em></strong></span> <span class='ocrx_word' id='word_1_360' title='bbox 2339 1002 2355 1037; x_wconf 79' lang='grc' dir='ltr'><strong>ι</strong></span> <span class='ocrx_word' id='word_1_361' title='bbox 2399 1001 2603 1038; x_wconf 79' lang='lat' dir='ltr'><strong>vulnere</strong></span> <span class='ocrx_word' id='word_1_362' title='bbox 2643 1001 2796 1035; x_wconf 76' lang='lat' dir='ltr'><strong>etiam</strong></span> <span class='ocrx_word' id='word_1_363' title='bbox 2838 1001 2944 1036; x_wconf 80' lang='grc' dir='ltr'><strong>αηα</strong></span> <span class='ocrx_word' id='word_1_364' title='bbox 2994 1001 3187 1051; x_wconf 72' lang='grc' dir='ltr'><strong>ροεετηι</strong></span> <span class='ocrx_word' id='word_1_365' title='bbox 3228 1001 3453 1036; x_wconf 87' lang='lat' dir='ltr'><strong>memora</strong></span> <span class='ocrx_word' id='word_1_366' title='bbox 3487 1001 3757 1049; x_wconf 76' lang='lat' dir='ltr'><strong>corrumpi.</strong></span> <span class='ocrx_word' id='word_1_367' title='bbox 3784 1001 3823 1041; x_wconf 64' lang='grc' dir='ltr'>δι</span> 
     </span>
     <span class='ocr_line' id='line_1_52' title="bbox 2276 1001 3823 1123; baseline 0.001 -13"><span class='ocrx_word' id='word_1_368' title='bbox 2276 1001 2406 1110; x_wconf 46' lang='grc' dir='ltr'><strong>ἀνθ</strong></span> <span class='ocrx_word' id='word_1_369' title='bbox 2429 1056 2683 1110; x_wconf 88' lang='lat' dir='ltr'><strong>eosinter</strong></span> <span class='ocrx_word' id='word_1_370' title='bbox 2720 1054 2885 1123; x_wconf 87' lang='lat' dir='ltr'><strong>aliqui</strong></span> <span class='ocrx_word' id='word_1_371' title='bbox 2929 1053 3261 1108; x_wconf 79' lang='lat' dir='ltr'><strong>exstitissent</strong></span> <span class='ocrx_word' id='word_1_372' title='bbox 3288 1054 3395 1122; x_wconf 88' lang='lat' dir='ltr'><strong>qui,</strong></span> <span class='ocrx_word' id='word_1_373' title='bbox 3451 1053 3529 1105; x_wconf 88' lang='lat' dir='ltr'><strong>de</strong></span> <span class='ocrx_word' id='word_1_374' title='bbox 3560 1052 3823 1113; x_wconf 68' lang='lat' dir='ltr'><strong>Christiana</strong></span> 
     </span>
    </p>
   </div>
   <div class='ocr_carea' id='block_1_51' title="bbox 2278 1124 3821 1195">
    <p class='ocr_par' dir='ltr' id='par_1_51' title="bbox 2278 1124 3821 1195">
     <span class='ocr_line' id='line_1_53' title="bbox 2278 1124 3821 1195; baseline 0.001 -15"><span class='ocrx_word' id='word_1_375' title='bbox 2278 1127 2382 1181; x_wconf 88' lang='lat' dir='ltr'><strong>fide</strong></span> <span class='ocrx_word' id='word_1_376' title='bbox 2408 1124 2891 1195; x_wconf 87' lang='lat' dir='ltr'><strong>ecclesiasticisque</strong></span> <span class='ocrx_word' id='word_1_377' title='bbox 2918 1125 3079 1179; x_wconf 86' lang='lat' dir='ltr'><strong>rebus</strong></span> <span class='ocrx_word' id='word_1_378' title='bbox 3110 1138 3297 1193; x_wconf 87' lang='lat' dir='ltr'><strong>parum</strong></span> <span class='ocrx_word' id='word_1_379' title='bbox 3328 1124 3585 1187; x_wconf 91' lang='lat' dir='ltr'><strong>solliciti,</strong></span> <span class='ocrx_word' id='word_1_380' title='bbox 3621 1126 3680 1179; x_wconf 91' lang='lat' dir='ltr'><strong>iis</strong></span> <span class='ocrx_word' id='word_1_381' title='bbox 3708 1129 3821 1182; x_wconf 85' lang='lat' dir='ltr'><strong>vanis</strong></span> 
     </span>
    </p>
   </div>
   <div class='ocr_carea' id='block_1_52' title="bbox 2278 1194 3820 1267">
    <p class='ocr_par' dir='ltr' id='par_1_52' title="bbox 2278 1194 3820 1267">
     <span class='ocr_line' id='line_1_54' title="bbox 2278 1194 3820 1267; baseline 0.001 -17"><span class='ocrx_word' id='word_1_382' title='bbox 2278 1195 2624 1267; x_wconf 66' lang='lat' dir='ltr'><strong>praetertibus</strong></span> <span class='ocrx_word' id='word_1_383' title='bbox 2654 1194 2890 1267; x_wconf 80' lang='lat' dir='ltr'><strong>adducti,</strong></span> <span class='ocrx_word' id='word_1_384' title='bbox 2942 1210 3077 1266; x_wconf 89' lang='lat' dir='ltr'><strong>quos</strong></span> <span class='ocrx_word' id='word_1_385' title='bbox 3126 1196 3311 1267; x_wconf 83' lang='lat' dir='ltr'><strong>mundi</strong></span> <span class='ocrx_word' id='word_1_386' title='bbox 3342 1198 3548 1259; x_wconf 88' lang='lat' dir='ltr'><strong>honor,</strong></span> <span class='ocrx_word' id='word_1_387' title='bbox 3580 1196 3726 1264; x_wconf 81' lang='lat' dir='ltr'><strong>fama,</strong></span> <span class='ocrx_word' id='word_1_388' title='bbox 3753 1199 3820 1252; x_wconf 64' lang='lat' dir='ltr'><strong>bo-</strong></span> 
     </span>
    </p>
   </div>
   <div class='ocr_carea' id='block_1_53' title="bbox 2277 1265 3815 1338">
    <p class='ocr_par' dir='ltr' id='par_1_53' title="bbox 2277 1265 3815 1338">
     <span class='ocr_line' id='line_1_55' title="bbox 2277 1265 3815 1338; baseline -0.001 -17"><span class='ocrx_word' id='word_1_389' title='bbox 2277 1265 2512 1338; x_wconf 87' lang='lat' dir='ltr'><strong>immque</strong></span> <span class='ocrx_word' id='word_1_390' title='bbox 2537 1337 2542 1338; x_wconf 14' lang='grc' dir='ltr'>ί</span> <span class='ocrx_word' id='word_1_391' title='bbox 2567 1280 2761 1320; x_wconf 90' lang='lat' dir='ltr'><strong>nomen</strong></span> <span class='ocrx_word' id='word_1_392' title='bbox 2793 1265 2847 1338; x_wconf 90' lang='lat' dir='ltr'><strong>in</strong></span> <span class='ocrx_word' id='word_1_393' title='bbox 2879 1265 3112 1322; x_wconf 83' lang='lat' dir='ltr'><strong>mentem</strong></span> <span class='ocrx_word' id='word_1_394' title='bbox 3144 1266 3385 1338; x_wconf 80' lang='lat' dir='ltr'><strong>inserere</strong></span> <span class='ocrx_word' id='word_1_395' title='bbox 3432 1267 3637 1331; x_wconf 86' lang='lat' dir='ltr'><strong>solent,</strong></span> <span class='ocrx_word' id='word_1_396' title='bbox 3667 1270 3815 1322; x_wconf 77' lang='lat' dir='ltr'><strong>blanda</strong></span> 
     </span>
    </p>
   </div>
   <div class='ocr_carea' id='block_1_54' title="bbox 2276 1336 3817 1408">
    <p class='ocr_par' dir='ltr' id='par_1_54' title="bbox 2276 1336 3817 1408">
     <span class='ocr_line' id='line_1_56' title="bbox 2276 1336 3817 1408; baseline 0.001 -15"><span class='ocrx_word' id='word_1_397' title='bbox 2276 1338 2377 1394; x_wconf 90' lang='lat' dir='ltr'><strong>sibi</strong></span> <span class='ocrx_word' id='word_1_398' title='bbox 2403 1336 2581 1405; x_wconf 78' lang='lat' dir='ltr'><strong>specie</strong></span> <span class='ocrx_word' id='word_1_399' title='bbox 2603 1337 2986 1404; x_wconf 89' lang='lat' dir='ltr'><strong>persuadentes</strong></span> <span class='ocrx_word' id='word_1_400' title='bbox 3005 1338 3193 1408; x_wconf 67' lang='lat' dir='ltr'><strong>harresi</strong></span> <span class='ocrx_word' id='word_1_401' title='bbox 3222 1336 3584 1393; x_wconf 85' lang='lat' dir='ltr'><strong>labefactatos</strong></span> <span class='ocrx_word' id='word_1_402' title='bbox 3614 1338 3817 1408; x_wconf 82' lang='lat' dir='ltr'><strong>legitimis</strong></span> 
     </span>
    </p>
   </div>
   <div class='ocr_carea' id='block_1_55' title="bbox 2273 1407 3814 1480">
    <p class='ocr_par' dir='ltr' id='par_1_55' title="bbox 2273 1407 3814 1480">
     <span class='ocr_line' id='line_1_57' title="bbox 2273 1407 3814 1480; baseline 0.001 -18"><span class='ocrx_word' id='word_1_403' title='bbox 2273 1408 2544 1480; x_wconf 81' lang='lat' dir='ltr'><strong>judicibus</strong></span> <span class='ocrx_word' id='word_1_404' title='bbox 2572 1424 2677 1463; x_wconf 91' lang='lat' dir='ltr'><strong>non</strong></span> <span class='ocrx_word' id='word_1_405' title='bbox 2704 1423 2839 1477; x_wconf 82' lang='lat' dir='ltr'><strong>Opus</strong></span> <span class='ocrx_word' id='word_1_406' title='bbox 2866 1423 2988 1463; x_wconf 91' lang='lat' dir='ltr'><strong>esse</strong></span> <span class='ocrx_word' id='word_1_407' title='bbox 3018 1407 3234 1472; x_wconf 83' lang='lat' dir='ltr'><strong>deferri,</strong></span> <span class='ocrx_word' id='word_1_408' title='bbox 3265 1410 3349 1463; x_wconf 88' lang='lat' dir='ltr'><strong>vel</strong></span> <span class='ocrx_word' id='word_1_409' title='bbox 3369 1409 3519 1475; x_wconf 87' lang='lat' dir='ltr'><strong>apud</strong></span> <span class='ocrx_word' id='word_1_410' title='bbox 3553 1424 3646 1463; x_wconf 88' lang='lat' dir='ltr'><strong>eos</strong></span> <span class='ocrx_word' id='word_1_411' title='bbox 3669 1407 3814 1480; x_wconf 81' lang='lat' dir='ltr'><strong>postn-</strong></span> 
     </span>
    </p>
   </div>
   <div class='ocr_carea' id='block_1_56' title="bbox 2280 1478 3813 1549">
    <p class='ocr_par' dir='ltr' id='par_1_56' title="bbox 2280 1478 3813 1549">
     <span class='ocr_line' id='line_1_58' title="bbox 2280 1478 3813 1549; baseline 0 -14"><span class='ocrx_word' id='word_1_412' title='bbox 2280 1480 2409 1545; x_wconf 88' lang='lat' dir='ltr'><strong>lari;</strong></span> <span class='ocrx_word' id='word_1_413' title='bbox 2439 1478 2539 1546; x_wconf 88' lang='lat' dir='ltr'><strong>ipsi</strong></span> <span class='ocrx_word' id='word_1_414' title='bbox 2569 1491 2719 1534; x_wconf 89' lang='lat' dir='ltr'><strong>certe</strong></span> <span class='ocrx_word' id='word_1_415' title='bbox 2759 1495 2857 1534; x_wconf 88' lang='lat' dir='ltr'><strong>nec</strong></span> <span class='ocrx_word' id='word_1_416' title='bbox 2891 1481 3118 1547; x_wconf 66' lang='lat' dir='ltr'><strong>proprize</strong></span> <span class='ocrx_word' id='word_1_417' title='bbox 3163 1480 3319 1535; x_wconf 89' lang='lat' dir='ltr'><strong>saluti</strong></span> <span class='ocrx_word' id='word_1_418' title='bbox 3374 1478 3715 1549; x_wconf 80' lang='lat' dir='ltr'><strong>prospicere,</strong></span> <span class='ocrx_word' id='word_1_419' title='bbox 3751 1492 3813 1535; x_wconf 80' lang='lat' dir='ltr'><strong>aut</strong></span> 
     </span>
    </p>
   </div>
   <div class='ocr_carea' id='block_1_57' title="bbox 2278 1550 3812 1620">
    <p class='ocr_par' dir='ltr' id='par_1_57' title="bbox 2278 1550 3812 1620">
     <span class='ocr_line' id='line_1_59' title="bbox 2278 1550 3812 1620; baseline 0 -13"><span class='ocrx_word' id='word_1_420' title='bbox 2278 1551 2563 1607; x_wconf 90' lang='lat' dir='ltr'><strong>consulere</strong></span> <span class='ocrx_word' id='word_1_421' title='bbox 2587 1558 2826 1618; x_wconf 70' lang='lat' dir='ltr'><strong>possent,</strong></span> <span class='ocrx_word' id='word_1_422' title='bbox 2852 1553 3015 1605; x_wconf 91' lang='lat' dir='ltr'><strong>immo</strong></span> <span class='ocrx_word' id='word_1_423' title='bbox 3045 1550 3289 1605; x_wconf 87' lang='lat' dir='ltr'><strong>latiorem</strong></span> <span class='ocrx_word' id='word_1_424' title='bbox 3309 1551 3410 1605; x_wconf 88' lang='lat' dir='ltr'><strong>sibi</strong></span> <span class='ocrx_word' id='word_1_425' title='bbox 3435 1552 3590 1605; x_wconf 90' lang='lat' dir='ltr'><strong>viam</strong></span> <span class='ocrx_word' id='word_1_426' title='bbox 3620 1564 3812 1620; x_wconf 83' lang='lat' dir='ltr'><strong>pararent</strong></span> 
     </span>
    </p>
   </div>
   <div class='ocr_carea' id='block_1_58' title="bbox 2280 1621 3809 1678">
    <p class='ocr_par' dir='ltr' id='par_1_58' title="bbox 2280 1621 3809 1678">
     <span class='ocr_line' id='line_1_60' title="bbox 2280 1621 3809 1678; baseline 0.001 -3"><span class='ocrx_word' id='word_1_427' title='bbox 2280 1622 2346 1677; x_wconf 86' lang='lat' dir='ltr'><strong>ad</strong></span> <span class='ocrx_word' id='word_1_428' title='bbox 2374 1631 2675 1678; x_wconf 83' lang='lat' dir='ltr'><strong>extremam</strong></span> <span class='ocrx_word' id='word_1_429' title='bbox 2705 1621 3035 1676; x_wconf 88' lang='lat' dir='ltr'><strong>subeundam</strong></span> <span class='ocrx_word' id='word_1_430' title='bbox 3067 1623 3344 1677; x_wconf 88' lang='lat' dir='ltr'><strong>ultionem.</strong></span> <span class='ocrx_word' id='word_1_431' title='bbox 3377 1622 3559 1675; x_wconf 82' lang='lat' dir='ltr'><strong>Nimis</strong></span> <span class='ocrx_word' id='word_1_432' title='bbox 3587 1625 3715 1676; x_wconf 89' lang='lat' dir='ltr'><strong>enim</strong></span> <span class='ocrx_word' id='word_1_433' title='bbox 3734 1624 3809 1677; x_wconf 50' lang='lat' dir='ltr'><strong>exi.</strong></span> 
     </span>
    </p>
   </div>
   <div class='ocr_carea' id='block_1_59' title="bbox 2281 1691 3806 1763">
    <p class='ocr_par' dir='ltr' id='par_1_59' title="bbox 2281 1691 3806 1763">
     <span class='ocr_line' id='line_1_61' title="bbox 2281 1691 3806 1763; baseline 0 -15"><span class='ocrx_word' id='word_1_434' title='bbox 2281 1697 2473 1748; x_wconf 84' lang='lat' dir='ltr'><strong>tiosum</strong></span> <span class='ocrx_word' id='word_1_435' title='bbox 2524 1694 2653 1761; x_wconf 89' lang='lat' dir='ltr'><strong>ipsis</strong></span> <span class='ocrx_word' id='word_1_436' title='bbox 2694 1691 2832 1745; x_wconf 86' lang='lat' dir='ltr'><strong>foret</strong></span> <span class='ocrx_word' id='word_1_437' title='bbox 2869 1692 3007 1747; x_wconf 87' lang='lat' dir='ltr'><strong>istud</strong></span> <span class='ocrx_word' id='word_1_438' title='bbox 3047 1693 3344 1757; x_wconf 87' lang='lat' dir='ltr'><strong>silentium,</strong></span> <span class='ocrx_word' id='word_1_439' title='bbox 3379 1706 3492 1760; x_wconf 87' lang='lat' dir='ltr'><strong>quo</strong></span> <span class='ocrx_word' id='word_1_440' title='bbox 3556 1703 3806 1763; x_wconf 74' lang='lat' dir='ltr'><strong>paterentur</strong></span> 
     </span>
    </p>
   </div>
   <div class='ocr_carea' id='block_1_60' title="bbox 2282 1763 3802 1830">
    <p class='ocr_par' dir='ltr' id='par_1_60' title="bbox 2282 1763 3802 1830">
     <span class='ocr_line' id='line_1_62' title="bbox 2282 1763 3802 1830; baseline 0.002 -13"><span class='ocrx_word' id='word_1_441' title='bbox 2282 1764 2471 1818; x_wconf 84' lang='lat' dir='ltr'><strong>noxios</strong></span> <span class='ocrx_word' id='word_1_442' title='bbox 2497 1763 2639 1817; x_wconf 90' lang='lat' dir='ltr'><strong>viros</strong></span> <span class='ocrx_word' id='word_1_443' title='bbox 2681 1764 2958 1827; x_wconf 88' lang='lat' dir='ltr'><strong>occultari,</strong></span> <span class='ocrx_word' id='word_1_444' title='bbox 3017 1779 3083 1818; x_wconf 93' lang='lat' dir='ltr'><strong>ne</strong></span> <span class='ocrx_word' id='word_1_445' title='bbox 3132 1763 3343 1818; x_wconf 83' lang='lat' dir='ltr'><strong>debitas</strong></span> <span class='ocrx_word' id='word_1_446' title='bbox 3400 1779 3506 1830; x_wconf 88' lang='lat' dir='ltr'><strong>pro</strong></span> <span class='ocrx_word' id='word_1_447' title='bbox 3548 1767 3802 1820; x_wconf 78' lang='lat' dir='ltr'><strong>criminibus</strong></span> 
     </span>
    </p>
   </div>
   <div class='ocr_carea' id='block_1_61' title="bbox 2284 1834 3798 1903">
    <p class='ocr_par' dir='ltr' id='par_1_61' title="bbox 2284 1834 3798 1903">
     <span class='ocr_line' id='line_1_63' title="bbox 2284 1834 3798 1903; baseline 0 -14"><span class='ocrx_word' id='word_1_448' title='bbox 2284 1836 2492 1889; x_wconf 90' lang='lat' dir='ltr'><strong>luerent</strong></span> <span class='ocrx_word' id='word_1_449' title='bbox 2520 1849 2724 1902; x_wconf 65' lang='lat' dir='ltr'><strong>poenas.</strong></span> <span class='ocrx_word' id='word_1_450' title='bbox 2750 1834 2922 1890; x_wconf 84' lang='lat' dir='ltr'><strong>Grave</strong></span> <span class='ocrx_word' id='word_1_451' title='bbox 2958 1835 3161 1889; x_wconf 84' lang='lat' dir='ltr'><strong>facinus</strong></span> <span class='ocrx_word' id='word_1_452' title='bbox 3187 1844 3267 1888; x_wconf 86' lang='lat' dir='ltr'><strong>est</strong></span> <span class='ocrx_word' id='word_1_453' title='bbox 3289 1835 3565 1903; x_wconf 81' lang='lat' dir='ltr'><strong>ejusmodi</strong></span> <span class='ocrx_word' id='word_1_454' title='bbox 3588 1836 3798 1889; x_wconf 76' lang='lat' dir='ltr'><strong>silentium</strong></span> 
     </span>
    </p>
   </div>
   <div class='ocr_carea' id='block_1_62' title="bbox 2212 1881 3804 1977">
    <p class='ocr_par' dir='ltr' id='par_1_62' title="bbox 2212 1881 3804 1977">
     <span class='ocr_line' id='line_1_64' title="bbox 2212 1881 3804 1977; baseline 0.002 -20"><span class='ocrx_word' id='word_1_455' title='bbox 2212 1881 2255 1940; x_wconf 81' lang='grc' dir='ltr'><strong>Β</strong></span> <span class='ocrx_word' id='word_1_456' title='bbox 2285 1881 2386 1977; x_wconf 57' lang='lat' dir='ltr'><strong>(aii</strong></span> <span class='ocrx_word' id='word_1_457' title='bbox 2404 1881 2467 1961; x_wconf 42' lang='lat' dir='ltr'><strong>si</strong></span> <span class='ocrx_word' id='word_1_458' title='bbox 2477 1881 3504 1975; x_wconf 56' lang='grc' dir='ltr'><strong>ἶ)ῗῖἰῆἦιιῦὶῐέὶιί-ἓῖιὶἷᾱίεῖὑιῖἶιῖίᾘὶἱξ</strong></span> <span class='ocrx_word' id='word_1_459' title='bbox 3516 1881 3804 1961; x_wconf 50' lang='lat' dir='ltr'><strong>mea};</strong></span> 
     </span>
    </p>
   </div>
   <div class='ocr_carea' id='block_1_63' title="bbox 2283 1976 3800 2044">
    <p class='ocr_par' dir='ltr' id='par_1_63' title="bbox 2283 1976 3800 2044">
     <span class='ocr_line' id='line_1_65' title="bbox 2283 1976 3800 2044; baseline 0 -13"><span class='ocrx_word' id='word_1_460' title='bbox 2283 1986 2378 2038; x_wconf 90' lang='lat' dir='ltr'><strong>tet,</strong></span> <span class='ocrx_word' id='word_1_461' title='bbox 2407 1977 2647 2044; x_wconf 86' lang='lat' dir='ltr'><strong>quamvis</strong></span> <span class='ocrx_word' id='word_1_462' title='bbox 2667 1990 2786 2029; x_wconf 91' lang='lat' dir='ltr'><strong>cum</strong></span> <span class='ocrx_word' id='word_1_463' title='bbox 2812 1978 3077 2031; x_wconf 72' lang='lat' dir='ltr'><strong>hzereticis</strong></span> <span class='ocrx_word' id='word_1_464' title='bbox 3092 1976 3401 2031; x_wconf 88' lang='lat' dir='ltr'><strong>societatem</strong></span> <span class='ocrx_word' id='word_1_465' title='bbox 3428 1992 3533 2031; x_wconf 85' lang='lat' dir='ltr'><strong>nec</strong></span> <span class='ocrx_word' id='word_1_466' title='bbox 3554 1978 3800 2041; x_wconf 77' lang='lat' dir='ltr'><strong>habuerint,</strong></span> 
     </span>
    </p>
   </div>
   <div class='ocr_carea' id='block_1_64' title="bbox 2281 2047 3803 2103">
    <p class='ocr_par' dir='ltr' id='par_1_64' title="bbox 2281 2047 3803 2103">
     <span class='ocr_line' id='line_1_66' title="bbox 2281 2047 3803 2103; baseline -0.001 0"><span class='ocrx_word' id='word_1_467' title='bbox 2281 2063 2381 2103; x_wconf 90' lang='lat' dir='ltr'><strong>nec</strong></span> <span class='ocrx_word' id='word_1_468' title='bbox 2410 2047 2597 2102; x_wconf 87' lang='lat' dir='ltr'><strong>iisdem</strong></span> <span class='ocrx_word' id='word_1_469' title='bbox 2629 2048 2902 2103; x_wconf 90' lang='lat' dir='ltr'><strong>erroribus</strong></span> <span class='ocrx_word' id='word_1_470' title='bbox 2932 2047 3128 2102; x_wconf 88' lang='lat' dir='ltr'><strong>fuerint</strong></span> <span class='ocrx_word' id='word_1_471' title='bbox 3149 2047 3473 2103; x_wconf 83' lang='lat' dir='ltr'><strong>labefactati.</strong></span> <span class='ocrx_word' id='word_1_472' title='bbox 3508 2054 3673 2103; x_wconf 79' lang='lat' dir='ltr'><strong>Aurea</strong></span> <span class='ocrx_word' id='word_1_473' title='bbox 3696 2059 3803 2102; x_wconf 81' lang='lat' dir='ltr'><strong>certe</strong></span> 
     </span>
    </p>
   </div>
   <div class='ocr_carea' id='block_1_65' title="bbox 2281 2116 3807 2189">
    <p class='ocr_par' dir='ltr' id='par_1_65' title="bbox 2281 2116 3807 2189">
     <span class='ocr_line' id='line_1_67' title="bbox 2281 2116 3807 2189; baseline -0.001 -16"><span class='ocrx_word' id='word_1_474' title='bbox 2281 2127 2406 2173; x_wconf 90' lang='lat' dir='ltr'><strong>sunt</strong></span> <span class='ocrx_word' id='word_1_475' title='bbox 2434 2118 2492 2174; x_wconf 93' lang='lat' dir='ltr'><strong>S.</strong></span> <span class='ocrx_word' id='word_1_476' title='bbox 2522 2117 2715 2172; x_wconf 85' lang='lat' dir='ltr'><strong>Leonis</strong></span> <span class='ocrx_word' id='word_1_477' title='bbox 2738 2119 2928 2189; x_wconf 81' lang='lat' dir='ltr'><strong>verba:</strong></span> <span class='ocrx_word' id='word_1_478' title='bbox 2956 2116 3029 2173; x_wconf 81' lang='lat' dir='ltr'><strong>Et</strong></span> <span class='ocrx_word' id='word_1_479' title='bbox 3046 2120 3137 2189; x_wconf 88' lang='lat' dir='ltr'><strong>qni</strong></span> <span class='ocrx_word' id='word_1_480' title='bbox 3158 2118 3286 2172; x_wconf 86' lang='lat' dir='ltr'><strong>tales</strong></span> <span class='ocrx_word' id='word_1_481' title='bbox 3302 2136 3407 2172; x_wconf 88' lang='lat' dir='ltr'><strong>non</strong></span> <span class='ocrx_word' id='word_1_482' title='bbox 3437 2120 3716 2187; x_wconf 74' lang='lat' dir='ltr'><strong>prodendo:</strong></span> <span class='ocrx_word' id='word_1_483' title='bbox 3733 2137 3807 2189; x_wconf 67' lang='grc' dir='ltr'><strong>ρας</strong></span> 
     </span>
    </p>
   </div>
   <div class='ocr_carea' id='block_1_66' title="bbox 2281 2188 3807 2260">
    <p class='ocr_par' dir='ltr' id='par_1_66' title="bbox 2281 2188 3807 2260">
     <span class='ocr_line' id='line_1_68' title="bbox 2281 2188 3807 2260; baseline 0 -17"><span class='ocrx_word' id='word_1_484' title='bbox 2281 2197 2412 2253; x_wconf 86' lang='lat' dir='ltr'><strong>tant,</strong></span> <span class='ocrx_word' id='word_1_485' title='bbox 2443 2191 2496 2242; x_wconf 91' lang='lat' dir='ltr'><strong>in</strong></span> <span class='ocrx_word' id='word_1_486' title='bbox 2512 2189 2712 2260; x_wconf 86' lang='lat' dir='ltr'><strong>judicio</strong></span> <span class='ocrx_word' id='word_1_487' title='bbox 2728 2188 2915 2243; x_wconf 88' lang='lat' dir='ltr'><strong>Christi</strong></span> <span class='ocrx_word' id='word_1_488' title='bbox 2935 2190 3254 2243; x_wconf 88' lang='lat' dir='ltr'><strong>inveniantur</strong></span> <span class='ocrx_word' id='word_1_489' title='bbox 3274 2192 3347 2244; x_wconf 86' lang='lat' dir='ltr'><strong>rei</strong></span> <span class='ocrx_word' id='word_1_490' title='bbox 3374 2191 3440 2244; x_wconf 88' lang='lat' dir='ltr'><strong>de</strong></span> <span class='ocrx_word' id='word_1_491' title='bbox 3458 2192 3672 2255; x_wconf 84' lang='lat' dir='ltr'><strong>silentio,</strong></span> <span class='ocrx_word' id='word_1_492' title='bbox 3692 2188 3807 2244; x_wconf 69' lang='lat' dir='ltr'><strong>etiam</strong></span> 
     </span>
    </p>
   </div>
   <div class='ocr_carea' id='block_1_67' title="bbox 2281 2260 3295 2332">
    <p class='ocr_par' dir='ltr' id='par_1_67' title="bbox 2281 2260 3295 2332">
     <span class='ocr_line' id='line_1_69' title="bbox 2281 2260 3295 2332; baseline 0 -17"><span class='ocrx_word' id='word_1_493' title='bbox 2281 2261 2327 2315; x_wconf 87' lang='lat' dir='ltr'><strong>si</strong></span> <span class='ocrx_word' id='word_1_494' title='bbox 2350 2277 2453 2314; x_wconf 89' lang='lat' dir='ltr'><strong>non</strong></span> <span class='ocrx_word' id='word_1_495' title='bbox 2478 2260 2945 2332; x_wconf 84' lang='lat' dir='ltr'><strong>contaminarentur</strong></span> <span class='ocrx_word' id='word_1_496' title='bbox 2969 2278 3177 2315; x_wconf 86' lang='lat' dir='ltr'><strong>assensu</strong></span> <span class='ocrx_word' id='word_1_497' title='bbox 3196 2261 3295 2332; x_wconf 92' lang='lat' dir='ltr'><strong>(b).</strong></span> 
     </span>
    </p>
   </div>
   <div class='ocr_carea' id='block_1_68' title="bbox 2352 2331 3804 2402">
    <p class='ocr_par' dir='ltr' id='par_1_68' title="bbox 2352 2331 3804 2402">
     <span class='ocr_line' id='line_1_70' title="bbox 2352 2331 3804 2402; baseline 0.001 -17"><span class='ocrx_word' id='word_1_498' title='bbox 2352 2332 2404 2385; x_wconf 91' lang='lat'><strong>8.</strong></span> <span class='ocrx_word' id='word_1_499' title='bbox 2434 2332 2539 2385; x_wconf 89' lang='lat' dir='ltr'><strong>Sed</strong></span> <span class='ocrx_word' id='word_1_500' title='bbox 2570 2331 2636 2385; x_wconf 92' lang='lat' dir='ltr'><strong>ad</strong></span> <span class='ocrx_word' id='word_1_501' title='bbox 2666 2332 3050 2400; x_wconf 81' lang='lat' dir='ltr'><strong>expeditiorem</strong></span> <span class='ocrx_word' id='word_1_502' title='bbox 3090 2333 3264 2387; x_wconf 90' lang='lat' dir='ltr'><strong>adhuc</strong></span> <span class='ocrx_word' id='word_1_503' title='bbox 3294 2331 3433 2386; x_wconf 87' lang='lat' dir='ltr'><strong>viam</strong></span> <span class='ocrx_word' id='word_1_504' title='bbox 3488 2333 3804 2402; x_wconf 72' lang='lat' dir='ltr'><strong>aperiendus,</strong></span> 
     </span>
    </p>
   </div>
   <div class='ocr_carea' id='block_1_69' title="bbox 2281 2401 3799 2472">
    <p class='ocr_par' dir='ltr' id='par_1_69' title="bbox 2281 2401 3799 2472">
     <span class='ocr_line' id='line_1_71' title="bbox 2281 2401 3799 2472; baseline 0.001 -16"><span class='ocrx_word' id='word_1_505' title='bbox 2281 2401 2699 2469; x_wconf 77' lang='lat' dir='ltr'><strong>facillimumque</strong></span> <span class='ocrx_word' id='word_1_506' title='bbox 2736 2402 2950 2457; x_wconf 88' lang='lat' dir='ltr'><strong>modum</strong></span> <span class='ocrx_word' id='word_1_507' title='bbox 2993 2404 3451 2472; x_wconf 78' lang='lat' dir='ltr'><strong>przescribendum</strong></span> <span class='ocrx_word' id='word_1_508' title='bbox 3476 2445 3493 2471; x_wconf 90' lang='lat'><strong>,</strong></span> <span class='ocrx_word' id='word_1_509' title='bbox 3526 2401 3630 2469; x_wconf 84' lang='lat' dir='ltr'><strong>pro</strong></span> <span class='ocrx_word' id='word_1_510' title='bbox 3657 2404 3799 2472; x_wconf 75' lang='lat' dir='ltr'><strong>hujus-</strong></span> 
     </span>
    </p>
   </div>
   <div class='ocr_carea' id='block_1_70' title="bbox 2283 2472 3803 2544">
    <p class='ocr_par' dir='ltr' id='par_1_70' title="bbox 2283 2472 3803 2544">
     <span class='ocr_line' id='line_1_72' title="bbox 2283 2472 3803 2544; baseline 0.001 -18"><span class='ocrx_word' id='word_1_511' title='bbox 2283 2473 2426 2527; x_wconf 89' lang='lat' dir='ltr'><strong>modi</strong></span> <span class='ocrx_word' id='word_1_512' title='bbox 2451 2472 2805 2528; x_wconf 75' lang='lat' dir='ltr'><strong>delatiombus</strong></span> <span class='ocrx_word' id='word_1_513' title='bbox 2834 2473 3113 2541; x_wconf 79' lang='lat' dir='ltr'><strong>faciendis,</strong></span> <span class='ocrx_word' id='word_1_514' title='bbox 3139 2484 3193 2529; x_wconf 90' lang='lat' dir='ltr'><strong>et</strong></span> <span class='ocrx_word' id='word_1_515' title='bbox 3215 2485 3274 2528; x_wconf 94' lang='lat' dir='ltr'><strong>ut</strong></span> <span class='ocrx_word' id='word_1_516' title='bbox 3301 2476 3500 2529; x_wconf 88' lang='lat' dir='ltr'><strong>aditum</strong></span> <span class='ocrx_word' id='word_1_517' title='bbox 3529 2476 3590 2530; x_wconf 87' lang='lat' dir='ltr'><strong>iis</strong></span> <span class='ocrx_word' id='word_1_518' title='bbox 3618 2475 3803 2544; x_wconf 67' lang='lat' dir='ltr'><strong>praeclu-</strong></span> 
     </span>
    </p>
   </div>
   <div class='ocr_carea' id='block_1_71' title="bbox 2280 2544 3808 2616">
    <p class='ocr_par' dir='ltr' id='par_1_71' title="bbox 2280 2544 3808 2616">
     <span class='ocr_line' id='line_1_73' title="bbox 2280 2544 3808 2616; baseline 0.001 -17"><span class='ocrx_word' id='word_1_519' title='bbox 2280 2544 2434 2599; x_wconf 90' lang='lat' dir='ltr'><strong>deret</strong></span> <span class='ocrx_word' id='word_1_520' title='bbox 2456 2545 2545 2615; x_wconf 90' lang='lat' dir='ltr'><strong>qui</strong></span> <span class='ocrx_word' id='word_1_521' title='bbox 2573 2552 2821 2610; x_wconf 83' lang='lat' dir='ltr'><strong>putarent</strong></span> <span class='ocrx_word' id='word_1_522' title='bbox 2857 2555 3047 2616; x_wconf 88' lang='lat' dir='ltr'><strong>grave,</strong></span> <span class='ocrx_word' id='word_1_523' title='bbox 3081 2545 3451 2601; x_wconf 82' lang='lat' dir='ltr'><strong>difficillimum</strong></span> <span class='ocrx_word' id='word_1_524' title='bbox 3494 2546 3808 2615; x_wconf 71' lang='lat' dir='ltr'><strong>periculisque</strong></span> 
     </span>
    </p>
   </div>
   <div class='ocr_carea' id='block_1_72' title="bbox 2282 2616 3806 2685">
    <p class='ocr_par' dir='ltr' id='par_1_72' title="bbox 2282 2616 3806 2685">
     <span class='ocr_line' id='line_1_74' title="bbox 2282 2616 3806 2685; baseline 0.002 -19"><span class='ocrx_word' id='word_1_525' title='bbox 2282 2617 2495 2685; x_wconf 89' lang='lat' dir='ltr'><strong>plenum</strong></span> <span class='ocrx_word' id='word_1_526' title='bbox 2527 2630 2647 2671; x_wconf 87' lang='lat' dir='ltr'><strong>esse</strong></span> <span class='ocrx_word' id='word_1_527' title='bbox 2673 2629 2855 2670; x_wconf 92' lang='lat' dir='ltr'><strong>coram</strong></span> <span class='ocrx_word' id='word_1_528' title='bbox 2885 2626 3032 2671; x_wconf 85' lang='lat' dir='ltr'><strong>tanto</strong></span> <span class='ocrx_word' id='word_1_529' title='bbox 3056 2616 3235 2685; x_wconf 88' lang='lat' dir='ltr'><strong>judice</strong></span> <span class='ocrx_word' id='word_1_530' title='bbox 3286 2632 3345 2672; x_wconf 90' lang='lat' dir='ltr'><strong>se</strong></span> <span class='ocrx_word' id='word_1_531' title='bbox 3388 2619 3563 2671; x_wconf 75' lang='lat' dir='ltr'><strong>siswre</strong></span> <span class='ocrx_word' id='word_1_532' title='bbox 3590 2617 3655 2669; x_wconf 85' lang='lat' dir='ltr'><strong>ad</strong></span> <span class='ocrx_word' id='word_1_533' title='bbox 3690 2632 3806 2682; x_wconf 85' lang='lat' dir='ltr'><strong>pro-</strong></span> 
     </span>
    </p>
   </div>
   <div class='ocr_carea' id='block_1_73' title="bbox 2279 2685 3798 2757">
    <p class='ocr_par' dir='ltr' id='par_1_73' title="bbox 2279 2685 3798 2757">
     <span class='ocr_line' id='line_1_75' title="bbox 2279 2685 3798 2757; baseline -0.001 -16"><span class='ocrx_word' id='word_1_534' title='bbox 2279 2686 2486 2741; x_wconf 90' lang='lat' dir='ltr'><strong>dendos</strong></span> <span class='ocrx_word' id='word_1_535' title='bbox 2531 2685 2599 2740; x_wconf 93' lang='lat' dir='ltr'><strong>de</strong></span> <span class='ocrx_word' id='word_1_536' title='bbox 2645 2686 2837 2741; x_wconf 60' lang='lat' dir='ltr'><strong>haeresi</strong></span> <span class='ocrx_word' id='word_1_537' title='bbox 2879 2695 3181 2755; x_wconf 84' lang='lat' dir='ltr'><strong>suspectos,</strong></span> <span class='ocrx_word' id='word_1_538' title='bbox 3230 2689 3480 2757; x_wconf 80' lang='lat' dir='ltr'><strong>negotium</strong></span> <span class='ocrx_word' id='word_1_539' title='bbox 3523 2685 3798 2757; x_wconf 65' lang='lat' dir='ltr'><strong>praepositis</strong></span> 
     </span>
    </p>
   </div>
   <div class='ocr_carea' id='block_1_74' title="bbox 2279 2754 3794 2825">
    <p class='ocr_par' dir='ltr' id='par_1_74' title="bbox 2279 2754 3794 2825">
     <span class='ocr_line' id='line_1_76' title="bbox 2279 2754 3794 2825; baseline -0.002 -13"><span class='ocrx_word' id='word_1_540' title='bbox 2279 2758 2628 2813; x_wconf 86' lang='lat' dir='ltr'><strong>ecclesiarum</strong></span> <span class='ocrx_word' id='word_1_541' title='bbox 2658 2756 2913 2813; x_wconf 66' lang='lat' dir='ltr'><strong>Romana:</strong></span> <span class='ocrx_word' id='word_1_542' title='bbox 2941 2754 3087 2812; x_wconf 83' lang='lat' dir='ltr'><strong>urbis</strong></span> <span class='ocrx_word' id='word_1_543' title='bbox 3129 2754 3415 2825; x_wconf 79' lang='lat' dir='ltr'><strong>demaridat,</strong></span> <span class='ocrx_word' id='word_1_544' title='bbox 3451 2765 3502 2811; x_wconf 90' lang='lat' dir='ltr'><strong>ut</strong></span> <span class='ocrx_word' id='word_1_545' title='bbox 3532 2755 3713 2825; x_wconf 86' lang='lat' dir='ltr'><strong>singuli</strong></span> <span class='ocrx_word' id='word_1_546' title='bbox 3740 2754 3794 2809; x_wconf 64' lang='grc' dir='ltr'><strong>ϐε</strong></span> 
     </span>
    </p>
   </div>
   <div class='ocr_carea' id='block_1_75' title="bbox 2279 2828 3802 2897">
    <p class='ocr_par' dir='ltr' id='par_1_75' title="bbox 2279 2828 3802 2897">
     <span class='ocr_line' id='line_1_77' title="bbox 2279 2828 3802 2897; baseline -0.002 -15"><span class='ocrx_word' id='word_1_547' title='bbox 2279 2828 2429 2884; x_wconf 91' lang='lat' dir='ltr'><strong>deles</strong></span> <span class='ocrx_word' id='word_1_548' title='bbox 2455 2829 2734 2885; x_wconf 86' lang='lat' dir='ltr'><strong>celerrime</strong></span> <span class='ocrx_word' id='word_1_549' title='bbox 2762 2839 2815 2883; x_wconf 90' lang='lat' dir='ltr'><strong>et</strong></span> <span class='ocrx_word' id='word_1_550' title='bbox 2841 2828 3109 2897; x_wconf 87' lang='lat' dir='ltr'><strong>expedite,</strong></span> <span class='ocrx_word' id='word_1_551' title='bbox 3139 2830 3259 2885; x_wconf 87' lang='lat' dir='ltr'><strong>sine</strong></span> <span class='ocrx_word' id='word_1_552' title='bbox 3285 2829 3459 2884; x_wconf 78' lang='lat' dir='ltr'><strong>rubore</strong></span> <span class='ocrx_word' id='word_1_553' title='bbox 3483 2836 3533 2881; x_wconf 87' lang='lat' dir='ltr'><strong>et</strong></span> <span class='ocrx_word' id='word_1_554' title='bbox 3555 2840 3802 2897; x_wconf 82' lang='lat' dir='ltr'><strong>verecun-</strong></span> 
     </span>
    </p>
   </div>
   <div class='ocr_carea' id='block_1_76' title="bbox 2279 2896 3811 2969">
    <p class='ocr_par' dir='ltr' id='par_1_76' title="bbox 2279 2896 3811 2969">
     <span class='ocr_line' id='line_1_78' title="bbox 2279 2896 3811 2969; baseline -0.002 -15"><span class='ocrx_word' id='word_1_555' title='bbox 2279 2898 2388 2964; x_wconf 88' lang='lat' dir='ltr'><strong>dia,</strong></span> <span class='ocrx_word' id='word_1_556' title='bbox 2421 2913 2648 2955; x_wconf 84' lang='lat' dir='ltr'><strong>excusso</strong></span> <span class='ocrx_word' id='word_1_557' title='bbox 2679 2898 2826 2953; x_wconf 91' lang='lat' dir='ltr'><strong>omni</strong></span> <span class='ocrx_word' id='word_1_558' title='bbox 2854 2896 3046 2955; x_wconf 88' lang='lat' dir='ltr'><strong>timore</strong></span> <span class='ocrx_word' id='word_1_559' title='bbox 3072 2909 3232 2969; x_wconf 88' lang='lat' dir='ltr'><strong>atque</strong></span> <span class='ocrx_word' id='word_1_560' title='bbox 3274 2897 3559 2968; x_wconf 81' lang='lat' dir='ltr'><strong>ignominia,</strong></span> <span class='ocrx_word' id='word_1_561' title='bbox 3578 2896 3811 2969; x_wconf 72' lang='lat' dir='ltr'><strong>_hrereti-_</strong></span> 
     </span>
    </p>
   </div>
   <div class='ocr_carea' id='block_1_77' title="bbox 2279 2966 3811 3026">
    <p class='ocr_par' dir='ltr' id='par_1_77' title="bbox 2279 2966 3811 3026">
     <span class='ocr_line' id='line_1_79' title="bbox 2279 2966 3811 3026; baseline -0.003 -2"><span class='ocrx_word' id='word_1_562' title='bbox 2279 2985 2467 3025; x_wconf 87' lang='lat' dir='ltr'><strong>corum</strong></span> <span class='ocrx_word' id='word_1_563' title='bbox 2497 2972 2711 3024; x_wconf 89' lang='lat' dir='ltr'><strong>nomina</strong></span> <span class='ocrx_word' id='word_1_564' title='bbox 2746 2986 2924 3025; x_wconf 89' lang='lat' dir='ltr'><strong>mores</strong></span> <span class='ocrx_word' id='word_1_565' title='bbox 2971 2980 3027 3026; x_wconf 91' lang='lat' dir='ltr'><strong>et</strong></span> <span class='ocrx_word' id='word_1_566' title='bbox 3066 2966 3256 3025; x_wconf 83' lang='lat' dir='ltr'><strong>domos</strong></span> <span class='ocrx_word' id='word_1_567' title='bbox 3296 2966 3549 3026; x_wconf 79' lang='lat' dir='ltr'><strong>deferant.</strong></span> <span class='ocrx_word' id='word_1_568' title='bbox 3576 2966 3811 3020; x_wconf 84' lang='lat' dir='ltr'><strong>Etiamad</strong></span> 
     </span>
    </p>
   </div>
   <div class='ocr_carea' id='block_1_78' title="bbox 2279 3040 3813 3107">
    <p class='ocr_par' dir='ltr' id='par_1_78' title="bbox 2279 3040 3813 3107">
     <span class='ocr_line' id='line_1_80' title="bbox 2279 3040 3813 3107; baseline -0.002 -13"><span class='ocrx_word' id='word_1_569' title='bbox 2279 3041 2411 3094; x_wconf 86' lang='lat' dir='ltr'><strong>hanc</strong></span> <span class='ocrx_word' id='word_1_570' title='bbox 2434 3058 2518 3095; x_wconf 85' lang='lat' dir='ltr'><strong>vos</strong></span> <span class='ocrx_word' id='word_1_571' title='bbox 2539 3041 2805 3095; x_wconf 85' lang='lat' dir='ltr'><strong>hortamur</strong></span> <span class='ocrx_word' id='word_1_572' title='bbox 2831 3041 3160 3105; x_wconf 85' lang='lat' dir='ltr'><strong>industriam,</strong></span> <span class='ocrx_word' id='word_1_573' title='bbox 3186 3051 3239 3096; x_wconf 86' lang='lat' dir='ltr'><strong>ut</strong></span> <span class='ocrx_word' id='word_1_574' title='bbox 3269 3040 3539 3095; x_wconf 66' lang='lat' dir='ltr'><strong>Manicin</strong></span> <span class='ocrx_word' id='word_1_575' title='bbox 3554 3041 3813 3107; x_wconf 68' lang='lat' dir='ltr'><strong>ubicuqu</strong></span> 
     </span>
    </p>
   </div>
   <div class='ocr_carea' id='block_1_79' title="bbox 2279 3111 3817 3183">
    <p class='ocr_par' dir='ltr' id='par_1_79' title="bbox 2279 3111 3817 3183">
     <span class='ocr_line' id='line_1_81' title="bbox 2279 3111 3817 3183; baseline -0.003 -16"><span class='ocrx_word' id='word_1_576' title='bbox 2279 3113 2492 3167; x_wconf 83' lang='lat' dir='ltr'><strong>latentes</strong></span> <span class='ocrx_word' id='word_1_577' title='bbox 2514 3114 2689 3165; x_wconf 88' lang='lat' dir='ltr'><strong>vestris</strong></span> <span class='ocrx_word' id='word_1_578' title='bbox 2711 3111 3020 3183; x_wconf 81' lang='lat' dir='ltr'><strong>presbyteris</strong></span> <span class='ocrx_word' id='word_1_579' title='bbox 3051 3114 3335 3182; x_wconf 84' lang='lat' dir='ltr'><strong>pnblicetis.</strong></span> <span class='ocrx_word' id='word_1_580' title='bbox 3378 3112 3568 3183; x_wconf 74' lang='lat' dir='ltr'><strong>Magna</strong></span> <span class='ocrx_word' id='word_1_581' title='bbox 3605 3112 3817 3183; x_wconf 10' lang='lat' dir='ltr'><strong>estrenint</strong></span> 
     </span>
    </p>
   </div>
   <div class='ocr_carea' id='block_1_80' title="bbox 2278 3182 3817 3255">
    <p class='ocr_par' dir='ltr' id='par_1_80' title="bbox 2278 3182 3817 3255">
     <span class='ocr_line' id='line_1_82' title="bbox 2278 3182 3817 3255; baseline -0.003 -18"><span class='ocrx_word' id='word_1_582' title='bbox 2278 3185 2439 3255; x_wconf 87' lang='lat' dir='ltr'><strong>pietas</strong></span> <span class='ocrx_word' id='word_1_583' title='bbox 2460 3186 2675 3255; x_wconf 84' lang='lat' dir='ltr'><strong>prodere</strong></span> <span class='ocrx_word' id='word_1_584' title='bbox 2700 3182 2919 3255; x_wconf 85' lang='lat' dir='ltr'><strong>latebras</strong></span> <span class='ocrx_word' id='word_1_585' title='bbox 2944 3185 3237 3252; x_wconf 87' lang='lat' dir='ltr'><strong>impiorum,</strong></span> <span class='ocrx_word' id='word_1_586' title='bbox 3290 3194 3336 3238; x_wconf 88' lang='lat' dir='ltr'><strong>et</strong></span> <span class='ocrx_word' id='word_1_587' title='bbox 3364 3182 3611 3255; x_wconf 76' lang='lat' dir='ltr'><strong>ipsumin</strong></span> <span class='ocrx_word' id='word_1_588' title='bbox 3653 3182 3719 3255; x_wconf 83' lang='lat' dir='ltr'><strong>eis</strong></span> <span class='ocrx_word' id='word_1_589' title='bbox 3754 3195 3817 3234; x_wconf 80' lang='lat' dir='ltr'><strong>cst</strong></span> 
     </span>
    </p>
   </div>
   <div class='ocr_carea' id='block_1_81' title="bbox 598 3253 3817 3330">
    <p class='ocr_par' dir='ltr' id='par_1_81' title="bbox 598 3253 3817 3330">
     <span class='ocr_line' id='line_1_83' title="bbox 598 3253 3817 3330; baseline -0.003 -15"><span class='ocrx_word' id='word_1_590' title='bbox 598 3253 790 3330; x_wconf 74' lang='lat' dir='ltr'><strong>geret?</strong></span> <span class='ocrx_word' id='word_1_591' title='bbox 827 3256 1167 3330; x_wconf 81' lang='lat' dir='ltr'><strong>qualisinter</strong></span> <span class='ocrx_word' id='word_1_592' title='bbox 1192 3255 1339 3330; x_wconf 81' lang='lat' dir='ltr'><strong>cives</strong></span> <span class='ocrx_word' id='word_1_593' title='bbox 1379 3254 1674 3330; x_wconf 71' lang='lat' dir='ltr'><strong>dissensio?</strong></span> <span class='ocrx_word' id='word_1_594' title='bbox 1720 3265 1915 3330; x_wconf 84' lang='lat' dir='ltr'><strong>quanta</strong></span> <span class='ocrx_word' id='word_1_595' title='bbox 1945 3255 2177 3330; x_wconf 87' lang='lat' dir='ltr'><strong>denique</strong></span> <span class='ocrx_word' id='word_1_596' title='bbox 2207 3264 2253 3328; x_wconf 67' lang='grc' dir='ltr'><strong>(ζ</strong></span> <span class='ocrx_word' id='word_1_597' title='bbox 2279 3253 2505 3330; x_wconf 74' lang='lat' dir='ltr'><strong>serviunt</strong></span> <span class='ocrx_word' id='word_1_598' title='bbox 2534 3253 2797 3308; x_wconf 87' lang='lat' dir='ltr'><strong>diabolum</strong></span> <span class='ocrx_word' id='word_1_599' title='bbox 2814 3254 3087 3330; x_wconf 78' lang='lat' dir='ltr'><strong>debellare.</strong></span> <span class='ocrx_word' id='word_1_600' title='bbox 3115 3255 3216 3311; x_wconf 91' lang='lat' dir='ltr'><strong>Sed</strong></span> <span class='ocrx_word' id='word_1_601' title='bbox 3237 3264 3296 3330; x_wconf 84' lang='lat' dir='ltr'><strong>et</strong></span> <span class='ocrx_word' id='word_1_602' title='bbox 3324 3253 3484 3330; x_wconf 76' lang='lat' dir='ltr'><strong>hujus</strong></span> <span class='ocrx_word' id='word_1_603' title='bbox 3505 3254 3709 3330; x_wconf 80' lang='lat' dir='ltr'><strong>pietatis</strong></span> <span class='ocrx_word' id='word_1_604' title='bbox 3730 3266 3817 3330; x_wconf 70' lang='lat' dir='ltr'><strong>tua-</strong></span> 
     </span>
    </p>
   </div>
   <div class='ocr_carea' id='block_1_82' title="bbox 599 3326 2179 3389">
    <p class='ocr_par' dir='ltr' id='par_1_82' title="bbox 599 3326 2179 3389">
     <span class='ocr_line' id='line_1_84' title="bbox 599 3326 2179 3389; baseline 0 -7"><span class='ocrx_word' id='word_1_605' title='bbox 599 3326 930 3384; x_wconf 73' lang='lat' dir='ltr'><strong>varietasin</strong></span> <span class='ocrx_word' id='word_1_606' title='bbox 976 3327 1203 3389; x_wconf 87' lang='lat' dir='ltr'><strong>ritibus,</strong></span> <span class='ocrx_word' id='word_1_607' title='bbox 1251 3326 1305 3379; x_wconf 90' lang='lat' dir='ltr'><strong>in</strong></span> <span class='ocrx_word' id='word_1_608' title='bbox 1352 3326 1728 3389; x_wconf 61' lang='lat' dir='ltr'><strong>caeremoniis,</strong></span> <span class='ocrx_word' id='word_1_609' title='bbox 1772 3326 1823 3379; x_wconf 91' lang='lat' dir='ltr'><strong>in</strong></span> <span class='ocrx_word' id='word_1_610' title='bbox 1871 3327 2179 3382; x_wconf 85' lang='lat' dir='ltr'><strong>sacrificiis?</strong></span> 
     </span>
    </p>
   </div>
   <div class='ocr_carea' id='block_1_83' title="bbox 600 3395 2178 3467">
    <p class='ocr_par' dir='ltr' id='par_1_83' title="bbox 600 3395 2178 3467">
     <span class='ocr_line' id='line_1_85' title="bbox 600 3395 2178 3467; baseline -0.001 -13"><span class='ocrx_word' id='word_1_611' title='bbox 600 3398 787 3455; x_wconf 82' lang='lat' dir='ltr'><strong>Nonne</strong></span> <span class='ocrx_word' id='word_1_612' title='bbox 807 3405 1063 3467; x_wconf 62' lang='lat' dir='ltr'><strong>praeterea</strong></span> <span class='ocrx_word' id='word_1_613' title='bbox 1086 3396 1225 3467; x_wconf 85' lang='lat' dir='ltr'><strong>inter</strong></span> <span class='ocrx_word' id='word_1_614' title='bbox 1248 3395 1555 3467; x_wconf 86' lang='lat' dir='ltr'><strong>sacerdotes</strong></span> <span class='ocrx_word' id='word_1_615' title='bbox 1580 3404 1912 3467; x_wconf 67' lang='lat' dir='ltr'><strong>caeterosque</strong></span> <span class='ocrx_word' id='word_1_616' title='bbox 1933 3398 2178 3453; x_wconf 85' lang='lat' dir='ltr'><strong>altarium</strong></span> 
     </span>
    </p>
   </div>
   <div class='ocr_carea' id='block_1_84' title="bbox 601 3466 2175 3537">
    <p class='ocr_par' dir='ltr' id='par_1_84' title="bbox 601 3466 2175 3537">
     <span class='ocr_line' id='line_1_86' title="bbox 601 3466 2175 3537; baseline -0.001 -13"><span class='ocrx_word' id='word_1_617' title='bbox 601 3466 875 3524; x_wconf 82' lang='lat' dir='ltr'><strong>ministros</strong></span> <span class='ocrx_word' id='word_1_618' title='bbox 905 3466 1211 3537; x_wconf 87' lang='lat' dir='ltr'><strong>gravissima</strong></span> <span class='ocrx_word' id='word_1_619' title='bbox 1253 3466 1660 3537; x_wconf 79' lang='lat' dir='ltr'><strong>exardescerent</strong></span> <span class='ocrx_word' id='word_1_620' title='bbox 1685 3466 1857 3536; x_wconf 87' lang='lat' dir='ltr'><strong>jurgia</strong></span> <span class='ocrx_word' id='word_1_621' title='bbox 1885 3511 1900 3535; x_wconf 94' lang='lat'><strong>,</strong></span> <span class='ocrx_word' id='word_1_622' title='bbox 1938 3468 2175 3533; x_wconf 65' lang='lat' dir='ltr'><strong>invidias,</strong></span> 
     </span>
    </p>
   </div>
   <div class='ocr_carea' id='block_1_85' title="bbox 601 3536 2180 3606">
    <p class='ocr_par' dir='ltr' id='par_1_85' title="bbox 601 3536 2180 3606">
     <span class='ocr_line' id='line_1_87' title="bbox 601 3536 2180 3606; baseline 0 -12"><span class='ocrx_word' id='word_1_623' title='bbox 601 3536 986 3601; x_wconf 88' lang='lat' dir='ltr'><strong>dissensiones,</strong></span> <span class='ocrx_word' id='word_1_624' title='bbox 1016 3548 1068 3591; x_wconf 91' lang='lat' dir='ltr'><strong>et</strong></span> <span class='ocrx_word' id='word_1_625' title='bbox 1096 3545 1347 3604; x_wconf 88' lang='lat' dir='ltr'><strong>perpetua</strong></span> <span class='ocrx_word' id='word_1_626' title='bbox 1371 3536 1542 3591; x_wconf 79' lang='lat' dir='ltr'><strong>bella?</strong></span> <span class='ocrx_word' id='word_1_627' title='bbox 1572 3536 1638 3592; x_wconf 88' lang='lat' dir='ltr'><strong>Ut</strong></span> <span class='ocrx_word' id='word_1_628' title='bbox 1668 3538 1826 3606; x_wconf 87' lang='lat' dir='ltr'><strong>igitur</strong></span> <span class='ocrx_word' id='word_1_629' title='bbox 1855 3539 1999 3594; x_wconf 88' lang='lat' dir='ltr'><strong>hisce</strong></span> <span class='ocrx_word' id='word_1_630' title='bbox 2026 3541 2180 3594; x_wconf 89' lang='lat' dir='ltr'><strong>malis</strong></span> 
     </span>
    </p>
   </div>
   <div class='ocr_carea' id='block_1_86' title="bbox 601 3606 2175 3679">
    <p class='ocr_par' dir='ltr' id='par_1_86' title="bbox 601 3606 2175 3679">
     <span class='ocr_line' id='line_1_88' title="bbox 601 3606 2175 3679; baseline -0.001 -13"><span class='ocrx_word' id='word_1_631' title='bbox 601 3618 970 3673; x_wconf 88' lang='lat' dir='ltr'><strong>occurrerent,</strong></span> <span class='ocrx_word' id='word_1_632' title='bbox 984 3616 1202 3663; x_wconf 88' lang='lat' dir='ltr'><strong>senatus</strong></span> <span class='ocrx_word' id='word_1_633' title='bbox 1212 3617 1268 3679; x_wconf 86' lang='lat' dir='ltr'><strong>et</strong></span> <span class='ocrx_word' id='word_1_634' title='bbox 1286 3606 1799 3679; x_wconf 80' lang='lat' dir='ltr'><strong>rerumpublicarum</strong></span> <span class='ocrx_word' id='word_1_635' title='bbox 1815 3610 2175 3679; x_wconf 85' lang='lat' dir='ltr'><strong>magistratus,</strong></span> 
     </span>
    </p>
   </div>
   <div class='ocr_carea' id='block_1_87' title="bbox 601 3676 2181 3747">
    <p class='ocr_par' dir='ltr' id='par_1_87' title="bbox 601 3676 2181 3747">
     <span class='ocr_line' id='line_1_89' title="bbox 601 3676 2181 3747; baseline -0.002 -10"><span class='ocrx_word' id='word_1_636' title='bbox 601 3690 658 3737; x_wconf 86' lang='lat' dir='ltr'><strong>et</strong></span> <span class='ocrx_word' id='word_1_637' title='bbox 682 3680 1018 3735; x_wconf 89' lang='lat' dir='ltr'><strong>sacerdotum</strong></span> <span class='ocrx_word' id='word_1_638' title='bbox 1045 3677 1288 3745; x_wconf 89' lang='lat' dir='ltr'><strong>collegia,</strong></span> <span class='ocrx_word' id='word_1_639' title='bbox 1316 3677 1381 3730; x_wconf 87' lang='lat' dir='ltr'><strong>ad</strong></span> <span class='ocrx_word' id='word_1_640' title='bbox 1409 3676 1632 3747; x_wconf 81' lang='lat' dir='ltr'><strong>publicae</strong></span> <span class='ocrx_word' id='word_1_641' title='bbox 1659 3676 2055 3747; x_wconf 73' lang='lat' dir='ltr'><strong>tranquillitatis</strong></span> <span class='ocrx_word' id='word_1_642' title='bbox 2084 3676 2181 3736; x_wconf 84' lang='lat' dir='ltr'><strong>bo-</strong></span> 
     </span>
    </p>
   </div>
   <div class='ocr_carea' id='block_1_88' title="bbox 602 3746 2178 3814">
    <p class='ocr_par' dir='ltr' id='par_1_88' title="bbox 602 3746 2178 3814">
     <span class='ocr_line' id='line_1_90' title="bbox 602 3746 2178 3814; baseline 0.001 -8"><span class='ocrx_word' id='word_1_643' title='bbox 602 3767 729 3806; x_wconf 83' lang='lat' dir='ltr'><strong>nutu</strong></span> <span class='ocrx_word' id='word_1_644' title='bbox 760 3760 812 3806; x_wconf 91' lang='lat' dir='ltr'><strong>et</strong></span> <span class='ocrx_word' id='word_1_645' title='bbox 839 3749 1222 3804; x_wconf 88' lang='lat' dir='ltr'><strong>incrementum</strong></span> <span class='ocrx_word' id='word_1_646' title='bbox 1250 3787 1264 3808; x_wconf 94' lang='lat'><strong>,</strong></span> <span class='ocrx_word' id='word_1_647' title='bbox 1296 3748 1433 3814; x_wconf 90' lang='lat' dir='ltr'><strong>apud</strong></span> <span class='ocrx_word' id='word_1_648' title='bbox 1467 3746 1711 3802; x_wconf 90' lang='lat' dir='ltr'><strong>ethnicos</strong></span> <span class='ocrx_word' id='word_1_649' title='bbox 1740 3746 1899 3803; x_wconf 87' lang='lat' dir='ltr'><strong>etiam</strong></span> <span class='ocrx_word' id='word_1_650' title='bbox 1929 3750 2178 3807; x_wconf 90' lang='lat' dir='ltr'><strong>decreve-</strong></span> 
     </span>
    </p>
   </div>
   <div class='ocr_carea' id='block_1_89' title="bbox 602 3816 2177 3891">
    <p class='ocr_par' dir='ltr' id='par_1_89' title="bbox 602 3816 2177 3891">
     <span class='ocr_line' id='line_1_91' title="bbox 602 3816 2177 3891; baseline -0.001 -13"><span class='ocrx_word' id='word_1_651' title='bbox 602 3832 727 3878; x_wconf 89' lang='lat' dir='ltr'><strong>runt</strong></span> <span class='ocrx_word' id='word_1_652' title='bbox 756 3836 822 3875; x_wconf 89' lang='lat' dir='ltr'><strong>ne</strong></span> <span class='ocrx_word' id='word_1_653' title='bbox 848 3819 1068 3891; x_wconf 87' lang='lat' dir='ltr'><strong>privatis</strong></span> <span class='ocrx_word' id='word_1_654' title='bbox 1099 3816 1400 3872; x_wconf 85' lang='lat' dir='ltr'><strong>hominibus</strong></span> <span class='ocrx_word' id='word_1_655' title='bbox 1444 3818 1629 3873; x_wconf 89' lang='lat' dir='ltr'><strong>liceret</strong></span> <span class='ocrx_word' id='word_1_656' title='bbox 1658 3833 1876 3886; x_wconf 84' lang='lat' dir='ltr'><strong>prorsus</strong></span> <span class='ocrx_word' id='word_1_657' title='bbox 1906 3824 2177 3891; x_wconf 90' lang='lat' dir='ltr'><strong>quidpiam</strong></span> 
     </span>
    </p>
   </div>
   <div class='ocr_carea' id='block_1_90' title="bbox 602 3890 2175 3961">
    <p class='ocr_par' dir='ltr' id='par_1_90' title="bbox 602 3890 2175 3961">
     <span class='ocr_line' id='line_1_92' title="bbox 602 3890 2175 3961; baseline 0.001 -14"><span class='ocrx_word' id='word_1_658' title='bbox 602 3893 670 3948; x_wconf 91' lang='lat' dir='ltr'><strong>de</strong></span> <span class='ocrx_word' id='word_1_659' title='bbox 693 3892 877 3961; x_wconf 85' lang='lat' dir='ltr'><strong>patriis</strong></span> <span class='ocrx_word' id='word_1_660' title='bbox 910 3890 1115 3960; x_wconf 76' lang='lat' dir='ltr'><strong>legibus</strong></span> <span class='ocrx_word' id='word_1_661' title='bbox 1146 3898 1370 3953; x_wconf 87' lang='lat' dir='ltr'><strong>mutare,</strong></span> <span class='ocrx_word' id='word_1_662' title='bbox 1396 3904 1529 3943; x_wconf 88' lang='lat' dir='ltr'><strong>nova</strong></span> <span class='ocrx_word' id='word_1_663' title='bbox 1572 3890 1808 3945; x_wconf 86' lang='lat' dir='ltr'><strong>instituta</strong></span> <span class='ocrx_word' id='word_1_664' title='bbox 1847 3890 2175 3961; x_wconf 82' lang='lat' dir='ltr'><strong>confingere,</strong></span> 
     </span>
    </p>
   </div>
   <div class='ocr_carea' id='block_1_91' title="bbox 601 3963 2179 4029">
    <p class='ocr_par' dir='ltr' id='par_1_91' title="bbox 601 3963 2179 4029">
     <span class='ocr_line' id='line_1_93' title="bbox 601 3963 2179 4029; baseline 0.001 -11"><span class='ocrx_word' id='word_1_665' title='bbox 601 3964 705 4019; x_wconf 87' lang='lat' dir='ltr'><strong>diis</strong></span> <span class='ocrx_word' id='word_1_666' title='bbox 736 3965 966 4017; x_wconf 89' lang='lat' dir='ltr'><strong>honores</strong></span> <span class='ocrx_word' id='word_1_667' title='bbox 989 3963 1297 4025; x_wconf 89' lang='lat' dir='ltr'><strong>decernere,</strong></span> <span class='ocrx_word' id='word_1_668' title='bbox 1330 3972 1705 4015; x_wconf 80' lang='lat' dir='ltr'><strong>extraneorum</strong></span> <span class='ocrx_word' id='word_1_669' title='bbox 1739 3964 1891 4029; x_wconf 86' lang='lat' dir='ltr'><strong>ritus,</strong></span> <span class='ocrx_word' id='word_1_670' title='bbox 1916 3974 1972 4018; x_wconf 89' lang='lat' dir='ltr'><strong>et</strong></span> <span class='ocrx_word' id='word_1_671' title='bbox 2002 3980 2179 4019; x_wconf 82' lang='lat' dir='ltr'><strong>ntures</strong></span> 
     </span>
    </p>
   </div>
   <div class='ocr_carea' id='block_1_92' title="bbox 601 4031 2197 4106">
    <p class='ocr_par' dir='ltr' id='par_1_92' title="bbox 601 4031 2197 4106">
     <span class='ocr_line' id='line_1_94' title="bbox 601 4031 2197 4106; baseline 0.001 -18"><span class='ocrx_word' id='word_1_672' title='bbox 601 4036 869 4106; x_wconf 88' lang='lat' dir='ltr'><strong>persequi,</strong></span> <span class='ocrx_word' id='word_1_673' title='bbox 885 4033 1137 4106; x_wconf 82' lang='lat' dir='ltr'><strong>inhurum</strong></span> <span class='ocrx_word' id='word_1_674' title='bbox 1151 4031 1452 4085; x_wconf 89' lang='lat' dir='ltr'><strong>clientelam</strong></span> <span class='ocrx_word' id='word_1_675' title='bbox 1471 4033 1622 4103; x_wconf 76' lang='lat'><strong>161</strong></span> <span class='ocrx_word' id='word_1_676' title='bbox 1637 4034 1840 4106; x_wconf 82' lang='lat' dir='ltr'><strong>venire,</strong></span> <span class='ocrx_word' id='word_1_677' title='bbox 1859 4036 1940 4089; x_wconf 86' lang='lat' dir='ltr'><strong>vel</strong></span> <span class='ocrx_word' id='word_1_678' title='bbox 1956 4036 2197 4090; x_wconf 85' lang='lat' dir='ltr'><strong>istorum</strong></span> 
     </span>
    </p>
   </div>
   <div class='ocr_carea' id='block_1_93' title="bbox 602 4102 2179 4169">
    <p class='ocr_par' dir='ltr' id='par_1_93' title="bbox 602 4102 2179 4169">
     <span class='ocr_line' id='line_1_95' title="bbox 602 4102 2179 4169; baseline 0 -9"><span class='ocrx_word' id='word_1_679' title='bbox 602 4102 897 4161; x_wconf 79' lang='lat' dir='ltr'><strong>conventus</strong></span> <span class='ocrx_word' id='word_1_680' title='bbox 939 4102 1276 4166; x_wconf 79' lang='lat' dir='ltr'><strong>frequentare</strong></span> <span class='ocrx_word' id='word_1_681' title='bbox 1298 4147 1312 4168; x_wconf 91' lang='lat'><strong>,</strong></span> <span class='ocrx_word' id='word_1_682' title='bbox 1354 4118 1448 4165; x_wconf 91' lang='lat' dir='ltr'><strong>ne,</strong></span> <span class='ocrx_word' id='word_1_683' title='bbox 1479 4102 1671 4156; x_wconf 46' lang='lat' dir='ltr'><strong>«&#39;{boFto</strong></span> <span class='ocrx_word' id='word_1_684' title='bbox 1695 4105 1841 4169; x_wconf 80' lang='lat' dir='ltr'><strong>gravi</strong></span> <span class='ocrx_word' id='word_1_685' title='bbox 1870 4106 2179 4160; x_wconf 84' lang='lat' dir='ltr'><strong>discrimine</strong></span> 
     </span>
    </p>
   </div>
   <div class='ocr_carea' id='block_1_94' title="bbox 603 4174 2179 4243">
    <p class='ocr_par' dir='ltr' id='par_1_94' title="bbox 603 4174 2179 4243">
     <span class='ocr_line' id='line_1_96' title="bbox 603 4174 2179 4243; baseline -0.001 -10"><span class='ocrx_word' id='word_1_686' title='bbox 603 4178 740 4233; x_wconf 89' lang='lat' dir='ltr'><strong>inter</strong></span> <span class='ocrx_word' id='word_1_687' title='bbox 765 4177 929 4237; x_wconf 88' lang='lat' dir='ltr'><strong>cives,</strong></span> <span class='ocrx_word' id='word_1_688' title='bbox 964 4176 1137 4243; x_wconf 81' lang='lat' dir='ltr'><strong>priora</strong></span> <span class='ocrx_word' id='word_1_689' title='bbox 1168 4174 1595 4240; x_wconf 86' lang='lat' dir='ltr'><strong>periclitarentur</strong></span> <span class='ocrx_word' id='word_1_690' title='bbox 1622 4175 1878 4228; x_wconf 86' lang='lat' dir='ltr'><strong>instituta.</strong></span> <span class='ocrx_word' id='word_1_691' title='bbox 1927 4176 1998 4228; x_wconf 86' lang='lat' dir='ltr'><strong>Ea</strong></span> <span class='ocrx_word' id='word_1_692' title='bbox 2027 4177 2093 4230; x_wconf 91' lang='lat' dir='ltr'><strong>de</strong></span> <span class='ocrx_word' id='word_1_693' title='bbox 2119 4192 2179 4231; x_wconf 89' lang='lat' dir='ltr'><strong>re</strong></span> 
     </span>
    </p>
   </div>
   <div class='ocr_carea' id='block_1_95' title="bbox 602 4243 2177 4316">
    <p class='ocr_par' dir='ltr' id='par_1_95' title="bbox 602 4243 2177 4316">
     <span class='ocr_line' id='line_1_97' title="bbox 602 4243 2177 4316; baseline -0.001 -15"><span class='ocrx_word' id='word_1_694' title='bbox 602 4243 1413 4316; x_wconf 84' lang='lat' dir='ltr'><strong>luculentissimedisseruerunt</strong></span> <span class='ocrx_word' id='word_1_695' title='bbox 1443 4246 1923 4316; x_wconf 74' lang='lat' dir='ltr'><strong>sacri_prufanique</strong></span> <span class='ocrx_word' id='word_1_696' title='bbox 1953 4250 2177 4316; x_wconf 88' lang='lat' dir='ltr'><strong>scripto-</strong></span> 
     </span>
    </p>
   </div>
   <div class='ocr_carea' id='block_1_96' title="bbox 601 4314 2178 4385">
    <p class='ocr_par' dir='ltr' id='par_1_96' title="bbox 601 4314 2178 4385">
     <span class='ocr_line' id='line_1_98' title="bbox 601 4314 2178 4385; baseline 0 -12"><span class='ocrx_word' id='word_1_697' title='bbox 601 4332 712 4383; x_wconf 87' lang='lat' dir='ltr'><strong>res,</strong></span> <span class='ocrx_word' id='word_1_698' title='bbox 743 4326 800 4370; x_wconf 93' lang='lat' dir='ltr'><strong>ut</strong></span> <span class='ocrx_word' id='word_1_699' title='bbox 826 4316 965 4385; x_wconf 86' lang='lat' dir='ltr'><strong>apud</strong></span> <span class='ocrx_word' id='word_1_700' title='bbox 996 4315 1171 4369; x_wconf 87' lang='lat' dir='ltr'><strong>Titum</strong></span> <span class='ocrx_word' id='word_1_701' title='bbox 1218 4315 1421 4369; x_wconf 86' lang='lat' dir='ltr'><strong>Livium</strong></span> <span class='ocrx_word' id='word_1_702' title='bbox 1466 4322 1521 4368; x_wconf 89' lang='lat' dir='ltr'><strong>et</strong></span> <span class='ocrx_word' id='word_1_703' title='bbox 1565 4314 1948 4371; x_wconf 89' lang='lat' dir='ltr'><strong>Tertulliauum</strong></span> <span class='ocrx_word' id='word_1_704' title='bbox 1992 4314 2178 4373; x_wconf 90' lang='lat' dir='ltr'><strong>videre</strong></span> 
     </span>
    </p>
   </div>
   <div class='ocr_carea' id='block_1_97' title="bbox 600 4398 705 4443">
    <p class='ocr_par' dir='ltr' id='par_1_97' title="bbox 600 4398 705 4443">
     <span class='ocr_line' id='line_1_99' title="bbox 600 4398 705 4443; baseline -0.029 0"><span class='ocrx_word' id='word_1_705' title='bbox 600 4398 705 4443; x_wconf 90' lang='lat' dir='ltr'><strong>est.</strong></span> 
     </span>
    </p>
   </div>
   <div class='ocr_carea' id='block_1_98' title="bbox 669 4456 2176 4526">
    <p class='ocr_par' dir='ltr' id='par_1_98' title="bbox 669 4456 2176 4526">
     <span class='ocr_line' id='line_1_100' title="bbox 669 4456 2176 4526; baseline 0.001 -15"><span class='ocrx_word' id='word_1_706' title='bbox 669 4459 849 4526; x_wconf 84' lang='lat' dir='ltr'><strong>Itaque</strong></span> <span class='ocrx_word' id='word_1_707' title='bbox 878 4456 937 4511; x_wconf 91' lang='lat' dir='ltr'><strong>S.</strong></span> <span class='ocrx_word' id='word_1_708' title='bbox 964 4456 1132 4510; x_wconf 86' lang='lat' dir='ltr'><strong>nostri</strong></span> <span class='ocrx_word' id='word_1_709' title='bbox 1168 4456 1432 4526; x_wconf 85' lang='lat' dir='ltr'><strong>pontificis</strong></span> <span class='ocrx_word' id='word_1_710' title='bbox 1460 4456 1799 4522; x_wconf 90' lang='lat' dir='ltr'><strong>mandatum,</strong></span> <span class='ocrx_word' id='word_1_711' title='bbox 1841 4458 2176 4526; x_wconf 89' lang='lat' dir='ltr'><strong>potissimum</strong></span> 
     </span>
    </p>
   </div>
   <div class='ocr_carea' id='block_1_99' title="bbox 602 4527 2173 4596">
    <p class='ocr_par' dir='ltr' id='par_1_99' title="bbox 602 4527 2173 4596">
     <span class='ocr_line' id='line_1_101' title="bbox 602 4527 2173 4596; baseline 0.001 -14"><span class='ocrx_word' id='word_1_712' title='bbox 602 4528 656 4583; x_wconf 91' lang='lat' dir='ltr'><strong>in</strong></span> <span class='ocrx_word' id='word_1_713' title='bbox 686 4529 883 4581; x_wconf 86' lang='lat' dir='ltr'><strong>veteris</strong></span> <span class='ocrx_word' id='word_1_714' title='bbox 912 4536 966 4579; x_wconf 92' lang='lat' dir='ltr'><strong>et</strong></span> <span class='ocrx_word' id='word_1_715' title='bbox 1006 4541 1157 4580; x_wconf 78' lang='lat' dir='ltr'><strong>nova:</strong></span> <span class='ocrx_word' id='word_1_716' title='bbox 1203 4527 1331 4593; x_wconf 83' lang='lat' dir='ltr'><strong>legis</strong></span> <span class='ocrx_word' id='word_1_717' title='bbox 1382 4528 1665 4596; x_wconf 71' lang='lat' dir='ltr'><strong>przeceptis</strong></span> <span class='ocrx_word' id='word_1_718' title='bbox 1715 4527 1989 4582; x_wconf 88' lang='lat' dir='ltr'><strong>fundatum</strong></span> <span class='ocrx_word' id='word_1_719' title='bbox 2034 4540 2173 4594; x_wconf 88' lang='lat' dir='ltr'><strong>erat,</strong></span> 
     </span>
    </p>
   </div>
   <div class='ocr_carea' id='block_1_100' title="bbox 602 4599 2176 4671">
    <p class='ocr_par' dir='ltr' id='par_1_100' title="bbox 602 4599 2176 4671">
     <span class='ocr_line' id='line_1_102' title="bbox 602 4599 2176 4671; baseline 0.003 -19"><span class='ocrx_word' id='word_1_720' title='bbox 602 4599 797 4671; x_wconf 77' lang='lat' dir='ltr'><strong>quibus</strong></span> <span class='ocrx_word' id='word_1_721' title='bbox 824 4604 1037 4651; x_wconf 90' lang='lat' dir='ltr'><strong>cautum</strong></span> <span class='ocrx_word' id='word_1_722' title='bbox 1063 4607 1147 4650; x_wconf 89' lang='lat' dir='ltr'><strong>est</strong></span> <span class='ocrx_word' id='word_1_723' title='bbox 1176 4599 1533 4671; x_wconf 80' lang='lat' dir='ltr'><strong>improborum</strong></span> <span class='ocrx_word' id='word_1_724' title='bbox 1565 4599 2176 4671; x_wconf 84' lang='lat' dir='ltr'><strong>scelestissimorumquc</strong></span> 
     </span>
    </p>
   </div>
   <div class='ocr_carea' id='block_1_101' title="bbox 602 4668 2180 4741">
    <p class='ocr_par' dir='ltr' id='par_1_101' title="bbox 602 4668 2180 4741">
     <span class='ocr_line' id='line_1_103' title="bbox 602 4668 2180 4741; baseline 0.003 -18"><span class='ocrx_word' id='word_1_725' title='bbox 602 4668 877 4741; x_wconf 84' lang='lat' dir='ltr'><strong>hominum</strong></span> <span class='ocrx_word' id='word_1_726' title='bbox 905 4668 1415 4741; x_wconf 78' lang='lat' dir='ltr'><strong>consuetudinemet</strong></span> <span class='ocrx_word' id='word_1_727' title='bbox 1437 4669 1847 4741; x_wconf 84' lang='lat' dir='ltr'><strong>contubernium</strong></span> <span class='ocrx_word' id='word_1_728' title='bbox 1881 4668 2105 4741; x_wconf 38' lang='lat' dir='ltr'><strong>l&#39;ugere,‘</strong></span> <span class='ocrx_word' id='word_1_729' title='bbox 2126 4682 2180 4727; x_wconf 91' lang='lat' dir='ltr'><strong>et</strong></span> 
     </span>
    </p>
   </div>
   <div class='ocr_carea' id='block_1_102' title="bbox 603 4738 2173 4808">
    <p class='ocr_par' dir='ltr' id='par_1_102' title="bbox 603 4738 2173 4808">
     <span class='ocr_line' id='line_1_104' title="bbox 603 4738 2173 4808; baseline 0.004 -16"><span class='ocrx_word' id='word_1_730' title='bbox 603 4739 932 4793; x_wconf 89' lang='lat' dir='ltr'><strong>consortium</strong></span> <span class='ocrx_word' id='word_1_731' title='bbox 964 4738 1228 4803; x_wconf 89' lang='lat' dir='ltr'><strong>abdicare,</strong></span> <span class='ocrx_word' id='word_1_732' title='bbox 1270 4740 1357 4808; x_wconf 87' lang='lat' dir='ltr'><strong>qui</strong></span> <span class='ocrx_word' id='word_1_733' title='bbox 1387 4740 1703 4794; x_wconf 78' lang='lat' dir='ltr'><strong>exsecrabili</strong></span> <span class='ocrx_word' id='word_1_734' title='bbox 1729 4738 2035 4807; x_wconf 68' lang='lat' dir='ltr'><strong>calliditate,</strong></span> <span class='ocrx_word' id='word_1_735' title='bbox 2068 4758 2173 4799; x_wconf 93' lang='lat' dir='ltr'><strong>non</strong></span> 
     </span>
    </p>
   </div>
   <div class='ocr_carea' id='block_1_103' title="bbox 603 4809 2173 4878">
    <p class='ocr_par' dir='ltr' id='par_1_103' title="bbox 603 4809 2173 4878">
     <span class='ocr_line' id='line_1_105' title="bbox 603 4809 2173 4878; baseline 0.003 -15"><span class='ocrx_word' id='word_1_736' title='bbox 603 4810 705 4868; x_wconf 87' lang='lat' dir='ltr'><strong>sibi</strong></span> <span class='ocrx_word' id='word_1_737' title='bbox 737 4809 902 4877; x_wconf 89' lang='lat' dir='ltr'><strong>magis</strong></span> <span class='ocrx_word' id='word_1_738' title='bbox 921 4810 1223 4878; x_wconf 83' lang='lat' dir='ltr'><strong>depravatis</strong></span> <span class='ocrx_word' id='word_1_739' title='bbox 1242 4809 1477 4865; x_wconf 89' lang='lat' dir='ltr'><strong>moribus</strong></span> <span class='ocrx_word' id='word_1_740' title='bbox 1502 4810 1697 4864; x_wconf 90' lang='lat' dir='ltr'><strong>obsunt</strong></span> <span class='ocrx_word' id='word_1_741' title='bbox 1718 4813 2009 4878; x_wconf 86' lang='lat' dir='ltr'><strong>quamaliis</strong></span> <span class='ocrx_word' id='word_1_742' title='bbox 2029 4829 2173 4867; x_wconf 86' lang='lat' dir='ltr'><strong>sem-</strong></span> 
     </span>
    </p>
   </div>
   <div class='ocr_carea' id='block_1_104' title="bbox 602 4882 2171 4951">
    <p class='ocr_par' dir='ltr' id='par_1_104' title="bbox 602 4882 2171 4951">
     <span class='ocr_line' id='line_1_106' title="bbox 602 4882 2171 4951; baseline 0.004 -18"><span class='ocrx_word' id='word_1_743' title='bbox 602 4896 700 4951; x_wconf 87' lang='lat' dir='ltr'><strong>per</strong></span> <span class='ocrx_word' id='word_1_744' title='bbox 728 4884 976 4935; x_wconf 86' lang='lat' dir='ltr'><strong>studeant</strong></span> <span class='ocrx_word' id='word_1_745' title='bbox 1004 4895 1219 4936; x_wconf 89' lang='lat' dir='ltr'><strong>nocere.</strong></span> <span class='ocrx_word' id='word_1_746' title='bbox 1254 4885 1425 4951; x_wconf 84' lang='lat' dir='ltr'><strong>Atque</strong></span> <span class='ocrx_word' id='word_1_747' title='bbox 1467 4895 1530 4934; x_wconf 90' lang='lat' dir='ltr'><strong>ea</strong></span> <span class='ocrx_word' id='word_1_748' title='bbox 1565 4882 1901 4951; x_wconf 86' lang='lat' dir='ltr'><strong>potissimum</strong></span> <span class='ocrx_word' id='word_1_749' title='bbox 1924 4883 1991 4937; x_wconf 88' lang='lat' dir='ltr'><strong>de</strong></span> <span class='ocrx_word' id='word_1_750' title='bbox 2012 4899 2171 4939; x_wconf 88' lang='lat' dir='ltr'><strong>causa</strong></span> 
     </span>
    </p>
   </div>
   <div class='ocr_carea' id='block_1_105' title="bbox 561 4951 2172 5021">
    <p class='ocr_par' dir='ltr' id='par_1_105' title="bbox 561 4951 2172 5021">
     <span class='ocr_line' id='line_1_107' title="bbox 561 4951 2172 5021; baseline 0.003 -16"><span class='ocrx_word' id='word_1_751' title='bbox 561 4989 566 4997; x_wconf 67' lang='grc' dir='ltr'><strong>ς</strong></span> <span class='ocrx_word' id='word_1_752' title='bbox 601 4951 705 5005; x_wconf 89' lang='lat' dir='ltr'><strong>sibi</strong></span> <span class='ocrx_word' id='word_1_753' title='bbox 738 4951 1025 5005; x_wconf 80' lang='lat' dir='ltr'><strong>facinorum</strong></span> <span class='ocrx_word' id='word_1_754' title='bbox 1050 4952 1226 5006; x_wconf 89' lang='lat' dir='ltr'><strong>socios</strong></span> <span class='ocrx_word' id='word_1_755' title='bbox 1253 4952 1371 5021; x_wconf 88' lang='lat' dir='ltr'><strong>illos</strong></span> <span class='ocrx_word' id='word_1_756' title='bbox 1400 4954 1547 5020; x_wconf 89' lang='lat' dir='ltr'><strong>quasi</strong></span> <span class='ocrx_word' id='word_1_757' title='bbox 1581 4968 1796 5019; x_wconf 82' lang='lat' dir='ltr'><strong>semper</strong></span> <span class='ocrx_word' id='word_1_758' title='bbox 1824 4954 2172 5021; x_wconf 86' lang='lat' dir='ltr'><strong>ascisceutes,</strong></span> 
     </span>
    </p>
   </div>
   <div class='ocr_carea' id='block_1_106' title="bbox 602 5020 2175 5094">
    <p class='ocr_par' dir='ltr' id='par_1_106' title="bbox 602 5020 2175 5094">
     <span class='ocr_line' id='line_1_108' title="bbox 602 5020 2175 5094; baseline 0.003 -19"><span class='ocrx_word' id='word_1_759' title='bbox 602 5033 763 5088; x_wconf 83' lang='lat' dir='ltr'><strong>atque</strong></span> <span class='ocrx_word' id='word_1_760' title='bbox 796 5023 1145 5087; x_wconf 86' lang='lat' dir='ltr'><strong>inquirentes,</strong></span> <span class='ocrx_word' id='word_1_761' title='bbox 1177 5037 1312 5089; x_wconf 85' lang='lat' dir='ltr'><strong>quos</strong></span> <span class='ocrx_word' id='word_1_762' title='bbox 1332 5020 1943 5094; x_wconf 25' lang='lat' dir='ltr'><strong>_incautos,tdebiliores,</strong></span> <span class='ocrx_word' id='word_1_763' title='bbox 1966 5025 2175 5094; x_wconf 90' lang='lat' dir='ltr'><strong>simpli-</strong></span> 
     </span>
    </p>
   </div>
   <div class='ocr_carea' id='block_1_107' title="bbox 600 5092 2175 5162">
    <p class='ocr_par' dir='ltr' id='par_1_107' title="bbox 600 5092 2175 5162">
     <span class='ocr_line' id='line_1_109' title="bbox 600 5092 2175 5162; baseline 0.002 -14"><span class='ocrx_word' id='word_1_764' title='bbox 600 5094 884 5162; x_wconf 90' lang='lat' dir='ltr'><strong>cioresque</strong></span> <span class='ocrx_word' id='word_1_765' title='bbox 905 5105 1025 5146; x_wconf 84' lang='lat' dir='ltr'><strong>esse</strong></span> <span class='ocrx_word' id='word_1_766' title='bbox 1052 5103 1268 5146; x_wconf 90' lang='lat' dir='ltr'><strong>norunt.</strong></span> <span class='ocrx_word' id='word_1_767' title='bbox 1318 5092 1493 5157; x_wconf 81' lang='lat' dir='ltr'><strong>Quare</strong></span> <span class='ocrx_word' id='word_1_768' title='bbox 1519 5094 1575 5147; x_wconf 86' lang='lat' dir='ltr'><strong>S.</strong></span> <span class='ocrx_word' id='word_1_769' title='bbox 1603 5093 1733 5157; x_wconf 87' lang='lat' dir='ltr'><strong>Leo,</strong></span> <span class='ocrx_word' id='word_1_770' title='bbox 1779 5097 2041 5149; x_wconf 70' lang='lat' dir='ltr'><strong>universa:</strong></span> <span class='ocrx_word' id='word_1_771' title='bbox 2073 5092 2175 5151; x_wconf 81' lang='lat' dir='ltr'><strong>Ec-</strong></span> 
     </span>
    </p>
   </div>
   <div class='ocr_carea' id='block_1_108' title="bbox 602 5163 2171 5234">
    <p class='ocr_par' dir='ltr' id='par_1_108' title="bbox 602 5163 2171 5234">
     <span class='ocr_line' id='line_1_110' title="bbox 602 5163 2171 5234; baseline 0.003 -17"><span class='ocrx_word' id='word_1_772' title='bbox 602 5166 783 5219; x_wconf 64' lang='lat' dir='ltr'><strong>clesiae</strong></span> <span class='ocrx_word' id='word_1_773' title='bbox 806 5163 1172 5232; x_wconf 86' lang='lat' dir='ltr'><strong>tranquillitati</strong></span> <span class='ocrx_word' id='word_1_774' title='bbox 1195 5173 1245 5217; x_wconf 93' lang='lat' dir='ltr'><strong>et</strong></span> <span class='ocrx_word' id='word_1_775' title='bbox 1260 5164 1403 5217; x_wconf 88' lang='lat' dir='ltr'><strong>bono</strong></span> <span class='ocrx_word' id='word_1_776' title='bbox 1424 5178 1822 5234; x_wconf 90' lang='lat' dir='ltr'><strong>prospecturus,</strong></span> <span class='ocrx_word' id='word_1_777' title='bbox 1853 5167 2171 5223; x_wconf 63' lang='lat' dir='ltr'><strong>Manichacus</strong></span> 
     </span>
    </p>
   </div>
   <div class='ocr_carea' id='block_1_109' title="bbox 604 5234 2169 5306">
    <p class='ocr_par' dir='ltr' id='par_1_109' title="bbox 604 5234 2169 5306">
     <span class='ocr_line' id='line_1_111' title="bbox 604 5234 2169 5306; baseline 0.004 -18"><span class='ocrx_word' id='word_1_778' title='bbox 604 5235 749 5303; x_wconf 89' lang='lat' dir='ltr'><strong>ipsos</strong></span> <span class='ocrx_word' id='word_1_779' title='bbox 777 5250 805 5288; x_wconf 89' lang='lat' dir='ltr'><strong>a</strong></span> <span class='ocrx_word' id='word_1_780' title='bbox 837 5234 1220 5306; x_wconf 81' lang='lat' dir='ltr'><strong>catholicorum</strong></span> <span class='ocrx_word' id='word_1_781' title='bbox 1265 5238 1520 5306; x_wconf 79' lang='lat' dir='ltr'><strong>societate</strong></span> <span class='ocrx_word' id='word_1_782' title='bbox 1550 5238 1694 5302; x_wconf 84' lang='lat' dir='ltr'><strong>prius</strong></span> <span class='ocrx_word' id='word_1_783' title='bbox 1732 5238 1896 5291; x_wconf 84' lang='lat' dir='ltr'><strong>voluit</strong></span> <span class='ocrx_word' id='word_1_784' title='bbox 1925 5240 2169 5306; x_wconf 87' lang='lat' dir='ltr'><strong>rejicere,</strong></span> 
     </span>
    </p>
   </div>
   <div class='ocr_carea' id='block_1_110' title="bbox 601 5304 2172 5376">
    <p class='ocr_par' dir='ltr' id='par_1_110' title="bbox 601 5304 2172 5376">
     <span class='ocr_line' id='line_1_112' title="bbox 601 5304 2172 5376; baseline 0.002 -17"><span class='ocrx_word' id='word_1_785' title='bbox 601 5316 712 5360; x_wconf 92' lang='lat' dir='ltr'><strong>tum</strong></span> <span class='ocrx_word' id='word_1_786' title='bbox 742 5307 901 5360; x_wconf 89' lang='lat' dir='ltr'><strong>etiam</strong></span> <span class='ocrx_word' id='word_1_787' title='bbox 928 5304 1151 5375; x_wconf 86' lang='lat' dir='ltr'><strong>singulis</strong></span> <span class='ocrx_word' id='word_1_788' title='bbox 1174 5304 1371 5359; x_wconf 88' lang='lat' dir='ltr'><strong>Christi</strong></span> <span class='ocrx_word' id='word_1_789' title='bbox 1404 5304 1645 5361; x_wconf 87' lang='lat' dir='ltr'><strong>fidelibus</strong></span> <span class='ocrx_word' id='word_1_790' title='bbox 1694 5307 1944 5376; x_wconf 66' lang='lat' dir='ltr'><strong>praecepit</strong></span> <span class='ocrx_word' id='word_1_791' title='bbox 1968 5304 2035 5364; x_wconf 87' lang='lat' dir='ltr'><strong>de</strong></span> <span class='ocrx_word' id='word_1_792' title='bbox 2078 5309 2172 5363; x_wconf 84' lang='lat' dir='ltr'><strong>iis-</strong></span> 
     </span>
    </p>
   </div>
   <div class='ocr_carea' id='block_1_111' title="bbox 599 5376 2173 5447">
    <p class='ocr_par' dir='ltr' id='par_1_111' title="bbox 599 5376 2173 5447">
     <span class='ocr_line' id='line_1_113' title="bbox 599 5376 2173 5447; baseline 0.002 -15"><span class='ocrx_word' id='word_1_793' title='bbox 599 5377 723 5433; x_wconf 88' lang='lat' dir='ltr'><strong>dem</strong></span> <span class='ocrx_word' id='word_1_794' title='bbox 751 5378 1043 5446; x_wconf 87' lang='lat' dir='ltr'><strong>inquirere,</strong></span> <span class='ocrx_word' id='word_1_795' title='bbox 1078 5384 1135 5430; x_wconf 92' lang='lat' dir='ltr'><strong>et</strong></span> <span class='ocrx_word' id='word_1_796' title='bbox 1158 5376 1327 5431; x_wconf 88' lang='lat' dir='ltr'><strong>sacris</strong></span> <span class='ocrx_word' id='word_1_797' title='bbox 1357 5379 1686 5447; x_wconf 86' lang='lat' dir='ltr'><strong>presbyteris</strong></span> <span class='ocrx_word' id='word_1_798' title='bbox 1709 5380 2043 5435; x_wconf 89' lang='lat' dir='ltr'><strong>denuntiare.</strong></span> <span class='ocrx_word' id='word_1_799' title='bbox 2079 5380 2173 5435; x_wconf 83' lang='lat' dir='ltr'><strong>Ni-</strong></span> 
     </span>
    </p>
   </div>
   <div class='ocr_carea' id='block_1_112' title="bbox 602 5447 2174 5519">
    <p class='ocr_par' dir='ltr' id='par_1_112' title="bbox 602 5447 2174 5519">
     <span class='ocr_line' id='line_1_114' title="bbox 602 5447 2174 5519; baseline 0.003 -17"><span class='ocrx_word' id='word_1_800' title='bbox 602 5449 676 5503; x_wconf 90' lang='lat' dir='ltr'><strong>hil</strong></span> <span class='ocrx_word' id='word_1_801' title='bbox 706 5450 947 5519; x_wconf 89' lang='lat' dir='ltr'><strong>profecto</strong></span> <span class='ocrx_word' id='word_1_802' title='bbox 968 5447 1293 5519; x_wconf 81' lang='lat' dir='ltr'><strong>exploratius</strong></span> <span class='ocrx_word' id='word_1_803' title='bbox 1322 5463 1388 5501; x_wconf 90' lang='lat' dir='ltr'><strong>eo</strong></span> <span class='ocrx_word' id='word_1_804' title='bbox 1414 5451 1703 5519; x_wconf 74' lang='lat' dir='ltr'><strong>apostolico</strong></span> <span class='ocrx_word' id='word_1_805' title='bbox 1734 5450 1983 5505; x_wconf 88' lang='lat' dir='ltr'><strong>mandato</strong></span> <span class='ocrx_word' id='word_1_806' title='bbox 2022 5452 2174 5507; x_wconf 90' lang='lat' dir='ltr'><strong>inve-</strong></span> 
     </span>
    </p>
   </div>
   <div class='ocr_carea' id='block_1_113' title="bbox 601 5518 2171 5592">
    <p class='ocr_par' dir='ltr' id='par_1_113' title="bbox 601 5518 2171 5592">
     <span class='ocr_line' id='line_1_115' title="bbox 601 5518 2171 5592; baseline 0.003 -18"><span class='ocrx_word' id='word_1_807' title='bbox 601 5518 717 5592; x_wconf 86' lang='lat' dir='ltr'><strong>niri</strong></span> <span class='ocrx_word' id='word_1_808' title='bbox 732 5519 946 5592; x_wconf 84' lang='lat' dir='ltr'><strong>poterit,</strong></span> <span class='ocrx_word' id='word_1_809' title='bbox 972 5518 1119 5592; x_wconf 78' lang='lat' dir='ltr'><strong>hisce</strong></span> <span class='ocrx_word' id='word_1_810' title='bbox 1140 5519 1316 5573; x_wconf 86' lang='lat' dir='ltr'><strong>verbis</strong></span> <span class='ocrx_word' id='word_1_811' title='bbox 1345 5532 1602 5588; x_wconf 79' lang='lat' dir='ltr'><strong>expresso</strong></span> <span class='ocrx_word' id='word_1_812' title='bbox 1627 5518 1651 5573; x_wconf 43' lang='lat'><strong>:&#39;</strong></span> <span class='ocrx_word' id='word_1_813' title='bbox 1672 5519 1813 5574; x_wconf 81' lang='lat' dir='ltr'><strong>Illud</strong></span> <span class='ocrx_word' id='word_1_814' title='bbox 1836 5538 2031 5592; x_wconf 86' lang='lat' dir='ltr'><strong>quoque</strong></span> <span class='ocrx_word' id='word_1_815' title='bbox 2062 5539 2171 5590; x_wconf 88' lang='lat' dir='ltr'><strong>vos,</strong></span> 
     </span>
    </p>
   </div>
   <div class='ocr_carea' id='block_1_114' title="bbox 600 5590 2173 5657">
    <p class='ocr_par' dir='ltr' id='par_1_114' title="bbox 600 5590 2173 5657">
     <span class='ocr_line' id='line_1_116' title="bbox 600 5590 2173 5657; baseline 0.005 -15"><span class='ocrx_word' id='word_1_816' title='bbox 600 5590 941 5657; x_wconf 85' lang='lat' dir='ltr'><strong>dilectissimi,</strong></span> <span class='ocrx_word' id='word_1_817' title='bbox 968 5591 1235 5643; x_wconf 87' lang='lat' dir='ltr'><strong>obsecrans</strong></span> <span class='ocrx_word' id='word_1_818' title='bbox 1271 5606 1471 5654; x_wconf 88' lang='lat' dir='ltr'><strong>moneo,</strong></span> <span class='ocrx_word' id='word_1_819' title='bbox 1498 5598 1551 5643; x_wconf 89' lang='lat' dir='ltr'><strong>ut</strong></span> <span class='ocrx_word' id='word_1_820' title='bbox 1576 5593 1619 5643; x_wconf 89' lang='lat' dir='ltr'><strong>si</strong></span> <span class='ocrx_word' id='word_1_821' title='bbox 1646 5594 1728 5644; x_wconf 86' lang='lat' dir='ltr'><strong>cui</strong></span> <span class='ocrx_word' id='word_1_822' title='bbox 1763 5590 1984 5647; x_wconf 85' lang='lat' dir='ltr'><strong>vestrum</strong></span> <span class='ocrx_word' id='word_1_823' title='bbox 2026 5596 2173 5650; x_wconf 88' lang='lat' dir='ltr'><strong>inno-</strong></span> 
     </span>
    </p>
   </div>
   <div class='ocr_carea' id='block_1_115' title="bbox 602 5660 2175 5731">
    <p class='ocr_par' dir='ltr' id='par_1_115' title="bbox 602 5660 2175 5731">
     <span class='ocr_line' id='line_1_117' title="bbox 602 5660 2175 5731; baseline 0.004 -18"><span class='ocrx_word' id='word_1_824' title='bbox 602 5663 754 5713; x_wconf 82' lang='lat' dir='ltr'><strong>tuerit</strong></span> <span class='ocrx_word' id='word_1_825' title='bbox 782 5662 867 5714; x_wconf 88' lang='lat' dir='ltr'><strong>ubi</strong></span> <span class='ocrx_word' id='word_1_826' title='bbox 894 5660 1137 5725; x_wconf 78' lang='lat' dir='ltr'><strong>habitent,</strong></span> <span class='ocrx_word' id='word_1_827' title='bbox 1169 5662 1255 5714; x_wconf 82' lang='lat' dir='ltr'><strong>ubi</strong></span> <span class='ocrx_word' id='word_1_828' title='bbox 1282 5662 1515 5723; x_wconf 87' lang='lat' dir='ltr'><strong>doceant,</strong></span> <span class='ocrx_word' id='word_1_829' title='bbox 1543 5677 1671 5730; x_wconf 89' lang='lat' dir='ltr'><strong>quos</strong></span> <span class='ocrx_word' id='word_1_830' title='bbox 1700 5666 2030 5731; x_wconf 74' lang='lat' dir='ltr'><strong>frequentant,</strong></span> <span class='ocrx_word' id='word_1_831' title='bbox 2054 5677 2102 5719; x_wconf 92' lang='lat' dir='ltr'><strong>et</strong></span> <span class='ocrx_word' id='word_1_832' title='bbox 2122 5668 2175 5721; x_wconf 91' lang='lat' dir='ltr'><strong>in</strong></span> 
     </span>
    </p>
   </div>
   <div class='ocr_carea' id='block_1_116' title="bbox 602 5732 2229 5805">
    <p class='ocr_par' dir='ltr' id='par_1_116' title="bbox 602 5732 2229 5805">
     <span class='ocr_line' id='line_1_118' title="bbox 602 5732 2229 5805; baseline 0.008 -24"><span class='ocrx_word' id='word_1_833' title='bbox 602 5745 815 5797; x_wconf 86' lang='lat' dir='ltr'><strong>quorum</strong></span> <span class='ocrx_word' id='word_1_834' title='bbox 836 5733 1075 5785; x_wconf 88' lang='lat' dir='ltr'><strong>societate</strong></span> <span class='ocrx_word' id='word_1_835' title='bbox 1098 5732 1435 5801; x_wconf 83' lang='lat' dir='ltr'><strong>requiescant,</strong></span> <span class='ocrx_word' id='word_1_836' title='bbox 1464 5743 1651 5786; x_wconf 78' lang='lat' dir='ltr'><strong>nostra:</strong></span> <span class='ocrx_word' id='word_1_837' title='bbox 1676 5733 2013 5791; x_wconf 82' lang='lat' dir='ltr'><strong>sollicitudini</strong></span> <span class='ocrx_word' id='word_1_838' title='bbox 2037 5736 2173 5805; x_wconf 69' lang='grc' dir='ltr'><strong>Με-</strong></span> <span class='ocrx_word' id='word_1_839' title='bbox 2224 5772 2229 5777; x_wconf 74' lang='grc' dir='ltr'><em>ι</em></span> 
     </span>
    </p>
   </div>
   <div class='ocr_carea' id='block_1_117' title="bbox 678 5863 1823 5932">
    <p class='ocr_par' dir='ltr' id='par_1_117' title="bbox 678 5863 1823 5932">
     <span class='ocr_line' id='line_1_119' title="bbox 678 5863 1823 5932; baseline 0.008 -16"><span class='ocrx_word' id='word_1_840' title='bbox 678 5863 757 5930; x_wconf 77' lang='lat' dir='ltr'><strong>(al</strong></span> <span class='ocrx_word' id='word_1_841' title='bbox 784 5865 961 5922; x_wconf 84' lang='lat' dir='ltr'><strong>Serm.</strong></span> <span class='ocrx_word' id='word_1_842' title='bbox 993 5867 1027 5920; x_wconf 76' lang='lat'><strong>5</strong></span> <span class='ocrx_word' id='word_1_843' title='bbox 1054 5869 1122 5922; x_wconf 90' lang='lat' dir='ltr'><strong>de</strong></span> <span class='ocrx_word' id='word_1_844' title='bbox 1144 5867 1353 5932; x_wconf 79' lang='lat' dir='ltr'><strong>Jejunio</strong></span> <span class='ocrx_word' id='word_1_845' title='bbox 1381 5869 1574 5931; x_wconf 83' lang='lat' dir='ltr'><strong>decimi</strong></span> <span class='ocrx_word' id='word_1_846' title='bbox 1602 5872 1823 5927; x_wconf 89' lang='lat' dir='ltr'><strong>mensis.</strong></span> 
     </span>
    </p>
   </div>
   <div class='ocr_carea' id='block_1_118' title="bbox 2283 3323 3812 3396">
    <p class='ocr_par' dir='ltr' id='par_1_118' title="bbox 2283 3323 3812 3396">
     <span class='ocr_line' id='line_1_120' title="bbox 2283 3323 3812 3396; baseline -0.001 -18"><span class='ocrx_word' id='word_1_847' title='bbox 2283 3326 2611 3394; x_wconf 89' lang='lat' dir='ltr'><strong>guitudinem</strong></span> <span class='ocrx_word' id='word_1_848' title='bbox 2641 3336 2697 3380; x_wconf 89' lang='lat' dir='ltr'><strong>et</strong></span> <span class='ocrx_word' id='word_1_849' title='bbox 2724 3326 3096 3381; x_wconf 80' lang='lat' dir='ltr'><strong>excellentiam</strong></span> <span class='ocrx_word' id='word_1_850' title='bbox 3129 3328 3287 3395; x_wconf 91' lang='lat' dir='ltr'><strong>paulo</strong></span> <span class='ocrx_word' id='word_1_851' title='bbox 3320 3323 3485 3381; x_wconf 74' lang='lat' dir='ltr'><strong>etiam</strong></span> <span class='ocrx_word' id='word_1_852' title='bbox 3515 3337 3633 3396; x_wconf 88' lang='lat' dir='ltr'><strong>post</strong></span> <span class='ocrx_word' id='word_1_853' title='bbox 3659 3324 3705 3396; x_wconf 81' lang='lat' dir='ltr'><strong>in</strong></span> <span class='ocrx_word' id='word_1_854' title='bbox 3732 3323 3812 3396; x_wconf 79' lang='lat' dir='ltr'><strong>tias</strong></span> 
     </span>
    </p>
   </div>
   <div class='ocr_carea' id='block_1_119' title="bbox 2283 3394 3813 3467">
    <p class='ocr_par' dir='ltr' id='par_1_119' title="bbox 2283 3394 3813 3467">
     <span class='ocr_line' id='line_1_121' title="bbox 2283 3394 3813 3467; baseline -0.001 -17"><span class='ocrx_word' id='word_1_855' title='bbox 2283 3396 2426 3450; x_wconf 90' lang='lat' dir='ltr'><strong>illius</strong></span> <span class='ocrx_word' id='word_1_856' title='bbox 2450 3396 2641 3466; x_wconf 89' lang='lat' dir='ltr'><strong>capitis</strong></span> <span class='ocrx_word' id='word_1_857' title='bbox 2668 3398 3043 3464; x_wconf 88' lang='lat' dir='ltr'><strong>commendat,</strong></span> <span class='ocrx_word' id='word_1_858' title='bbox 3087 3394 3289 3453; x_wconf 82' lang='lat' dir='ltr'><strong>ducens</strong></span> <span class='ocrx_word' id='word_1_859' title='bbox 3330 3394 3555 3467; x_wconf 83' lang='lat' dir='ltr'><strong>prorsus</strong></span> <span class='ocrx_word' id='word_1_860' title='bbox 3602 3394 3813 3467; x_wconf 77' lang='lat' dir='ltr'><strong>nefarium</strong></span> 
     </span>
    </p>
   </div>
   <div class='ocr_carea' id='block_1_120' title="bbox 2282 3466 3815 3537">
    <p class='ocr_par' dir='ltr' id='par_1_120' title="bbox 2282 3466 3815 3537">
     <span class='ocr_line' id='line_1_122' title="bbox 2282 3466 3815 3537; baseline -0.002 -15"><span class='ocrx_word' id='word_1_861' title='bbox 2282 3482 2403 3522; x_wconf 90' lang='lat' dir='ltr'><strong>esse</strong></span> <span class='ocrx_word' id='word_1_862' title='bbox 2430 3469 2733 3537; x_wconf 89' lang='lat' dir='ltr'><strong>relinquere</strong></span> <span class='ocrx_word' id='word_1_863' title='bbox 2754 3468 2977 3524; x_wconf 88' lang='lat' dir='ltr'><strong>latentes</strong></span> <span class='ocrx_word' id='word_1_864' title='bbox 3000 3477 3056 3524; x_wconf 77' lang='lat' dir='ltr'><strong>et</strong></span> <span class='ocrx_word' id='word_1_865' title='bbox 3077 3470 3270 3525; x_wconf 92' lang='lat' dir='ltr'><strong>inultos</strong></span> <span class='ocrx_word' id='word_1_866' title='bbox 3299 3468 3569 3533; x_wconf 85' lang='lat' dir='ltr'><strong>homines,</strong></span> <span class='ocrx_word' id='word_1_867' title='bbox 3598 3466 3683 3536; x_wconf 89' lang='lat' dir='ltr'><strong>qui</strong></span> <span class='ocrx_word' id='word_1_868' title='bbox 3701 3479 3815 3520; x_wconf 69' lang='lat' dir='ltr'><strong>nor:</strong></span> 
     </span>
    </p>
   </div>
   <div class='ocr_carea' id='block_1_121' title="bbox 2282 3540 3815 3611">
    <p class='ocr_par' dir='ltr' id='par_1_121' title="bbox 2282 3540 3815 3611">
     <span class='ocr_line' id='line_1_123' title="bbox 2282 3540 3815 3611; baseline -0.001 -19"><span class='ocrx_word' id='word_1_869' title='bbox 2282 3545 2339 3592; x_wconf 87' lang='lat' dir='ltr'><strong>et</strong></span> <span class='ocrx_word' id='word_1_870' title='bbox 2365 3540 2595 3606; x_wconf 70' lang='lat' dir='ltr'><strong>antiqua:</strong></span> <span class='ocrx_word' id='word_1_871' title='bbox 2628 3540 2757 3611; x_wconf 86' lang='lat' dir='ltr'><strong>legis</strong></span> <span class='ocrx_word' id='word_1_872' title='bbox 2802 3544 3053 3611; x_wconf 77' lang='lat' dir='ltr'><strong>mysteria</strong></span> <span class='ocrx_word' id='word_1_873' title='bbox 3086 3540 3342 3601; x_wconf 88' lang='lat' dir='ltr'><strong>refutant.</strong></span> <span class='ocrx_word' id='word_1_874' title='bbox 3378 3547 3722 3611; x_wconf 82' lang='lat' dir='ltr'><strong>corrumpunt</strong></span> <span class='ocrx_word' id='word_1_875' title='bbox 3754 3543 3815 3611; x_wconf 66' lang='lat' dir='ltr'><strong>alt</strong></span> 
     </span>
    </p>
   </div>
   <div class='ocr_carea' id='block_1_122' title="bbox 2284 3609 3809 3680">
    <p class='ocr_par' dir='ltr' id='par_1_122' title="bbox 2284 3609 3809 3680">
     <span class='ocr_line' id='line_1_124' title="bbox 2284 3609 3809 3680; baseline -0.002 -19"><span class='ocrx_word' id='word_1_876' title='bbox 2284 3622 2508 3680; x_wconf 85' lang='lat' dir='ltr'><strong>negant;</strong></span> <span class='ocrx_word' id='word_1_877' title='bbox 2537 3609 2677 3676; x_wconf 88' lang='lat' dir='ltr'><strong>apud</strong></span> <span class='ocrx_word' id='word_1_878' title='bbox 2706 3625 2839 3678; x_wconf 90' lang='lat' dir='ltr'><strong>quos</strong></span> <span class='ocrx_word' id='word_1_879' title='bbox 2859 3609 2997 3664; x_wconf 84' lang='lat' dir='ltr'><strong>nihil</strong></span> <span class='ocrx_word' id='word_1_880' title='bbox 3028 3623 3286 3676; x_wconf 87' lang='lat' dir='ltr'><strong>sanctum,</strong></span> <span class='ocrx_word' id='word_1_881' title='bbox 3310 3610 3443 3664; x_wconf 84' lang='lat' dir='ltr'><strong>nihil</strong></span> <span class='ocrx_word' id='word_1_882' title='bbox 3468 3611 3735 3680; x_wconf 81' lang='lat' dir='ltr'><strong>integrum,</strong></span> <span class='ocrx_word' id='word_1_883' title='bbox 3755 3609 3809 3658; x_wconf 76' lang='lat' dir='ltr'><strong>si-</strong></span> 
     </span>
    </p>
   </div>
   <div class='ocr_carea' id='block_1_123' title="bbox 2282 3677 3813 3749">
    <p class='ocr_par' dir='ltr' id='par_1_123' title="bbox 2282 3677 3813 3749">
     <span class='ocr_line' id='line_1_125' title="bbox 2282 3677 3813 3749; baseline 0.002 -19"><span class='ocrx_word' id='word_1_884' title='bbox 2282 3677 2358 3731; x_wconf 89' lang='lat' dir='ltr'><strong>hil</strong></span> <span class='ocrx_word' id='word_1_885' title='bbox 2378 3696 2570 3734; x_wconf 87' lang='lat' dir='ltr'><strong>verum.</strong></span> <span class='ocrx_word' id='word_1_886' title='bbox 2591 3680 2851 3735; x_wconf 65' lang='lat' dir='ltr'><strong>Praeterea</strong></span> <span class='ocrx_word' id='word_1_887' title='bbox 2874 3682 3086 3749; x_wconf 89' lang='lat' dir='ltr'><strong>subjicit</strong></span> <span class='ocrx_word' id='word_1_888' title='bbox 3101 3700 3114 3737; x_wconf 92' lang='lat'><strong>:</strong></span> <span class='ocrx_word' id='word_1_889' title='bbox 3132 3681 3356 3748; x_wconf 79' lang='lat' dir='ltr'><strong>Cavendi</strong></span> <span class='ocrx_word' id='word_1_890' title='bbox 3379 3691 3516 3743; x_wconf 84' lang='lat' dir='ltr'><strong>sunt,</strong></span> <span class='ocrx_word' id='word_1_891' title='bbox 3534 3677 3606 3735; x_wconf 70' lang='lat' dir='ltr'><strong>ne</strong></span> <span class='ocrx_word' id='word_1_892' title='bbox 3630 3682 3813 3747; x_wconf 64' lang='lat' dir='ltr'><strong>cauam</strong></span> 
     </span>
    </p>
   </div>
   <div class='ocr_carea' id='block_1_124' title="bbox 2284 3752 3817 3823">
    <p class='ocr_par' dir='ltr' id='par_1_124' title="bbox 2284 3752 3817 3823">
     <span class='ocr_line' id='line_1_126' title="bbox 2284 3752 3817 3823; baseline 0.001 -21"><span class='ocrx_word' id='word_1_893' title='bbox 2284 3761 2535 3817; x_wconf 84' lang='lat' dir='ltr'><strong>noceant;</strong></span> <span class='ocrx_word' id='word_1_894' title='bbox 2566 3752 2823 3823; x_wconf 62' lang='lat' dir='ltr'><strong>prodendi</strong></span> <span class='ocrx_word' id='word_1_895' title='bbox 2853 3761 2990 3817; x_wconf 88' lang='lat' dir='ltr'><strong>sunt,</strong></span> <span class='ocrx_word' id='word_1_896' title='bbox 3024 3771 3085 3808; x_wconf 88' lang='lat' dir='ltr'><strong>ne</strong></span> <span class='ocrx_word' id='word_1_897' title='bbox 3126 3756 3179 3806; x_wconf 92' lang='lat' dir='ltr'><strong>in</strong></span> <span class='ocrx_word' id='word_1_898' title='bbox 3221 3753 3397 3823; x_wconf 84' lang='lat' dir='ltr'><strong>aliqua</strong></span> <span class='ocrx_word' id='word_1_899' title='bbox 3423 3753 3651 3806; x_wconf 82' lang='lat' dir='ltr'><strong>civitatis</strong></span> <span class='ocrx_word' id='word_1_900' title='bbox 3680 3760 3817 3823; x_wconf 63' lang='lat' dir='ltr'><strong>nostra</strong></span> 
     </span>
    </p>
   </div>
   <div class='ocr_carea' id='block_1_125' title="bbox 2284 3818 3819 3889">
    <p class='ocr_par' dir='ltr' id='par_1_125' title="bbox 2284 3818 3819 3889">
     <span class='ocr_line' id='line_1_127' title="bbox 2284 3818 3819 3889; baseline 0 -17"><span class='ocrx_word' id='word_1_901' title='bbox 2284 3830 2428 3889; x_wconf 90' lang='lat' dir='ltr'><strong>parte</strong></span> <span class='ocrx_word' id='word_1_902' title='bbox 2451 3818 2750 3875; x_wconf 81' lang='lat' dir='ltr'><strong>consistant.</strong></span> <span class='ocrx_word' id='word_1_903' title='bbox 2786 3820 2957 3887; x_wconf 87' lang='lat' dir='ltr'><strong>Vobis,</strong></span> <span class='ocrx_word' id='word_1_904' title='bbox 2989 3818 3324 3889; x_wconf 71' lang='lat' dir='ltr'><strong>dilectissimi,</strong></span> <span class='ocrx_word' id='word_1_905' title='bbox 3355 3834 3470 3876; x_wconf 81' lang='lat' dir='ltr'><strong>ante</strong></span> <span class='ocrx_word' id='word_1_906' title='bbox 3499 3820 3718 3876; x_wconf 80' lang='lat' dir='ltr'><strong>tribunal</strong></span> <span class='ocrx_word' id='word_1_907' title='bbox 3740 3818 3819 3872; x_wconf 81' lang='lat' dir='ltr'><strong>Do-</strong></span> 
     </span>
    </p>
   </div>
   <div class='ocr_carea' id='block_1_126' title="bbox 2283 3892 3819 3965">
    <p class='ocr_par' dir='ltr' id='par_1_126' title="bbox 2283 3892 3819 3965">
     <span class='ocr_line' id='line_1_128' title="bbox 2283 3892 3819 3965; baseline -0.001 -21"><span class='ocrx_word' id='word_1_908' title='bbox 2283 3893 2407 3945; x_wconf 88' lang='lat' dir='ltr'><strong>mini</strong></span> <span class='ocrx_word' id='word_1_909' title='bbox 2432 3894 2677 3965; x_wconf 86' lang='lat' dir='ltr'><strong>proderit,</strong></span> <span class='ocrx_word' id='word_1_910' title='bbox 2700 3895 2837 3965; x_wconf 85' lang='lat' dir='ltr'><strong>quod</strong></span> <span class='ocrx_word' id='word_1_911' title='bbox 2863 3894 3154 3962; x_wconf 83' lang='lat' dir='ltr'><strong>indicimus,</strong></span> <span class='ocrx_word' id='word_1_912' title='bbox 3169 3895 3305 3965; x_wconf 85' lang='lat' dir='ltr'><strong>quod</strong></span> <span class='ocrx_word' id='word_1_913' title='bbox 3324 3910 3601 3965; x_wconf 78' lang='lat' dir='ltr'><strong>rogamus.</strong></span> <span class='ocrx_word' id='word_1_914' title='bbox 3626 3892 3819 3965; x_wconf 74' lang='lat' dir='ltr'><strong>merere</strong></span> 
     </span>
    </p>
   </div>
   <div class='ocr_carea' id='block_1_127' title="bbox 2282 3961 3818 4039">
    <p class='ocr_par' dir='ltr' id='par_1_127' title="bbox 2282 3961 3818 4039">
     <span class='ocr_line' id='line_1_129' title="bbox 2282 3961 3818 4039; baseline -0.001 -23"><span class='ocrx_word' id='word_1_915' title='bbox 2282 3976 2400 4039; x_wconf 85' lang='lat' dir='ltr'><strong>eum</strong></span> <span class='ocrx_word' id='word_1_916' title='bbox 2418 3961 2579 4017; x_wconf 86' lang='lat' dir='ltr'><strong>multa</strong></span> <span class='ocrx_word' id='word_1_917' title='bbox 2596 3974 2779 4039; x_wconf 71' lang='lat' dir='ltr'><strong>natatu</strong></span> <span class='ocrx_word' id='word_1_918' title='bbox 2791 3964 2948 4034; x_wconf 83' lang='lat' dir='ltr'><strong>digna</strong></span> <span class='ocrx_word' id='word_1_919' title='bbox 2968 3967 3120 4039; x_wconf 72' lang='lat'><strong>162</strong></span> <span class='ocrx_word' id='word_1_920' title='bbox 3131 3961 3249 4021; x_wconf 80' lang='lat' dir='ltr'><strong>sese</strong></span> <span class='ocrx_word' id='word_1_921' title='bbox 3265 3961 3417 4039; x_wconf 70' lang='lat' dir='ltr'><strong>nobis</strong></span> <span class='ocrx_word' id='word_1_922' title='bbox 3430 3964 3699 4039; x_wconf 80' lang='lat' dir='ltr'><strong>objiciant,</strong></span> <span class='ocrx_word' id='word_1_923' title='bbox 3710 3961 3818 4039; x_wconf 69' lang='lat' dir='ltr'><strong>latis-</strong></span> 
     </span>
    </p>
   </div>
   <div class='ocr_carea' id='block_1_128' title="bbox 2281 4031 3824 4106">
    <p class='ocr_par' dir='ltr' id='par_1_128' title="bbox 2281 4031 3824 4106">
     <span class='ocr_line' id='line_1_130' title="bbox 2281 4031 3824 4106; baseline 0 -21"><span class='ocrx_word' id='word_1_924' title='bbox 2281 4034 2458 4106; x_wconf 80' lang='lat' dir='ltr'><strong>simus</strong></span> <span class='ocrx_word' id='word_1_925' title='bbox 2477 4037 2711 4103; x_wconf 85' lang='lat' dir='ltr'><strong>aperitur</strong></span> <span class='ocrx_word' id='word_1_926' title='bbox 2735 4031 3192 4106; x_wconf 47' lang='lat' dir='ltr'><strong>cam‘pusfinTguo</strong></span> <span class='ocrx_word' id='word_1_927' title='bbox 3218 4046 3272 4092; x_wconf 88' lang='lat' dir='ltr'><strong>et</strong></span> <span class='ocrx_word' id='word_1_928' title='bbox 3294 4031 3665 4091; x_wconf 79' lang='lat' dir='ltr'><strong>ecclesiastica</strong></span> <span class='ocrx_word' id='word_1_929' title='bbox 3688 4031 3824 4101; x_wconf 79' lang='lat' dir='ltr'><strong>inqui-</strong></span> 
     </span>
    </p>
   </div>
   <div class='ocr_carea' id='block_1_129' title="bbox 2281 4104 3827 4175">
    <p class='ocr_par' dir='ltr' id='par_1_129' title="bbox 2281 4104 3827 4175">
     <span class='ocr_line' id='line_1_131' title="bbox 2281 4104 3827 4175; baseline 0 -17"><span class='ocrx_word' id='word_1_930' title='bbox 2281 4104 2493 4158; x_wconf 89' lang='lat' dir='ltr'><strong>sitionis</strong></span> <span class='ocrx_word' id='word_1_931' title='bbox 2525 4106 2807 4175; x_wconf 88' lang='lat' dir='ltr'><strong>disciplina</strong></span> <span class='ocrx_word' id='word_1_932' title='bbox 2840 4104 3157 4173; x_wconf 82' lang='lat' dir='ltr'><strong>vindicatur,</strong></span> <span class='ocrx_word' id='word_1_933' title='bbox 3194 4118 3249 4163; x_wconf 91' lang='lat' dir='ltr'><strong>et</strong></span> <span class='ocrx_word' id='word_1_934' title='bbox 3287 4108 3558 4175; x_wconf 59' lang='lat' dir='ltr'><strong>praecipua</strong></span> <span class='ocrx_word' id='word_1_935' title='bbox 3600 4109 3706 4173; x_wconf 87' lang='lat' dir='ltr'><strong>ejus</strong></span> <span class='ocrx_word' id='word_1_936' title='bbox 3730 4117 3827 4175; x_wconf 48' lang='lat' dir='ltr'><strong>pro:</strong></span> 
     </span>
    </p>
   </div>
   <div class='ocr_carea' id='block_1_130' title="bbox 2280 4173 3826 4248">
    <p class='ocr_par' dir='ltr' id='par_1_130' title="bbox 2280 4173 3826 4248">
     <span class='ocr_line' id='line_1_132' title="bbox 2280 4173 3826 4248; baseline 0 -21"><span class='ocrx_word' id='word_1_937' title='bbox 2280 4176 2502 4230; x_wconf 85' lang='lat' dir='ltr'><strong>cedendi</strong></span> <span class='ocrx_word' id='word_1_938' title='bbox 2531 4173 3001 4233; x_wconf 35' lang='lat' dir='ltr'><strong>ratio—nitidissime</strong></span> <span class='ocrx_word' id='word_1_939' title='bbox 3027 4179 3259 4248; x_wconf 84' lang='lat' dir='ltr'><strong>all&#39;ulget.</strong></span> <span class='ocrx_word' id='word_1_940' title='bbox 3286 4173 3523 4233; x_wconf 87' lang='lat' dir='ltr'><strong>Primum</strong></span> <span class='ocrx_word' id='word_1_941' title='bbox 3558 4182 3699 4233; x_wconf 85' lang='lat' dir='ltr'><strong>enim</strong></span> <span class='ocrx_word' id='word_1_942' title='bbox 3714 4173 3826 4248; x_wconf 76' lang='lat' dir='ltr'><strong>quod</strong></span> 
     </span>
    </p>
   </div>
   <div class='ocr_carea' id='block_1_131' title="bbox 2279 4245 3832 4316">
    <p class='ocr_par' dir='ltr' id='par_1_131' title="bbox 2279 4245 3832 4316">
     <span class='ocr_line' id='line_1_133' title="bbox 2279 4245 3832 4316; baseline -0.003 -14"><span class='ocrx_word' id='word_1_943' title='bbox 2279 4248 2510 4316; x_wconf 81' lang='lat' dir='ltr'><strong>speetari</strong></span> <span class='ocrx_word' id='word_1_944' title='bbox 2541 4257 2734 4314; x_wconf 85' lang='lat' dir='ltr'><strong>potest,</strong></span> <span class='ocrx_word' id='word_1_945' title='bbox 2764 4264 2939 4303; x_wconf 86' lang='lat' dir='ltr'><strong>nonne</strong></span> <span class='ocrx_word' id='word_1_946' title='bbox 2969 4249 3097 4303; x_wconf 91' lang='lat' dir='ltr'><strong>illud</strong></span> <span class='ocrx_word' id='word_1_947' title='bbox 3122 4245 3224 4316; x_wconf 80' lang='lat' dir='ltr'><strong>est,</strong></span> <span class='ocrx_word' id='word_1_948' title='bbox 3249 4250 3315 4304; x_wconf 90' lang='lat' dir='ltr'><strong>ad</strong></span> <span class='ocrx_word' id='word_1_949' title='bbox 3343 4250 3483 4314; x_wconf 87' lang='lat' dir='ltr'><strong>quod</strong></span> <span class='ocrx_word' id='word_1_950' title='bbox 3510 4245 3832 4304; x_wconf 78' lang='lat' dir='ltr'><strong>evertendam</strong></span> 
     </span>
    </p>
   </div>
   <div class='ocr_carea' id='block_1_132' title="bbox 2280 4315 3833 4390">
    <p class='ocr_par' dir='ltr' id='par_1_132' title="bbox 2280 4315 3833 4390">
     <span class='ocr_line' id='line_1_134' title="bbox 2280 4315 3833 4390; baseline 0.001 -22"><span class='ocrx_word' id='word_1_951' title='bbox 2280 4315 2393 4390; x_wconf 80' lang='lat' dir='ltr'><strong>fere</strong></span> <span class='ocrx_word' id='word_1_952' title='bbox 2411 4318 2842 4390; x_wconf 71' lang='lat' dir='ltr'><strong>Itzereticiomnes</strong></span> <span class='ocrx_word' id='word_1_953' title='bbox 2855 4335 3046 4374; x_wconf 82' lang='lat' dir='ltr'><strong>nervos</strong></span> <span class='ocrx_word' id='word_1_954' title='bbox 3058 4315 3337 4390; x_wconf 87' lang='lat' dir='ltr'><strong>etoperam</strong></span> <span class='ocrx_word' id='word_1_955' title='bbox 3363 4318 3833 4387; x_wconf 71' lang='lat' dir='ltr'><strong>impenduntltlutn</strong></span> 
     </span>
    </p>
   </div>
   <div class='ocr_carea' id='block_1_133' title="bbox 2278 4386 3832 4459">
    <p class='ocr_par' dir='ltr' id='par_1_133' title="bbox 2278 4386 3832 4459">
     <span class='ocr_line' id='line_1_135' title="bbox 2278 4386 3832 4459; baseline 0.002 -21"><span class='ocrx_word' id='word_1_956' title='bbox 2278 4386 2872 4444; x_wconf 83' lang='lat' dir='ltr'><strong>videlicetcuntendunt</strong></span> <span class='ocrx_word' id='word_1_957' title='bbox 2890 4386 3234 4459; x_wconf 61' lang='lat' dir='ltr'><strong>religionis&#39;et</strong></span> <span class='ocrx_word' id='word_1_958' title='bbox 3265 4386 3517 4446; x_wconf 73' lang='lat' dir='ltr'><strong>Ecclesia:</strong></span> <span class='ocrx_word' id='word_1_959' title='bbox 3540 4392 3705 4445; x_wconf 86' lang='lat' dir='ltr'><strong>etiam</strong></span> <span class='ocrx_word' id='word_1_960' title='bbox 3726 4403 3832 4444; x_wconf 81' lang='lat' dir='ltr'><strong>eau-</strong></span> 
     </span>
    </p>
   </div>
   <div class='ocr_carea' id='block_1_134' title="bbox 2280 4458 3838 4527">
    <p class='ocr_par' dir='ltr' id='par_1_134' title="bbox 2280 4458 3838 4527">
     <span class='ocr_line' id='line_1_136' title="bbox 2280 4458 3838 4527; baseline 0.001 -18"><span class='ocrx_word' id='word_1_961' title='bbox 2280 4471 2367 4511; x_wconf 87' lang='lat' dir='ltr'><strong>sas</strong></span> <span class='ocrx_word' id='word_1_962' title='bbox 2388 4460 2452 4511; x_wconf 89' lang='lat' dir='ltr'><strong>ad</strong></span> <span class='ocrx_word' id='word_1_963' title='bbox 2467 4462 2736 4513; x_wconf 65' lang='lat' dir='ltr'><strong>satcularis</strong></span> <span class='ocrx_word' id='word_1_964' title='bbox 2760 4458 3037 4527; x_wconf 87' lang='lat' dir='ltr'><strong>potestatis</strong></span> <span class='ocrx_word' id='word_1_965' title='bbox 3052 4462 3337 4517; x_wconf 84' lang='lat' dir='ltr'><strong>tribunalia</strong></span> <span class='ocrx_word' id='word_1_966' title='bbox 3358 4478 3477 4517; x_wconf 90' lang='lat' dir='ltr'><strong>esse</strong></span> <span class='ocrx_word' id='word_1_967' title='bbox 3506 4458 3838 4517; x_wconf 82' lang='lat' dir='ltr'><strong>deferendas!</strong></span> 
     </span>
    </p>
   </div>
   <div class='ocr_carea' id='block_1_135' title="bbox 2280 4527 3834 4604">
    <p class='ocr_par' dir='ltr' id='par_1_135' title="bbox 2280 4527 3834 4604">
     <span class='ocr_line' id='line_1_137' title="bbox 2280 4527 3834 4604; baseline -0.001 -22"><span class='ocrx_word' id='word_1_968' title='bbox 2280 4527 2465 4582; x_wconf 80' lang='lat' dir='ltr'><strong>Nonne</strong></span> <span class='ocrx_word' id='word_1_969' title='bbox 2494 4530 2581 4583; x_wconf 86' lang='lat' dir='ltr'><strong>illa</strong></span> <span class='ocrx_word' id='word_1_970' title='bbox 2606 4532 3041 4604; x_wconf 65' lang='lat' dir='ltr'><strong>Manicltmorum,</strong></span> <span class='ocrx_word' id='word_1_971' title='bbox 3094 4534 3158 4587; x_wconf 89' lang='lat' dir='ltr'><strong>de</strong></span> <span class='ocrx_word' id='word_1_972' title='bbox 3178 4548 3281 4604; x_wconf 87' lang='lat' dir='ltr'><strong>qua</strong></span> <span class='ocrx_word' id='word_1_973' title='bbox 3324 4535 3548 4602; x_wconf 85' lang='lat' dir='ltr'><strong>agimus,</strong></span> <span class='ocrx_word' id='word_1_974' title='bbox 3592 4547 3703 4588; x_wconf 87' lang='lat' dir='ltr'><strong>rem</strong></span> <span class='ocrx_word' id='word_1_975' title='bbox 3723 4531 3834 4604; x_wconf 46' lang='lat' dir='ltr'><strong>divi:</strong></span> 
     </span>
    </p>
   </div>
   <div class='ocr_carea' id='block_1_136' title="bbox 2283 4598 3840 4672">
    <p class='ocr_par' dir='ltr' id='par_1_136' title="bbox 2283 4598 3840 4672">
     <span class='ocr_line' id='line_1_138' title="bbox 2283 4598 3840 4672; baseline 0.002 -20"><span class='ocrx_word' id='word_1_976' title='bbox 2283 4611 2477 4655; x_wconf 90' lang='lat' dir='ltr'><strong>namet</strong></span> <span class='ocrx_word' id='word_1_977' title='bbox 2509 4605 2791 4656; x_wconf 87' lang='lat' dir='ltr'><strong>humanam</strong></span> <span class='ocrx_word' id='word_1_978' title='bbox 2813 4603 2971 4657; x_wconf 91' lang='lat' dir='ltr'><strong>simul</strong></span> <span class='ocrx_word' id='word_1_979' title='bbox 2999 4598 3441 4672; x_wconf 66' lang='lat' dir='ltr'><strong>respiciebatﬁ-lt</strong></span> <span class='ocrx_word' id='word_1_980' title='bbox 3463 4615 3647 4658; x_wconf 82' lang='lat' dir='ltr'><strong>tamen</strong></span> <span class='ocrx_word' id='word_1_981' title='bbox 3664 4618 3762 4657; x_wconf 87' lang='lat' dir='ltr'><strong>non</strong></span> <span class='ocrx_word' id='word_1_982' title='bbox 3786 4598 3840 4655; x_wconf 77' lang='lat' dir='ltr'><strong>ad</strong></span> 
     </span>
    </p>
   </div>
   <div class='ocr_carea' id='block_1_137' title="bbox 2285 4672 3841 4745">
    <p class='ocr_par' dir='ltr' id='par_1_137' title="bbox 2285 4672 3841 4745">
     <span class='ocr_line' id='line_1_139' title="bbox 2285 4672 3841 4745; baseline 0 -21"><span class='ocrx_word' id='word_1_983' title='bbox 2285 4672 2555 4726; x_wconf 76' lang='lat' dir='ltr'><strong>Romanos</strong></span> <span class='ocrx_word' id='word_1_984' title='bbox 2585 4674 2853 4738; x_wconf 88' lang='lat' dir='ltr'><strong>consules,</strong></span> <span class='ocrx_word' id='word_1_985' title='bbox 2889 4690 2993 4729; x_wconf 92' lang='lat' dir='ltr'><strong>non</strong></span> <span class='ocrx_word' id='word_1_986' title='bbox 3022 4677 3087 4728; x_wconf 89' lang='lat' dir='ltr'><strong>ad</strong></span> <span class='ocrx_word' id='word_1_987' title='bbox 3132 4676 3304 4745; x_wconf 87' lang='lat' dir='ltr'><strong>plebis</strong></span> <span class='ocrx_word' id='word_1_988' title='bbox 3335 4676 3605 4739; x_wconf 87' lang='lat' dir='ltr'><strong>tribunos,</strong></span> <span class='ocrx_word' id='word_1_989' title='bbox 3651 4690 3751 4729; x_wconf 83' lang='lat' dir='ltr'><strong>non</strong></span> <span class='ocrx_word' id='word_1_990' title='bbox 3786 4672 3841 4724; x_wconf 81' lang='lat' dir='ltr'><strong>ad</strong></span> 
     </span>
    </p>
   </div>
   <div class='ocr_carea' id='block_1_138' title="bbox 2287 4745 3841 4816">
    <p class='ocr_par' dir='ltr' id='par_1_138' title="bbox 2287 4745 3841 4816">
     <span class='ocr_line' id='line_1_140' title="bbox 2287 4745 3841 4816; baseline 0 -19"><span class='ocrx_word' id='word_1_991' title='bbox 2287 4753 2725 4816; x_wconf 13' lang='lat' dir='ltr'><strong>senatores,rnon</strong></span> <span class='ocrx_word' id='word_1_992' title='bbox 2751 4746 2817 4798; x_wconf 88' lang='lat' dir='ltr'><strong>ad</strong></span> <span class='ocrx_word' id='word_1_993' title='bbox 2847 4747 2992 4813; x_wconf 87' lang='lat' dir='ltr'><strong>ipsos</strong></span> <span class='ocrx_word' id='word_1_994' title='bbox 3021 4746 3253 4813; x_wconf 85' lang='lat' dir='ltr'><strong>denique</strong></span> <span class='ocrx_word' id='word_1_995' title='bbox 3290 4746 3645 4816; x_wconf 87' lang='lat' dir='ltr'><strong>imperatores</strong></span> <span class='ocrx_word' id='word_1_996' title='bbox 3690 4745 3841 4800; x_wconf 73' lang='lat' dir='ltr'><strong>delata</strong></span> 
     </span>
    </p>
   </div>
   <div class='ocr_carea' id='block_1_139' title="bbox 2279 4815 3844 4888">
    <p class='ocr_par' dir='ltr' id='par_1_139' title="bbox 2279 4815 3844 4888">
     <span class='ocr_line' id='line_1_141' title="bbox 2279 4815 3844 4888; baseline 0.001 -21"><span class='ocrx_word' id='word_1_997' title='bbox 2279 4816 2515 4888; x_wconf 78' lang='lat' dir='ltr'><strong>est;_sed</strong></span> <span class='ocrx_word' id='word_1_998' title='bbox 2546 4815 2613 4869; x_wconf 89' lang='lat' dir='ltr'><strong>ad</strong></span> <span class='ocrx_word' id='word_1_999' title='bbox 2642 4819 2982 4887; x_wconf 88' lang='lat' dir='ltr'><strong>presbyteros</strong></span> <span class='ocrx_word' id='word_1_1000' title='bbox 3010 4815 3379 4871; x_wconf 32' lang='lat' dir='ltr'><strong>Ecclesiarum’</strong></span> <span class='ocrx_word' id='word_1_1001' title='bbox 3398 4816 3844 4888; x_wconf 68' lang='grc' dir='ltr'><strong>ρνωδίάεηιιε,αῃὶ</strong></span> 
     </span>
    </p>
   </div>
   <div class='ocr_carea' id='block_1_140' title="bbox 2280 4885 3835 4956">
    <p class='ocr_par' dir='ltr' id='par_1_140' title="bbox 2280 4885 3835 4956">
     <span class='ocr_line' id='line_1_142' title="bbox 2280 4885 3835 4956; baseline -0.001 -16"><span class='ocrx_word' id='word_1_1002' title='bbox 2280 4901 2377 4954; x_wconf 89' lang='lat' dir='ltr'><strong>per</strong></span> <span class='ocrx_word' id='word_1_1003' title='bbox 2406 4885 2563 4941; x_wconf 90' lang='lat' dir='ltr'><strong>Urbis</strong></span> <span class='ocrx_word' id='word_1_1004' title='bbox 2595 4885 2840 4955; x_wconf 81' lang='lat' dir='ltr'><strong>regiones</strong></span> <span class='ocrx_word' id='word_1_1005' title='bbox 2866 4904 2896 4941; x_wconf 88' lang='lat' dir='ltr'><strong>a</strong></span> <span class='ocrx_word' id='word_1_1006' title='bbox 2920 4888 3257 4956; x_wconf 82' lang='lat' dir='ltr'><strong>pontificibus</strong></span> <span class='ocrx_word' id='word_1_1007' title='bbox 3301 4885 3521 4942; x_wconf 84' lang='lat' dir='ltr'><strong>fuerunt</strong></span> <span class='ocrx_word' id='word_1_1008' title='bbox 3548 4885 3835 4952; x_wconf 79' lang='lat' dir='ltr'><strong>constituti,</strong></span> 
     </span>
    </p>
   </div>
   <div class='ocr_carea' id='block_1_141' title="bbox 2278 4960 3842 5028">
    <p class='ocr_par' dir='ltr' id='par_1_141' title="bbox 2278 4960 3842 5028">
     <span class='ocr_line' id='line_1_143' title="bbox 2278 4960 3842 5028; baseline 0.001 -20"><span class='ocrx_word' id='word_1_1009' title='bbox 2278 4971 2413 5026; x_wconf 88' lang='lat' dir='ltr'><strong>quos</strong></span> <span class='ocrx_word' id='word_1_1010' title='bbox 2440 4973 2580 5011; x_wconf 90' lang='lat' dir='ltr'><strong>nunc</strong></span> <span class='ocrx_word' id='word_1_1011' title='bbox 2616 4962 2882 5025; x_wconf 86' lang='lat' dir='ltr'><strong>parochos</strong></span> <span class='ocrx_word' id='word_1_1012' title='bbox 2922 4960 3273 5028; x_wconf 87' lang='lat' dir='ltr'><strong>appellamus.</strong></span> <span class='ocrx_word' id='word_1_1013' title='bbox 3306 4960 3549 5015; x_wconf 79' lang='lat' dir='ltr'><strong>Alterum</strong></span> <span class='ocrx_word' id='word_1_1014' title='bbox 3598 4970 3705 5021; x_wconf 84' lang='lat' dir='ltr'><strong>est,</strong></span> <span class='ocrx_word' id='word_1_1015' title='bbox 3738 4973 3842 5013; x_wconf 79' lang='lat' dir='ltr'><strong>san-</strong></span> 
     </span>
    </p>
   </div>
   <div class='ocr_carea' id='block_1_142' title="bbox 2276 5029 3844 5102">
    <p class='ocr_par' dir='ltr' id='par_1_142' title="bbox 2276 5029 3844 5102">
     <span class='ocr_line' id='line_1_144' title="bbox 2276 5029 3844 5102; baseline 0.003 -22"><span class='ocrx_word' id='word_1_1016' title='bbox 2276 5035 2421 5102; x_wconf 87' lang='lat' dir='ltr'><strong>ctum</strong></span> <span class='ocrx_word' id='word_1_1017' title='bbox 2445 5029 2774 5102; x_wconf 86' lang='lat' dir='ltr'><strong>pontificem,</strong></span> <span class='ocrx_word' id='word_1_1018' title='bbox 2804 5029 2870 5082; x_wconf 89' lang='lat' dir='ltr'><strong>ad</strong></span> <span class='ocrx_word' id='word_1_1019' title='bbox 2900 5030 3227 5102; x_wconf 16' lang='lat' dir='ltr'><strong>intnuendam</strong></span> <span class='ocrx_word' id='word_1_1020' title='bbox 3260 5045 3465 5097; x_wconf 91' lang='lat' dir='ltr'><strong>veram,</strong></span> <span class='ocrx_word' id='word_1_1021' title='bbox 3511 5045 3619 5087; x_wconf 89' lang='lat' dir='ltr'><strong>non</strong></span> <span class='ocrx_word' id='word_1_1022' title='bbox 3668 5045 3844 5102; x_wconf 76' lang='lat' dir='ltr'><strong>preca-</strong></span> 
     </span>
    </p>
   </div>
   <div class='ocr_carea' id='block_1_143' title="bbox 2275 5100 3845 5172">
    <p class='ocr_par' dir='ltr' id='par_1_143' title="bbox 2275 5100 3845 5172">
     <span class='ocr_line' id='line_1_145' title="bbox 2275 5100 3845 5172; baseline 0.001 -21"><span class='ocrx_word' id='word_1_1023' title='bbox 2275 5101 2412 5172; x_wconf 65' lang='lat' dir='ltr'><strong>riam</strong></span> <span class='ocrx_word' id='word_1_1024' title='bbox 2442 5100 2723 5166; x_wconf 84' lang='lat' dir='ltr'><strong>quamdam</strong></span> <span class='ocrx_word' id='word_1_1025' title='bbox 2757 5112 2810 5154; x_wconf 93' lang='lat' dir='ltr'><strong>et</strong></span> <span class='ocrx_word' id='word_1_1026' title='bbox 2850 5100 3189 5155; x_wconf 85' lang='lat' dir='ltr'><strong>umbratilem</strong></span> <span class='ocrx_word' id='word_1_1027' title='bbox 3228 5103 3651 5156; x_wconf 88' lang='lat' dir='ltr'><strong>ecclesiasticam</strong></span> <span class='ocrx_word' id='word_1_1028' title='bbox 3673 5100 3683 5102; x_wconf 58' lang='grc'><em>’</em></span> <span class='ocrx_word' id='word_1_1029' title='bbox 3698 5103 3845 5172; x_wconf 84' lang='lat' dir='ltr'><strong>juris—</strong></span> 
     </span>
    </p>
   </div>
   <div class='ocr_carea' id='block_1_144' title="bbox 2279 5168 3847 5239">
    <p class='ocr_par' dir='ltr' id='par_1_144' title="bbox 2279 5168 3847 5239">
     <span class='ocr_line' id='line_1_146' title="bbox 2279 5168 3847 5239; baseline 0.001 -17"><span class='ocrx_word' id='word_1_1030' title='bbox 2279 5168 2564 5224; x_wconf 91' lang='lat' dir='ltr'><strong>dictionem</strong></span> <span class='ocrx_word' id='word_1_1031' title='bbox 2593 5185 2754 5239; x_wconf 92' lang='lat' dir='ltr'><strong>super</strong></span> <span class='ocrx_word' id='word_1_1032' title='bbox 2781 5186 2971 5226; x_wconf 91' lang='lat' dir='ltr'><strong>omnes</strong></span> <span class='ocrx_word' id='word_1_1033' title='bbox 3018 5174 3271 5226; x_wconf 72' lang='lat' dir='ltr'><strong>llomanm</strong></span> <span class='ocrx_word' id='word_1_1034' title='bbox 3303 5174 3454 5227; x_wconf 91' lang='lat' dir='ltr'><strong>urbis</strong></span> <span class='ocrx_word' id='word_1_1035' title='bbox 3495 5175 3665 5238; x_wconf 80' lang='lat' dir='ltr'><strong>cives,</strong></span> <span class='ocrx_word' id='word_1_1036' title='bbox 3700 5168 3847 5227; x_wconf 60' lang='grc' dir='ltr'><strong>ἶπον</strong></span> 
     </span>
    </p>
   </div>
   <div class='ocr_carea' id='block_1_145' title="bbox 2282 5239 3850 5311">
    <p class='ocr_par' dir='ltr' id='par_1_145' title="bbox 2282 5239 3850 5311">
     <span class='ocr_line' id='line_1_147' title="bbox 2282 5239 3850 5311; baseline 0.001 -18"><span class='ocrx_word' id='word_1_1037' title='bbox 2282 5239 2448 5311; x_wconf 87' lang='lat' dir='ltr'><strong>lasve,</strong></span> <span class='ocrx_word' id='word_1_1038' title='bbox 2480 5243 2625 5310; x_wconf 88' lang='lat' dir='ltr'><strong>gravi</strong></span> <span class='ocrx_word' id='word_1_1039' title='bbox 2658 5244 2757 5296; x_wconf 87' lang='lat' dir='ltr'><strong>hac</strong></span> <span class='ocrx_word' id='word_1_1040' title='bbox 2782 5244 3043 5311; x_wconf 87' lang='lat' dir='ltr'><strong>plenaque</strong></span> <span class='ocrx_word' id='word_1_1041' title='bbox 3065 5242 3372 5311; x_wconf 76' lang='lat' dir='ltr'><strong>apostolica:</strong></span> <span class='ocrx_word' id='word_1_1042' title='bbox 3397 5246 3736 5299; x_wconf 83' lang='lat' dir='ltr'><strong>auctoritatis</strong></span> <span class='ocrx_word' id='word_1_1043' title='bbox 3756 5242 3850 5297; x_wconf 88' lang='lat' dir='ltr'><strong>for-</strong></span> 
     </span>
    </p>
   </div>
   <div class='ocr_carea' id='block_1_146' title="bbox 2281 5310 3850 5384">
    <p class='ocr_par' dir='ltr' id='par_1_146' title="bbox 2281 5310 3850 5384">
     <span class='ocr_line' id='line_1_148' title="bbox 2281 5310 3850 5384; baseline 0.003 -21"><span class='ocrx_word' id='word_1_1044' title='bbox 2281 5310 2420 5364; x_wconf 87' lang='lat' dir='ltr'><strong>ntula</strong></span> <span class='ocrx_word' id='word_1_1045' title='bbox 2445 5315 2519 5364; x_wconf 91' lang='lat' dir='ltr'><strong>uti</strong></span> <span class='ocrx_word' id='word_1_1046' title='bbox 2548 5312 2806 5367; x_wconf 90' lang='lat' dir='ltr'><strong>voluisse:</strong></span> <span class='ocrx_word' id='word_1_1047' title='bbox 2839 5310 3088 5382; x_wconf 79' lang='lat' dir='ltr'><strong>prodendi</strong></span> <span class='ocrx_word' id='word_1_1048' title='bbox 3104 5310 3252 5377; x_wconf 77' lang='lat' dir='ltr'><strong>sunt,</strong></span> <span class='ocrx_word' id='word_1_1049' title='bbox 3273 5330 3336 5368; x_wconf 88' lang='lat' dir='ltr'><strong>ne</strong></span> <span class='ocrx_word' id='word_1_1050' title='bbox 3362 5316 3416 5368; x_wconf 84' lang='lat' dir='ltr'><strong>in</strong></span> <span class='ocrx_word' id='word_1_1051' title='bbox 3448 5317 3618 5384; x_wconf 85' lang='lat' dir='ltr'><strong>aliqua</strong></span> <span class='ocrx_word' id='word_1_1052' title='bbox 3644 5314 3850 5368; x_wconf 69' lang='lat' dir='ltr'><strong>civitatis</strong></span> 
     </span>
    </p>
   </div>
   <div class='ocr_carea' id='block_1_147' title="bbox 2282 5385 3853 5456">
    <p class='ocr_par' dir='ltr' id='par_1_147' title="bbox 2282 5385 3853 5456">
     <span class='ocr_line' id='line_1_149' title="bbox 2282 5385 3853 5456; baseline 0.005 -23"><span class='ocrx_word' id='word_1_1053' title='bbox 2282 5390 2468 5456; x_wconf 70' lang='lat' dir='ltr'><strong>nostra?</strong></span> <span class='ocrx_word' id='word_1_1054' title='bbox 2499 5392 2641 5451; x_wconf 84' lang='lat' dir='ltr'><strong>parte</strong></span> <span class='ocrx_word' id='word_1_1055' title='bbox 2669 5386 2968 5438; x_wconf 85' lang='lat' dir='ltr'><strong>consistant.</strong></span> <span class='ocrx_word' id='word_1_1056' title='bbox 3020 5385 3127 5439; x_wconf 90' lang='lat' dir='ltr'><strong>Nec</strong></span> <span class='ocrx_word' id='word_1_1057' title='bbox 3171 5386 3314 5439; x_wconf 90' lang='lat' dir='ltr'><strong>enim</strong></span> <span class='ocrx_word' id='word_1_1058' title='bbox 3371 5387 3651 5456; x_wconf 84' lang='lat' dir='ltr'><strong>quisquam</strong></span> <span class='ocrx_word' id='word_1_1059' title='bbox 3686 5387 3742 5441; x_wconf 89' lang='lat' dir='ltr'><strong>in</strong></span> <span class='ocrx_word' id='word_1_1060' title='bbox 3780 5399 3853 5440; x_wconf 83' lang='lat' dir='ltr'><strong>so-</strong></span> 
     </span>
    </p>
   </div>
   <div class='ocr_carea' id='block_1_148' title="bbox 2286 5452 3853 5525">
    <p class='ocr_par' dir='ltr' id='par_1_148' title="bbox 2286 5452 3853 5525">
     <span class='ocr_line' id='line_1_150' title="bbox 2286 5452 3853 5525; baseline 0.003 -19"><span class='ocrx_word' id='word_1_1061' title='bbox 2286 5452 2449 5507; x_wconf 91' lang='lat' dir='ltr'><strong>lemni</strong></span> <span class='ocrx_word' id='word_1_1062' title='bbox 2470 5463 2736 5507; x_wconf 90' lang='lat' dir='ltr'><strong>conventu</strong></span> <span class='ocrx_word' id='word_1_1063' title='bbox 2765 5465 2819 5509; x_wconf 93' lang='lat' dir='ltr'><strong>et</strong></span> <span class='ocrx_word' id='word_1_1064' title='bbox 2834 5456 3009 5525; x_wconf 91' lang='lat' dir='ltr'><strong>populi</strong></span> <span class='ocrx_word' id='word_1_1065' title='bbox 3031 5456 3331 5524; x_wconf 86' lang='lat' dir='ltr'><strong>frequentia</strong></span> <span class='ocrx_word' id='word_1_1066' title='bbox 3358 5452 3650 5512; x_wconf 57' lang='lat' dir='ltr'><strong>suam&#39;eam</strong></span> <span class='ocrx_word' id='word_1_1067' title='bbox 3676 5459 3853 5511; x_wconf 81' lang='lat' dir='ltr'><strong>urbem</strong></span> 
     </span>
    </p>
   </div>
   <div class='ocr_carea' id='block_1_149' title="bbox 2283 5526 3851 5597">
    <p class='ocr_par' dir='ltr' id='par_1_149' title="bbox 2283 5526 3851 5597">
     <span class='ocr_line' id='line_1_151' title="bbox 2283 5526 3851 5597; baseline 0.001 -21"><span class='ocrx_word' id='word_1_1068' title='bbox 2283 5535 2572 5597; x_wconf 81' lang='lat' dir='ltr'><strong>assereret,</strong></span> <span class='ocrx_word' id='word_1_1069' title='bbox 2604 5526 2655 5578; x_wconf 92' lang='lat' dir='ltr'><strong>in</strong></span> <span class='ocrx_word' id='word_1_1070' title='bbox 2687 5541 2811 5591; x_wconf 89' lang='lat' dir='ltr'><strong>qua,</strong></span> <span class='ocrx_word' id='word_1_1071' title='bbox 2847 5541 2971 5581; x_wconf 86' lang='lat' dir='ltr'><strong>vera</strong></span> <span class='ocrx_word' id='word_1_1072' title='bbox 2994 5526 3366 5597; x_wconf 87' lang='lat' dir='ltr'><strong>jurisdictione</strong></span> <span class='ocrx_word' id='word_1_1073' title='bbox 3395 5529 3648 5597; x_wconf 85' lang='lat' dir='ltr'><strong>privatus,</strong></span> <span class='ocrx_word' id='word_1_1074' title='bbox 3696 5529 3851 5581; x_wconf 82' lang='lat' dir='ltr'><strong>vitam</strong></span> 
     </span>
    </p>
   </div>
   <div class='ocr_carea' id='block_1_150' title="bbox 2282 5595 3858 5670">
    <p class='ocr_par' dir='ltr' id='par_1_150' title="bbox 2282 5595 3858 5670">
     <span class='ocr_line' id='line_1_152' title="bbox 2282 5595 3858 5670; baseline 0.001 -21"><span class='ocrx_word' id='word_1_1075' title='bbox 2282 5595 2558 5670; x_wconf 80' lang='lat' dir='ltr'><strong>dumtaxat</strong></span> <span class='ocrx_word' id='word_1_1076' title='bbox 2585 5606 2788 5665; x_wconf 87' lang='lat' dir='ltr'><strong>ageret,</strong></span> <span class='ocrx_word' id='word_1_1077' title='bbox 2818 5598 2900 5670; x_wconf 75' lang='lat' dir='ltr'><strong>vel</strong></span> <span class='ocrx_word' id='word_1_1078' title='bbox 2928 5595 3084 5666; x_wconf 87' lang='lat' dir='ltr'><strong>aqua</strong></span> <span class='ocrx_word' id='word_1_1079' title='bbox 3127 5598 3370 5653; x_wconf 77' lang='lat' dir='ltr'><strong>duxisset</strong></span> <span class='ocrx_word' id='word_1_1080' title='bbox 3397 5595 3728 5670; x_wconf 77' lang='lat' dir='ltr'><strong>originem.</strong></span> <span class='ocrx_word' id='word_1_1081' title='bbox 3767 5598 3858 5651; x_wconf 73' lang='lat' dir='ltr'><strong>Pe-</strong></span> 
     </span>
    </p>
   </div>
   <div class='ocr_carea' id='block_1_151' title="bbox 2282 5668 3856 5736">
    <p class='ocr_par' dir='ltr' id='par_1_151' title="bbox 2282 5668 3856 5736">
     <span class='ocr_line' id='line_1_153' title="bbox 2282 5668 3856 5736; baseline 0.002 -16"><span class='ocrx_word' id='word_1_1082' title='bbox 2282 5668 2433 5721; x_wconf 87' lang='lat' dir='ltr'><strong>triam</strong></span> <span class='ocrx_word' id='word_1_1083' title='bbox 2463 5670 2700 5735; x_wconf 89' lang='lat' dir='ltr'><strong>profecto</strong></span> <span class='ocrx_word' id='word_1_1084' title='bbox 2731 5668 2904 5735; x_wconf 89' lang='lat' dir='ltr'><strong>potius</strong></span> <span class='ocrx_word' id='word_1_1085' title='bbox 2947 5683 3105 5736; x_wconf 88' lang='lat' dir='ltr'><strong>quam</strong></span> <span class='ocrx_word' id='word_1_1086' title='bbox 3136 5683 3289 5723; x_wconf 91' lang='lat' dir='ltr'><strong>suam</strong></span> <span class='ocrx_word' id='word_1_1087' title='bbox 3320 5668 3590 5725; x_wconf 80' lang='lat' dir='ltr'><strong>civitatem</strong></span> <span class='ocrx_word' id='word_1_1088' title='bbox 3615 5669 3856 5726; x_wconf 77' lang='lat' dir='ltr'><strong>dixisset.</strong></span> 
     </span>
    </p>
   </div>
   <div class='ocr_carea' id='block_1_152' title="bbox 2281 5740 3858 5809">
    <p class='ocr_par' dir='ltr' id='par_1_152' title="bbox 2281 5740 3858 5809">
     <span class='ocr_line' id='line_1_154' title="bbox 2281 5740 3858 5809; baseline 0 -15"><span class='ocrx_word' id='word_1_1089' title='bbox 2281 5743 2457 5809; x_wconf 83' lang='lat' dir='ltr'><strong>Atque</strong></span> <span class='ocrx_word' id='word_1_1090' title='bbox 2482 5740 2695 5795; x_wconf 89' lang='lat' dir='ltr'><strong>tandem</strong></span> <span class='ocrx_word' id='word_1_1091' title='bbox 2721 5750 2779 5794; x_wconf 92' lang='lat' dir='ltr'><strong>ut</strong></span> <span class='ocrx_word' id='word_1_1092' title='bbox 2802 5752 2995 5795; x_wconf 66' lang='lat' dir='ltr'><strong>caetera</strong></span> <span class='ocrx_word' id='word_1_1093' title='bbox 3018 5741 3121 5795; x_wconf 87' lang='lat' dir='ltr'><strong>alia</strong></span> <span class='ocrx_word' id='word_1_1094' title='bbox 3147 5740 3310 5795; x_wconf 89' lang='lat' dir='ltr'><strong>missa</strong></span> <span class='ocrx_word' id='word_1_1095' title='bbox 3344 5742 3616 5808; x_wconf 85' lang='lat' dir='ltr'><strong>faciamus,</strong></span> <span class='ocrx_word' id='word_1_1096' title='bbox 3643 5744 3858 5797; x_wconf 83' lang='lat' dir='ltr'><strong>tertium</strong></span> 
     </span>
    </p>
   </div>
   <div class='ocr_carea' id='block_1_153' title="bbox 2362 5878 3318 5952">
    <p class='ocr_par' dir='ltr' id='par_1_153' title="bbox 2362 5878 3318 5952">
     <span class='ocr_line' id='line_1_155' title="bbox 2362 5878 3318 5952; baseline 0.007 -22"><span class='ocrx_word' id='word_1_1097' title='bbox 2362 5878 2438 5944; x_wconf 70' lang='grc' dir='ltr'><strong>(ὁ)</strong></span> <span class='ocrx_word' id='word_1_1098' title='bbox 2479 5878 2680 5937; x_wconf 86' lang='lat' dir='ltr'><strong>Eodem</strong></span> <span class='ocrx_word' id='word_1_1099' title='bbox 2709 5895 2875 5937; x_wconf 86' lang='lat' dir='ltr'><strong>scrnt.</strong></span> <span class='ocrx_word' id='word_1_1100' title='bbox 2905 5883 3154 5952; x_wconf 89' lang='lat' dir='ltr'><strong>superius</strong></span> <span class='ocrx_word' id='word_1_1101' title='bbox 3174 5882 3318 5939; x_wconf 83' lang='lat' dir='ltr'><strong>laud.</strong></span> 
     </span>
    </p>
   </div>
  </div>
