3988 6314
257 341 359 396 945

1019 340 1105 396 DE
1144 338 1663 397 MANICH/EORUM
1704 337 1979 395 HERESI
2021 340 2107 395 ET
2149 340 2461 397 HISTORIA
2500 342 2623 397 LIB.
2668 342 2726 401 Il.

3386 346 3490 402 9‘3

254 458 1038 535 minimedissimularipotest,
1070 476 1175 535 quo
1211 460 1491 535 perspicue
1526 462 1812 535 edocemur
1840 456 1891 516 Α
1916 467 1969 513 et
1996 474 2092 535 per
2130 475 2319 535 omnes
2362 464 2607 517 catholici
2639 465 2783 519 orbis
2815 478 2936 522 oras
2962 463 3218 535 evulgatzc
3250 464 3490 535 fuerant,

255 532 522 601 religionis
550 546 672 586 reos
696 530 853 593 effici,
884 532 995 601 qui,
1024 530 1375 601 qttovis’ducti
1398 533 1600 596 colore,
1631 530 1813 597 hujus-

254 601 394 656 tnodi
423 601 671 656 mandato
692 617 797 656 non
824 602 1277 671 obtemperantes,
1309 603 1377 656 ab
1408 617 1469 656 ea
1502 602 1615 671 lege
1642 601 1809 654 defle-

254 682 423 739 ctunt,
455 688 557 743 qua
584 672 836 728 indictum
864 683 945 727 est
968 673 1216 728 haeretica
1244 673 1363 726 labe
1382 673 1706 741 inquinatos,
1724 679 1815 743 aut

253 743 319 798 de
342 759 403 798 ea
434 741 729 814 suspectos,
760 742 825 797 ad
863 743 1279 798 ecclesiasticum
1314 742 1541 796 tribunal
1568 756 1688 796 esse
1713 741 1813 814 de:

254 813 538 870 ferendos.
576 815 811 881 Quorum
857 814 1073 884 quidem
1113 814 1489 882 transgressio,
1545 828 1665 867 cum
1716 813 1815 884 Dei

254 886 386 940 iram
434 886 533 941 sibi
562 885 816 949 vindicet,
866 881 1087 939 minime
1129 881 1350 938 ultionis
1395 898 1579 949 poenas
1600 881 1813 947 evadet,

255 956 441 1011 saltem
468 965 710 1012 extrema
744 955 829 1009 die
858 969 976 1009 cum
1024 966 1199 1023 turpe,
1243 954 1407 1017 immo
1451 954 1815 1021 turpissimum

255 1028 323 1080 sit
354 1042 448 1095 pro
474 1026 742 1082 communi
773 1025 891 1079 fidei
918 1040 1102 1089 causa,
1130 1028 1182 1078 in
1210 1024 1297 1089 iis,
1322 1023 1375 1077 in
1398 1023 1608 1095 quibus
1630 1026 1819 1095 possu-

255 1093 391 1163 mus,
424 1113 527 1151 non
578 1097 927 1159 allaborasse,
949 1106 1003 1149 et
1027 1096 1295 1149 diabolum
1325 1094 1409 1149 cui
1437 1108 1624 1148 omnes
1648 1093 1816 1147 barre-

256 1168 343 1222 tici
376 1169 641 1233 serviunt,
673 1166 939 1222 debellare
966 1164 1221 1221 noluisse.

322 1240 376 1294 9.
414 1239 567 1294 llisce
620 1232 799 1292 tamen
846 1238 1009 1305 gestis
1056 1236 1116 1292 S.
1164 1234 1402 1303 pontifex
1448 1232 1667 1288 omnino
1709 1246 1816 1289 non

256 1308 541 1378 acquievit.
576 1308 681 1363 Sed
713 1308 817 1378 alio
841 1305 1014 1378 adhuc
1034 1306 1332 1378 exeog‘itato
1358 1305 1580 1378 consilio
1594 1319 1697 1378 per
1722 1319 1818 1357 no-

255 1375 379 1433 vum
407 1380 659 1433 indicium
681 1376 1005 1433 Manichaeos
1028 1376 1341 1440 enumiavit,
1373 1391 1478 1445 quo
1508 1375 1732 1439 facilius,
1762 1384 1817 1429 et

255 1450 343 1503 isti
372 1449 926 1517 deprehenderentur,
950 1458 1002 1502 et
1025 1446 1361 1517 catholiciad
1386 1448 1571 1499 horum
1603 1445 1816 1500 nomina

258 1516 549 1575 deferenda
579 1518 733 1589 quasi
756 1518 1221 1587 compellerentur.
1236 1516 1473 1589 Noverat
1501 1531 1629 1589 sane
1657 1517 1817 1589 pesti-

258 1589 430 1644 feram
457 1606 573 1646 eam
600 1587 865 1654 sobolem,
898 1590 1078 1645 nescio
1113 1602 1178 1641 an
1225 1588 1345 1641 ficto
1376 1587 1584 1656 pietatis
1613 1587 1812 1652 colore,

260 1675 331 1715 an
352 1661 534 1729 iniquo
553 1660 797 1731 dogmate
826 1659 965 1729 quod
988 1658 1577 1731 profitebantur,_omne
1597 1671 1659 1711 ex
1688 1658 1817 1731 _uvis

262 1726 470 1795 vinum,
498 1733 611 1786 sive
627 1726 1021 1790 merum—esset.
1045 1731 1156 1783 sive
1184 1743 1318 1796 aqua
1349 1728 1591 1792 dilutum,
1616 1726 1814 1781 exhor-

1920 540 1979 583 ut
2024 533 2258 585 haeretici
2309 535 2485 588 animo
2544 536 2914 592 obstinatiores
2961 533 3119 590 etiam
3164 534 3489 601 gravissimis

1918 602 2299 671 temporalibus
2347 606 2519 673 paruis
2557 605 2953 662 afflictarentur.
2993 608 3093 661 Vix
3130 605 3271 661 enim
3311 605 3489 659 verbis

1916 674 2143 741 exprimi
2176 686 2351 799 llOleSl
2376 684 2630 744 quantum
2662 678 2897 744 priorum
2921 678 3302 731 catholicorum
3346 678 3489 742 prin-

1916 744 2091 799 cipum
2119 760 2175 799 re
2201 746 2305 799 icio
2334 746 2681 799 excanduerit
2710 746 2764 799 in
2790 763 2882 799 eos
2910 750 2996 799 nni
3032 749 3281 799 Ecclesiae
3304 760 3489 799 pacem

1916 744 2091 817 cipum
2119 744 2305 813 religio
2334 746 2681 801 excanduerit
2710 746 2764 801 in
2790 763 2882 801 eos
2910 750 2996 817 qui
3032 749 3281 802 Ecclesiae
3304 760 3489 813 pacem

1918 822 1973 867 et
2009 814 2168 869 fidem
2208 817 2562 876 conturbare,
2604 827 2845 872 evertere
2883 814 2940 871 et
2976 817 3290 871 labefactare
3329 831 3491 869 cona-

1919 882 2133 956 bantur.
2160 886 2349 941 Statim
2383 886 2521 939 enim
2558 901 2621 939 ac
2650 887 2915 956 principes
2943 886 3153 940 Christo
3180 902 3371 940 nomen
3398 886 3490 940 de-

1920 952 2115 1026 derunt
2133 1000 2146 1022 ,
2180 970 2367 1010 manus
2394 958 2551 1010 etiam
2574 952 2861 1026 adjutrices
2890 957 3242 1012 Ecclesiarum
3266 957 3488 1010 rectori-

1922 1025 2022 1078 bus
2049 1036 2420 1092 porrexerunt,
2454 1025 2651 1081 horum’
2671 1027 2969 1081 auctoritati
2993 1027 3169 1082 smculi
3199 1026 3484 1092 potentiam

1919 1096 2302 1165 coniungentes
2325 1139 2338 1158 ,
2367 1100 2449 1153 vel
2478 1108 2535 1151 ut
2564 1097 2796 1151 nefarius
2828 1098 3090 1151 idolorum
3121 1097 3291 1148 cultus
3321 1096 3486 1149 unde.

1918 1179 2129 1235 quaque
2153 1168 2475 1233 aboleretur,
2501 1168 2583 1221 vel
2617 1178 2673 1221 nt
2702 1166 3116 1237 prtecedentium
3152 1166 3485 1237 ethnicorum

1920 1237 2216 1305 principum
2245 1239 2457 1292 decreta
2475 1280 2489 1303 ,
2522 1236 2715 1309 quibus
2745 1239 3031 1309 jubebatur
3055 1236 3387 1309 Christianos
3413 1236 3490 1286 vi—

1918 1320 2009 1360 ros
2040 1309 2197 1361 veluti
2228 1309 2484 1377 mancipia
2519 1305 2817 1373 liaberifet
2841 1310 2905 1361 ad
2930 1322 3111 1362 necem
3139 1305 3489 1377 undi-quaque

1920 1376 2151 1448 inquiri,
2189 1379 2333 1433 irrita
2365 1373 2731 1433 redderentur.
2760 1380 2861 1434 Sed
2898 1389 3154 1448 prauerea
3184 1373 3331 1448 tanto
3366 1373 3491 1427 odio

1918 1445 1970 1501 in
1998 1446 2279 1503 haereticos
2300 1460 2611 1503 exarserunt
2629 1490 2641 1511 ,
2676 1460 2729 1503 ut
2754 1464 2849 1504 eos
2871 1445 3015 1503 omni
3041 1452 3264 1510 honore,
3291 1445 3408 1512 iure
3436 1454 3492 1498 et

1919 1520 2267 1585 praerogativa
2295 1520 2649 1587 privaverint,
2675 1520 2843 1588 regiis
2872 1521 3074 1573 aerariis
3098 1532 3282 1588 eorum
3315 1516 3448 1588 bima
3466 1555 3487 1581 ι

1918 1588 2031 1641 sive
2056 1586 2338 1656 possessa,
2378 1590 2488 1643 sive
2520 1607 2582 1643 ex
2614 1586 2839 1644 aliorum
2872 1589 3184 1645 inmeditate
3214 1586 3449 1639 derivata
3469 1624 3487 1649 ,

1918 1659 2306 1726 adjudicarint,
2335 1660 2404 1713 ab
2430 1662 2573 1715 omni
2605 1661 2875 1715 hominum
2903 1659 3175 1714 consortio
3204 1656 3490 1726 abdicave-

1920 1724 2047 1801 rint,
2072 1740 2124 1783 et
2142 1731 2460 1801 quandoque
2482 1731 2641 1785 etiam
2664 1730 2719 1786 iu
2740 1732 2956 1787 eosdem
2978 1728 3291 1800 capitalibus
3318 1724 3491 1797 poenis

264 1816 387 1883 rere
423 1804 782 1892 consuevisse,
805 1815 892 1892 Auge
923 1798 1817 1892 EanforAteoeouis-
1844 1832 1893 1892 Β
1921 1798 2413 1892 animadverterint.

266 1873 398 1926 sima
420 1873 762 1941 persuasione
776 1870 895 1934 rati,
918 1867 1056 1941 quod
1081 1868 1368 1941 draconum
1388 1867 1470 1922 feli
1498 1869 1816 1936 essetaaqui-

266 1937 581 2009 parandum,
608 1950 766 2003 atque
792 1954 821 1992 a
848 1937 1075 2009 quodam
1099 1937 1359 2009 malorum
1390 1946 1629 2005 auctore,
1656 1954 1818 2008 quem

260 2010 420 2064 deum
452 2012 503 2065 in
532 2012 642 2064 suis
660 2008 997 2077 dogmatibus
1015 2008 1406 2077 contingebant,
1432 2008 1595 2063 fuisse
1626 2010 1823 2077 produ-

256 2089 425 2135 ctum.
454 2080 811 2150 Quamobrem
838 2079 903 2134 ad
938 2088 1045 2135 tam
1078 2081 1258 2135 falsam
1290 2078 1666 2149 indignamque
1696 2095 1820 2150 per-

258 2152 563 2206 suasionem
601 2149 994 2220 cxcutiendam,
1026 2150 1134 2206 Leo
1170 2164 1232 2205 ea
1268 2165 1474 2205 summa
1518 2149 1820 2218 prudentia,

258 2236 365 2291 qua
391 2221 443 2276 in
466 2221 635 2276 sacris
655 2221 817 2291 rebus
840 2222 1057 2291 agendis
1078 2220 1331 2291 pollebat,
1361 2220 1608 2277 omnibus
1632 2222 1821 2278 catho-

261 2290 376 2346 licis
402 2307 520 2348 eam
549 2292 719 2361 legem
756 2290 970 2357 indixit,
1014 2290 1151 2346 utin
1192 2302 1645 2346 sacramentorum
1678 2308 1826 2346 com-

258 2364 537 2429 munione,
566 2378 672 2418 non
691 2362 967 2417 dumtaxat
993 2362 1347 2418 eucharistico
1375 2377 1512 2431 pane
1540 2361 1827 2419 reficeren-

260 2439 370 2499 tur,
401 2449 588 2489 verum
625 2434 808 2501 etiam,
862 2436 1077 2489 admoto
1103 2432 1170 2488 ad
1213 2432 1430 2488 calicem
1460 2447 1576 2497 ore,
1614 2434 1824 2489 redem-

196 2534 199 2535 ν
263 2505 460 2573 ptionis
480 2506 795 2574 sanguinem
822 2504 1125 2560 haurirent:
1157 2513 1215 2558 ut
1243 2502 1508 2574 videlicet,
1551 2504 1825 2573 utriusque

258 2577 457 2643 speciei
501 2573 880 2631 communione
930 2583 1213 2644 percepta,
1247 2581 1303 2629 et
1347 2573 1558 2643 pietatis
1603 2583 1658 2630 et
1700 2574 1823 2631 fidei

259 2645 477 2715 sincera
519 2646 819 2701 testimonia
861 2643 1036 2715 palam
1078 2643 1409 2699 exhiberem.
1451 2645 1567 2712 Quo
1609 2646 1821 2701 tandem

260 2714 405 2771 facto
428 2716 649 2780 indicio,
678 2715 817 2771 haud
864 2714 1078 2771 difficile
1123 2714 1261 2770 inter
1316 2714 1429 2784 ipsa
1482 2716 1640 2770 etiam
1672 2731 1821 2771 sacra

259 2787 516 2869 mysteria
565 2787 845 2869 evulgabat
870 2788 914 2869 si
955 2787 1147 2869 aliquis
1187 2785 1596 2869 blaniclncorum
1640 2787 1827 2869 impie-

262 2855 460 2912 taiibus
487 2855 707 2927 operam
732 2858 904 2912 daret.
958 2855 1087 2911 Rem
1137 2865 1311 2927 autem
1350 2856 1547 2927 clarius
1575 2856 1685 2911 Leo
1713 2855 1826 2926 ipse

260 2928 448 2995 pandit
472 2925 628 2998 quam
650 2943 679 2982 a
706 2928 953 2996 quopiam
982 2928 1150 2995 possit
1169 2925 1426 2998 explicari
1445 2943 1475 2998 _:
1507 2925 1827 2994 Cumque’ad

260 2996 901 3070 tegendaminﬁdelitatem
938 3013 1086 3049 suam
1128 2997 1314 3051 nostris
1350 2996 1568 3070 audeant
1587 2998 1828 3054 interesse

258 3068 533 3139 mysteriis,
563 3070 639 3122 ita
670 3070 723 3121 in
763 3079 1198 3122 sacramentorum
1242 3068 1594 3120 communione
1612 3083 1675 3139 se
1702 3076 1828 3121 tem-

258 3138 465 3207 perant,
493 3148 548 3193 ut
571 3140 825 3193 interdum
854 3155 916 3192 ne
934 3140 1136 3205 penitus
1156 3139 1313 3192 latere
1343 3153 1445 3191 non
1484 3138 1697 3207 possint,
1740 3155 1829 3194 ore

1994 1870 2139 1935 Hmc,
2171 1873 2405 1941 inquam,
2437 1871 2531 1926 fuit
2556 1871 2743 1941 religio
2765 1872 2936 1939 Magni
2958 1868 3492 1941 Constantini,ante-

1922 1957 2079 2010 quam
2102 1945 2172 1996 ab
2202 1937 2519 1998 Eusebianis
2551 1937 2905 2011 deciperetur,
2938 1951 2991 1996 et
3025 1955 3143 2011 eam
3169 1937 3365 2011 deinde
3381 1946 3493 2011 toto

1922 2006 2083 2067 animi
2142 2024 2335 2068 conatu
2388 2006 2827 2080 prosecuti'snnt
2872 2006 3057 2066 omnes
3104 2006 3490 2080 Valentiniani,

1923 2083 2239 2145 Gratianus.
2270 2093 2323 2137 et
2351 2078 2671 2146 Theodosii,
2703 2082 2990 2148 Arcadius,
3032 2080 3324 2145 Honorius,
3358 2078 3489 2144 Leo,

1923 2154 2119 2221 aliique
2158 2154 2403 2209 catholici
2449 2156 2829 2223 imperatores,
2873 2153 3065 2223 quibus
3115 2165 3234 2223 cum
3273 2162 3494 2223 perspe-

1924 2220 2066 2279 ctum
2100 2226 2236 2280 foret
2262 2226 2436 2280 omnia
2470 2220 2674 2295 imperii
2700 2220 2867 2294 juraa
2892 2220 3022 2295 'Dco
3032 2222 3235 2295 optimo
3260 2220 3492 2295 maximo

1926 2295 2185 2359 derivari,
2210 2312 2313 2350 non
2342 2311 2405 2351 ex
2436 2290 2662 2364 quadam
2685 2290 2964 2350 dumtaxat
2992 2290 3198 2364 liberali
3222 2290 3490 2364 largitate,

1926 2377 2012 2419 aut
2042 2366 2093 2419 in
2123 2376 2288 2436 grata:
2318 2361 2605 2421 voluntatis
2632 2366 2987 2420 testimonium
3012 2377 3135 2436 erga
3172 2361 3291 2416 fidei
3325 2374 3491 2436 nego-

1926 2436 2020 2507 tia,
2047 2430 2161 2492 istis
2188 2453 2399 2507 semper
2426 2437 2676 2507 prazsidio
2700 2436 2944 2501 fuerunt;
2973 2434 3065 2489 sed
3080 2430 3351 2507 'praztrrea
3378 2430 3493 2484 brec

1925 2506 2133 2580 illorum
2166 2501 2332 2579 magis
2350 2501 2511 2580 quam
2537 2508 2748 2562 civilem
2775 2501 3491 2580 rerum‘administrationem

1926 2577 2186 2633 interesse
2234 2574 2621 2648 intelligentes,
2673 2592 2832 2646 grave
2876 2575 3025 2648 nefas
3062 2574 3408 2648 reputabant,
3446 2574 3494 2623 si

1926 2648 2117 2703 debitis
2162 2659 2217 2704 et
2264 2640 2492 2719 propiiis
2543 2640 2735 2703 ofﬁciis
2782 2646 3081 2719 Ecclesiam
3125 2640 3493 2719 fraudassent,

1927 2718 2149 2787 ejusque
2181 2707 2531 2776 incolumitati
2574 2720 2752 2787 aliqua
2780 2734 2845 2774 ex
2878 2727 3025 2785 parte
3051 2714 3322 2771 deessent.
3356 2707 3494 2775 Quid

1928 2792 2069 2843 enim
2108 2790 2247 2845 aliud
2279 2792 2329 2844 in
2360 2791 2743 2855 imperatorum
2775 2796 3007 2841 mentem
3028 2791 3255 2855 revocat
3278 2788 3498 2855 sanctus

1928 2858 2037 2912 Leo
2062 2861 2301 2915 scribens
2326 2861 2391 2913 ad
2422 2847 2783 2913 Theodosium
2805 2897 2819 2918 ,
2847 2856 2913 2910 ad
2944 2852 3398 2913 Valentinianum,
3429 2847 3498 2901 ad

1928 2928 2162 2983 Leonem
2194 2930 2491 2999 Augustos,
2521 2938 2677 2997 atque
2698 2929 2763 3000 ad
2790 2925 3126 3000 Pulcltgriam
3146 2933 3356 3000 quoque
3374 2922 3497 3000 aut

1930 3006 2164 3067 gustatu.
2196 2989 2307 3054 nisi
2329 3000 2379 3053 id
2412 2989 2487 3053 de
2512 2989 2617 3065 quo
2648 2996 2887 3067 agimus?
2912 2989 2995 3051 Χῖ)
3030 2992 3219 3067 iisdem
3237 2989 3499 3067 videlicet

1930 3060 1991 3123 ea
2018 3069 2254 3123 subsidia
2276 3060 2627 3139 exposcebat,
2655 3060 2772 3137 quae
2788 3111 2819 3142 ,Α
2833 3080 2932 3136 pro
2956 3063 3196 3142 moneris
3219 3060 3496 3142 dignitate.

1931 3149 1985 3195 et
2013 3154 2107 3206 pro
2145 3128 2582 3194 virium'suarum
2616 3128 2887 3206 potentia,
2932 3131 3160 3190 turbatis
3197 3142 3249 3186 et
3281 3128 3499 3206 afflictis

260 3200 477 3279 indigno
500 3208 689 3264 Christi
714 3226 898 3277 corpus
924 3200 1196 3279 accipiant,
1228 3200 1526 3279 sanguinein
1539 3200 1721 3279 putem
1748 3226 1827 3263 re-
1851 3204 1897 3267 C
1934 3200 2183 3263 Ecclesiae
2222 3211 2380 3265 rebus
2424 3200 2681 3278 impartiri
2720 3200 2936 3279 debent.
2960 3200 3501 3279 _|Ifllfl0_ﬂu3fld_09ll8

256 3276 566 3351 demptionis
586 3290 771 3335 nostra:
792 3276 992 3335 haurire
1010 3276 1215 3351 omnino
1243 3276 1510 3351 destinant.
1528 3276 1632 3333 Cur
1651 3289 1828 3351 autem

254 3352 317 3405 id
368 3348 568 3406 Christi
626 3351 870 3406 fidelibus
910 3350 1224 3421 patefecerit
1277 3348 1581 3421 immediate
1619 3350 1826 3404 subdit:

257 3422 419 3486 Quod
456 3422 569 3475 ideo
609 3430 783 3476 vestra:
829 3419 1007 3475 notum
1056 3420 1271 3491 facimus
1299 3419 1575 3491 sanctitati,
1604 3428 1675 3491 aut
1696 3422 1830 3475 vobis

255 3492 559 3559 huiusmodi
609 3494 855 3556 homines,
883 3502 933 3546 et
971 3490 1063 3545 Itis
1094 3491 1481 3560 manifestentur
1522 3490 1744 3557 indiciis,
1783 3502 1831 3546 et

254 3579 478 3629 quorum
504 3563 813 3630 deprehensa
834 3563 988 3631 fuerit
1007 3563 1255 3632 sacrilega
1284 3560 1564 3632 simulatio,
1589 3562 1745 3614 notati
1782 3571 1830 3615 et

253 3634 455 3713 proditi
484 3651 515 3686 a
534 3630 1489 3713 sanctorumsocietatepeilantnr.(a).
1514 3630 1829 3713 Quesnellus

253 3701 373 3759 duo
396 3703 486 3759 illa
514 3705 698 3770 verba,
727 3705 886 3758 notati
903 3714 957 3759 et
982 3701 1189 3771 proditi,
1240 3703 1293 3756 in
1316 3701 1542 3755 aliorum
1585 3701 1830 3757 editioni-

252 3775 365 3832 bus
392 3777 516 3829 etin
551 3791 680 3829 mss.
724 3774 879 3829 codd.
921 3782 1148 3838 retenta,
1180 3789 1208 3828 a
1263 3786 1357 3825 sua
1386 3771 1701 3830 eliminavit.
1748 3772 1831 3827 ln-

254 3856 413 3902 terea
438 3860 565 3900 vero
590 3860 747 3901 nemo
775 3844 876 3900 sibi
905 3844 1207 3899 blandiatur
1229 3858 1345 3897 eam
1391 3841 1585 3897 Leonis
1613 3857 1831 3899 oecono-

253 3919 427 3972 miam
457 3915 830 3986 quoquomodo
861 3914 1041 3971 favere
1068 3929 1223 3984 posse
1243 3913 1583 3986 Lutheranis,
1606 3914 1831 3986 aliisque

252 3983 558 4043 Romanam
583 3983 750 4058 163
783 3983 1080 4058 Ecclesiam:
1105 3983 1505 4058 divexaotibus,
1536 3983 1699 4058 quod,
1735 3999 1831 4052 pro

251 4072 445 4114 rerum
468 4054 869 4126 temporumque
889 4056 1225 4126 diversitate,
1246 4054 1408 4126 laicos
1430 4068 1456 4104 a
1479 4054 1661 4126 calicis
1680 4068 1830 4107 com-

250 4127 521 4185 munione
544 4123 894 4181 interdixerit.
918 4126 1027 4181 Nec
1048 4127 1189 4181 enim
1214 4123 1334 4179 laici
1355 4123 1627 4191 sanguinis
1649 4137 1834 4193 perce-

255 4199 453 4269 ptione
508 4198 817 4253 fraudantur
859 4198 959 4253 etsi
1004 4196 1101 4269 sub
1130 4196 1304 4269 unica
1342 4193 1623 4269 dumtaxat
1655 4194 1834 4261 specie

251 4263 687 4336 bommunicent,
721 4277 780 4324 ut
813 4266 1248 4336 luculentissima,
1270 4263 1835 4336 theologiaaadoctores

249 4342 427 4396 etiam
451 4341 503 4393 in
542 4332 739 4394 scholis
790 4338 1180 4393 demonstrant.
1219 4334 1396 4402 Quare
1443 4332 1662 4389 minime
1701 4348 1836 4404 opus

250 4420 347 4466 est
377 4419 437 4464 ut
458 4410 645 4465 borum
668 4420 999 4479 argumenta,
1022 4423 1088 4462 ne
1110 4407 1289 4479 putida
1312 4414 1610 4479 commenta
1635 4405 1832 4473 dicam,

250 4481 622 4547 excutiamus,
650 4475 771 4535 cum
796 4479 904 4551 jam
925 4481 1034 4534 sola
1063 4475 1444 4551 scripturarum
1468 4475 1696 4531 lectione
1715 4489 1835 4531 cor-

250 4560 447 4608 ruant.
476 4552 614 4607 Satis
640 4567 769 4622 ergo
798 4548 1075 4622 superque
1099 4562 1218 4622 esse
1247 4548 1711 4622 arbitror_,__qua3_a
1743 4560 1839 4622 no-

254 4625 351 4677 bis
372 4622 630 4676 hactenus
654 4617 728 4677 de
747 4617 980 4675 omnium
1008 4618 1244 4675 fidelium
1277 4634 1423 4681 cura,
1458 4617 1727 4685 diligentia
1745 4657 1761 4683 ,
1784 4618 1837 4672 in

254 4693 541 4749 luereticis
567 4692 870 4746 deferendis
891 4690 1354 4746 iudiscriminatim
1397 4688 1537 4742 dicta
1567 4688 1733 4743 fuere.

339 4764 431 4818 10.
459 4762 573 4818 Jam
604 4778 731 4832 ergo
759 4763 1024 4817 disserere
1046 4767 1258 4827 oportet
1277 4760 1345 4832 de
1374 4772 1580 4832 summa
1609 4757 1839 4832 catholi-

248 4850 456 4892 corum
490 4829 785 4901 principum
824 4834 1036 4899 pietate,
1066 4846 1199 4902 quos
1228 4831 1284 4902 in
1316 4830 1562 4884 Ecclesiae
1589 4829 1847 4899 graviori-

252 4909 371 4961 bus
412 4904 569 4959 rebus
607 4904 745 4959 sacri
776 4911 1015 4973 pastores
1046 4901 1386 4971 interpellare
1419 4907 1842 4973 consueverunt,

250 4985 327 5032 ut
368 4990 490 5029 sese
525 4974 761 5029 vindices
776 4971 980 5028 carum
1011 4973 1345 5028 sanctionum
1383 4971 1700 5027 exhiberent
1727 4985 1845 5040 qute

247 5046 332 5102 ad
363 5044 487 5100 fidei
521 5060 730 5113 causas,
760 5045 826 5099 ad
853 5060 1061 5099 morum
1092 5044 1446 5111 disciplinam,
1478 5042 1543 5096 ad
1578 5039 1846 5096 Ecclesia-

208 5152 211 5153 ν
248 5132 389 5174 rum
420 5115 692 5187 regimen,
719 5117 837 5186 jura
861 5158 876 5181 ,
906 5114 1339 5187 tranquillitatem
1379 5125 1536 5182 atque
1573 5114 1847 5187 munimen

250 5182 606 5244 referuntur.
649 5182 756 5241 Res
796 5182 1215 5255 profecto'clara
1258 5195 1312 5239 et
1341 5186 1558 5238 omnino
1604 5182 1848 5251 expedita

251 5269 349 5315 est
374 5300 391 5325 ,
435 5273 590 5326 quam
633 5258 720 5314 hic
762 5258 948 5312 ultimo
980 5259 1095 5312 loco
1132 5269 1402 5324 exponere
1439 5256 1848 5308 reservavimus.

249 5330 351 5388 Ad
376 5343 536 5396 quam
558 5328 1006 5397 comprobandum
1031 5327 1160 5397 satis
1183 5327 1394 5393 quidem
1416 5335 1558 5379 esset
1579 5326 1854 5378 dumtaxat

246 5401 515 5457 animum
544 5396 795 5453 revocare
818 5400 881 5452 ad
905 5398 1104 5452 divalos
1134 5396 1215 5465 (ut
1234 5397 1444 5463 vocant)
1470 5398 1849 5465 imperatorum

244 5470 704 5535 constitutiones,
736 5484 854 5539 quae
884 5484 989 5523 non
1018 5468 1119 5522 nisi
1145 5464 1570 5539 'efilagitanlibus
1602 5464 1855 5539 itomanis

250 5540 649 5614 pontificibus,
677 5534 943 5610 episcopis
981 5547 1036 5595 et
1072 5534 1412 5608 generalibus
1448 5534 1667 5605 synodis
1695 5535 1854 5589 edita:

342 5676 427 5739 fa)
458 5675 635 5731 Serm.
665 5676 755 5739 si,
780 5673 994 5746 alias},
1022 5672 1088 5746 de
1108 5669 1432 5746 ρυθάνειεεξς
1465 5666 1663 5746 cap-,5-
1736 5734 1771 5746 Α,
1809 5733 1822 5746 ,

340 5737 425 5829 (ὁ)
456 5748 583 5829 Lib.
624 5761 716 5829 XVI.
743 5737 1247 5829 codajlfbeodosiani
1279 5737 1359 5796 tit.
1391 5739 1447 5807 5,
1488 5739 1556 5794 de
1587 5737 1855 5792 haereticis

245 5814 589 5883 Manichmis
609 5825 664 5875 et
685 5814 981 5873 Samaritis.

1934 3280 1992 3336 S.
2028 3280 2263 3347 pontifex
2298 3288 2444 3333 tanto
2484 3270 2645 3333 animi
2675 3279 2857 3346 vigore
2885 3270 3497 3347 hujustnodi’subsidia,

1935 3343 2202 3420 tamquam
2242 3350 2436 3405 Christi
2473 3349 2713 3418 religioni
2733 3343 2970 3420 'debita,
3006 3343 3364 3420 efflagitabat,
3405 3349 3497 3405 ut,

1934 3413 2083 3475 salvo
2113 3436 2359 3491 purpura:
2382 3429 2437 3475 et
2460 3413 2750 3490 impérialis
2775 3416 3089 3491 diadematis
3113 3413 3353 3491 honore,
3380 3425 3501 3465 eos-

1934 3492 2055 3546 dem
2099 3484 2255 3545 nimis
2283 3484 2549 3563 insectari
2568 3490 2875 3563 videretur;
2898 3503 3018 3542 cum
3043 3484 3288 3563 videlicet
3314 3484 3377 3563 in.
3400 3496 3500 3563 oo-

1932 3577 2049 3618 rum
2079 3573 2282 3635 mentes
2310 3561 2575 3635 excitabat
2602 3570 2658 3635 et
2679 3558 2951 3635 ingerebat
2971 3570 3181 3635 graves,
3215 3552 3501 3635 horribiles

1932 3642 1987 3686 et
2017 3634 2239 3687 terroris
2277 3633 2461 3701 plenas
2504 3628 2883 3702 cogitationes,
2916 3628 3079 3702 veluti
3119 3628 3501 3702 omnipotentis

1933 3702 2027 3757 Dei
2074 3695 2489 3773 indignationem
2531 3695 2935 3767 in'currendam,
2975 3697 3184 3773 imperii
3234 3695 3500 3773 fortunam

1933 3762 2364 3843 periclitandam,
2396 3788 2588 3843 resque
2616 3787 2804 3828 omnes
2832 3762 3183 3843 temporales,
3211 3762 3503 3832 susquede-

1933 3838 2037 3969 ﬁne
2063 3838 2365 3909 vertendas,
2396 3845 2446 3926 si.
2464 3838 2563 3911 ipsi
2602 3838 2953 3913 imperatores
2974 3838 3209 3920 potentia
3238 3849 3340 3903 qua
3366 3847 3503 3901 pra!-

1973 3924 2029 3968 ttt
2070 3926 2222 3969 erant
2266 3915 2543 3969 haereticos
2585 3923 2675 3967 aut
2720 3913 2789 3966 de
2837 3909 3028 3963 haeresi
3073 3913 3351 3969 suspectos
3396 3915 3503 3954 non

1973 3914 2029 3968 iti
2070 3926 2222 3971 erant
2266 3909 2543 3970 haereticos
2585 3909 2694 3967 aut‘
2720 3913 2789 3966 de
2837 3909 3028 3982 haeresi
3073 3913 3355 3982 suspectos
3396 3915 3503 3982 non

1931 3986 2390 4052 comprimerent,
2432 3992 2488 4038 et
2530 3982 2715 4051 procul
2758 3994 2790 4033 a
2828 3977 3209 4052 catholicorum
3248 3977 3506 4052 societate

1935 4069 2043 4107 non
2060 4039 2438 4109 amandarent.
2479 4039 2655 4116 Quare
2679 4052 2765 4105 isti
2800 4048 2867 4102 ad
2898 4046 3091 4101 divina:
3121 4039 3504 4116 misericordias

1936 4137 2093 4204 ορεηι
2136 4110 2761 4204 ίειείῑίυεοβμίῖιςηέειῐιν
2795 4110 3504 4204 ίηίένθλέιαῐίὲὶξπξθέἓτὲξῐξ

1939 4178 2133 4263 pietate
2159 4178 2214 4248 et
2242 4192 2496 4263 institutis
2522 4178 2891 4263 deflecterent,
2928 4182 3087 4258 ια
3110 4195 3298 4263 omnes
3326 4178 3506 4259 saeculi

1938 4252 2100 4327 vires,
2143 4264 2334 4331 quibus
2376 4262 2674 4329 pollebant,
2716 4252 3193 4331 adhar'éti'eorum
3232 4252 3508 4305 hominum

1936 4329 2226 4404 perniciem
2256 4343 2312 4389 et
2337 4331 2555 4388 exitium
2589 4329 2989 4404 impendebant.
3167 4392 3186 4404 _
3390 4388 3424 4404 Α,

2009 4404 2117 4461 Nec
2142 4422 2267 4460 vero
2298 4418 2575 4459 necessum
2604 4392 2705 4457 erit
2732 4408 2790 4455 ut
2816 4412 2910 4468 pro
2938 4413 2998 4453 re
3027 4404 3134 4451 tam
3166 4392 3426 4468 frequenti
3453 4398 3509 4446 et

1939 4476 2131 4530 usitata
2157 4492 2222 4531 ex
2248 4474 2620 4531 Theodosiano
2650 4462 2833 4526 codice
2854 4468 2929 4541 (ὁ)
2956 4468 3332 4541 imperatorum
3360 4462 3508 4541 leges

1864 4583 1919 4644 Β
1944 4546 2028 4601 hic
2055 4546 2350 4601 referamus
2373 4586 2387 4609 ,
2413 4556 2467 4600 et
2496 4559 2587 4598 eas
2612 4532 2921 4623 praesertim
2938 4532 3071 4622 quas
3099 4537 3163 4621 ad
3192 4532 3511 4589 Manichaeo-

1946 4633 2059 4644 -..Μ
2105 4618 2362 4644 ..ιαιιηηηη
2406 4616 2635 4644 nutum...
2683 4613 2899 4644 ...ἴρηξ-η.
2945 4621 3214 4644 nun-nmmo
3251 4604 3510 4644 nnndidn-

1946 4633 2061 4671 rum
2105 4604 2635 4684 ultioncm'quinque
2681 4612 2900 4686 piissimi
2945 4604 3215 4686 principes
3251 4604 3510 4686 condide-

1944 4696 2087 4743 runt.
2116 4687 2359 4744 Sufficiet
2387 4675 2660 4760 dumtaxat
2681 4675 2871 4760 oculos
2896 4675 3241 4760 conjicerein
3275 4675 3511 4760 Valenti:

1946 4760 2088 4813 niani
2111 4760 2328 4827 Augusti
2355 4758 2639 4818 novellam,
2669 4770 2823 4827 quam
2839 4753 2962 4827 ipse
2980 4744 3321 4827 conscribere
3338 4744 3509 4798 fassus

1945 4838 2049 4899 est,
2083 4846 2148 4884 ne
2170 4819 2531 4899 dissimularet
2554 4819 2698 4899 nova
2715 4819 3124 4899 Manichaeorum
3152 4819 3395 4896 crimina,
3416 4829 3503 4899 nu-

1951 4892 2047 4969 per
2060 4900 2253 4954 Leonis
2270 4898 2610 4969 inquisitione
2626 4896 2852 4957 detecta,
2869 4892 3175 4969 judicioque
3197 4892 3511 4969 proseriptal.

1952 4953 2265 5026 Manichwos
2294 4953 2567 5039 fo'quimur,
2589 4982 2721 5039 quos
2743 4953 3069 5020 (mirabiles
3089 4953 3135 5039 ξε
3152 4953 3256 5039 toto
3279 4954 3394 5039 orbe
3410 4953 3512 5039 pet.

1952 5024 2125 5096 lendas
2151 5024 2373 5095 omnium
2404 5048 2537 5093 retro
2555 5024 3063 5108 piincipumstatuta
3084 5031 3388 5101 judicaruut
3416 5024 3513 5108 (ς).

1954 5112 2051 5166 Hic
2079 5112 2479 5166 Valentinianus
2524 5095 2587 5180 ad
2634 5122 2693 5162 ea
2726 5095 2921 5180 'alludit
2958 5095 3158 5180 statuta
3199 5112 3317 5180 qua:
3342 5095 3517 5180 Iamlio

1954 5163 2704 5245 Theodosii,"Valentinianus
2732 5177 2948 5248 se_nior,_
2971 5163 3229 5248 Arcadius
3255 5174 3308 5248 et
3340 5163 3516 5248 lianc-

1955 5254 2068 5309 rius
2102 5240 2487 5315 condiderunt,
2514 5265 2633 5318 quae
2662 5246 2798 5319 apud
2829 5240 3517 5319 Gathofredumjuriscon-

1956 5325 2150 5378 sultum
2181 5323 2348 5378 videri
2391 5310 2645 5389 possunt.
2675 5310 2780 5370 Sed
2816 5316 2943 5389 _i_pse
2968 5310 3379 5389 Valentinianus
3415 5310 3517 5389 im.-

1954 5394 2185 5455 mediate
2212 5402 2331 5463 post
2363 5379 2478 5447 haec
2512 5387 2721 5463 subiicit
2757 5402 2773 5442 :
2807 5379 2916 5463 Nec
2944 5379 3519 5463 dissimulationentjfrt

1960 5444 2501 5534 iibiﬁiﬁi'aéiééia
2524 5444 2805 5534 patiuntur.
2840 5452 3121 5534 enim
3147 5459 3193 5534 et
3218 5462 3366 5534 quam

1960 5519 2240 5606 audituque
2277 5534 2491 5589 obscena
2524 5519 2581 5584 in
2606 5529 2809 5599 judicio
2847 5519 3118 5580 6eatissimi
3154 5519 3339 5575 Leonis
3379 5526 3525 5586 papa

2031 5668 2100 5739 (c)
2142 5669 2297 5723 Tom.
2336 5666 2439 5731 Vl,
2480 5678 2602 5739 pag.
2646 5662 2699 5731 Ι,
2743 5661 2837 5718 lib.
2872 5676 2962 5729 xv,
3006 5659 3060 5715 in
3096 5651 3527 5713 Theodosisuum

1957 5734 2105 5807 codI,
2139 5739 2222 5795 tit.
2250 5740 2306 5801 5,
2336 5751 2454 5808 pag.
2487 5734 2609 5792 115.
