3988 6314
568 340 669 412 sn

1155 354 1213 408 Ρ.
1254 351 1575 410 CACCIARI
1615 344 2211 408 EXERCITATIONES
2247 347 2323 407 ΙΝ·
2349 349 2410 407 S.
2452 347 2698 408 LEONIS
2732 350 2945 408 MAGNI
2983 350 3236 408 OPERA.

3715 350 3819 409 95'2

568 482 669 537 pro
705 468 973 523 communi
1029 482 1161 536 pace
1201 478 1256 524 ct
1293 470 1576 523 multorum
1606 468 1797 532 salute,
1849 466 2139 537 apostolica
2239 465 2461 536 judicio,
2487 476 2691 535 partem
2722 476 2940 522 senatus
2968 475 3023 523 et
3052 477 3258 532 partem
3285 466 3458 537 plebis
3473 467 3639 523 etiam
3661 468 3817 525 adhi-

574 540 730 594 sedes
772 540 1056 594 concilium
1070 541 1329 608 expedire
1352 540 1687 610 judicaverit.
1719 539 1895 606 Quare
1919 540 2139 593 minime

572 611 716 664 ferre
778 625 1059 678 possumus
1112 626 1229 676 quas
1295 609 1359 665 in
1423 625 1583 664 causa
1650 610 1719 665 de
1779 624 1879 679 qua
1934 609 2141 679 agimus

575 681 736 734 ambo
807 682 976 736 critici
1034 692 1400 747 asseruerunt,
1432 682 1677 736 videlicet
1724 682 1944 735 minime
2007 693 2141 747 opus

577 750 742 806 fuisse
789 752 1035 814 concilio,
1081 752 1329 821 quoniam
1376 767 1481 807 non
1510 753 1579 807 de
1628 750 2017 821 proscribenda
2040 764 2142 821 uo-

577 836 641 874 va
670 821 878 884 haeresi.
907 833 997 877 aut
1024 819 1111 877 de
1144 822 1248 877 ﬁde
1287 822 1575 877 asserenda
1612 819 1899 891 agebatur;
1927 820 2022 876 sed
2074 819 2144 891 de

581 907 737 960 paena
785 892 934 958 juxta
974 907 1230 946 canouem
1286 892 1540 948 Ecclesia!
1574 890 1892 956 sancienda;
1926 890 2145 960 perinde

578 961 731 1032 quasi
759 963 1014 1016 alterutro
1043 978 1111 1018 ex
1145 963 1227 1017 his
1253 964 1865 1019 casibusinterveniente
1895 976 2144 1017 necessa-

580 1036 663 1086 rio
688 1034 797 1088 sint
827 1033 1049 1087 concilia
1078 1034 1337 1103 cogenda,
1360 1045 1450 1089 aut
1491 1035 1635 1089 nulla
1685 1034 1790 1087 alia
1826 1040 2146 1087 occurrente

579 1117 747 1175 causa,
765 1102 1117 1175 provinciales
1138 1102 1229 1158 aut
1248 1104 1523 1173 generales
1544 1104 1734 1175 synodi
1757 1103 1963 1175 possint
1986 1103 2144 1175 indici

582 1183 637 1244 et
665 1172 871 1227 haberi.
900 1172 1177 1230 Undenam
1207 1172 1470 1244 ejhsmodi
1503 1172 1791 1229 hauserunt
1817 1172 2147 1227 doctrinam?

584 1242 641 1297 ln
671 1244 903 1297 medium
942 1244 1169 1299 ail'erant
1215 1242 1467 1311 canones,
1514 1246 1727 1299 Patrum
1784 1252 2145 1309 monumenta,

586 1313 947 1369 Ecclesiarum
1000 1316 1433 1383 consuetudines,
1479 1326 1539 1372 ut
1572 1317 1726 1370 nobis
1775 1314 1935 1369 etiam
1976 1314 2151 1369 fontes

588 1384 950 1456 innotescant,
987 1400 1051 1440 ex
1073 1386 1265 1456 quibus
1286 1387 1568 1456 singularis
1592 1396 1646 1441 et
1669 1400 1860 1440 arcana
1892 1386 2151 1456 hactenus

588 1454 824 1510 inaudita
846 1454 1125 1525 disciplina
1159 1454 1529 1523 proﬁciscitur.
1580 1456 1689 1511 Nos
1717 1456 1953 1525 quidem,
1984 1455 2028 1509 si
2052 1454 2155 1508 Pa-

589 1534 723 1591 tres,
751 1527 994 1591 concilia,
1029 1538 1081 1581 et
1107 1527 1361 1583 Ecclesia:
1382 1544 1536 1582 usum
1559 1529 1910 1590 consulimus,
1935 1525 2153 1580 omnino

591 1598 893 1663 oppositum
939 1612 1273 1667 propugnare
1316 1608 1370 1654 et
1408 1599 1629 1654 credere
1666 1598 1943 1653 debemus.
1995 1594 2152 1667 Nam,

592 1667 827 1721 secundo
853 1668 1061 1723 labente
1087 1666 1303 1734 saeculo,
1336 1670 1545 1738 quando
1571 1678 1690 1739 post
1731 1667 1999 1739 apostolos
2044 1666 2155 1720 fre-

593 1740 873 1806 quentiora
897 1752 1175 1806 creperum
1200 1742 1254 1794 in
1286 1740 1523 1795 Ecclesia
1550 1740 1733 1794 haberi
1758 1738 2005 1805 concilia,
2030 1751 2154 1792 cum

594 1808 650 1881 in
678 1811 825 1875 Asia,
852 1820 959 1881 tum
989 1811 1039 1865 in
1066 1810 1369 1877 Palmstina,
1393 1812 1625 1881 episcopi
1658 1810 1894 1881 pluribus
1923 1809 1975 1862 in
2026 1807 2156 1881 locis

596 1879 650 1932 in
677 1895 841 1933 unum
869 1880 1168 1945 coiverunt,
1199 1883 1251 1936 in
1297 1878 1590 1950 quaestione
1634 1882 1702 1935 de
1730 1880 1990 1950 Paschate
2018 1878 2159 1933 cele-

596 1950 823 2004 brando.
852 1951 1022 2006 Testis
1042 1961 1126 2007 est
1144 1948 1365 2022 magnus
1394 1953 1645 2017 lrenazus,
1677 1951 1864 2005 Gallia:
1889 1948 2161 2022 Ecclesia-

596 2036 717 2074 rum
734 2022 1027 2090 apostolus,
1042 2018 1633 2092 splendidissimnmque
1655 2023 1853 2087 lumen,
1872 2018 1958 2092 cui
1975 2033 2165 2092 omnes

596 2105 719 2145 cum
742 2089 973 2157 veteres,
1000 2089 1109 2146 turn
1152 2094 1479 2148 recentiores
1522 2089 1771 2147 doctores
1814 2091 1973 2145 ﬁdem
2011 2089 2165 2144 adhi-

597 2160 828 2233 buerunt
857 2162 956 2233 (tt),
986 2162 1128 2229 Quos
1159 2163 1298 2219 inter
1329 2164 1591 2218 Eusebius
1632 2160 2095 2233 Cmsariensislib.
2131 2176 2163 2215 v

599 2232 738 2287 Hist.
774 2230 977 2289 Eccles.
1007 2250 1127 2301 cap.
1158 2233 1228 2287 24
1255 2246 1307 2289 et
1336 2234 1428 2289 25.
1461 2235 1592 2301 Quis
1617 2247 1743 2287 vero
1765 2230 2061 2287 alﬁrinabit
2107 2232 2162 2286 in

600 2303 805 2375 eisdem
849 2305 1067 2375 synodis
1094 2313 1269 2360 actum
1306 2304 1469 2359 fuisse
1497 2304 1566 2359 de
1594 2319 1729 2375 nova
1782 2302 2164 2375 proscrﬂienda

603 2373 821 2442 haeresi,
852 2371 945 2431 aut
971 2375 1039 2431 de
1069 2376 1175 2431 ﬁde
1194 2376 1513 2431 asserenda?
1539 2374 1726 2430 Tertio
1748 2371 2162 2444 pariterEccle-

599 2443 698 2498 siae
725 2446 944 2514 saeculo,
974 2461 1095 2502 cum
1117 2446 1302 2501 Romae
1322 2455 1377 2503 et
1406 2447 1458 2501 in
1488 2446 1686 2510 Africa,
1704 2442 1814 2499 tum
1844 2444 1897 2498 in
1915 2442 2164 2513 Phrygia,

601 2523 656 2569 et
682 2514 1029 2571 Neocesarcte
1056 2519 1109 2572 in
1131 2518 1324 2583 Ponto,
1356 2517 1613 2573 Ecclesia:
1640 2516 1824 2571 Patres
1844 2514 2027 2584 plures
2041 2528 2167 2569 coe-

600 2595 791 2672 gerunt
816 2596 1151 2672 conventus,_
1164 2588 1249 2672 vel
1274 2604 1371 2672 pro
1393 2587 1711 2672 imponenda
1726 2586 1899 2672 .lapsis
1916 2599 2168 2672 pe_rsect_t_-

601 2657 804 2729 tionum
818 2667 1056 2729 tempore
1076 2655 1292 2714 salutari
1307 2655 1639 2728 paenitentia,
1657 2657 1741 2712 vel
1759 2672 1854 2726 pro
1872 2655 2169 2729 reparanda

597 2727 958 2799 ecclesiastica
1009 2727 1320 2799 disciplina,
1360 2730 1443 2784 vel
1492 2729 1705 2785 tandem
1753 2741 1849 2799 pro
1900 2727 2170 2799 diluendis

597 2797 969 2869 episcoporum
995 2797 1329 2864 criminibus,
1356 2800 1654 2867 iisdemque
1696 2797 2068 2869 vindicandis;
2115 2804 2173 2853 et

598 2868 987 2927 tamen’nullibi
1005 2886 1183 2926 sermo
1205 2870 1418 2927 habitus
1442 2872 1559 2935 fuit,
1577 2882 1667 2925 aut
1691 2871 1757 2926 de
1784 2883 1921 2923 nova
1951 2868 2167 2932 haeresi,

595 2952 686 3013 aut
716 2939 949 3013 deﬁdei
994 2943 1253 3013 articulis,
1302 2952 1361 2997 ut
1400 2942 1630 3013 produnt
1657 2943 1898 3013 scripta
1928 2939 2169 3008 ejusdem

598 3009 837 3085 Eusebii,
866 3013 1134 3084 Cypriani,
1164 3009 1413 3085 Dionysii
1432 3012 1801 3077 Alexandrini,
1835 3010 2171 3085 aliorumque

598 3078 839 3153 Patrum,
861 3078 959 3153 qui
980 3098 1041 3139 ea
1067 3092 1225 3139 astate
1257 3078 1571 3152 ﬁuruerunt,
1597 3097 1820 3153 quorum
1850 3078 2169 3153 scriptorum

598 3097 839 3146 ratrum,
900 3100 951 3138 ut
980 3098 1041 3139 ea
1067 3097 1225 3139 astate
1257 3097 1571 3152 tluruerunt,
1597 3097 1820 3153 quorum
1850 3097 2168 3149 scriptorum

597 3152 785 3207 saltem
830 3097 1015 3224 _a1iqua
1058 3154 1124 3209 ad
1156 3170 1252 3209 nos
1282 3166 1638 3224 pervenerunt
1666 3151 1978 3224 fragmenta.
2030 3150 2168 3218 Quid

598 3224 746 3295 plura
762 3208 1036 3295 iiQuai'to,
1065 3208 1250 3295 quinto
1275 3208 1341 3281 éi
1362 3208 1573 3295 caneris
1600 3208 2170 3295 subsequentibuswsm-
2193 3208 2240 3272 C

601 3293 759 3357 culis,
789 3294 1068 3350 innumera
1083 3292 1317 3351 concilia
1342 3295 1517 3350 habita
1538 3292 1787 3360 fuerunt,
1807 3292 1888 3348 vel
1921 3307 2019 3361 pro
2041 3307 2173 3346 ana-

600 3361 838 3419 themate
881 3366 1110 3421 dicendo
1130 3366 1241 3434 jam
1289 3367 1419 3421 alias
1448 3366 1711 3421 damnatis
1740 3363 2057 3434 baeresibus,
2084 3364 2172 3419 vel

598 3447 696 3505 pro
715 3436 1010 3491 statuendis
1039 3437 1090 3490 in
1132 3432 1377 3491 Ecclesia
1402 3436 1627 3491 diversis
1655 3432 2024 3505 pmnitentium
2052 3448 2173 3503 gra-

597 3502 779 3576 dibus,
801 3506 883 3560 vel
912 3521 1009 3576 pro
1033 3506 1346 3574 dejiciendis
1384 3522 1415 3562 e
1442 3502 1962 3574 sedibus'episc0pis,
1999 3502 2087 3559 vel
2118 3505 2171 3559 in

602 3575 846 3646 proprias
862 3577 1202 3631 restituendis
1220 3576 1329 3646 jam
1350 3576 1542 3646 injuria
1553 3577 1795 3646 dejectis,
1817 3576 1898 3629 vel
1918 3576 2169 3646 denique,

601 3651 659 3695 ut
680 3641 749 3697 de
774 3641 1240 3713 appellationibus,
1258 3647 1324 3702 de
1346 3641 1704 3702 Ecclesiarum
1725 3641 2169 3712 dedicationibns,

599 3713 670 3768 de
698 3714 1143 3787 immunitatibus,
1166 3718 1232 3772 de
1248 3717 1592 3787 indulgentiis
1616 3715 2172 3787 lapsispmnitentibus

599 3785 990 3856 concedendis;
1020 3796 1179 3856 atque
1213 3786 1263 3841 id
1293 3784 1506 3856 generis
1530 3788 1648 3841 aliis
1667 3784 1863 3841 'rebus
1900 3794 2170 3856 ageretur.

598 3853 886 3928 Pet-peram
914 3857 1073 3928 igitur
1096 3853 1433 3925 conﬁngitur,
1465 3868 1705 3912 sanctum
1728 3853 2035 3928 pontiﬁcem
2066 3871 2173 3911 non

598 3924 851 3981 habuisse
874 3924 1156 3983 concilium
1180 3930 1231 3982 in
1260 3924 1675 3984 Maniclmorum
1706 3924 1886 3991 causa,
1915 3927 2037 3995 quia
2066 3942 2174 3981 non

598 3999 855 4064 agebatur
901 3998 967 4052 de
992 4014 1118 4053 noua
1142 3999 1321 4053 haeresi
1351 3998 1668 4065 damnanda,
1695 4000 1773 4052 vel
1798 3998 1861 4051 de
1904 3997 2007 4066 ﬁde
2034 4014 2175 4052 assc-

598 4066 1013 4141 renda.Sul_‘ﬁcit
1041 4070 1183 4141 quod
1207 4070 1491 4141 anathema
1525 4068 1975 4141 cssetdicendum
1992 4067 2175 4141 ῥιπιῃί-

597 4135 835 4209 cltazisin
870 4138 1011 4195 Urbe
1040 4135 1293 4209 repertis;
1324 4139 1518 4194 sufﬁcit
1549 4139 1689 4209 quod
1711 4139 1963 4209 Romanae
1991 4138 2175 4193 Eccle—

596 4205 1001 4280 siardisciplina
1024 4205 1259 4280 exigeret
1285 4220 1341 4264 ut
1361 4205 1634 4265 Manich'aai
1656 4211 1812 4278 longe
1830 4207 1899 4263 ab
1924 4208 2173 4280 omnibus

598 4276 763 4332 Italiae
800 4276 996 4336 ﬁnibus
1024 4276 1461 4335 amandarentur.
1490 4282 1665 4345 Quare
1693 4276 1938 4348 quamvis
1971 4278 2026 4333 in
2059 4279 2173 4333 Ma-

598 4348 928 4422 nicha'orum
962 4351 1119 4422 169
1140 4350 1340 4420 judicio
1365 4362 1539 4406 actum
1567 4350 1726 4405 fuerit
1747 4350 1821 4422 de,
1841 4363 2002 4422 pana
2022 4348 2173 4422 juxta

597 4433 856 4473 canouem
891 4418 1153 4475 Ecclésiai
1183 4422 1491 4487 sancienda,
1532 4432 1709 4475 tamen
1738 4418 1859 4490 quia
1893 4422 1951 4475 S.
1982 4418 2093 4474 Leo
2120 4421 2175 4473 in

597 4490 763 4562 oculis
788 4491 942 4545 totius
978 4490 1235 4562 Ecclesia:
1263 4492 1557 4562 publicavit
1592 4507 1763 4546 omnes
1789 4492 2040 4562 dogmatis
2068 4500 2175 4562 tur-

635 4558 879 4635 t'tudines,
904 4570 971 4635 Aet
1008 4558 1279 4635 damnare—
1293 4564 1440 4633 fecit,
1482 4572 1528 4619 et
1568 4562 1815 4635 prodere,
1857 4558 2076 4635 auctore
2112 4560 2171 4616 S.

646 4642 866 4710 rosp_ero
886 4632 1262 4710 Aquitano,_ut_
1281 4631 1532 4710 vidimus,
1562 4631 1689 4688 nihil
1719 4631 1980 4710 impedire
1999 4640 2177 4701 potest

597 4700 881 4767 quominus
914 4700 966 4755 in
998 4704 1225 4759 concilio
1250 4704 1365 4760 haec
1391 4705 1569 4759 omnia
1590 4704 1919 4760 exsecutioni
1950 4700 2175 4759 deman-

596 4768 874 4844 darentur.
900 4770 1205 4844 Rraesertim
1231 4789 1350 4831 cum
1381 4790 1533 4830 novae
1560 4774 1835 4844 cujusdam
1859 4775 2174 4830 teconomim

598 4839 862 4914 rationem
920 4840 979 4897 S.
1015 4843 1253 4912 pontifex
1305 4854 1548 4901 statuere
1591 4839 1838 4911 voluerit,
1896 4858 2017 4899 cum
2074 4860 2174 4914 pro

597 4909 865 4984 hmreticis
916 4909 1226 4984 evu’lgandis
1270 4926 1326 4971 et
1351 4916 1677 4980 deferendis,
1702 4909 1942 4984 tum‘pro
1985 4909 2172 4971 eorum

596 4979 955 5056 delationibus
995 4979 1253 5041 faciendis
1277 4997 1333 5043 et
1373 4979 1722 5056 excipiendis.
1762 4979 1989 5056 quarum
2036 5000 2174 5042 onus

597 5051 699 5132 sub
728 5053 1238 5132 omnipotentis_l)_ei
1268 5051 1631 5132 indignatione
1656 5051 1862 5132 cunctis
1893 5055 2171 5132 catholicis

596 5122 892 5204 injunctum
920 5141 1041 5204 esse
1055 5127 1238 5204 voluit.
1259 5122 1533 5198 Quid'ergo
1552 5128 1742 5204 mirum
1764 5126 1830 5196 si,
1864 5126 2169 5204 priusquam

597 5196 863 5268 ejusmodi
902 5197 1257 5267 obligationes
1294 5214 1414 5253 cum
1445 5196 1639 5267 populo
1684 5208 1793 5253 tum
1842 5197 2171 5268 presbyteris

597 5264 879 5351 indiceret,
911 5264 1107 5351 novum
1129 5284 1387 5351 can_oncm
1487 5268 1748 5351 similibus
1776 5264 1952 5351 causis
1974 5264 2168 5351 perpe:

600 5345 693 5414 tuo
725 5338 1066 5414 servandum
1100 5341 1332 5414 condere
1359 5340 1622 5414 voluerit?
1660 5337 1834 5414 Nihil
1859 5337 2000 5393 enim
2023 5337 2169 5414 aliud

598 5408 712 5486 ipse
751 5408 985 5486 petebat,
1017 5410 1117 5464 nisi
1153 5412 1569 5468 incolumitatem
1598 5410 1838 5480 religioni
1862 5420 1916 5465 et
1936 5410 2165 5486 catholi-

598 5478 676 5529 cis
700 5478 925 5545 cunctis,
977 5489 1031 5534 et
1078 5492 1384 5549 propterea,
1417 5478 1719 5539 convocatd
1742 5489 1885 5537 coetu
1929 5489 1985 5536 et
2024 5481 2164 5539 iacto

661 5617 746 5760 in;
775 5615 1033 5685 lrenazus,
1057 5617 1151 5673 lib.
1173 5636 1204 5672 v
1227 5619 1361 5674 Hist.
1396 5619 1603 5675 Eccles.
1640 5635 1757 5689 cap.
1786 5618 1877 5684 25,
1912 5618 2001 5687 24,
2032 5620 2121 5674 25.

688 5687 716 5739 b
769 5687 825 5743 S.
872 5687 980 5743 Leo
1022 5688 1282 5745 Sermone
1321 5692 1564 5760 superius
1613 5691 1826 5747 laudato
1856 5691 1924 5747 de
1967 5689 2121 5760 Epipl

591 5687 825 5827 “39$.
872 5687 980 5743 Leo
1022 5688 1282 5745 Sermone
1321 5692 1564 5760 superius
1613 5687 1826 5747 laudato
1856 5691 1924 5747 de
1967 5689 2159 5762 Epiph.

664 5825 738 5899 (ε)
766 5826 1021 5893 Ruﬁnus,
1070 5828 1161 5885 lib.
1198 5845 1231 5884 x
1271 5828 1417 5886 Eccl.
1457 5830 1591 5888 Hist.
1642 5846 1760 5901 Cap.
1802 5831 1857 5888 ὅ.
1899 5830 2163 5892 Eusebius

2243 538 2377 602 buit,
2428 539 2733 608 generalem
2776 554 2985 592 morum
3034 539 3267 609 regulam
3313 539 3618 606 condendo,
3670 542 3816 607 cuius

2242 609 2401 662 nexui
2453 609 2689 663 omnium
2731 610 3058 664 conscientia
3094 609 3501 679 astringeretur,
3529 620 3583 664 et
3642 624 3672 663 a
3720 627 3815 680 qua

2242 694 2403 749 nemo
2432 680 2549 734 sine
2569 680 2808 734 criminis
2829 690 2954 733 nota
2972 690 3153 749 posset
3179 680 3455 735 recedere.
3487 680 3649 735 Nunc
3695 698 3817 737 vero

2244 748 2401 804 ambo
2426 750 2597 805 critici
2629 750 2727 805 sibi
2769 748 3023 817 plaudere
3076 761 3293 818 possent
3324 766 3443 805 cum
3476 752 3531 805 in
3554 751 3818 807 difﬁcilio-

2243 834 2358 875 rein
2396 820 2591 875 nodum
2637 821 2948 883 inciderem,
2990 835 3147 886 quem
3178 820 3315 876 forte
3352 821 3643 877 Herculem
3688 822 3818 877 arbi-

2244 898 2470 962 trantur,
2502 905 2621 962 cum
2652 891 2804 960 quasi
2849 906 2915 945 ex
2946 892 3155 962 tripode
3179 891 3413 947 dixerint
3447 909 3461 946 :
3492 892 3685 962 Neque
3710 910 3819 946 con-

2244 960 2418 1085 ci‘lizttn
2443 969 2536 1083 esti,
2566 961 2650 1015 ubi
2683 978 2799 1017 cum
2823 960 3172 1016 sacerdotibus
3217 978 3338 1033 pars
3383 960 3606 1018 senatus
3638 973 3686 1017 et
3713 980 3819 1034 pars

2247 1047 2283 1085 υ
2303 1047 2328 1083 e
2362 1048 2403 1084 ts
2431 1047 2485 1085 es
2511 1071 2526 1085 .

2303 1032 2403 1084 ebis
2431 1040 2526 1085 est.

2247 1047 2531 1174 Pugi'uegé
2557 1110 2842 1174 postrema
2856 1116 3018 1172 porro
3046 1103 3324 1160 annotatio
3349 1103 3654 1159 Baronium
3681 1119 3816 1174 urge

2250 1181 2353 1239 ret,
2382 1172 2424 1226 si
2452 1171 2576 1227 vera
2606 1181 2769 1237 esset,
2800 1171 2847 1227 si
2877 1174 3047 1235 ﬁrma.
3079 1175 3125 1229 si
3151 1174 3401 1244 denique,
3424 1186 3624 1229 contra
3649 1171 3811 1232 sacro-

2250 1257 2368 1315 rum
2396 1244 2744 1315 synodorum
2783 1245 3091 1315 sanctiones
3126 1253 3183 1300 et
3206 1246 3371 1300 divini
3404 1245 3543 1314 juris
3592 1248 3813 1315 regulas,

2252 1312 2410 1368 simul
2452 1312 2572 1368 cum
2613 1313 2959 1387 sacerdotibus
3008 1325 3063 1387 et
3098 1312 3814 1387 presbyteris'senatusfparte

2252 1393 2479 1455 coeunte
2510 1395 2567 1438 et
2602 1394 2749 1455 parte
2788 1382 2978 1455 plebis,
3010 1382 3417 1441 Manichaeorum
3440 1401 3617 1441 causa
3655 1382 3814 1441 fuisset

2252 1453 2485 1524 judicata
2523 1462 2578 1509 et
2599 1453 2839 1508 deﬁnita.
2880 1456 2948 1509 At
2974 1456 3233 1524 imprimis
3257 1456 3434 1511 dubia:
3462 1457 3691 1511 omnino
3713 1457 3811 1511 ﬁdei

2254 1532 2339 1578 est
2362 1523 2487 1579 illud
2532 1534 2795 1579 assertum
2818 1564 2833 1587 ,
2868 1524 3027 1592 plebis
3054 1523 3260 1593 partem
3299 1527 3560 1589 accitam.
3593 1539 3648 1585 et
3676 1527 3812 1581 addu-

2256 1595 2606 1668 ctamlnisse,
2636 1610 2756 1649 cum
2785 1594 2848 1668 de
2882 1597 3287 1668 Manichaeorum
3305 1597 3655 1668 dogmatibus
3679 1607 3810 1667 atque

2257 1664 2572 1721 criminibus
2621 1666 2847 1735 quaestio
2898 1666 3211 1722 habebatur.
3269 1664 3402 1724 Nec'
3428 1664 3808 1724 Valentinianus

2258 1736 2422 1809 enim,
2446 1750 2545 1809 nec
2562 1745 2777 1809 sanctus
2795 1735 2927 1802 Leo,
2948 1752 3049 1793 nec
3069 1739 3204 1794 alius
3221 1739 3485 1809 quispiam
3509 1740 3564 1793 id
3588 1740 3803 1794 asseruit.

2184 1836 2234 1897 Β
2262 1805 2662 1897 Ya‘le'ntinianus
2698 1807 2881 1876 utique
2915 1808 2978 1897 iri
3006 1823 3102 1891 sua
3142 1805 3355 1897 nov'ell’a’
3381 1808 3621 1897 :‘C‘ortun
3659 1821 3800 1864 sends

2261 1878 2575 1947 amplissimo
2598 1880 2828 1949 ipsorum
2853 1878 3164 1948 confessione
3182 1880 3436 1951 patefacta
3457 1881 3629 1952 fuisse
3646 1896 3803 1937 corll-

2263 1948 2378 2003 dent
2420 1948 2634 2002 crimina
2662 1957 2892 2004 testatur.
2928 1948 3038 2004 Leo
3074 1950 3257 2005 itidem
3297 1950 3366 2005 de
3401 1962 3679 2007 conventu
3708 1967 3732 2005 a
3762 1965 3805 2006 se

2262 2028 2450 2093 coacto
2475 2020 2753 2093 disserens
2773 2020 2983 2093 scripsit
3008 2037 3022 2072 :
3056 2019 3409 2093 Residentibus
3444 2023 3622 2093 itaque
3645 2037 3805 2093 necs:

2264 2089 2523 2161 episcopis
2538 2104 2600 2161 ac
2619 2088 2939 2161 presbyteris,
2959 2106 3020 2143 ac
3039 2093 3093 2145 in
3121 2092 3354 2145 eumdem
3379 2088 3675 2148 consessum
3690 2092 3807 2148 Citio

2265 2161 2447 2214 stianis
2478 2160 2600 2234 viris
2622 2160 2691 2212 ac
2720 2160 2971 2215 nobilibus
3004 2163 3340 2234 congregatis,
3368 2161 3566 2234 electos
3595 2176 3642 2217 et
3659 2165 3806 2234 eiecta

2266 2246 2440 2304 eorum
2466 2230 2715 2304 jussitnus
2746 2232 3041 2304 prazscntari
3085 2230 3207 2304 (ως
3226 2232 3381 2301 Quod
3421 2234 3467 2289 si
3515 2233 3829 2304 contendaat‘

2266 2301 2472 2355 duabus
2503 2301 2606 2373 illis
2638 2300 2830 2373 Leonis
2858 2300 3109 2373 vocibus;
3144 2300 3457 2359 Christianis
3481 2307 3634 2373 ciris,
3663 2302 3803 2373 plebis

2268 2380 2473 2441 partem
2503 2372 2691 2426 saltem
2710 2372 2936 2427 obscure
2957 2372 3121 2428 fuisse
3147 2373 3457 2442 indicatam,
3481 2372 3799 2431 ultrocoacc-
3862 2379 3869 2385 '

2267 2443 2398 2513 dere
2424 2456 2527 2496 non
2560 2443 2884 2511 repugnabo.
2914 2442 3021 2499 Sed
3046 2444 3172 2513 quid
3206 2444 3367 2501 inde?
3401 2445 3633 2502 Insciens
3661 2455 3733 2500 est
3755 2442 3796 2497 iu

2268 2511 2510 2595 Ecclesia
2542 2521 2595 2566 ut
2630 2513 2920 2595 principes,
2951 2511 3338 2595 regiiministri
3359 2559 3377 2585 ,
3403 2528 3611 2572 senatus
3633 2518 3803 2595 ipsaet

2268 2583 2433 2658 aliqui
2466 2598 2533 2658 ex_
2563 2583 2769 2658 populo
2795 2583 3138 2658 inconciliis
3177 2583 3439 2658 tamquam
3480 2595 3633 2643 testes
3654 2583 3808 2658 idhi-

2270 2653 2534 2708 beantur?
2562 2652 2679 2709 Non
2714 2652 2914 2711 ea'l‘uit
2949 2655 3236 2713 multorum
3278 2652 3594 2713 conciliorum
3628 2653 3801 2713 nrasis

2268 2733 2323 2779 ct
2345 2724 2707 2779 consuetudo?
2744 2724 2851 2780 Sed
2892 2734 2952 2782 ut
2983 2728 3143 2782 missa
3175 2727 3409 2783 iaciamus
3446 2724 3786 2795 apostolorum

2270 2794 2518 2867 concilia,
2552 2796 2603 2850 in
2632 2795 2974 2867 quibuscum
3004 2798 3262 2867 apostolis
3283 2792 3566 2864 ceterisque
3590 2792 3794 2867 Domini

2270 2865 2548 2935 discipulis
2570 2863 2749 2921 cuncti
2776 2866 2963 2923 ﬁdeles
2982 2863 3297 2924 et’universa
3314 2863 3612 2923 credentium
3622 2863 3801 2919 multi-

2271 2934 2399 2991 tudo
2413 2934 2738 3006 congregata
2767 2946 2849 2992 est
2868 2979 2884 3005 ,
2928 2953 3106 2995 nonne
3156 2940 3222 2994 ad
3250 2938 3504 2994 Nicanum
3533 2936 3807 2992 concilium

2269 3007 2813 3131 Eeneraleprimum,
2844 3018 3041 3078 prteter
3061 3010 3339 3093 episcopos
3372 3018 3427 3092 et
3457 3010 3808 3090 imperatorem

2314 3086 2707 3131 onstattttnum.
2746 3091 3111 3131 convenerunt
3156 3093 3315 3131 etiam
3358 3080 3475 3131 laici
3511 3078 3808 3131 hominum

2314 3079 2707 3145 onstantinum,
2746 3076 3112 3135 conveneruni
3156 3076 3315 3136 etiam
3358 3080 3475 3137 laici
3511 3076 3808 3134 huminesin

2269 3148 2633 3221 philosophias
2650 3148 2841 3204 studiis
2867 3153 3107 3220 apprime
3136 3149 3366 3217 versati,
3396 3150 3485 3221 qui
3507 3164 3682 3221 coram
3699 3146 3806 3203 uni-

2273 3233 2429 3291 verso
2475 3219 2673 3291 populo
2698 3234 2818 3291 cum
2864 3219 3060 3276 nostris
3101 3219 3482 3291 disputationes
3514 3220 3811 3276 habuerunt.

2345 3289 2455 3345 Nos
2494 3290 2706 3360 quidem
2754 3289 3199 3361 locupletissimos
3243 3302 3482 3349 tenemus
3520 3300 3808 3355 testes,uec

2272 3368 2489 3433 tantum
2507 3374 2708 3433 omnes
2723 3363 3014 3418 catholicos
3042 3364 3332 3433 scriptores
3355 3364 3461 3433 (c),
3500 3362 3595 3433 sed
3622 3362 3809 3433 αἱμα

2272 3430 2648 3503 heterodoxos,
2672 3431 2947 3488 Calvinum
2969 3430 3193 3503 scilicet,
3216 3430 3494 3502 illiricum,
3522 3432 3805 3503 Lutherul,

2271 3502 2772 3575 Magdeburgenses,
2804 3515 2857 3558 et
2886 3504 3051 3575 alios,
3085 3501 3186 3575 qui
3209 3505 3261 3558 in
3294 3503 3397 3559 hac
3420 3501 3805 3575 exploratissiqa

2272 3588 2333 3627 re
2363 3572 2637 3645 nobiscum
2677 3574 3048 3645 consentiunt;
3082 3572 3323 3645 quamvis
3361 3574 3589 3639 deinde,
3621 3572 3804 3645 laudatis

2272 3644 2532 3712 exemplis
2550 3644 2855 3713 abutentes,
2879 3660 3040 3700 novas
3059 3643 3332 3701 machinas
3350 3656 3532 3701 contra
3552 3643 3798 3701 Ecclesia-

2272 3725 2481 3769 struere
2506 3724 2770 3786 conantur
2791 3757 2807 3781 ,
2839 3730 3118 3786 perperam
3155 3718 3376 3772 omnino
3395 3716 3654 3771 docentes
3680 3715 3802 3786 laicus

2273 3788 2441 3840 sacris
2487 3786 2539 3839 in
2564 3785 2809 3855 synodis,
2840 3784 2958 3841 non
3000 3787 3163 3842 veluti
3199 3796 3387 3852 testes,
3420 3788 3512 3841 sed
3554 3796 3617 3840 ut
3638 3784 3805 3855 judice!

2273 3870 2394 3927 esse
2434 3854 2796 3927 adhibendos.
2825 3864 2881 3911 et
2906 3871 3019 3927 non
3047 3857 3147 3911 nisi
3178 3866 3273 3927 per
3307 3871 3575 3912 summam
3601 3855 3807 3927 injuria!

2274 3925 2531 3999 suffragio
2568 3925 2651 3999 (ut
2675 3927 2850 3999 aiunt)
2878 3926 3096 3999 decisive
3127 3920 3286 3999 posse
3314 3927 3534 3997 privari.
3576 3920 3672 3983 Sed
3700 3920 3807 3994 quid

2276 3997 2407 4052 mihi
2445 3996 2721 4051 cum'istis
2757 3996 3020 4053 haereticis
3056 3996 3249 4065 medo,
3279 3996 3371 4067 qui
3400 4000 3585 4052 omnia
3607 4009 3809 4067 eum;

2278 4078 2437 4136 punt.
2464 4078 2555 4121 aut
2592 4067 2783 4122 saltem
2824 4068 2875 4121 in
2900 4060 3455 4136 contrariam'partem
3487 4060 3811 4123 convertunt?

2273 4138 2356 4210 Ad
2391 4137 2743 4210 ‘Qucsnellum
2786 4138 2963 4209 potius
3008 4138 3333 4210 Pagiumque
3371 4150 3646 4210 revertar.
3687 4146 3735 4192 et
3759 4149 3815 4210 an

2274 4205 2801 4279 (Ihalcedonensium'
2851 4205 3119 4279 gestorum
3178 4205 3501 4278 exemplaria
3560 4205 3815 4279 aliquando

2277 4278 2637 4351 percurrerint
2667 4278 2902 4349 rogabo?
2938 4280 3062 4335 Haec
3097 4290 3272 4351 autem
3302 4281 3538 4351 synodus
3554 4278 3818 4351 septennia

2313 4359 2397 4403 ost
2438 4348 2847 4420 Manichzcorum
2886 4348 3383 4406 condemnationem
3421 4348 3667 4416 ejusdem
3695 4360 3820 4420 papa

2351 4419 2469 4473 onis
2490 4418 2805 4492 auctoritate
2826 4421 2921 4474 fuit
2942 4432 3122 4492 coacta
3145 4430 3303 4492 atque
3328 4420 3482 4492 17o
3501 4418 3819 4492 conﬁrmata.

2277 4490 2666 4561 utquandoque
2680 4490 2939 4546 dicemus.
2960 4493 3036 4545 An
3056 4491 3110 4545 in
3132 4490 3602 4561 illa’soliipiscOpi.
3620 4490 3824 4560 presby-

2280 4560 2401 4625 teri,
2424 4562 2715 4632 caeterique
2728 4562 3003 4616 dumtaxat
3023 4560 3573 4617 Ecclesiarum’clerici
3594 4572 3656 4617 et
3688 4560 3822 4632 ruinis

2276 4632 2396 4696 stri,
2414 4630 2501 4703 vel
2512 4630 2906 4703 etiamgscnatus
2920 4648 3038 4703 cum
3053 4633 3317 4703 nonnullis
3332 4632 3448 4686 aliis
3462 4632 3535 4703 de,
3553 4634 3747 4703 portqu
3764 4631 3825 4684 lo-

2277 4717 2397 4773 cum
2412 4701 2691 4773 habuere?
2714 4701 2822 4757 Nos
2842 4702 3087 4773 equidem
3105 4705 3148 4757 si
3176 4702 3487 4757 authenticis
3511 4701 3669 4758 Actis
3689 4703 3827 4758 ﬁdem

2278 4772 2613 4844 adhibemus,
2641 4772 2979 4829 Chalcedenie
3007 4782 3354 4844 congregatos
3374 4773 3596 4844 legimus
3622 4783 3825 4831 senato—

2277 4858 2367 4915 res
2387 4852 2442 4899 et
2478 4843 2839 4914 magistratus.
2870 4843 3148 4909 consules.
3186 4843 3460 4915 pmfectos
3503 4844 3827 4915 reliquosque

2277 4914 2660 4983 imperatorum
2705 4914 3015 4981 ministros;
3060 4916 3223 4969 immo
3267 4914 3710 4984 intclligimus’iu
3738 4926 3827 4968 tan

2277 4985 2616 5056 frequentem
2665 4995 2983 5042 conventum
3019 4987 3250 5056 venisse
3286 4986 3467 5056 ipsum
3519 4984 3826 5042 Marcianum

2277 5055 2656 5127 imperatorem
2687 5071 2875 5127 magna
2907 5055 3158 5127 nobilium
3187 5064 3243 5111 et
3282 5055 3589 5127 ignobilium
3618 5057 3828 5111 comita-

2278 5125 2388 5182 tum
2418 5127 2637 5192 familia,
2658 5125 2968 5198 qui,'magni
2988 5126 3317 5198 Constantini
3336 5125 3582 5198 exempla
3602 5136 3827 5185 Secum.

2278 5198 2405 5254 ﬁdei
2448 5195 2711 5255 vindicem
2758 5195 3166 5255 sese'exhihuit
3194 5214 3207 5251 :
3238 5195 3351 5267 Nos
3388 5197 3519 5251 enim
3570 5198 3645 5249 ad
3698 5198 3829 5267 fida

2275 5270 2700 5337 conﬁrmandam,
2726 5284 2830 5323 non
2855 5268 2923 5321 ad
2940 5270 3212 5337 potentiam
3238 5266 3463 5337 aliquam
3486 5266 3829 5329 exercendam,

2275 5342 2502 5410 exenipio
2532 5340 2775 5411 religiosi,
2803 5340 3047 5411 principis
3087 5337 3441 5411 Constantini,
3472 5337 3677 5409 synodo
3697 5339 3831 5411 integ-

2274 5426 2381 5465 csse
2418 5406 2699 5465 soluimus.
2760 5406 2836 5466 Ita
2873 5406 3169 5465 Marcianus
3211 5406 3685 5465 Chalcedonenses
3741 5406 3828 5462 PP.

2271 5482 2535 5537 allocutus
2563 5492 2645 5538 est
2674 5480 2779 5554 (d).
2803 5480 3067 5552 Numquid
3101 5494 3198 5537 nec
3231 5478 3373 5536 istud
3412 5480 3516 5535 erit
3536 5479 3834 5545 amcitiam.

2268 5634 2481 5690 quoque
2503 5620 2591 5675 lib.
2623 5637 2677 5676 x.

2343 5690 2423 5763 (ιι)
2457 5691 2709 5764 Marciani
2740 5693 3075 5764 imperatoris
3116 5692 3366 5754 allocutio
3406 5701 3583 5752 exstat
3618 5700 3757 5751 tom.
3778 5687 3837 5749 ιν

2269 5761 2432 5819 Cone.
2459 5778 2577 5836 pag.
2612 5763 2770 5821 H72.
