  <div class='ocr_page' id='page_1' title='image "/cluster/home/n/w/nwhite01/storage/ocr_20150623/55/hvd.32044015471592/482.png"; bbox 0 0 1994 3157; ppageno 0'>
   <div class='ocr_carea' id='block_1_1' title="bbox 145 175 198 206">
    <p class='ocr_par' dir='ltr' id='par_1_1' title="bbox 145 175 198 206">
     <span class='ocr_line' id='line_1_1' title="bbox 145 175 198 206; baseline 0 0"><span class='ocrx_word' id='word_1_1' title='bbox 145 175 198 206; x_wconf 73' lang='grc'><strong>955</strong></span> 
     </span>
    </p>
   </div>
   <div class='ocr_carea' id='block_1_2' title="bbox 532 172 1386 203">
    <p class='ocr_par' dir='ltr' id='par_1_2' title="bbox 532 172 1386 203">
     <span class='ocr_line' id='line_1_2' title="bbox 532 172 1386 203; baseline 0 0"><span class='ocrx_word' id='word_1_2' title='bbox 532 174 575 203; x_wconf 85' lang='lat' dir='ltr'><strong>DE</strong></span> <span class='ocrx_word' id='word_1_3' title='bbox 595 172 855 203; x_wconf 58' lang='lat' dir='ltr'><strong>“ANICHEORUM</strong></span> <span class='ocrx_word' id='word_1_4' title='bbox 874 172 1013 202; x_wconf 67' lang='grc' dir='ltr'><strong>Μιῐιεει</strong></span> <span class='ocrx_word' id='word_1_5' title='bbox 1033 173 1077 201; x_wconf 85' lang='grc' dir='ltr'><strong>ΕΤ</strong></span> <span class='ocrx_word' id='word_1_6' title='bbox 1096 173 1254 203; x_wconf 72' lang='lat' dir='ltr'><strong>HISTORIA</strong></span> <span class='ocrx_word' id='word_1_7' title='bbox 1274 175 1337 203; x_wconf 85' lang='lat' dir='ltr'><strong>LIB.</strong></span> <span class='ocrx_word' id='word_1_8' title='bbox 1353 176 1386 203; x_wconf 90' lang='lat' dir='ltr'><strong>ll.</strong></span> 
     </span>
    </p>
   </div>
   <div class='ocr_carea' id='block_1_3' title="bbox 1713 174 1768 205">
    <p class='ocr_par' dir='ltr' id='par_1_3' title="bbox 1713 174 1768 205">
     <span class='ocr_line' id='line_1_3' title="bbox 1713 174 1768 205; baseline -0.018 0"><span class='ocrx_word' id='word_1_9' title='bbox 1713 174 1768 205; x_wconf 69' lang='grc' dir='ltr'><strong>ρει</strong></span> 
     </span>
    </p>
   </div>
   <div class='ocr_carea' id='block_1_4' title="bbox 147 233 1765 271">
    <p class='ocr_par' dir='ltr' id='par_1_4' title="bbox 147 233 1765 271">
     <span class='ocr_line' id='line_1_4' title="bbox 147 233 1765 271; baseline -0.001 -7"><span class='ocrx_word' id='word_1_10' title='bbox 147 239 174 264; x_wconf 91' lang='lat' dir='ltr'><strong>in</strong></span> <span class='ocrx_word' id='word_1_11' title='bbox 185 244 238 271; x_wconf 89' lang='lat' dir='ltr'><strong>quo</strong></span> <span class='ocrx_word' id='word_1_12' title='bbox 248 243 308 263; x_wconf 81' lang='lat' dir='ltr'><strong>eum</strong></span> <span class='ocrx_word' id='word_1_13' title='bbox 322 235 502 262; x_wconf 78' lang='lat' dir='ltr'><strong>sacerdotibus</strong></span> <span class='ocrx_word' id='word_1_14' title='bbox 514 235 670 271; x_wconf 82' lang='lat' dir='ltr'><strong>imperator,</strong></span> <span class='ocrx_word' id='word_1_15' title='bbox 685 237 805 266; x_wconf 84' lang='lat' dir='ltr'><strong>senatus,</strong></span> <span class='ocrx_word' id='word_1_16' title='bbox 820 233 929 271; x_wconf 72' lang='lat' dir='ltr'><strong>provin-</strong></span> <span class='ocrx_word' id='word_1_17' title='bbox 941 235 968 264; x_wconf 80' lang='grc' dir='ltr'>Α</span> <span class='ocrx_word' id='word_1_18' title='bbox 984 233 1066 271; x_wconf 83' lang='lat' dir='ltr'><strong>etiam</strong></span> <span class='ocrx_word' id='word_1_19' title='bbox 1080 233 1220 271; x_wconf 67' lang='lat' dir='ltr'><strong>catholica:</strong></span> <span class='ocrx_word' id='word_1_20' title='bbox 1232 233 1357 262; x_wconf 73' lang='lat' dir='ltr'><strong>Ecclesia:</strong></span> <span class='ocrx_word' id='word_1_21' title='bbox 1370 242 1412 263; x_wconf 87' lang='lat' dir='ltr'><strong>res</strong></span> <span class='ocrx_word' id='word_1_22' title='bbox 1427 234 1579 268; x_wconf 87' lang='lat' dir='ltr'><strong>turbarunt,</strong></span> <span class='ocrx_word' id='word_1_23' title='bbox 1588 238 1625 267; x_wconf 90' lang='lat' dir='ltr'><strong>ut,</strong></span> <span class='ocrx_word' id='word_1_24' title='bbox 1642 233 1708 262; x_wconf 90' lang='lat' dir='ltr'><strong>inito</strong></span> <span class='ocrx_word' id='word_1_25' title='bbox 1711 235 1765 271; x_wconf 58' lang='lat' dir='ltr'><strong>ite-</strong></span> 
     </span>
    </p>
   </div>
   <div class='ocr_carea' id='block_1_5' title="bbox 146 268 926 306">
    <p class='ocr_par' dir='ltr' id='par_1_5' title="bbox 146 268 926 306">
     <span class='ocr_line' id='line_1_5' title="bbox 146 268 926 306; baseline -0.004 -7"><span class='ocrx_word' id='word_1_26' title='bbox 146 268 245 299; x_wconf 78' lang='lat' dir='ltr'><strong>ciarum</strong></span> <span class='ocrx_word' id='word_1_27' title='bbox 265 276 291 298; x_wconf 90' lang='lat' dir='ltr'><strong>et</strong></span> <span class='ocrx_word' id='word_1_28' title='bbox 306 271 470 306; x_wconf 74' lang='lat' dir='ltr'><strong>negotiorum</strong></span> <span class='ocrx_word' id='word_1_29' title='bbox 492 268 624 304; x_wconf 60' lang='lat' dir='ltr'><strong>praefecti,</strong></span> <span class='ocrx_word' id='word_1_30' title='bbox 640 274 667 297; x_wconf 90' lang='lat' dir='ltr'><strong>et</strong></span> <span class='ocrx_word' id='word_1_31' title='bbox 685 277 745 303; x_wconf 85' lang='lat' dir='ltr'><strong>pars</strong></span> <span class='ocrx_word' id='word_1_32' title='bbox 752 269 848 306; x_wconf 68' lang='lat' dir='ltr'><strong>populi</strong></span> <span class='ocrx_word' id='word_1_33' title='bbox 868 268 926 296; x_wconf 87' lang='lat' dir='ltr'><strong>fue-</strong></span> 
     </span>
    </p>
   </div>
   <div class='ocr_carea' id='block_1_6' title="bbox 146 303 926 341">
    <p class='ocr_par' dir='ltr' id='par_1_6' title="bbox 146 303 926 341">
     <span class='ocr_line' id='line_1_6' title="bbox 146 303 926 341; baseline -0.006 -6"><span class='ocrx_word' id='word_1_34' title='bbox 146 308 225 335; x_wconf 72' lang='lat' dir='ltr'><strong>runt?</strong></span> <span class='ocrx_word' id='word_1_35' title='bbox 239 314 315 341; x_wconf 77' lang='lat' dir='ltr'><strong>nugze</strong></span> <span class='ocrx_word' id='word_1_36' title='bbox 336 303 430 338; x_wconf 68' lang='lat' dir='ltr'><strong>mene;</strong></span> <span class='ocrx_word' id='word_1_37' title='bbox 449 303 531 341; x_wconf 81' lang='lat' dir='ltr'><strong>apage</strong></span> <span class='ocrx_word' id='word_1_38' title='bbox 551 305 726 340; x_wconf 74' lang='lat' dir='ltr'><strong>figmentum!</strong></span> <span class='ocrx_word' id='word_1_39' title='bbox 745 303 926 341; x_wconf 83' lang='lat' dir='ltr'><strong>Conciliorutn</strong></span> 
     </span>
    </p>
   </div>
   <div class='ocr_carea' id='block_1_7' title="bbox 146 340 926 375">
    <p class='ocr_par' dir='ltr' id='par_1_7' title="bbox 146 340 926 375">
     <span class='ocr_line' id='line_1_7' title="bbox 146 340 926 375; baseline -0.006 -5"><span class='ocrx_word' id='word_1_40' title='bbox 146 342 215 371; x_wconf 89' lang='lat' dir='ltr'><strong>enim</strong></span> <span class='ocrx_word' id='word_1_41' title='bbox 236 340 338 370; x_wconf 82' lang='lat' dir='ltr'><strong>veritati</strong></span> <span class='ocrx_word' id='word_1_42' title='bbox 362 341 496 369; x_wconf 86' lang='lat' dir='ltr'><strong>hominum</strong></span> <span class='ocrx_word' id='word_1_43' title='bbox 517 341 645 368; x_wconf 86' lang='lat' dir='ltr'><strong>laicorum</strong></span> <span class='ocrx_word' id='word_1_44' title='bbox 667 340 747 367; x_wconf 87' lang='lat' dir='ltr'><strong>etiatn</strong></span> <span class='ocrx_word' id='word_1_45' title='bbox 763 340 926 375; x_wconf 73' lang='lat' dir='ltr'><strong>congregatio</strong></span> 
     </span>
    </p>
   </div>
   <div class='ocr_carea' id='block_1_8' title="bbox 146 375 925 411">
    <p class='ocr_par' dir='ltr' id='par_1_8' title="bbox 146 375 925 411">
     <span class='ocr_line' id='line_1_8' title="bbox 146 375 925 411; baseline -0.006 -6"><span class='ocrx_word' id='word_1_46' title='bbox 146 379 254 406; x_wconf 87' lang='lat' dir='ltr'><strong>minime</strong></span> <span class='ocrx_word' id='word_1_47' title='bbox 268 377 362 405; x_wconf 85' lang='lat' dir='ltr'><strong>obesse</strong></span> <span class='ocrx_word' id='word_1_48' title='bbox 372 381 467 411; x_wconf 88' lang='lat' dir='ltr'><strong>potest.</strong></span> <span class='ocrx_word' id='word_1_49' title='bbox 484 376 505 404; x_wconf 91' lang='lat' dir='ltr'><strong>si</strong></span> <span class='ocrx_word' id='word_1_50' title='bbox 521 376 637 410; x_wconf 85' lang='lat' dir='ltr'><strong>episcopi</strong></span> <span class='ocrx_word' id='word_1_51' title='bbox 651 375 802 408; x_wconf 89' lang='lat' dir='ltr'><strong>dumtaxat,</strong></span> <span class='ocrx_word' id='word_1_52' title='bbox 817 382 925 411; x_wconf 44' lang='lat' dir='ltr'><strong>eorum:</strong></span> 
     </span>
    </p>
   </div>
   <div class='ocr_carea' id='block_1_9' title="bbox 145 410 926 448">
    <p class='ocr_par' dir='ltr' id='par_1_9' title="bbox 145 410 926 448">
     <span class='ocr_line' id='line_1_9' title="bbox 145 410 926 448; baseline -0.006 -7"><span class='ocrx_word' id='word_1_53' title='bbox 145 421 196 448; x_wconf 87' lang='lat' dir='ltr'><strong>que</strong></span> <span class='ocrx_word' id='word_1_54' title='bbox 210 413 300 448; x_wconf 90' lang='lat' dir='ltr'><strong>legati,</strong></span> <span class='ocrx_word' id='word_1_55' title='bbox 316 413 355 439; x_wconf 83' lang='lat' dir='ltr'><strong>vel</strong></span> <span class='ocrx_word' id='word_1_56' title='bbox 371 410 415 439; x_wconf 84' lang='lat' dir='ltr'><strong>alii</strong></span> <span class='ocrx_word' id='word_1_57' title='bbox 436 412 620 446; x_wconf 84' lang='lat' dir='ltr'><strong>religiosarum</strong></span> <span class='ocrx_word' id='word_1_58' title='bbox 636 411 797 438; x_wconf 78' lang='lat' dir='ltr'><strong>familiarum</strong></span> <span class='ocrx_word' id='word_1_59' title='bbox 812 410 926 448; x_wconf 74' lang='lat' dir='ltr'><strong>ministri</strong></span> 
     </span>
    </p>
   </div>
   <div class='ocr_carea' id='block_1_10' title="bbox 146 445 924 480">
    <p class='ocr_par' dir='ltr' id='par_1_10' title="bbox 146 445 924 480">
     <span class='ocr_line' id='line_1_10' title="bbox 146 445 924 480; baseline -0.004 -4"><span class='ocrx_word' id='word_1_60' title='bbox 146 445 173 476; x_wconf 79' lang='grc' dir='ltr'><strong>ἐι</strong></span> <span class='ocrx_word' id='word_1_61' title='bbox 185 445 312 479; x_wconf 74' lang='lat' dir='ltr'><strong>cultores,</strong></span> <span class='ocrx_word' id='word_1_62' title='bbox 327 445 521 475; x_wconf 83' lang='lat' dir='ltr'><strong>ecclesiasticas</strong></span> <span class='ocrx_word' id='word_1_63' title='bbox 534 454 629 474; x_wconf 85' lang='lat' dir='ltr'><strong>causas</strong></span> <span class='ocrx_word' id='word_1_64' title='bbox 643 450 807 480; x_wconf 91' lang='lat' dir='ltr'><strong>pertractent</strong></span> <span class='ocrx_word' id='word_1_65' title='bbox 821 450 847 472; x_wconf 88' lang='lat' dir='ltr'><strong>et</strong></span> <span class='ocrx_word' id='word_1_66' title='bbox 862 445 924 473; x_wconf 92' lang='lat' dir='ltr'><strong>ﬁdei</strong></span> 
     </span>
    </p>
   </div>
   <div class='ocr_carea' id='block_1_11' title="bbox 145 480 925 519">
    <p class='ocr_par' dir='ltr' id='par_1_11' title="bbox 145 480 925 519">
     <span class='ocr_line' id='line_1_11' title="bbox 145 480 925 519; baseline -0.005 -8"><span class='ocrx_word' id='word_1_67' title='bbox 145 484 246 519; x_wconf 86' lang='lat' dir='ltr'><strong>negotia</strong></span> <span class='ocrx_word' id='word_1_68' title='bbox 262 483 405 515; x_wconf 83' lang='lat' dir='ltr'><strong>deﬁniant;</strong></span> <span class='ocrx_word' id='word_1_69' title='bbox 425 483 447 510; x_wconf 94' lang='lat' dir='ltr'><strong>si</strong></span> <span class='ocrx_word' id='word_1_70' title='bbox 461 483 581 519; x_wconf 78' lang='lat' dir='ltr'><strong>denique</strong></span> <span class='ocrx_word' id='word_1_71' title='bbox 601 481 643 519; x_wconf 70' lang='lat' dir='ltr'><strong>isii</strong></span> <span class='ocrx_word' id='word_1_72' title='bbox 657 482 706 508; x_wconf 86' lang='lat' dir='ltr'><strong>soli</strong></span> <span class='ocrx_word' id='word_1_73' title='bbox 717 480 801 519; x_wconf 59' lang='lat' dir='ltr'><strong>veluti</strong></span> <span class='ocrx_word' id='word_1_74' title='bbox 820 480 925 515; x_wconf 89' lang='lat' dir='ltr'><strong>judices</strong></span> 
     </span>
    </p>
   </div>
   <div class='ocr_carea' id='block_1_12' title="bbox 143 516 926 555">
    <p class='ocr_par' dir='ltr' id='par_1_12' title="bbox 143 516 926 555">
     <span class='ocr_line' id='line_1_12' title="bbox 143 516 926 555; baseline -0.005 -9"><span class='ocrx_word' id='word_1_75' title='bbox 143 516 315 555; x_wconf 76' lang='lat' dir='ltr'><strong>synodalibus</strong></span> <span class='ocrx_word' id='word_1_76' title='bbox 328 518 509 555; x_wconf 66' lang='lat' dir='ltr'><strong>auctionibus</strong></span> <span class='ocrx_word' id='word_1_77' title='bbox 522 516 699 555; x_wconf 76' lang='lat' dir='ltr'><strong>subscribam.</strong></span> <span class='ocrx_word' id='word_1_78' title='bbox 715 516 770 555; x_wconf 79' lang='lat' dir='ltr'><strong>Nec</strong></span> <span class='ocrx_word' id='word_1_79' title='bbox 786 519 926 555; x_wconf 78' lang='lat' dir='ltr'><strong>propterea</strong></span> 
     </span>
    </p>
   </div>
   <div class='ocr_carea' id='block_1_13' title="bbox 144 551 924 588">
    <p class='ocr_par' dir='ltr' id='par_1_13' title="bbox 144 551 924 588">
     <span class='ocr_line' id='line_1_13' title="bbox 144 551 924 588; baseline -0.006 -6"><span class='ocrx_word' id='word_1_80' title='bbox 144 551 292 588; x_wconf 65' lang='lat' dir='ltr'><strong>principes,</strong></span> <span class='ocrx_word' id='word_1_81' title='bbox 306 553 486 588; x_wconf 72' lang='lat' dir='ltr'><strong>magistratus,</strong></span> <span class='ocrx_word' id='word_1_82' title='bbox 512 553 589 588; x_wconf 80' lang='lat' dir='ltr'><strong>plebs</strong></span> <span class='ocrx_word' id='word_1_83' title='bbox 601 553 668 586; x_wconf 84' lang='lat' dir='ltr'><strong>ipsa,</strong></span> <span class='ocrx_word' id='word_1_84' title='bbox 684 552 756 578; x_wconf 91' lang='lat' dir='ltr'><strong>omni</strong></span> <span class='ocrx_word' id='word_1_85' title='bbox 771 558 883 588; x_wconf 86' lang='lat' dir='ltr'><strong>munere</strong></span> <span class='ocrx_word' id='word_1_86' title='bbox 898 551 924 588; x_wconf 87' lang='lat' dir='ltr'><strong>in</strong></span> 
     </span>
    </p>
   </div>
   <div class='ocr_carea' id='block_1_14' title="bbox 142 586 926 621">
    <p class='ocr_par' dir='ltr' id='par_1_14' title="bbox 142 586 926 621">
     <span class='ocr_line' id='line_1_14' title="bbox 142 586 926 621; baseline -0.005 -4"><span class='ocrx_word' id='word_1_87' title='bbox 142 586 261 617; x_wconf 75' lang='lat' dir='ltr'><strong>conciliis</strong></span> <span class='ocrx_word' id='word_1_88' title='bbox 274 586 412 621; x_wconf 72' lang='lat' dir='ltr'><strong>carerent,</strong></span> <span class='ocrx_word' id='word_1_89' title='bbox 435 589 457 616; x_wconf 94' lang='lat' dir='ltr'><strong>si</strong></span> <span class='ocrx_word' id='word_1_90' title='bbox 473 588 552 616; x_wconf 85' lang='lat' dir='ltr'><strong>veluti</strong></span> <span class='ocrx_word' id='word_1_91' title='bbox 567 587 654 615; x_wconf 88' lang='lat' dir='ltr'><strong>idonei</strong></span> <span class='ocrx_word' id='word_1_92' title='bbox 669 591 751 614; x_wconf 80' lang='lat' dir='ltr'><strong>testes</strong></span> <span class='ocrx_word' id='word_1_93' title='bbox 768 592 795 614; x_wconf 88' lang='lat' dir='ltr'><strong>et</strong></span> <span class='ocrx_word' id='word_1_94' title='bbox 808 586 926 614; x_wconf 76' lang='lat' dir='ltr'><strong>veritatis</strong></span> 
     </span>
    </p>
   </div>
   <div class='ocr_carea' id='block_1_15' title="bbox 142 621 926 656">
    <p class='ocr_par' dir='ltr' id='par_1_15' title="bbox 142 621 926 656">
     <span class='ocr_line' id='line_1_15' title="bbox 142 621 926 656; baseline -0.001 -5"><span class='ocrx_word' id='word_1_95' title='bbox 142 625 260 653; x_wconf 85' lang='lat' dir='ltr'><strong>vindices</strong></span> <span class='ocrx_word' id='word_1_96' title='bbox 271 625 445 652; x_wconf 84' lang='lat' dir='ltr'><strong>atlmittantur</strong></span> <span class='ocrx_word' id='word_1_97' title='bbox 457 628 484 651; x_wconf 92' lang='lat' dir='ltr'><strong>et</strong></span> <span class='ocrx_word' id='word_1_98' title='bbox 493 625 666 656; x_wconf 85' lang='lat' dir='ltr'><strong>advocentur,</strong></span> <span class='ocrx_word' id='word_1_99' title='bbox 681 626 710 649; x_wconf 91' lang='lat' dir='ltr'><strong>ut</strong></span> <span class='ocrx_word' id='word_1_100' title='bbox 729 622 784 649; x_wconf 88' lang='lat' dir='ltr'><strong>ﬁeri</strong></span> <span class='ocrx_word' id='word_1_101' title='bbox 798 623 875 649; x_wconf 82' lang='lat' dir='ltr'><strong>solet.</strong></span> <span class='ocrx_word' id='word_1_102' title='bbox 886 621 926 650; x_wconf 85' lang='lat' dir='ltr'><strong>Ne</strong></span> 
     </span>
    </p>
   </div>
   <div class='ocr_carea' id='block_1_16' title="bbox 141 657 924 695">
    <p class='ocr_par' dir='ltr' id='par_1_16' title="bbox 141 657 924 695">
     <span class='ocr_line' id='line_1_16' title="bbox 141 657 924 695; baseline -0.004 -7"><span class='ocrx_word' id='word_1_103' title='bbox 141 665 230 688; x_wconf 83' lang='lat' dir='ltr'><strong>autem</strong></span> <span class='ocrx_word' id='word_1_104' title='bbox 241 659 373 695; x_wconf 88' lang='lat' dir='ltr'><strong>ejusmodi</strong></span> <span class='ocrx_word' id='word_1_105' title='bbox 382 658 523 686; x_wconf 87' lang='lat' dir='ltr'><strong>discrimen</strong></span> <span class='ocrx_word' id='word_1_106' title='bbox 535 658 616 695; x_wconf 81' lang='lat' dir='ltr'><strong>laicos</strong></span> <span class='ocrx_word' id='word_1_107' title='bbox 628 658 697 685; x_wconf 87' lang='lat' dir='ltr'><strong>inter</strong></span> <span class='ocrx_word' id='word_1_108' title='bbox 706 662 733 684; x_wconf 90' lang='lat' dir='ltr'><strong>et</strong></span> <span class='ocrx_word' id='word_1_109' title='bbox 746 657 924 695; x_wconf 75' lang='lat' dir='ltr'><strong>Ecclesiarutn</strong></span> 
     </span>
    </p>
   </div>
   <div class='ocr_carea' id='block_1_17' title="bbox 141 692 924 723">
    <p class='ocr_par' dir='ltr' id='par_1_17' title="bbox 141 692 924 723">
     <span class='ocr_line' id='line_1_17' title="bbox 141 692 924 723; baseline -0.004 0"><span class='ocrx_word' id='word_1_110' title='bbox 141 692 279 723; x_wconf 78' lang='lat' dir='ltr'><strong>ministros</strong></span> <span class='ocrx_word' id='word_1_111' title='bbox 290 696 316 723; x_wconf 94' lang='lat' dir='ltr'><strong>in</strong></span> <span class='ocrx_word' id='word_1_112' title='bbox 326 694 446 722; x_wconf 91' lang='lat' dir='ltr'><strong>Leonino</strong></span> <span class='ocrx_word' id='word_1_113' title='bbox 457 694 662 721; x_wconf 66' lang='lat' dir='ltr'><strong>Manichaeorum</strong></span> <span class='ocrx_word' id='word_1_114' title='bbox 673 697 805 720; x_wconf 77' lang='lat' dir='ltr'><strong>ccttventu</strong></span> <span class='ocrx_word' id='word_1_115' title='bbox 816 692 924 720; x_wconf 88' lang='lat' dir='ltr'><strong>minime</strong></span> 
     </span>
    </p>
   </div>
   <div class='ocr_carea' id='block_1_18' title="bbox 140 728 922 764">
    <p class='ocr_par' dir='ltr' id='par_1_18' title="bbox 140 728 922 764">
     <span class='ocr_line' id='line_1_18' title="bbox 140 728 922 764; baseline -0.005 -6"><span class='ocrx_word' id='word_1_116' title='bbox 140 736 275 758; x_wconf 87' lang='lat' dir='ltr'><strong>servatum</strong></span> <span class='ocrx_word' id='word_1_117' title='bbox 288 730 370 757; x_wconf 89' lang='lat' dir='ltr'><strong>fuisse</strong></span> <span class='ocrx_word' id='word_1_118' title='bbox 382 730 512 764; x_wconf 88' lang='lat' dir='ltr'><strong>quispiam</strong></span> <span class='ocrx_word' id='word_1_119' title='bbox 526 728 685 763; x_wconf 87' lang='lat' dir='ltr'><strong>suspicetur,</strong></span> <span class='ocrx_word' id='word_1_120' title='bbox 700 728 806 764; x_wconf 80' lang='lat' dir='ltr'><strong>Vellem,</strong></span> <span class='ocrx_word' id='word_1_121' title='bbox 820 735 922 762; x_wconf 67' lang='lat' dir='ltr'><strong>quaeso,</strong></span> 
     </span>
    </p>
   </div>
   <div class='ocr_carea' id='block_1_19' title="bbox 140 762 922 800">
    <p class='ocr_par' dir='ltr' id='par_1_19' title="bbox 140 762 922 800">
     <span class='ocr_line' id='line_1_19' title="bbox 140 762 922 800; baseline -0.006 -6"><span class='ocrx_word' id='word_1_122' title='bbox 140 766 174 794; x_wconf 84' lang='lat' dir='ltr'><strong>ad</strong></span> <span class='ocrx_word' id='word_1_123' title='bbox 188 766 216 793; x_wconf 89' lang='lat' dir='ltr'><strong>S.</strong></span> <span class='ocrx_word' id='word_1_124' title='bbox 233 766 366 800; x_wconf 88' lang='lat' dir='ltr'><strong>pontiﬁcis</strong></span> <span class='ocrx_word' id='word_1_125' title='bbox 385 762 509 799; x_wconf 79' lang='lat' dir='ltr'><strong>loquendi</strong></span> <span class='ocrx_word' id='word_1_126' title='bbox 525 762 663 792; x_wconf 88' lang='lat' dir='ltr'><strong>formulam</strong></span> <span class='ocrx_word' id='word_1_127' title='bbox 685 762 922 800; x_wconf 88' lang='lat' dir='ltr'><strong>animadverteret,</strong></span> 
     </span>
    </p>
   </div>
   <div class='ocr_carea' id='block_1_20' title="bbox 140 798 921 836">
    <p class='ocr_par' dir='ltr' id='par_1_20' title="bbox 140 798 921 836">
     <span class='ocr_line' id='line_1_20' title="bbox 140 798 921 836; baseline -0.006 -7"><span class='ocrx_word' id='word_1_128' title='bbox 140 809 193 836; x_wconf 85' lang='lat' dir='ltr'><strong>qua</strong></span> <span class='ocrx_word' id='word_1_129' title='bbox 205 798 334 829; x_wconf 79' lang='lat' dir='ltr'><strong>describit</strong></span> <span class='ocrx_word' id='word_1_130' title='bbox 355 798 427 834; x_wconf 81' lang='lat' dir='ltr'><strong>prius</strong></span> <span class='ocrx_word' id='word_1_131' title='bbox 450 801 578 836; x_wconf 68' lang='lat' dir='ltr'><strong>episcopos</strong></span> <span class='ocrx_word' id='word_1_132' title='bbox 602 798 808 836; x_wconf 15' lang='lat' dir='ltr'><strong>etipresbyteros</strong></span> <span class='ocrx_word' id='word_1_133' title='bbox 832 805 921 836; x_wconf 73' lang='lat' dir='ltr'><strong>secum</strong></span> 
     </span>
    </p>
   </div>
   <div class='ocr_carea' id='block_1_21' title="bbox 143 832 922 870">
    <p class='ocr_par' dir='ltr' id='par_1_21' title="bbox 143 832 922 870">
     <span class='ocr_line' id='line_1_21' title="bbox 143 832 922 870; baseline -0.005 -6"><span class='ocrx_word' id='word_1_134' title='bbox 143 832 225 864; x_wconf 71' lang='lat' dir='ltr'><strong>veluti</strong></span> <span class='ocrx_word' id='word_1_135' title='bbox 245 837 271 864; x_wconf 90' lang='lat' dir='ltr'><strong>in</strong></span> <span class='ocrx_word' id='word_1_136' title='bbox 285 832 444 870; x_wconf 74' lang='lat' dir='ltr'><strong>iudiciorum</strong></span> <span class='ocrx_word' id='word_1_137' title='bbox 457 832 579 862; x_wconf 81' lang='lat' dir='ltr'><strong>tribunali</strong></span> <span class='ocrx_word' id='word_1_138' title='bbox 591 832 744 865; x_wconf 77' lang='lat' dir='ltr'><strong>residentes,</strong></span> <span class='ocrx_word' id='word_1_139' title='bbox 760 839 813 859; x_wconf 88' lang='lat' dir='ltr'><strong>tum</strong></span> <span class='ocrx_word' id='word_1_140' title='bbox 825 832 922 870; x_wconf 84' lang='lat' dir='ltr'><strong>deinde</strong></span> 
     </span>
    </p>
   </div>
   <div class='ocr_carea' id='block_1_22' title="bbox 141 868 922 907">
    <p class='ocr_par' dir='ltr' id='par_1_22' title="bbox 141 868 922 907">
     <span class='ocr_line' id='line_1_22' title="bbox 141 868 922 907; baseline -0.004 -10"><span class='ocrx_word' id='word_1_141' title='bbox 141 874 188 903; x_wconf 88' lang='lat' dir='ltr'><strong>ait,</strong></span> <span class='ocrx_word' id='word_1_142' title='bbox 210 868 366 907; x_wconf 58' lang='lat' dir='ltr'><strong>congregatis</strong></span> <span class='ocrx_word' id='word_1_143' title='bbox 386 870 533 897; x_wconf 69' lang='lat' dir='ltr'><strong>Christianis</strong></span> <span class='ocrx_word' id='word_1_144' title='bbox 554 870 610 896; x_wconf 74' lang='lat' dir='ltr'><strong>viris</strong></span> <span class='ocrx_word' id='word_1_145' title='bbox 625 869 800 907; x_wconf 65' lang='lat' dir='ltr'><strong>ac_r_tobt&#39;(ibtts,</strong></span> <span class='ocrx_word' id='word_1_146' title='bbox 812 868 922 903; x_wconf 78' lang='lat' dir='ltr'><strong>juuisse</strong></span> 
     </span>
    </p>
   </div>
   <div class='ocr_carea' id='block_1_23' title="bbox 141 904 921 939">
    <p class='ocr_par' dir='ltr' id='par_1_23' title="bbox 141 904 921 939">
     <span class='ocr_line' id='line_1_23' title="bbox 141 904 921 939; baseline -0.005 -6"><span class='ocrx_word' id='word_1_147' title='bbox 141 908 233 934; x_wconf 83' lang='lat' dir='ltr'><strong>electos</strong></span> <span class='ocrx_word' id='word_1_148' title='bbox 247 904 269 933; x_wconf 70' lang='lat' dir='ltr'><strong>et</strong></span> <span class='ocrx_word' id='word_1_149' title='bbox 282 904 370 933; x_wconf 69' lang='lat' dir='ltr'><strong>eiectas</strong></span> <span class='ocrx_word' id='word_1_150' title='bbox 386 914 471 932; x_wconf 83' lang='lat' dir='ltr'><strong>eorum</strong></span> <span class='ocrx_word' id='word_1_151' title='bbox 485 905 641 939; x_wconf 67' lang='lat' dir='ltr'><strong>praesentari.</strong></span> <span class='ocrx_word' id='word_1_152' title='bbox 657 904 713 930; x_wconf 87' lang='lat' dir='ltr'><strong>Non</strong></span> <span class='ocrx_word' id='word_1_153' title='bbox 728 904 817 937; x_wconf 79' lang='lat' dir='ltr'><strong>itaque</strong></span> <span class='ocrx_word' id='word_1_154' title='bbox 834 908 860 930; x_wconf 90' lang='lat' dir='ltr'><strong>et</strong></span> <span class='ocrx_word' id='word_1_155' title='bbox 872 910 921 930; x_wconf 88' lang='lat' dir='ltr'><strong>no-</strong></span> 
     </span>
    </p>
   </div>
   <div class='ocr_carea' id='block_1_24' title="bbox 141 939 922 974">
    <p class='ocr_par' dir='ltr' id='par_1_24' title="bbox 141 939 922 974">
     <span class='ocr_line' id='line_1_24' title="bbox 141 939 922 974; baseline -0.003 -6"><span class='ocrx_word' id='word_1_156' title='bbox 141 943 207 968; x_wconf 84' lang='lat' dir='ltr'><strong>biles</strong></span> <span class='ocrx_word' id='word_1_157' title='bbox 225 943 273 968; x_wconf 86' lang='lat' dir='ltr'><strong>viri</strong></span> <span class='ocrx_word' id='word_1_158' title='bbox 288 949 345 968; x_wconf 81' lang='lat' dir='ltr'><strong>cuin</strong></span> <span class='ocrx_word' id='word_1_159' title='bbox 362 940 450 967; x_wconf 86' lang='lat' dir='ltr'><strong>Leone</strong></span> <span class='ocrx_word' id='word_1_160' title='bbox 464 946 490 967; x_wconf 90' lang='lat' dir='ltr'><strong>et</strong></span> <span class='ocrx_word' id='word_1_161' title='bbox 500 939 603 966; x_wconf 64' lang='lat' dir='ltr'><strong>caeteris</strong></span> <span class='ocrx_word' id='word_1_162' title='bbox 612 939 745 974; x_wconf 83' lang='lat' dir='ltr'><strong>episeopis</strong></span> <span class='ocrx_word' id='word_1_163' title='bbox 760 940 799 966; x_wconf 89' lang='lat' dir='ltr'><strong>vel</strong></span> <span class='ocrx_word' id='word_1_164' title='bbox 812 939 922 974; x_wconf 45' lang='lat' dir='ltr'><strong>presbyf</strong></span> 
     </span>
    </p>
   </div>
   <div class='ocr_carea' id='block_1_25' title="bbox 140 973 921 1009">
    <p class='ocr_par' dir='ltr' id='par_1_25' title="bbox 140 973 921 1009">
     <span class='ocr_line' id='line_1_25' title="bbox 140 973 921 1009; baseline -0.004 -6"><span class='ocrx_word' id='word_1_165' title='bbox 140 978 205 1003; x_wconf 87' lang='lat' dir='ltr'><strong>teris</strong></span> <span class='ocrx_word' id='word_1_166' title='bbox 220 977 410 1007; x_wconf 85' lang='lat' dir='ltr'><strong>consederunt;</strong></span> <span class='ocrx_word' id='word_1_167' title='bbox 432 975 477 1002; x_wconf 89' lang='lat' dir='ltr'><strong>sed</strong></span> <span class='ocrx_word' id='word_1_168' title='bbox 498 973 635 1001; x_wconf 83' lang='lat' dir='ltr'><strong>dumtaxat</strong></span> <span class='ocrx_word' id='word_1_169' title='bbox 655 974 762 1001; x_wconf 89' lang='lat' dir='ltr'><strong>fuerunt</strong></span> <span class='ocrx_word' id='word_1_170' title='bbox 776 973 921 1009; x_wconf 78' lang='lat' dir='ltr'><strong>congregati</strong></span> 
     </span>
    </p>
   </div>
   <div class='ocr_carea' id='block_1_26' title="bbox 137 1009 921 1045">
    <p class='ocr_par' dir='ltr' id='par_1_26' title="bbox 137 1009 921 1045">
     <span class='ocr_line' id='line_1_26' title="bbox 137 1009 921 1045; baseline -0.003 -7"><span class='ocrx_word' id='word_1_171' title='bbox 137 1012 244 1045; x_wconf 78' lang='lat' dir='ltr'><strong>quando</strong></span> <span class='ocrx_word' id='word_1_172' title='bbox 263 1016 349 1038; x_wconf 86' lang='lat' dir='ltr'><strong>actum</strong></span> <span class='ocrx_word' id='word_1_173' title='bbox 366 1010 413 1037; x_wconf 89' lang='lat' dir='ltr'><strong>fuit</strong></span> <span class='ocrx_word' id='word_1_174' title='bbox 428 1010 461 1037; x_wconf 89' lang='lat' dir='ltr'><strong>de</strong></span> <span class='ocrx_word' id='word_1_175' title='bbox 476 1009 681 1036; x_wconf 70' lang='lat' dir='ltr'><strong>.‘llanichrcorum</strong></span> <span class='ocrx_word' id='word_1_176' title='bbox 701 1009 840 1036; x_wconf 86' lang='lat' dir='ltr'><strong>criminum</strong></span> <span class='ocrx_word' id='word_1_177' title='bbox 852 1017 921 1045; x_wconf 14' lang='lat' dir='ltr'><strong>icon-</strong></span> 
     </span>
    </p>
   </div>
   <div class='ocr_carea' id='block_1_27' title="bbox 137 1044 920 1080">
    <p class='ocr_par' dir='ltr' id='par_1_27' title="bbox 137 1044 920 1080">
     <span class='ocr_line' id='line_1_27' title="bbox 137 1044 920 1080; baseline -0.003 -7"><span class='ocrx_word' id='word_1_178' title='bbox 137 1044 280 1074; x_wconf 84' lang='lat' dir='ltr'><strong>testatione</strong></span> <span class='ocrx_word' id='word_1_179' title='bbox 293 1050 320 1073; x_wconf 88' lang='lat' dir='ltr'><strong>et</strong></span> <span class='ocrx_word' id='word_1_180' title='bbox 340 1045 495 1073; x_wconf 85' lang='lat' dir='ltr'><strong>eorumdetn</strong></span> <span class='ocrx_word' id='word_1_181' title='bbox 509 1046 707 1078; x_wconf 74' lang='lat' dir='ltr'><strong>exsecratione,</strong></span> <span class='ocrx_word' id='word_1_182' title='bbox 722 1045 828 1080; x_wconf 81' lang='lat' dir='ltr'><strong>quando</strong></span> <span class='ocrx_word' id='word_1_183' title='bbox 842 1044 920 1080; x_wconf 85' lang='lat' dir='ltr'><strong>deni-</strong></span> 
     </span>
    </p>
   </div>
   <div class='ocr_carea' id='block_1_28' title="bbox 135 1079 917 1115">
    <p class='ocr_par' dir='ltr' id='par_1_28' title="bbox 135 1079 917 1115">
     <span class='ocr_line' id='line_1_28' title="bbox 135 1079 917 1115; baseline -0.003 -6"><span class='ocrx_word' id='word_1_184' title='bbox 135 1088 187 1115; x_wconf 89' lang='lat' dir='ltr'><strong>que</strong></span> <span class='ocrx_word' id='word_1_185' title='bbox 199 1086 288 1109; x_wconf 89' lang='lat' dir='ltr'><strong>actum</strong></span> <span class='ocrx_word' id='word_1_186' title='bbox 308 1086 349 1109; x_wconf 89' lang='lat' dir='ltr'><strong>est</strong></span> <span class='ocrx_word' id='word_1_187' title='bbox 363 1081 396 1108; x_wconf 90' lang='lat' dir='ltr'><strong>de</strong></span> <span class='ocrx_word' id='word_1_188' title='bbox 411 1080 570 1115; x_wconf 80' lang='lat' dir='ltr'><strong>recipiendis</strong></span> <span class='ocrx_word' id='word_1_189' title='bbox 585 1080 618 1107; x_wconf 49' lang='lat' dir='ltr'><strong>iis</strong></span> <span class='ocrx_word' id='word_1_190' title='bbox 633 1079 785 1107; x_wconf 72' lang='lat' dir='ltr'><strong>Maniclizeis</strong></span> <span class='ocrx_word' id='word_1_191' title='bbox 805 1087 872 1114; x_wconf 88' lang='lat' dir='ltr'><strong>quos</strong></span> <span class='ocrx_word' id='word_1_192' title='bbox 887 1079 917 1108; x_wconf 91' lang='lat' dir='ltr'><strong>S.</strong></span> 
     </span>
    </p>
   </div>
   <div class='ocr_carea' id='block_1_29' title="bbox 136 1115 920 1151">
    <p class='ocr_par' dir='ltr' id='par_1_29' title="bbox 136 1115 920 1151">
     <span class='ocr_line' id='line_1_29' title="bbox 136 1115 920 1151; baseline -0.004 -7"><span class='ocrx_word' id='word_1_193' title='bbox 136 1116 256 1150; x_wconf 72' lang='lat' dir='ltr'><strong>pontifex</strong></span> <span class='ocrx_word' id='word_1_194' title='bbox 269 1117 302 1144; x_wconf 86' lang='lat' dir='ltr'><strong>ad</strong></span> <span class='ocrx_word' id='word_1_195' title='bbox 318 1116 501 1151; x_wconf 63' lang='lat' dir='ltr'><strong>paenitentiam</strong></span> <span class='ocrx_word' id='word_1_196' title='bbox 511 1115 667 1151; x_wconf 78' lang='lat' dir='ltr'><strong>adduxerat.</strong></span> <span class='ocrx_word' id='word_1_197' title='bbox 679 1115 751 1142; x_wconf 86' lang='lat' dir='ltr'><strong>istud</strong></span> <span class='ocrx_word' id='word_1_198' title='bbox 765 1120 865 1151; x_wconf 85' lang='lat' dir='ltr'><strong>sonant</strong></span> <span class='ocrx_word' id='word_1_199' title='bbox 874 1115 920 1151; x_wconf 82' lang='lat' dir='ltr'><strong>illa</strong></span> 
     </span>
    </p>
   </div>
   <div class='ocr_carea' id='block_1_30' title="bbox 135 1150 919 1187">
    <p class='ocr_par' dir='ltr' id='par_1_30' title="bbox 135 1150 919 1187">
     <span class='ocr_line' id='line_1_30' title="bbox 135 1150 919 1187; baseline -0.005 -7"><span class='ocrx_word' id='word_1_200' title='bbox 135 1152 162 1179; x_wconf 82' lang='lat' dir='ltr'><strong>S.</strong></span> <span class='ocrx_word' id='word_1_201' title='bbox 178 1151 302 1187; x_wconf 79' lang='lat' dir='ltr'><strong>Prosperi</strong></span> <span class='ocrx_word' id='word_1_202' title='bbox 315 1150 395 1179; x_wconf 83' lang='lat' dir='ltr'><strong>verba</strong></span> <span class='ocrx_word' id='word_1_203' title='bbox 407 1171 416 1184; x_wconf 88' lang='lat'><strong>,</strong></span> <span class='ocrx_word' id='word_1_204' title='bbox 431 1152 584 1187; x_wconf 17' lang='lat' dir='ltr'><strong>qiiazretiam</strong></span> <span class='ocrx_word' id='word_1_205' title='bbox 600 1150 625 1187; x_wconf 87' lang='lat' dir='ltr'><strong>in</strong></span> <span class='ocrx_word' id='word_1_206' title='bbox 641 1150 824 1187; x_wconf 82' lang='lat' dir='ltr'><strong>superioribus</strong></span> <span class='ocrx_word' id='word_1_207' title='bbox 835 1150 919 1187; x_wconf 84' lang='lat' dir='ltr'><strong>addu-</strong></span> 
     </span>
    </p>
   </div>
   <div class='ocr_carea' id='block_1_31' title="bbox 135 1185 920 1219">
    <p class='ocr_par' dir='ltr' id='par_1_31' title="bbox 135 1185 920 1219">
     <span class='ocr_line' id='line_1_31' title="bbox 135 1185 920 1219; baseline -0.004 -5"><span class='ocrx_word' id='word_1_208' title='bbox 135 1185 407 1219; x_wconf 46' lang='lat' dir='ltr'><strong>ximusCVidelicet,</strong></span> <span class='ocrx_word' id='word_1_209' title='bbox 432 1185 592 1214; x_wconf 68' lang='lat' dir='ltr'><strong>Manichmos</strong></span> <span class='ocrx_word' id='word_1_210' title='bbox 615 1185 640 1213; x_wconf 91' lang='lat' dir='ltr'><strong>in</strong></span> <span class='ocrx_word' id='word_1_211' title='bbox 666 1185 737 1213; x_wconf 86' lang='lat' dir='ltr'><strong>Urbe</strong></span> <span class='ocrx_word' id='word_1_212' title='bbox 761 1186 871 1213; x_wconf 84' lang='lat' dir='ltr'><strong>latentes</strong></span> <span class='ocrx_word' id='word_1_213' title='bbox 892 1186 920 1212; x_wconf 82' lang='lat' dir='ltr'><strong>in</strong></span> 
     </span>
    </p>
   </div>
   <div class='ocr_carea' id='block_1_32' title="bbox 134 1220 920 1257">
    <p class='ocr_par' dir='ltr' id='par_1_32' title="bbox 134 1220 920 1257">
     <span class='ocr_line' id='line_1_32' title="bbox 134 1220 920 1257; baseline -0.001 -9"><span class='ocrx_word' id='word_1_214' title='bbox 134 1223 213 1250; x_wconf 76' lang='lat' dir='ltr'><strong>oculis</strong></span> <span class='ocrx_word' id='word_1_215' title='bbox 228 1223 304 1250; x_wconf 80' lang='lat' dir='ltr'><strong>totius</strong></span> <span class='ocrx_word' id='word_1_216' title='bbox 313 1221 435 1249; x_wconf 69' lang='lat' dir='ltr'><strong>Ecclesia:</strong></span> <span class='ocrx_word' id='word_1_217' title='bbox 449 1220 604 1257; x_wconf 78' lang='lat' dir='ltr'><strong>publicatos,</strong></span> <span class='ocrx_word' id='word_1_218' title='bbox 625 1220 850 1257; x_wconf 20' lang='lat' dir='ltr'><strong>omnerrdogmatis</strong></span> <span class='ocrx_word' id='word_1_219' title='bbox 862 1226 920 1257; x_wconf 79' lang='lat' dir='ltr'><strong>tur-</strong></span> 
     </span>
    </p>
   </div>
   <div class='ocr_carea' id='block_1_33' title="bbox 135 1256 921 1293">
    <p class='ocr_par' dir='ltr' id='par_1_33' title="bbox 135 1256 921 1293">
     <span class='ocr_line' id='line_1_33' title="bbox 135 1256 921 1293; baseline -0.001 -8"><span class='ocrx_word' id='word_1_220' title='bbox 135 1258 265 1293; x_wconf 72' lang='lat' dir='ltr'><strong>pitudines</strong></span> <span class='ocrx_word' id='word_1_221' title='bbox 285 1258 407 1285; x_wconf 81' lang='lat' dir='ltr'><strong>damnare</strong></span> <span class='ocrx_word' id='word_1_222' title='bbox 418 1256 477 1293; x_wconf 78' lang='lat' dir='ltr'><strong>fecit</strong></span> <span class='ocrx_word' id='word_1_223' title='bbox 487 1262 511 1293; x_wconf 69' lang='lat' dir='ltr'><strong>et</strong></span> <span class='ocrx_word' id='word_1_224' title='bbox 534 1256 649 1293; x_wconf 77' lang='lat' dir='ltr'><strong>prodere.</strong></span> <span class='ocrx_word' id='word_1_225' title='bbox 665 1256 693 1283; x_wconf 91' lang='lat' dir='ltr'><strong>Si</strong></span> <span class='ocrx_word' id='word_1_226' title='bbox 712 1256 801 1290; x_wconf 82' lang='lat' dir='ltr'><strong>itaque</strong></span> <span class='ocrx_word' id='word_1_227' title='bbox 819 1263 855 1293; x_wconf 80' lang='lat' dir='ltr'><strong>ea</strong></span> <span class='ocrx_word' id='word_1_228' title='bbox 870 1256 921 1284; x_wconf 90' lang='lat' dir='ltr'><strong>fuit</strong></span> 
     </span>
    </p>
   </div>
   <div class='ocr_carea' id='block_1_34' title="bbox 135 1291 917 1328">
    <p class='ocr_par' dir='ltr' id='par_1_34' title="bbox 135 1291 917 1328">
     <span class='ocr_line' id='line_1_34' title="bbox 135 1291 917 1328; baseline -0.003 -8"><span class='ocrx_word' id='word_1_229' title='bbox 135 1291 234 1321; x_wconf 83' lang='lat' dir='ltr'><strong>Leonis</strong></span> <span class='ocrx_word' id='word_1_230' title='bbox 244 1292 340 1328; x_wconf 88' lang='lat' dir='ltr'><strong>agendi</strong></span> <span class='ocrx_word' id='word_1_231' title='bbox 353 1291 432 1327; x_wconf 81' lang='lat' dir='ltr'><strong>ratio,</strong></span> <span class='ocrx_word' id='word_1_232' title='bbox 444 1297 472 1320; x_wconf 89' lang='lat' dir='ltr'><strong>ut</strong></span> <span class='ocrx_word' id='word_1_233' title='bbox 486 1291 624 1320; x_wconf 74' lang='lat' dir='ltr'><strong>Manichtei</strong></span> <span class='ocrx_word' id='word_1_234' title='bbox 639 1296 779 1328; x_wconf 80' lang='lat' dir='ltr'><strong>tamquam</strong></span> <span class='ocrx_word' id='word_1_235' title='bbox 788 1292 917 1328; x_wconf 59' lang='lat' dir='ltr'><strong>peniten-</strong></span> 
     </span>
    </p>
   </div>
   <div class='ocr_carea' id='block_1_35' title="bbox 135 1326 919 1362">
    <p class='ocr_par' dir='ltr' id='par_1_35' title="bbox 135 1326 919 1362">
     <span class='ocr_line' id='line_1_35' title="bbox 135 1326 919 1362; baseline -0.001 -6"><span class='ocrx_word' id='word_1_236' title='bbox 135 1332 177 1357; x_wconf 82' lang='lat' dir='ltr'><strong>tes</strong></span> <span class='ocrx_word' id='word_1_237' title='bbox 189 1329 216 1356; x_wconf 90' lang='lat' dir='ltr'><strong>in</strong></span> <span class='ocrx_word' id='word_1_238' title='bbox 227 1326 346 1356; x_wconf 70' lang='lat' dir='ltr'><strong>Ecclesia</strong></span> <span class='ocrx_word' id='word_1_239' title='bbox 364 1336 417 1356; x_wconf 90' lang='lat' dir='ltr'><strong>non</strong></span> <span class='ocrx_word' id='word_1_240' title='bbox 433 1328 629 1362; x_wconf 80' lang='lat' dir='ltr'><strong>reciperentur.</strong></span> <span class='ocrx_word' id='word_1_241' title='bbox 655 1326 706 1354; x_wconf 87' lang='lat' dir='ltr'><strong>nisi</strong></span> <span class='ocrx_word' id='word_1_242' title='bbox 720 1327 824 1361; x_wconf 86' lang='lat' dir='ltr'><strong>publice</strong></span> <span class='ocrx_word' id='word_1_243' title='bbox 842 1326 919 1355; x_wconf 88' lang='lat' dir='ltr'><strong>dete-</strong></span> 
     </span>
    </p>
   </div>
   <div class='ocr_carea' id='block_1_36' title="bbox 135 1362 919 1399">
    <p class='ocr_par' dir='ltr' id='par_1_36' title="bbox 135 1362 919 1399">
     <span class='ocr_line' id='line_1_36' title="bbox 135 1362 919 1399; baseline -0.001 -8"><span class='ocrx_word' id='word_1_244' title='bbox 135 1364 213 1392; x_wconf 83' lang='lat' dir='ltr'><strong>statis</strong></span> <span class='ocrx_word' id='word_1_245' title='bbox 229 1364 303 1399; x_wconf 84' lang='lat' dir='ltr'><strong>prius</strong></span> <span class='ocrx_word' id='word_1_246' title='bbox 317 1362 477 1399; x_wconf 71' lang='lat' dir='ltr'><strong>turpissimts</strong></span> <span class='ocrx_word' id='word_1_247' title='bbox 495 1368 581 1399; x_wconf 74' lang='lat' dir='ltr'><strong>sectae</strong></span> <span class='ocrx_word' id='word_1_248' title='bbox 594 1362 746 1396; x_wconf 88' lang='lat' dir='ltr'><strong>erroribus,</strong></span> <span class='ocrx_word' id='word_1_249' title='bbox 763 1369 811 1389; x_wconf 90' lang='lat' dir='ltr'><strong>cur</strong></span> <span class='ocrx_word' id='word_1_250' title='bbox 829 1365 919 1399; x_wconf 46' lang='lat' dir='ltr'><strong>tanto:</strong></span> 
     </span>
    </p>
   </div>
   <div class='ocr_carea' id='block_1_37' title="bbox 136 1397 918 1434">
    <p class='ocr_par' dir='ltr' id='par_1_37' title="bbox 136 1397 918 1434">
     <span class='ocr_line' id='line_1_37' title="bbox 136 1397 918 1434; baseline -0.003 -7"><span class='ocrx_word' id='word_1_251' title='bbox 136 1406 201 1434; x_wconf 87' lang='lat' dir='ltr'><strong>pere</strong></span> <span class='ocrx_word' id='word_1_252' title='bbox 224 1397 386 1426; x_wconf 65' lang='lat' dir='ltr'><strong>contendere</strong></span> <span class='ocrx_word' id='word_1_253' title='bbox 408 1399 437 1426; x_wconf 83' lang='lat' dir='ltr'><strong>S.</strong></span> <span class='ocrx_word' id='word_1_254' title='bbox 465 1397 598 1433; x_wconf 89' lang='lat' dir='ltr'><strong>pontiﬁcis</strong></span> <span class='ocrx_word' id='word_1_255' title='bbox 619 1402 766 1424; x_wconf 73' lang='lat' dir='ltr'><strong>concentum</strong></span> <span class='ocrx_word' id='word_1_256' title='bbox 790 1397 918 1434; x_wconf 81' lang='lat' dir='ltr'><strong>appellari</strong></span> 
     </span>
    </p>
   </div>
   <div class='ocr_carea' id='block_1_38' title="bbox 136 1432 919 1469">
    <p class='ocr_par' dir='ltr' id='par_1_38' title="bbox 136 1432 919 1469">
     <span class='ocr_line' id='line_1_38' title="bbox 136 1432 919 1469; baseline -0.003 -7"><span class='ocrx_word' id='word_1_257' title='bbox 136 1432 215 1469; x_wconf 74' lang='lat' dir='ltr'><strong>posse</strong></span> <span class='ocrx_word' id='word_1_258' title='bbox 227 1435 373 1468; x_wconf 76' lang='lat' dir='ltr'><strong>concilium,</strong></span> <span class='ocrx_word' id='word_1_259' title='bbox 385 1434 444 1469; x_wconf 83' lang='lat' dir='ltr'><strong>quia</strong></span> <span class='ocrx_word' id='word_1_260' title='bbox 457 1434 484 1461; x_wconf 86' lang='lat' dir='ltr'><strong>in</strong></span> <span class='ocrx_word' id='word_1_261' title='bbox 494 1441 522 1460; x_wconf 86' lang='lat' dir='ltr'><strong>eo</strong></span> <span class='ocrx_word' id='word_1_262' title='bbox 536 1440 596 1469; x_wconf 80' lang='lat' dir='ltr'><strong>pars</strong></span> <span class='ocrx_word' id='word_1_263' title='bbox 608 1437 710 1469; x_wconf 48' lang='lat' dir='ltr'><strong>senatus</strong></span> <span class='ocrx_word' id='word_1_264' title='bbox 719 1437 743 1458; x_wconf 84' lang='lat' dir='ltr'><strong>ct</strong></span> <span class='ocrx_word' id='word_1_265' title='bbox 764 1440 824 1466; x_wconf 81' lang='lat' dir='ltr'><strong>pars</strong></span> <span class='ocrx_word' id='word_1_266' title='bbox 840 1432 919 1469; x_wconf 80' lang='lat' dir='ltr'><strong>plebis</strong></span> 
     </span>
    </p>
   </div>
   <div class='ocr_carea' id='block_1_39' title="bbox 136 1468 918 1503">
    <p class='ocr_par' dir='ltr' id='par_1_39' title="bbox 136 1468 918 1503">
     <span class='ocr_line' id='line_1_39' title="bbox 136 1468 918 1503; baseline -0.003 -6"><span class='ocrx_word' id='word_1_267' title='bbox 136 1468 204 1503; x_wconf 73' lang='lat' dir='ltr'><strong>fuit?</strong></span> <span class='ocrx_word' id='word_1_268' title='bbox 226 1470 359 1502; x_wconf 81' lang='lat' dir='ltr'><strong>Quorsum</strong></span> <span class='ocrx_word' id='word_1_269' title='bbox 380 1469 488 1496; x_wconf 88' lang='lat' dir='ltr'><strong>tandem</strong></span> <span class='ocrx_word' id='word_1_270' title='bbox 514 1468 583 1495; x_wconf 77' lang='lat' dir='ltr'><strong>ista?</strong></span> <span class='ocrx_word' id='word_1_271' title='bbox 612 1468 668 1502; x_wconf 85' lang='lat' dir='ltr'><strong>Ego</strong></span> <span class='ocrx_word' id='word_1_272' title='bbox 689 1474 773 1500; x_wconf 83' lang='lat' dir='ltr'><strong>sane,</strong></span> <span class='ocrx_word' id='word_1_273' title='bbox 799 1468 918 1495; x_wconf 92' lang='lat' dir='ltr'><strong>omnium</strong></span> 
     </span>
    </p>
   </div>
   <div class='ocr_carea' id='block_1_40' title="bbox 135 1503 921 1545">
    <p class='ocr_par' dir='ltr' id='par_1_40' title="bbox 135 1503 921 1545">
     <span class='ocr_line' id='line_1_40' title="bbox 135 1503 921 1545; baseline -0.005 -12"><span class='ocrx_word' id='word_1_274' title='bbox 135 1506 251 1539; x_wconf 87' lang='lat' dir='ltr'><strong>partium</strong></span> <span class='ocrx_word' id='word_1_275' title='bbox 265 1505 354 1545; x_wconf 79' lang='lat' dir='ltr'><strong>studio</strong></span> <span class='ocrx_word' id='word_1_276' title='bbox 367 1504 500 1545; x_wconf 82' lang='lat' dir='ltr'><strong>seposito,</strong></span> <span class='ocrx_word' id='word_1_277' title='bbox 514 1508 594 1545; x_wconf 79' lang='lat' dir='ltr'><strong>atque</strong></span> <span class='ocrx_word' id='word_1_278' title='bbox 608 1504 691 1545; x_wconf 74' lang='lat' dir='ltr'><strong>solam</strong></span> <span class='ocrx_word' id='word_1_279' title='bbox 702 1503 921 1545; x_wconf 72' lang='lat' dir='ltr'><strong>_set_:_utus_ver_ita-</strong></span> 
     </span>
    </p>
   </div>
   <div class='ocr_carea' id='block_1_41' title="bbox 136 1537 919 1576">
    <p class='ocr_par' dir='ltr' id='par_1_41' title="bbox 136 1537 919 1576">
     <span class='ocr_line' id='line_1_41' title="bbox 136 1537 919 1576; baseline -0.005 -8"><span class='ocrx_word' id='word_1_280' title='bbox 136 1537 209 1574; x_wconf 79' lang='lat' dir='ltr'><strong>ietn,</strong></span> <span class='ocrx_word' id='word_1_281' title='bbox 222 1548 281 1576; x_wconf 68' lang='lat' dir='ltr'><strong>qua:</strong></span> <span class='ocrx_word' id='word_1_282' title='bbox 302 1540 382 1568; x_wconf 86' lang='lat' dir='ltr'><strong>unice</strong></span> <span class='ocrx_word' id='word_1_283' title='bbox 400 1537 470 1576; x_wconf 84' lang='lat' dir='ltr'><strong>inter</strong></span> <span class='ocrx_word' id='word_1_284' title='bbox 493 1537 670 1576; x_wconf 66' lang='lat' dir='ltr'><strong>scribendum</strong></span> <span class='ocrx_word' id='word_1_285' title='bbox 684 1542 720 1576; x_wconf 83' lang='lat' dir='ltr'><strong>et_</strong></span> <span class='ocrx_word' id='word_1_286' title='bbox 731 1537 919 1576; x_wconf 66' lang='lat' dir='ltr'><strong>disputandum</strong></span> 
     </span>
    </p>
   </div>
   <div class='ocr_carea' id='block_1_42' title="bbox 136 1572 920 1611">
    <p class='ocr_par' dir='ltr' id='par_1_42' title="bbox 136 1572 920 1611">
     <span class='ocr_line' id='line_1_42' title="bbox 136 1572 920 1611; baseline -0.006 -7"><span class='ocrx_word' id='word_1_287' title='bbox 136 1572 254 1611; x_wconf 71' lang='lat' dir='ltr'><strong>perquiii</strong></span> <span class='ocrx_word' id='word_1_288' title='bbox 272 1575 370 1610; x_wconf 87' lang='lat' dir='ltr'><strong>debet,</strong></span> <span class='ocrx_word' id='word_1_289' title='bbox 387 1574 452 1602; x_wconf 89' lang='lat' dir='ltr'><strong>nihil</strong></span> <span class='ocrx_word' id='word_1_290' title='bbox 475 1581 585 1611; x_wconf 80' lang='lat' dir='ltr'><strong>prorsus</strong></span> <span class='ocrx_word' id='word_1_291' title='bbox 602 1573 629 1601; x_wconf 94' lang='lat' dir='ltr'><strong>in</strong></span> <span class='ocrx_word' id='word_1_292' title='bbox 645 1573 687 1611; x_wconf 75' lang='lat' dir='ltr'><strong>illa</strong></span> <span class='ocrx_word' id='word_1_293' title='bbox 702 1572 822 1611; x_wconf 82' lang='lat' dir='ltr'><strong>Romana</strong></span> <span class='ocrx_word' id='word_1_294' title='bbox 838 1572 920 1611; x_wconf 60' lang='lat' dir='ltr'><strong>itani-</strong></span> 
     </span>
    </p>
   </div>
   <div class='ocr_carea' id='block_1_43' title="bbox 135 1608 920 1646">
    <p class='ocr_par' dir='ltr' id='par_1_43' title="bbox 135 1608 920 1646">
     <span class='ocr_line' id='line_1_43' title="bbox 135 1608 920 1646; baseline -0.004 -8"><span class='ocrx_word' id='word_1_295' title='bbox 135 1608 271 1639; x_wconf 70' lang='lat' dir='ltr'><strong>chmorum</strong></span> <span class='ocrx_word' id='word_1_296' title='bbox 287 1608 459 1646; x_wconf 84' lang='lat' dir='ltr'><strong>inquisitione</strong></span> <span class='ocrx_word' id='word_1_297' title='bbox 477 1608 599 1644; x_wconf 81' lang='lat' dir='ltr'><strong>intelligo</strong></span> <span class='ocrx_word' id='word_1_298' title='bbox 616 1609 686 1644; x_wconf 91' lang='lat' dir='ltr'><strong>quod</strong></span> <span class='ocrx_word' id='word_1_299' title='bbox 700 1608 772 1646; x_wconf 84' lang='lat' dir='ltr'><strong>notis</strong></span> <span class='ocrx_word' id='word_1_300' title='bbox 785 1613 812 1636; x_wconf 91' lang='lat' dir='ltr'><strong>et</strong></span> <span class='ocrx_word' id='word_1_301' title='bbox 826 1608 920 1646; x_wconf 78' lang='lat' dir='ltr'><strong>chara-</strong></span> 
     </span>
    </p>
   </div>
   <div class='ocr_carea' id='block_1_44' title="bbox 134 1644 921 1680">
    <p class='ocr_par' dir='ltr' id='par_1_44' title="bbox 134 1644 921 1680">
     <span class='ocr_line' id='line_1_44' title="bbox 134 1644 921 1680; baseline -0.001 -7"><span class='ocrx_word' id='word_1_302' title='bbox 134 1647 254 1674; x_wconf 88' lang='lat' dir='ltr'><strong>cteribus</strong></span> <span class='ocrx_word' id='word_1_303' title='bbox 266 1644 441 1674; x_wconf 36' lang='lat' dir='ltr'><strong>veri‘concllii</strong></span> <span class='ocrx_word' id='word_1_304' title='bbox 452 1649 596 1680; x_wconf 75' lang='lat' dir='ltr'><strong>repugnet;</strong></span> <span class='ocrx_word' id='word_1_305' title='bbox 609 1644 756 1680; x_wconf 64' lang='lat' dir='ltr'><strong>praesertim</strong></span> <span class='ocrx_word' id='word_1_306' title='bbox 768 1651 829 1680; x_wconf 80' lang='lat' dir='ltr'><strong>cum</strong></span> <span class='ocrx_word' id='word_1_307' title='bbox 843 1644 921 1672; x_wconf 82' lang='lat' dir='ltr'><strong>facile</strong></span> 
     </span>
    </p>
   </div>
   <div class='ocr_carea' id='block_1_45' title="bbox 134 1679 922 1716">
    <p class='ocr_par' dir='ltr' id='par_1_45' title="bbox 134 1679 922 1716">
     <span class='ocr_line' id='line_1_45' title="bbox 134 1679 922 1716; baseline -0.004 -7"><span class='ocrx_word' id='word_1_308' title='bbox 134 1682 225 1709; x_wconf 91' lang='lat' dir='ltr'><strong>omnia</strong></span> <span class='ocrx_word' id='word_1_309' title='bbox 239 1686 394 1716; x_wconf 87' lang='lat' dir='ltr'><strong>argumenta</strong></span> <span class='ocrx_word' id='word_1_310' title='bbox 409 1685 561 1709; x_wconf 83' lang='lat' dir='ltr'><strong>evertamus</strong></span> <span class='ocrx_word' id='word_1_311' title='bbox 575 1687 635 1714; x_wconf 80' lang='lat' dir='ltr'><strong>qua:</strong></span> <span class='ocrx_word' id='word_1_312' title='bbox 649 1687 675 1716; x_wconf 23' lang='lat' dir='ltr'><strong>Aa”</strong></span> <span class='ocrx_word' id='word_1_313' title='bbox 684 1679 828 1716; x_wconf 82' lang='lat' dir='ltr'><strong>Quesnelio</strong></span> <span class='ocrx_word' id='word_1_314' title='bbox 842 1679 880 1714; x_wconf 88' lang='lat' dir='ltr'><strong>(a)</strong></span> <span class='ocrx_word' id='word_1_315' title='bbox 894 1684 922 1707; x_wconf 89' lang='lat' dir='ltr'><strong>et</strong></span> 
     </span>
    </p>
   </div>
   <div class='ocr_carea' id='block_1_46' title="bbox 134 1714 920 1750">
    <p class='ocr_par' dir='ltr' id='par_1_46' title="bbox 134 1714 920 1750">
     <span class='ocr_line' id='line_1_46' title="bbox 134 1714 920 1750; baseline -0.003 -7"><span class='ocrx_word' id='word_1_316' title='bbox 134 1716 217 1750; x_wconf 85' lang='lat' dir='ltr'><strong>Pagio</strong></span> <span class='ocrx_word' id='word_1_317' title='bbox 231 1714 387 1745; x_wconf 73' lang='lat' dir='ltr'><strong>aﬂéruntur.</strong></span> <span class='ocrx_word' id='word_1_318' title='bbox 402 1715 485 1744; x_wconf 89' lang='lat' dir='ltr'><strong>immo</strong></span> <span class='ocrx_word' id='word_1_319' title='bbox 498 1723 578 1742; x_wconf 91' lang='lat' dir='ltr'><strong>unum</strong></span> <span class='ocrx_word' id='word_1_320' title='bbox 592 1714 712 1749; x_wconf 76' lang='lat' dir='ltr'><strong>intelligo</strong></span> <span class='ocrx_word' id='word_1_321' title='bbox 726 1714 851 1742; x_wconf 88' lang='lat' dir='ltr'><strong>omnibus</strong></span> <span class='ocrx_word' id='word_1_322' title='bbox 872 1722 920 1742; x_wconf 84' lang='lat' dir='ltr'><strong>c.1-</strong></span> 
     </span>
    </p>
   </div>
   <div class='ocr_carea' id='block_1_47' title="bbox 134 1749 920 1786">
    <p class='ocr_par' dir='ltr' id='par_1_47' title="bbox 134 1749 920 1786">
     <span class='ocr_line' id='line_1_47' title="bbox 134 1749 920 1786; baseline 0 -8"><span class='ocrx_word' id='word_1_323' title='bbox 134 1749 241 1780; x_wconf 85' lang='lat' dir='ltr'><strong>tholicis</strong></span> <span class='ocrx_word' id='word_1_324' title='bbox 264 1752 381 1780; x_wconf 80' lang='lat' dir='ltr'><strong>maxime</strong></span> <span class='ocrx_word' id='word_1_325' title='bbox 395 1756 516 1786; x_wconf 87' lang='lat' dir='ltr'><strong>gratum,</strong></span> <span class='ocrx_word' id='word_1_326' title='bbox 539 1755 566 1778; x_wconf 90' lang='lat' dir='ltr'><strong>et</strong></span> <span class='ocrx_word' id='word_1_327' title='bbox 587 1751 620 1777; x_wconf 88' lang='lat' dir='ltr'><strong>ad</strong></span> <span class='ocrx_word' id='word_1_328' title='bbox 646 1750 707 1778; x_wconf 88' lang='lat' dir='ltr'><strong>ﬁdei</strong></span> <span class='ocrx_word' id='word_1_329' title='bbox 728 1749 870 1786; x_wconf 88' lang='lat' dir='ltr'><strong>puritatem</strong></span> <span class='ocrx_word' id='word_1_330' title='bbox 893 1750 920 1778; x_wconf 91' lang='lat' dir='ltr'><strong>in</strong></span> 
     </span>
    </p>
   </div>
   <div class='ocr_carea' id='block_1_48' title="bbox 132 1786 918 1821">
    <p class='ocr_par' dir='ltr' id='par_1_48' title="bbox 132 1786 918 1821">
     <span class='ocr_line' id='line_1_48' title="bbox 132 1786 918 1821; baseline -0.001 -7"><span class='ocrx_word' id='word_1_331' title='bbox 132 1787 256 1814; x_wconf 85' lang='lat' dir='ltr'><strong>Ecclesia</strong></span> <span class='ocrx_word' id='word_1_332' title='bbox 286 1787 444 1815; x_wconf 81' lang='lat' dir='ltr'><strong>servandam</strong></span> <span class='ocrx_word' id='word_1_333' title='bbox 469 1786 552 1821; x_wconf 89' lang='lat' dir='ltr'><strong>magis</strong></span> <span class='ocrx_word' id='word_1_334' title='bbox 579 1786 826 1819; x_wconf 86' lang='lat' dir='ltr'><strong>accommodatum,</strong></span> <span class='ocrx_word' id='word_1_335' title='bbox 847 1786 918 1818; x_wconf 86' lang='lat' dir='ltr'><strong>quod</strong></span> 
     </span>
    </p>
   </div>
   <div class='ocr_carea' id='block_1_49' title="bbox 133 1821 922 1858">
    <p class='ocr_par' dir='ltr' id='par_1_49' title="bbox 133 1821 922 1858">
     <span class='ocr_line' id='line_1_49' title="bbox 133 1821 922 1858; baseline -0.001 -9"><span class='ocrx_word' id='word_1_336' title='bbox 133 1822 226 1849; x_wconf 88' lang='lat' dir='ltr'><strong>multis</strong></span> <span class='ocrx_word' id='word_1_337' title='bbox 243 1822 386 1858; x_wconf 84' lang='lat' dir='ltr'><strong>displicere</strong></span> <span class='ocrx_word' id='word_1_338' title='bbox 408 1829 486 1857; x_wconf 82' lang='lat' dir='ltr'><strong>posse</strong></span> <span class='ocrx_word' id='word_1_339' title='bbox 503 1828 598 1849; x_wconf 89' lang='lat' dir='ltr'><strong>vereor</strong></span> <span class='ocrx_word' id='word_1_340' title='bbox 613 1830 623 1858; x_wconf 93' lang='lat'><strong>_:</strong></span> <span class='ocrx_word' id='word_1_341' title='bbox 643 1821 767 1858; x_wconf 81' lang='lat' dir='ltr'><strong>videlicet</strong></span> <span class='ocrx_word' id='word_1_342' title='bbox 785 1821 922 1858; x_wconf 63' lang='lat' dir='ltr'><strong>hodierna;</strong></span> 
     </span>
    </p>
   </div>
   <div class='ocr_carea' id='block_1_50' title="bbox 132 1856 920 1893">
    <p class='ocr_par' dir='ltr' id='par_1_50' title="bbox 132 1856 920 1893">
     <span class='ocr_line' id='line_1_50' title="bbox 132 1856 920 1893; baseline -0.003 -8"><span class='ocrx_word' id='word_1_343' title='bbox 132 1857 270 1893; x_wconf 84' lang='lat' dir='ltr'><strong>generalis</strong></span> <span class='ocrx_word' id='word_1_344' title='bbox 287 1856 468 1893; x_wconf 73' lang='lat' dir='ltr'><strong>inquisitionis</strong></span> <span class='ocrx_word' id='word_1_345' title='bbox 488 1856 675 1893; x_wconf 65' lang='lat' dir='ltr'><strong>oeconomiam,</strong></span> <span class='ocrx_word' id='word_1_346' title='bbox 691 1856 920 1893; x_wconf 19' lang='lat' dir='ltr'><strong>aliquamragendi</strong></span> 
     </span>
    </p>
   </div>
   <div class='ocr_carea' id='block_1_51' title="bbox 132 1891 920 1927">
    <p class='ocr_par' dir='ltr' id='par_1_51' title="bbox 132 1891 920 1927">
     <span class='ocr_line' id='line_1_51' title="bbox 132 1891 920 1927; baseline -0.001 -7"><span class='ocrx_word' id='word_1_347' title='bbox 132 1891 265 1921; x_wconf 74' lang='lat' dir='ltr'><strong>rationem</strong></span> <span class='ocrx_word' id='word_1_348' title='bbox 277 1914 286 1926; x_wconf 89' lang='lat'><strong>,</strong></span> <span class='ocrx_word' id='word_1_349' title='bbox 301 1891 335 1920; x_wconf 79' lang='lat' dir='ltr'><strong>ab</strong></span> <span class='ocrx_word' id='word_1_350' title='bbox 354 1893 397 1920; x_wconf 90' lang='lat' dir='ltr'><strong>illa</strong></span> <span class='ocrx_word' id='word_1_351' title='bbox 413 1892 511 1920; x_wconf 87' lang='lat' dir='ltr'><strong>Leonis</strong></span> <span class='ocrx_word' id='word_1_352' title='bbox 526 1893 551 1919; x_wconf 88' lang='lat' dir='ltr'><strong>iii</strong></span> <span class='ocrx_word' id='word_1_353' title='bbox 568 1891 920 1927; x_wconf 32' lang='lat' dir='ltr'><strong>ilanichzeos’inquisitione</strong></span> 
     </span>
    </p>
   </div>
   <div class='ocr_carea' id='block_1_52' title="bbox 132 1928 755 1963">
    <p class='ocr_par' dir='ltr' id='par_1_52' title="bbox 132 1928 755 1963">
     <span class='ocr_line' id='line_1_52' title="bbox 132 1928 755 1963; baseline -0.002 -8"><span class='ocrx_word' id='word_1_354' title='bbox 132 1935 190 1955; x_wconf 92' lang='lat' dir='ltr'><strong>non</strong></span> <span class='ocrx_word' id='word_1_355' title='bbox 205 1936 315 1963; x_wconf 86' lang='lat' dir='ltr'><strong>prorsus</strong></span> <span class='ocrx_word' id='word_1_356' title='bbox 328 1928 478 1956; x_wconf 84' lang='lat' dir='ltr'><strong>absimilem</strong></span> <span class='ocrx_word' id='word_1_357' title='bbox 491 1928 620 1963; x_wconf 90' lang='lat' dir='ltr'><strong>originem</strong></span> <span class='ocrx_word' id='word_1_358' title='bbox 634 1928 755 1954; x_wconf 89' lang='lat' dir='ltr'><strong>traxisse.</strong></span> 
     </span>
    </p>
   </div>
   <div class='ocr_carea' id='block_1_53' title="bbox 172 1963 921 1998">
    <p class='ocr_par' dir='ltr' id='par_1_53' title="bbox 172 1963 921 1998">
     <span class='ocr_line' id='line_1_53' title="bbox 172 1963 921 1998; baseline -0.001 -7"><span class='ocrx_word' id='word_1_359' title='bbox 172 1964 198 1991; x_wconf 85' lang='grc'><strong>6.</strong></span> <span class='ocrx_word' id='word_1_360' title='bbox 214 1964 288 1997; x_wconf 88' lang='lat' dir='ltr'><strong>Quod</strong></span> <span class='ocrx_word' id='word_1_361' title='bbox 300 1964 322 1991; x_wconf 88' lang='lat' dir='ltr'><strong>si</strong></span> <span class='ocrx_word' id='word_1_362' title='bbox 333 1970 488 1991; x_wconf 88' lang='lat' dir='ltr'><strong>occurratur</strong></span> <span class='ocrx_word' id='word_1_363' title='bbox 500 1963 586 1994; x_wconf 90' lang='lat' dir='ltr'><strong>nobis,</strong></span> <span class='ocrx_word' id='word_1_364' title='bbox 599 1967 627 1990; x_wconf 90' lang='lat' dir='ltr'><strong>et</strong></span> <span class='ocrx_word' id='word_1_365' title='bbox 639 1963 747 1998; x_wconf 90' lang='lat' dir='ltr'><strong>quidem</strong></span> <span class='ocrx_word' id='word_1_366' title='bbox 761 1970 775 1989; x_wconf 88' lang='lat' dir='ltr'><strong>a</strong></span> <span class='ocrx_word' id='word_1_367' title='bbox 789 1963 921 1990; x_wconf 87' lang='lat' dir='ltr'><strong>doctisat-</strong></span> 
     </span>
    </p>
   </div>
   <div class='ocr_carea' id='block_1_54' title="bbox 131 1998 920 2034">
    <p class='ocr_par' dir='ltr' id='par_1_54' title="bbox 131 1998 920 2034">
     <span class='ocr_line' id='line_1_54' title="bbox 131 1998 920 2034; baseline -0.001 -9"><span class='ocrx_word' id='word_1_368' title='bbox 131 2006 189 2034; x_wconf 78' lang='lat' dir='ltr'><strong>que</strong></span> <span class='ocrx_word' id='word_1_369' title='bbox 203 1999 325 2031; x_wconf 88' lang='lat' dir='ltr'><strong>eruditis,</strong></span> <span class='ocrx_word' id='word_1_370' title='bbox 337 1999 518 2034; x_wconf 65' lang='lat' dir='ltr'><strong>quaerentibus</strong></span> <span class='ocrx_word' id='word_1_371' title='bbox 532 1998 632 2034; x_wconf 83' lang='lat' dir='ltr'><strong>satisne</strong></span> <span class='ocrx_word' id='word_1_372' title='bbox 646 2002 801 2034; x_wconf 75' lang='lat' dir='ltr'><strong>constanter</strong></span> <span class='ocrx_word' id='word_1_373' title='bbox 815 1998 920 2034; x_wconf 89' lang='lat' dir='ltr'><strong>probari</strong></span> 
     </span>
    </p>
   </div>
   <div class='ocr_carea' id='block_1_55' title="bbox 131 2032 920 2069">
    <p class='ocr_par' dir='ltr' id='par_1_55' title="bbox 131 2032 920 2069">
     <span class='ocr_line' id='line_1_55' title="bbox 131 2032 920 2069; baseline -0.003 -8"><span class='ocrx_word' id='word_1_374' title='bbox 131 2032 219 2069; x_wconf 65' lang='lat' dir='ltr'><strong>possit</strong></span> <span class='ocrx_word' id='word_1_375' title='bbox 242 2032 373 2069; x_wconf 73' lang='lat' dir='ltr'><strong>ejusmodi</strong></span> <span class='ocrx_word' id='word_1_376' title='bbox 381 2033 541 2069; x_wconf 70' lang='lat' dir='ltr'><strong>iudiciorum</strong></span> <span class='ocrx_word' id='word_1_377' title='bbox 552 2033 664 2069; x_wconf 87' lang='lat' dir='ltr'><strong>fortnam</strong></span> <span class='ocrx_word' id='word_1_378' title='bbox 675 2040 690 2059; x_wconf 91' lang='lat' dir='ltr'><strong>a</strong></span> <span class='ocrx_word' id='word_1_379' title='bbox 704 2032 801 2069; x_wconf 85' lang='lat' dir='ltr'><strong>Leonis</strong></span> <span class='ocrx_word' id='word_1_380' title='bbox 815 2040 873 2060; x_wconf 59' lang='lat' dir='ltr'><strong>«evo</strong></span> <span class='ocrx_word' id='word_1_381' title='bbox 887 2032 920 2059; x_wconf 90' lang='lat' dir='ltr'><strong>ad</strong></span> 
     </span>
    </p>
   </div>
   <div class='ocr_carea' id='block_1_56' title="bbox 130 2068 921 2104">
    <p class='ocr_par' dir='ltr' id='par_1_56' title="bbox 130 2068 921 2104">
     <span class='ocr_line' id='line_1_56' title="bbox 130 2068 921 2104; baseline -0.003 -8"><span class='ocrx_word' id='word_1_382' title='bbox 130 2074 225 2096; x_wconf 89' lang='lat' dir='ltr'><strong>nostra</strong></span> <span class='ocrx_word' id='word_1_383' title='bbox 239 2068 322 2104; x_wconf 84' lang='lat' dir='ltr'><strong>usque</strong></span> <span class='ocrx_word' id='word_1_384' title='bbox 337 2068 454 2104; x_wconf 85' lang='lat' dir='ltr'><strong>tempora</strong></span> <span class='ocrx_word' id='word_1_385' title='bbox 469 2076 612 2104; x_wconf 84' lang='lat' dir='ltr'><strong>numquam</strong></span> <span class='ocrx_word' id='word_1_386' title='bbox 625 2068 705 2095; x_wconf 86' lang='lat' dir='ltr'><strong>fuisse</strong></span> <span class='ocrx_word' id='word_1_387' title='bbox 719 2068 858 2100; x_wconf 83' lang='lat' dir='ltr'><strong>variatam,</strong></span> <span class='ocrx_word' id='word_1_388' title='bbox 875 2073 921 2104; x_wconf 87' lang='lat' dir='ltr'><strong>aut</strong></span> 
     </span>
    </p>
   </div>
   <div class='ocr_carea' id='block_1_57' title="bbox 130 2102 921 2139">
    <p class='ocr_par' dir='ltr' id='par_1_57' title="bbox 130 2102 921 2139">
     <span class='ocr_line' id='line_1_57' title="bbox 130 2102 921 2139; baseline -0.003 -7"><span class='ocrx_word' id='word_1_389' title='bbox 130 2102 326 2139; x_wconf 75' lang='lat' dir='ltr'><strong>interruptam,</strong></span> <span class='ocrx_word' id='word_1_390' title='bbox 350 2104 377 2132; x_wconf 91' lang='lat' dir='ltr'><strong>id</strong></span> <span class='ocrx_word' id='word_1_391' title='bbox 392 2102 494 2132; x_wconf 65' lang='lat' dir='ltr'><strong>&#39;vellem</strong></span> <span class='ocrx_word' id='word_1_392' title='bbox 507 2103 573 2130; x_wconf 88' lang='lat' dir='ltr'><strong>satis</strong></span> <span class='ocrx_word' id='word_1_393' title='bbox 585 2105 827 2139; x_wconf 18' lang='lat' dir='ltr'><strong>cognitutnresset,</strong></span> <span class='ocrx_word' id='word_1_394' title='bbox 842 2102 921 2136; x_wconf 88' lang='lat' dir='ltr'><strong>quale</strong></span> 
     </span>
    </p>
   </div>
   <div class='ocr_carea' id='block_1_58' title="bbox 128 2138 921 2172">
    <p class='ocr_par' dir='ltr' id='par_1_58' title="bbox 128 2138 921 2172">
     <span class='ocr_line' id='line_1_58' title="bbox 128 2138 921 2172; baseline -0.004 -6"><span class='ocrx_word' id='word_1_395' title='bbox 128 2138 305 2167; x_wconf 85' lang='lat' dir='ltr'><strong>habuerimus</strong></span> <span class='ocrx_word' id='word_1_396' title='bbox 315 2140 466 2167; x_wconf 87' lang='lat' dir='ltr'><strong>consilium.</strong></span> <span class='ocrx_word' id='word_1_397' title='bbox 479 2139 536 2166; x_wconf 80' lang='lat' dir='ltr'><strong>Non</strong></span> <span class='ocrx_word' id='word_1_398' title='bbox 547 2138 617 2166; x_wconf 88' lang='lat' dir='ltr'><strong>enim</strong></span> <span class='ocrx_word' id='word_1_399' title='bbox 625 2138 740 2165; x_wconf 90' lang='lat' dir='ltr'><strong>sumusii</strong></span> <span class='ocrx_word' id='word_1_400' title='bbox 751 2145 864 2172; x_wconf 87' lang='lat' dir='ltr'><strong>quorum</strong></span> <span class='ocrx_word' id='word_1_401' title='bbox 876 2146 921 2164; x_wconf 89' lang='lat' dir='ltr'><strong>va-</strong></span> 
     </span>
    </p>
   </div>
   <div class='ocr_carea' id='block_1_59' title="bbox 126 2173 919 2210">
    <p class='ocr_par' dir='ltr' id='par_1_59' title="bbox 126 2173 919 2210">
     <span class='ocr_line' id='line_1_59' title="bbox 126 2173 919 2210; baseline -0.003 -9"><span class='ocrx_word' id='word_1_402' title='bbox 126 2180 209 2210; x_wconf 80' lang='lat' dir='ltr'><strong>getur</strong></span> <span class='ocrx_word' id='word_1_403' title='bbox 221 2176 405 2203; x_wconf 87' lang='lat' dir='ltr'><strong>animusextra</strong></span> <span class='ocrx_word' id='word_1_404' title='bbox 418 2175 468 2202; x_wconf 83' lang='lat' dir='ltr'><strong>sibi</strong></span> <span class='ocrx_word' id='word_1_405' title='bbox 481 2175 643 2209; x_wconf 88' lang='lat' dir='ltr'><strong>propositum</strong></span> <span class='ocrx_word' id='word_1_406' title='bbox 656 2180 776 2208; x_wconf 90' lang='lat' dir='ltr'><strong>scopum.</strong></span> <span class='ocrx_word' id='word_1_407' title='bbox 785 2173 838 2200; x_wconf 85' lang='lat' dir='ltr'><strong>Nos</strong></span> <span class='ocrx_word' id='word_1_408' title='bbox 849 2173 919 2210; x_wconf 85' lang='lat' dir='ltr'><strong>enim</strong></span> 
     </span>
    </p>
   </div>
   <div class='ocr_carea' id='block_1_60' title="bbox 125 2208 921 2243">
    <p class='ocr_par' dir='ltr' id='par_1_60' title="bbox 125 2208 921 2243">
     <span class='ocr_line' id='line_1_60' title="bbox 125 2208 921 2243; baseline -0.003 -6"><span class='ocrx_word' id='word_1_409' title='bbox 125 2208 269 2238; x_wconf 65' lang='lat' dir='ltr'><strong>dumtaxat</strong></span> <span class='ocrx_word' id='word_1_410' title='bbox 281 2211 377 2238; x_wconf 88' lang='lat' dir='ltr'><strong>Leonis</strong></span> <span class='ocrx_word' id='word_1_411' title='bbox 389 2208 619 2243; x_wconf 28' lang='lat' dir='ltr'><strong>Opera’castigare</strong></span> <span class='ocrx_word' id='word_1_412' title='bbox 628 2229 635 2240; x_wconf 88' lang='lat'><strong>,</strong></span> <span class='ocrx_word' id='word_1_413' title='bbox 648 2216 758 2242; x_wconf 81' lang='lat' dir='ltr'><strong>ornare,</strong></span> <span class='ocrx_word' id='word_1_414' title='bbox 775 2214 801 2236; x_wconf 91' lang='lat' dir='ltr'><strong>et</strong></span> <span class='ocrx_word' id='word_1_415' title='bbox 815 2216 847 2236; x_wconf 91' lang='lat' dir='ltr'><strong>ex</strong></span> <span class='ocrx_word' id='word_1_416' title='bbox 861 2208 921 2243; x_wconf 87' lang='lat' dir='ltr'><strong>ejus</strong></span> 
     </span>
    </p>
   </div>
   <div class='ocr_carea' id='block_1_61' title="bbox 129 2244 919 2282">
    <p class='ocr_par' dir='ltr' id='par_1_61' title="bbox 129 2244 919 2282">
     <span class='ocr_line' id='line_1_61' title="bbox 129 2244 919 2282; baseline -0.003 -9"><span class='ocrx_word' id='word_1_417' title='bbox 129 2246 212 2282; x_wconf 76' lang='lat'><strong>171</strong></span> <span class='ocrx_word' id='word_1_418' title='bbox 225 2246 333 2282; x_wconf 79' lang='lat' dir='ltr'><strong>scriptis</strong></span> <span class='ocrx_word' id='word_1_419' title='bbox 349 2246 559 2282; x_wconf 77' lang='lat' dir='ltr'><strong>Exercitationes</strong></span> <span class='ocrx_word' id='word_1_420' title='bbox 572 2244 698 2282; x_wconf 79' lang='lat' dir='ltr'><strong>quasdam</strong></span> <span class='ocrx_word' id='word_1_421' title='bbox 716 2244 859 2282; x_wconf 79' lang='lat' dir='ltr'><strong>deducere,</strong></span> <span class='ocrx_word' id='word_1_422' title='bbox 877 2247 919 2282; x_wconf 79' lang='lat' dir='ltr'><strong>lp-</strong></span> 
     </span>
    </p>
   </div>
   <div class='ocr_carea' id='block_1_62' title="bbox 124 2279 919 2316">
    <p class='ocr_par' dir='ltr' id='par_1_62' title="bbox 124 2279 919 2316">
     <span class='ocr_line' id='line_1_62' title="bbox 124 2279 919 2316; baseline -0.004 -7"><span class='ocrx_word' id='word_1_423' title='bbox 124 2279 241 2315; x_wconf 62' lang='grc' dir='ltr'><strong>ἑῖιῖδιῖυθ</strong></span> <span class='ocrx_word' id='word_1_424' title='bbox 259 2279 288 2309; x_wconf 68' lang='grc' dir='ltr'><strong>εξ</strong></span> <span class='ocrx_word' id='word_1_425' title='bbox 310 2281 443 2316; x_wconf 80' lang='lat' dir='ltr'><strong>pontificis</strong></span> <span class='ocrx_word' id='word_1_426' title='bbox 462 2285 537 2315; x_wconf 86' lang='lat' dir='ltr'><strong>gesta</strong></span> <span class='ocrx_word' id='word_1_427' title='bbox 558 2288 574 2316; x_wconf 79' lang='lat' dir='ltr'><strong>a</strong></span> <span class='ocrx_word' id='word_1_428' title='bbox 593 2279 693 2306; x_wconf 84' lang='lat' dir='ltr'><strong>criticis</strong></span> <span class='ocrx_word' id='word_1_429' title='bbox 713 2280 826 2316; x_wconf 83' lang='lat' dir='ltr'><strong>aliorum</strong></span> <span class='ocrx_word' id='word_1_430' title='bbox 850 2280 919 2306; x_wconf 90' lang='lat' dir='ltr'><strong>notis</strong></span> 
     </span>
    </p>
   </div>
   <div class='ocr_carea' id='block_1_63' title="bbox 125 2315 918 2348">
    <p class='ocr_par' dir='ltr' id='par_1_63' title="bbox 125 2315 918 2348">
     <span class='ocr_line' id='line_1_63' title="bbox 125 2315 918 2348; baseline 0 -6"><span class='ocrx_word' id='word_1_431' title='bbox 125 2316 269 2344; x_wconf 85' lang='lat' dir='ltr'><strong>vindicare</strong></span> <span class='ocrx_word' id='word_1_432' title='bbox 280 2315 386 2344; x_wconf 76' lang='lat' dir='ltr'><strong>invotis</strong></span> <span class='ocrx_word' id='word_1_433' title='bbox 399 2316 550 2344; x_wconf 87' lang='lat' dir='ltr'><strong>habuimus.</strong></span> <span class='ocrx_word' id='word_1_434' title='bbox 564 2315 708 2348; x_wconf 83' lang='lat' dir='ltr'><strong>Propterea</strong></span> <span class='ocrx_word' id='word_1_435' title='bbox 722 2315 747 2342; x_wconf 89' lang='lat' dir='ltr'><strong>in</strong></span> <span class='ocrx_word' id='word_1_436' title='bbox 758 2322 788 2342; x_wconf 85' lang='lat' dir='ltr'><strong>ea</strong></span> <span class='ocrx_word' id='word_1_437' title='bbox 802 2319 918 2342; x_wconf 89' lang='lat' dir='ltr'><strong>nostram</strong></span> 
     </span>
    </p>
   </div>
   <div class='ocr_carea' id='block_1_64' title="bbox 123 2350 918 2386">
    <p class='ocr_par' dir='ltr' id='par_1_64' title="bbox 123 2350 918 2386">
     <span class='ocr_line' id='line_1_64' title="bbox 123 2350 918 2386; baseline -0.003 -7"><span class='ocrx_word' id='word_1_438' title='bbox 123 2359 234 2382; x_wconf 85' lang='lat' dir='ltr'><strong>curam,</strong></span> <span class='ocrx_word' id='word_1_439' title='bbox 247 2355 434 2386; x_wconf 80' lang='lat' dir='ltr'><strong>cognationem</strong></span> <span class='ocrx_word' id='word_1_440' title='bbox 448 2356 475 2378; x_wconf 83' lang='lat' dir='ltr'><strong>et</strong></span> <span class='ocrx_word' id='word_1_441' title='bbox 484 2351 601 2378; x_wconf 86' lang='lat' dir='ltr'><strong>studium</strong></span> <span class='ocrx_word' id='word_1_442' title='bbox 614 2351 647 2377; x_wconf 85' lang='lat' dir='ltr'><strong>ita</strong></span> <span class='ocrx_word' id='word_1_443' title='bbox 658 2350 830 2386; x_wconf 83' lang='lat' dir='ltr'><strong>contulimus,</strong></span> <span class='ocrx_word' id='word_1_444' title='bbox 846 2355 873 2386; x_wconf 84' lang='lat' dir='ltr'><strong>ut</strong></span> <span class='ocrx_word' id='word_1_445' title='bbox 885 2350 918 2377; x_wconf 82' lang='lat' dir='ltr'><strong>ad</strong></span> 
     </span>
    </p>
   </div>
   <div class='ocr_carea' id='block_1_65' title="bbox 125 2384 918 2422">
    <p class='ocr_par' dir='ltr' id='par_1_65' title="bbox 125 2384 918 2422">
     <span class='ocr_line' id='line_1_65' title="bbox 125 2384 918 2422; baseline -0.003 -9"><span class='ocrx_word' id='word_1_446' title='bbox 125 2387 265 2414; x_wconf 88' lang='lat' dir='ltr'><strong>vitandam</strong></span> <span class='ocrx_word' id='word_1_447' title='bbox 274 2384 484 2422; x_wconf 67' lang='lat' dir='ltr'><strong>superﬂuitatem</strong></span> <span class='ocrx_word' id='word_1_448' title='bbox 492 2386 715 2420; x_wconf 79' lang='lat' dir='ltr'><strong>etarrogantiam,</strong></span> <span class='ocrx_word' id='word_1_449' title='bbox 724 2385 756 2412; x_wconf 88' lang='lat' dir='ltr'><strong>ad</strong></span> <span class='ocrx_word' id='word_1_450' title='bbox 767 2384 918 2422; x_wconf 75' lang='lat' dir='ltr'><strong>fugiendam</strong></span> 
     </span>
    </p>
   </div>
   <div class='ocr_carea' id='block_1_66' title="bbox 125 2420 919 2457">
    <p class='ocr_par' dir='ltr' id='par_1_66' title="bbox 125 2420 919 2457">
     <span class='ocr_line' id='line_1_66' title="bbox 125 2420 919 2457; baseline -0.003 -8"><span class='ocrx_word' id='word_1_451' title='bbox 125 2420 315 2450; x_wconf 53' lang='lat' dir='ltr'><strong>temeritatem‘</strong></span> <span class='ocrx_word' id='word_1_452' title='bbox 324 2424 556 2457; x_wconf 80' lang='lat' dir='ltr'><strong>prolixitatemque</strong></span> <span class='ocrx_word' id='word_1_453' title='bbox 565 2442 572 2452; x_wconf 85' lang='lat'><strong>.</strong></span> <span class='ocrx_word' id='word_1_454' title='bbox 586 2422 685 2457; x_wconf 82' lang='lat' dir='ltr'><strong>sancti</strong></span> <span class='ocrx_word' id='word_1_455' title='bbox 693 2420 825 2455; x_wconf 73' lang='lat' dir='ltr'><strong>pontiﬁcis</strong></span> <span class='ocrx_word' id='word_1_456' title='bbox 838 2421 919 2455; x_wconf 85' lang='lat' dir='ltr'><strong>gestis</strong></span> 
     </span>
    </p>
   </div>
   <div class='ocr_carea' id='block_1_67' title="bbox 123 2456 920 2491">
    <p class='ocr_par' dir='ltr' id='par_1_67' title="bbox 123 2456 920 2491">
     <span class='ocr_line' id='line_1_67' title="bbox 123 2456 920 2491; baseline -0.004 -6"><span class='ocrx_word' id='word_1_457' title='bbox 123 2457 244 2485; x_wconf 80' lang='lat' dir='ltr'><strong>aliorum</strong></span> <span class='ocrx_word' id='word_1_458' title='bbox 255 2459 322 2485; x_wconf 88' lang='lat' dir='ltr'><strong>facta</strong></span> <span class='ocrx_word' id='word_1_459' title='bbox 333 2458 445 2485; x_wconf 85' lang='lat' dir='ltr'><strong>miscere</strong></span> <span class='ocrx_word' id='word_1_460' title='bbox 456 2456 566 2485; x_wconf 84' lang='lat' dir='ltr'><strong>minime</strong></span> <span class='ocrx_word' id='word_1_461' title='bbox 577 2456 760 2488; x_wconf 86' lang='lat' dir='ltr'><strong>debuerimus,</strong></span> <span class='ocrx_word' id='word_1_462' title='bbox 773 2457 823 2483; x_wconf 88' lang='lat' dir='ltr'><strong>nisi</strong></span> <span class='ocrx_word' id='word_1_463' title='bbox 834 2463 920 2491; x_wconf 87' lang='lat' dir='ltr'><strong>quan-</strong></span> 
     </span>
    </p>
   </div>
   <div class='ocr_carea' id='block_1_68' title="bbox 124 2491 918 2526">
    <p class='ocr_par' dir='ltr' id='par_1_68' title="bbox 124 2491 918 2526">
     <span class='ocr_line' id='line_1_68' title="bbox 124 2491 918 2526; baseline -0.003 -6"><span class='ocrx_word' id='word_1_464' title='bbox 124 2493 167 2520; x_wconf 75' lang='lat' dir='ltr'><strong>do</strong></span> <span class='ocrx_word' id='word_1_465' title='bbox 180 2493 213 2519; x_wconf 88' lang='lat' dir='ltr'><strong>ad</strong></span> <span class='ocrx_word' id='word_1_466' title='bbox 226 2493 384 2521; x_wconf 86' lang='lat' dir='ltr'><strong>evertendas</strong></span> <span class='ocrx_word' id='word_1_467' title='bbox 393 2493 505 2520; x_wconf 88' lang='lat' dir='ltr'><strong>aliorum</strong></span> <span class='ocrx_word' id='word_1_468' title='bbox 518 2492 598 2519; x_wconf 87' lang='lat' dir='ltr'><strong>falsas</strong></span> <span class='ocrx_word' id='word_1_469' title='bbox 609 2492 748 2526; x_wconf 87' lang='lat' dir='ltr'><strong>opiniones</strong></span> <span class='ocrx_word' id='word_1_470' title='bbox 760 2491 821 2519; x_wconf 89' lang='lat' dir='ltr'><strong>talia</strong></span> <span class='ocrx_word' id='word_1_471' title='bbox 834 2491 918 2519; x_wconf 82' lang='lat' dir='ltr'><strong>offen-</strong></span> 
     </span>
    </p>
   </div>
   <div class='ocr_carea' id='block_1_69' title="bbox 123 2527 917 2563">
    <p class='ocr_par' dir='ltr' id='par_1_69' title="bbox 123 2527 917 2563">
     <span class='ocr_line' id='line_1_69' title="bbox 123 2527 917 2563; baseline -0.003 -7"><span class='ocrx_word' id='word_1_472' title='bbox 123 2528 220 2556; x_wconf 84' lang='lat' dir='ltr'><strong>dimus</strong></span> <span class='ocrx_word' id='word_1_473' title='bbox 233 2536 247 2554; x_wconf 89' lang='lat' dir='ltr'><strong>a</strong></span> <span class='ocrx_word' id='word_1_474' title='bbox 267 2528 365 2563; x_wconf 87' lang='lat' dir='ltr'><strong>quibus</strong></span> <span class='ocrx_word' id='word_1_475' title='bbox 379 2530 438 2556; x_wconf 90' lang='lat' dir='ltr'><strong>sine</strong></span> <span class='ocrx_word' id='word_1_476' title='bbox 452 2527 564 2556; x_wconf 69' lang='lat' dir='ltr'><strong>inscitia:</strong></span> <span class='ocrx_word' id='word_1_477' title='bbox 578 2527 637 2555; x_wconf 91' lang='lat' dir='ltr'><strong>labe</strong></span> <span class='ocrx_word' id='word_1_478' title='bbox 651 2527 777 2555; x_wconf 89' lang='lat' dir='ltr'><strong>recedere</strong></span> <span class='ocrx_word' id='word_1_479' title='bbox 796 2535 848 2554; x_wconf 87' lang='lat' dir='ltr'><strong>non</strong></span> <span class='ocrx_word' id='word_1_480' title='bbox 867 2534 917 2563; x_wconf 85' lang='lat' dir='ltr'><strong>po-</strong></span> 
     </span>
    </p>
   </div>
   <div class='ocr_carea' id='block_1_70' title="bbox 126 2562 918 2598">
    <p class='ocr_par' dir='ltr' id='par_1_70' title="bbox 126 2562 918 2598">
     <span class='ocr_line' id='line_1_70' title="bbox 126 2562 918 2598; baseline -0.001 -8"><span class='ocrx_word' id='word_1_481' title='bbox 126 2563 241 2591; x_wconf 86' lang='lat' dir='ltr'><strong>tuimus.</strong></span> <span class='ocrx_word' id='word_1_482' title='bbox 250 2562 326 2597; x_wconf 84' lang='lat' dir='ltr'><strong>Quod</strong></span> <span class='ocrx_word' id='word_1_483' title='bbox 335 2564 356 2591; x_wconf 88' lang='lat' dir='ltr'><strong>si</strong></span> <span class='ocrx_word' id='word_1_484' title='bbox 368 2563 481 2598; x_wconf 88' lang='lat' dir='ltr'><strong>denique</strong></span> <span class='ocrx_word' id='word_1_485' title='bbox 495 2564 588 2592; x_wconf 85' lang='lat' dir='ltr'><strong>eadem</strong></span> <span class='ocrx_word' id='word_1_486' title='bbox 599 2563 694 2597; x_wconf 87' lang='lat' dir='ltr'><strong>agendi</strong></span> <span class='ocrx_word' id='word_1_487' title='bbox 708 2563 775 2590; x_wconf 80' lang='lat' dir='ltr'><strong>ratio</strong></span> <span class='ocrx_word' id='word_1_488' title='bbox 789 2562 918 2590; x_wconf 86' lang='lat' dir='ltr'><strong>etmodus</strong></span> 
     </span>
    </p>
   </div>
   <div class='ocr_carea' id='block_1_71' title="bbox 125 2598 918 2634">
    <p class='ocr_par' dir='ltr' id='par_1_71' title="bbox 125 2598 918 2634">
     <span class='ocr_line' id='line_1_71' title="bbox 125 2598 918 2634; baseline -0.003 -7"><span class='ocrx_word' id='word_1_489' title='bbox 125 2599 159 2627; x_wconf 90' lang='lat' dir='ltr'><strong>in</strong></span> <span class='ocrx_word' id='word_1_490' title='bbox 174 2598 272 2627; x_wconf 66' lang='lat' dir='ltr'><strong>haeresi</strong></span> <span class='ocrx_word' id='word_1_491' title='bbox 285 2599 437 2634; x_wconf 90' lang='lat' dir='ltr'><strong>inquinatos</strong></span> <span class='ocrx_word' id='word_1_492' title='bbox 449 2604 494 2626; x_wconf 89' lang='lat' dir='ltr'><strong>aut</strong></span> <span class='ocrx_word' id='word_1_493' title='bbox 512 2599 546 2626; x_wconf 90' lang='lat' dir='ltr'><strong>de</strong></span> <span class='ocrx_word' id='word_1_494' title='bbox 562 2598 684 2625; x_wconf 70' lang='lat' dir='ltr'><strong>haeretica</strong></span> <span class='ocrx_word' id='word_1_495' title='bbox 708 2598 766 2625; x_wconf 87' lang='lat' dir='ltr'><strong>labe</strong></span> <span class='ocrx_word' id='word_1_496' title='bbox 779 2603 918 2634; x_wconf 78' lang='lat' dir='ltr'><strong>suspectos</strong></span> 
     </span>
    </p>
   </div>
   <div class='ocr_carea' id='block_1_72' title="bbox 124 2633 917 2669">
    <p class='ocr_par' dir='ltr' id='par_1_72' title="bbox 124 2633 917 2669">
     <span class='ocr_line' id='line_1_72' title="bbox 124 2633 917 2669; baseline 0 -9"><span class='ocrx_word' id='word_1_497' title='bbox 124 2635 292 2669; x_wconf 87' lang='lat' dir='ltr'><strong>quandoque</strong></span> <span class='ocrx_word' id='word_1_498' title='bbox 304 2633 354 2662; x_wconf 82' lang='lat' dir='ltr'><strong>fuit</strong></span> <span class='ocrx_word' id='word_1_499' title='bbox 371 2635 529 2669; x_wconf 87' lang='lat' dir='ltr'><strong>interrupta,</strong></span> <span class='ocrx_word' id='word_1_500' title='bbox 543 2634 606 2669; x_wconf 87' lang='lat' dir='ltr'><strong>quid</strong></span> <span class='ocrx_word' id='word_1_501' title='bbox 622 2634 709 2661; x_wconf 89' lang='lat' dir='ltr'><strong>isthuc</strong></span> <span class='ocrx_word' id='word_1_502' title='bbox 723 2634 781 2660; x_wconf 79' lang='lat' dir='ltr'><strong>est?</strong></span> <span class='ocrx_word' id='word_1_503' title='bbox 795 2633 917 2669; x_wconf 89' lang='lat' dir='ltr'><strong>Nondum</strong></span> 
     </span>
    </p>
   </div>
   <div class='ocr_carea' id='block_1_73' title="bbox 124 2668 918 2704">
    <p class='ocr_par' dir='ltr' id='par_1_73' title="bbox 124 2668 918 2704">
     <span class='ocr_line' id='line_1_73' title="bbox 124 2668 918 2704; baseline 0 -8"><span class='ocrx_word' id='word_1_504' title='bbox 124 2668 203 2697; x_wconf 71' lang='lat' dir='ltr'><strong>enim</strong></span> <span class='ocrx_word' id='word_1_505' title='bbox 219 2668 366 2698; x_wconf 80' lang='lat' dir='ltr'><strong>extremam</strong></span> <span class='ocrx_word' id='word_1_506' title='bbox 388 2668 521 2697; x_wconf 85' lang='lat' dir='ltr'><strong>clauserat</strong></span> <span class='ocrx_word' id='word_1_507' title='bbox 533 2668 603 2696; x_wconf 80' lang='lat' dir='ltr'><strong>diem</strong></span> <span class='ocrx_word' id='word_1_508' title='bbox 617 2673 708 2696; x_wconf 89' lang='lat' dir='ltr'><strong>noster</strong></span> <span class='ocrx_word' id='word_1_509' title='bbox 732 2669 796 2701; x_wconf 91' lang='lat' dir='ltr'><strong>Leo,</strong></span> <span class='ocrx_word' id='word_1_510' title='bbox 811 2668 918 2704; x_wconf 73' lang='lat' dir='ltr'><strong>quando</strong></span> 
     </span>
    </p>
   </div>
   <div class='ocr_carea' id='block_1_74' title="bbox 127 2704 919 2741">
    <p class='ocr_par' dir='ltr' id='par_1_74' title="bbox 127 2704 919 2741">
     <span class='ocr_line' id='line_1_74' title="bbox 127 2704 919 2741; baseline 0 -10"><span class='ocrx_word' id='word_1_511' title='bbox 127 2705 251 2739; x_wconf 86' lang='lat' dir='ltr'><strong>barbari,</strong></span> <span class='ocrx_word' id='word_1_512' title='bbox 265 2713 325 2741; x_wconf 82' lang='lat' dir='ltr'><strong>cum</strong></span> <span class='ocrx_word' id='word_1_513' title='bbox 340 2713 356 2733; x_wconf 87' lang='lat' dir='ltr'><strong>c</strong></span> <span class='ocrx_word' id='word_1_514' title='bbox 370 2705 574 2741; x_wconf 88' lang='lat' dir='ltr'><strong>Septentrione,_</strong></span> <span class='ocrx_word' id='word_1_515' title='bbox 593 2708 647 2741; x_wconf 86' lang='lat' dir='ltr'><strong>tum</strong></span> <span class='ocrx_word' id='word_1_516' title='bbox 662 2712 695 2731; x_wconf 89' lang='lat' dir='ltr'><strong>ex</strong></span> <span class='ocrx_word' id='word_1_517' title='bbox 711 2704 799 2741; x_wconf 82' lang='lat' dir='ltr'><strong>Africa</strong></span> <span class='ocrx_word' id='word_1_518' title='bbox 813 2704 919 2741; x_wconf 82' lang='lat' dir='ltr'><strong>prolici-</strong></span> 
     </span>
    </p>
   </div>
   <div class='ocr_carea' id='block_1_75' title="bbox 123 2739 918 2776">
    <p class='ocr_par' dir='ltr' id='par_1_75' title="bbox 123 2739 918 2776">
     <span class='ocr_line' id='line_1_75' title="bbox 123 2739 918 2776; baseline 0 -9"><span class='ocrx_word' id='word_1_519' title='bbox 123 2745 236 2768; x_wconf 88' lang='lat' dir='ltr'><strong>scentes</strong></span> <span class='ocrx_word' id='word_1_520' title='bbox 248 2762 255 2774; x_wconf 90' lang='lat'><strong>,</strong></span> <span class='ocrx_word' id='word_1_521' title='bbox 272 2740 393 2769; x_wconf 80' lang='lat' dir='ltr'><strong>Romano</strong></span> <span class='ocrx_word' id='word_1_522' title='bbox 408 2739 521 2776; x_wconf 89' lang='lat' dir='ltr'><strong>imperio</strong></span> <span class='ocrx_word' id='word_1_523' title='bbox 543 2739 577 2767; x_wconf 86' lang='lat' dir='ltr'><strong>ad</strong></span> <span class='ocrx_word' id='word_1_524' title='bbox 595 2740 695 2767; x_wconf 82' lang='lat' dir='ltr'><strong>exitum</strong></span> <span class='ocrx_word' id='word_1_525' title='bbox 710 2739 857 2774; x_wconf 86' lang='lat' dir='ltr'><strong>perducto,</strong></span> <span class='ocrx_word' id='word_1_526' title='bbox 880 2739 918 2767; x_wconf 88' lang='lat' dir='ltr'><strong>ita</strong></span> 
     </span>
    </p>
   </div>
   <div class='ocr_carea' id='block_1_76' title="bbox 168 2807 914 2845">
    <p class='ocr_par' dir='ltr' id='par_1_76' title="bbox 168 2807 914 2845">
     <span class='ocr_line' id='line_1_76' title="bbox 168 2807 914 2845; baseline -0.001 -9"><span class='ocrx_word' id='word_1_527' title='bbox 168 2810 205 2845; x_wconf 90' lang='lat' dir='ltr'><strong>(a)</strong></span> <span class='ocrx_word' id='word_1_528' title='bbox 219 2810 375 2844; x_wconf 84' lang='lat' dir='ltr'><strong>Quesnellus</strong></span> <span class='ocrx_word' id='word_1_529' title='bbox 385 2831 393 2843; x_wconf 93' lang='lat'><strong>,</strong></span> <span class='ocrx_word' id='word_1_530' title='bbox 407 2810 441 2838; x_wconf 89' lang='lat' dir='ltr'><strong>ad</strong></span> <span class='ocrx_word' id='word_1_531' title='bbox 455 2818 555 2837; x_wconf 89' lang='lat' dir='ltr'><strong>annum</strong></span> <span class='ocrx_word' id='word_1_532' title='bbox 570 2809 669 2845; x_wconf 77' lang='lat' dir='ltr'><strong>Christi</strong></span> <span class='ocrx_word' id='word_1_533' title='bbox 683 2807 793 2845; x_wconf 33' lang='lat' dir='ltr'><strong>“otia</strong></span> <span class='ocrx_word' id='word_1_534' title='bbox 806 2808 914 2845; x_wconf 76' lang='lat' dir='ltr'><strong>dissert.</strong></span> 
     </span>
    </p>
   </div>
   <div class='ocr_carea' id='block_1_77' title="bbox 124 2843 918 2881">
    <p class='ocr_par' dir='ltr' id='par_1_77' title="bbox 124 2843 918 2881">
     <span class='ocr_line' id='line_1_77' title="bbox 124 2843 918 2881; baseline -0.004 -8"><span class='ocrx_word' id='word_1_535' title='bbox 124 2846 157 2877; x_wconf 76' lang='grc'><strong>1,</strong></span> <span class='ocrx_word' id='word_1_536' title='bbox 173 2843 206 2872; x_wconf 82' lang='lat' dir='ltr'><strong>de</strong></span> <span class='ocrx_word' id='word_1_537' title='bbox 228 2845 286 2873; x_wconf 78' lang='lat' dir='ltr'><strong>Vita</strong></span> <span class='ocrx_word' id='word_1_538' title='bbox 311 2851 338 2873; x_wconf 89' lang='lat' dir='ltr'><strong>et</strong></span> <span class='ocrx_word' id='word_1_539' title='bbox 350 2847 430 2873; x_wconf 89' lang='lat' dir='ltr'><strong>rebus</strong></span> <span class='ocrx_word' id='word_1_540' title='bbox 441 2845 523 2881; x_wconf 79' lang='lat' dir='ltr'><strong>gestis</strong></span> <span class='ocrx_word' id='word_1_541' title='bbox 542 2845 624 2872; x_wconf 88' lang='lat' dir='ltr'><strong>sancti</strong></span> <span class='ocrx_word' id='word_1_542' title='bbox 640 2844 737 2881; x_wconf 76' lang='lat' dir='ltr'><strong>Leoms</strong></span> <span class='ocrx_word' id='word_1_543' title='bbox 758 2844 809 2881; x_wconf 61' lang='lat' dir='ltr'><strong>il,</strong></span> <span class='ocrx_word' id='word_1_544' title='bbox 824 2843 870 2878; x_wconf 88' lang='lat' dir='ltr'><strong>qui</strong></span> <span class='ocrx_word' id='word_1_545' title='bbox 887 2848 918 2870; x_wconf 92' lang='lat' dir='ltr'><strong>ut</strong></span> 
     </span>
    </p>
   </div>
   <div class='ocr_carea' id='block_1_78' title="bbox 122 2879 917 2915">
    <p class='ocr_par' dir='ltr' id='par_1_78' title="bbox 122 2879 917 2915">
     <span class='ocr_line' id='line_1_78' title="bbox 122 2879 917 2915; baseline -0.003 -8"><span class='ocrx_word' id='word_1_546' title='bbox 122 2881 249 2908; x_wconf 82' lang='lat' dir='ltr'><strong>studiose</strong></span> <span class='ocrx_word' id='word_1_547' title='bbox 263 2889 293 2909; x_wconf 86' lang='lat' dir='ltr'><strong>se</strong></span> <span class='ocrx_word' id='word_1_548' title='bbox 307 2879 453 2909; x_wconf 75' lang='lat' dir='ltr'><strong>abstineret</strong></span> <span class='ocrx_word' id='word_1_549' title='bbox 465 2881 499 2908; x_wconf 90' lang='lat' dir='ltr'><strong>ab</strong></span> <span class='ocrx_word' id='word_1_550' title='bbox 513 2879 682 2915; x_wconf 76' lang='lat' dir='ltr'><strong>inquisitionis</strong></span> <span class='ocrx_word' id='word_1_551' title='bbox 697 2879 840 2910; x_wconf 79' lang='lat' dir='ltr'><strong>vocabulo,</strong></span> <span class='ocrx_word' id='word_1_552' title='bbox 856 2886 917 2915; x_wconf 37' lang='lat' dir='ltr'><strong>ron:</strong></span> 
     </span>
    </p>
   </div>
   <div class='ocr_carea' id='block_1_79' title="bbox 124 2914 917 2952">
    <p class='ocr_par' dir='ltr' id='par_1_79' title="bbox 124 2914 917 2952">
     <span class='ocr_line' id='line_1_79' title="bbox 124 2914 917 2952; baseline -0.005 -7"><span class='ocrx_word' id='word_1_553' title='bbox 124 2917 266 2952; x_wconf 57' lang='lat' dir='ltr'><strong>«rationis</strong></span> <span class='ocrx_word' id='word_1_554' title='bbox 279 2924 371 2945; x_wconf 81' lang='lat' dir='ltr'><strong>vocem</strong></span> <span class='ocrx_word' id='word_1_555' title='bbox 385 2917 519 2949; x_wconf 70' lang='lat' dir='ltr'><strong>usurpavit</strong></span> <span class='ocrx_word' id='word_1_556' title='bbox 532 2914 599 2949; x_wconf 82' lang='lat' dir='ltr'><strong>tom,</strong></span> <span class='ocrx_word' id='word_1_557' title='bbox 615 2915 636 2944; x_wconf 91' lang='lat' dir='ltr'><strong>ll</strong></span> <span class='ocrx_word' id='word_1_558' title='bbox 649 2916 730 2948; x_wconf 82' lang='lat' dir='ltr'><strong>Oper.</strong></span> <span class='ocrx_word' id='word_1_559' title='bbox 744 2921 804 2949; x_wconf 75' lang='lat' dir='ltr'><strong>pag.</strong></span> <span class='ocrx_word' id='word_1_560' title='bbox 815 2921 852 2942; x_wconf 81' lang='lat' dir='ltr'><strong>in.</strong></span> <span class='ocrx_word' id='word_1_561' title='bbox 867 2914 917 2942; x_wconf 80' lang='grc'><strong>140</strong></span> 
     </span>
    </p>
   </div>
   <div class='ocr_carea' id='block_1_80' title="bbox 978 269 1765 306">
    <p class='ocr_par' dir='ltr' id='par_1_80' title="bbox 978 269 1765 306">
     <span class='ocr_line' id='line_1_80' title="bbox 978 269 1765 306; baseline 0.001 -10"><span class='ocrx_word' id='word_1_562' title='bbox 978 269 1117 306; x_wconf 83' lang='lat' dir='ltr'><strong>derecum</strong></span> <span class='ocrx_word' id='word_1_563' title='bbox 1131 269 1282 306; x_wconf 60' lang='lat' dir='ltr'><strong>diemonum</strong></span> <span class='ocrx_word' id='word_1_564' title='bbox 1307 271 1496 306; x_wconf 89' lang='lat' dir='ltr'><strong>potestatibus,</strong></span> <span class='ocrx_word' id='word_1_565' title='bbox 1518 270 1690 305; x_wconf 85' lang='lat' dir='ltr'><strong>improbitas,</strong></span> <span class='ocrx_word' id='word_1_566' title='bbox 1710 269 1765 306; x_wconf 82' lang='lat' dir='ltr'><strong>Ty-</strong></span> 
     </span>
    </p>
   </div>
   <div class='ocr_carea' id='block_1_81' title="bbox 977 305 1761 340">
    <p class='ocr_par' dir='ltr' id='par_1_81' title="bbox 977 305 1761 340">
     <span class='ocr_line' id='line_1_81' title="bbox 977 305 1761 340; baseline 0.003 -9"><span class='ocrx_word' id='word_1_567' title='bbox 977 305 1085 336; x_wconf 86' lang='lat' dir='ltr'><strong>rannis,</strong></span> <span class='ocrx_word' id='word_1_568' title='bbox 1101 305 1297 339; x_wconf 86' lang='lat' dir='ltr'><strong>multarumque</strong></span> <span class='ocrx_word' id='word_1_569' title='bbox 1313 305 1444 333; x_wconf 66' lang='lat' dir='ltr'><strong>hasresum</strong></span> <span class='ocrx_word' id='word_1_570' title='bbox 1470 314 1574 334; x_wconf 84' lang='lat' dir='ltr'><strong>errores</strong></span> <span class='ocrx_word' id='word_1_571' title='bbox 1593 306 1670 340; x_wconf 89' lang='lat' dir='ltr'><strong>longe</strong></span> <span class='ocrx_word' id='word_1_572' title='bbox 1693 305 1761 333; x_wconf 83' lang='lat' dir='ltr'><strong>late-</strong></span> 
     </span>
    </p>
   </div>
   <div class='ocr_carea' id='block_1_82' title="bbox 976 339 1761 380">
    <p class='ocr_par' dir='ltr' id='par_1_82' title="bbox 976 339 1761 380">
     <span class='ocr_line' id='line_1_82' title="bbox 976 339 1761 380; baseline 0.004 -14"><span class='ocrx_word' id='word_1_573' title='bbox 976 347 1028 380; x_wconf 76' lang='lat' dir='ltr'><strong>que</strong></span> <span class='ocrx_word' id='word_1_574' title='bbox 1041 339 1222 380; x_wconf 67' lang='lat' dir='ltr'><strong>disseminati,</strong></span> <span class='ocrx_word' id='word_1_575' title='bbox 1237 341 1333 367; x_wconf 87' lang='lat' dir='ltr'><strong>summi</strong></span> <span class='ocrx_word' id='word_1_576' title='bbox 1352 341 1603 380; x_wconf 38' lang='lat' dir='ltr'><strong>pontiﬁces‘aliique</strong></span> <span class='ocrx_word' id='word_1_577' title='bbox 1619 339 1761 380; x_wconf 60' lang='lat' dir='ltr'><strong>inferiores</strong></span> 
     </span>
    </p>
   </div>
   <div class='ocr_carea' id='block_1_83' title="bbox 976 375 1749 410">
    <p class='ocr_par' dir='ltr' id='par_1_83' title="bbox 976 375 1749 410">
     <span class='ocr_line' id='line_1_83' title="bbox 976 375 1749 410; baseline 0 -8"><span class='ocrx_word' id='word_1_578' title='bbox 976 375 1019 402; x_wconf 78' lang='lat' dir='ltr'><strong>vix</strong></span> <span class='ocrx_word' id='word_1_579' title='bbox 1035 383 1144 409; x_wconf 85' lang='lat' dir='ltr'><strong>operam</strong></span> <span class='ocrx_word' id='word_1_580' title='bbox 1157 375 1223 403; x_wconf 91' lang='lat' dir='ltr'><strong>dare</strong></span> <span class='ocrx_word' id='word_1_581' title='bbox 1244 375 1357 410; x_wconf 83' lang='lat' dir='ltr'><strong>possent</strong></span> <span class='ocrx_word' id='word_1_582' title='bbox 1373 381 1401 403; x_wconf 90' lang='lat' dir='ltr'><strong>ut</strong></span> <span class='ocrx_word' id='word_1_583' title='bbox 1415 375 1586 404; x_wconf 35' lang='lat' dir='ltr'><strong>catholicos‘a</strong></span> <span class='ocrx_word' id='word_1_584' title='bbox 1600 377 1671 404; x_wconf 90' lang='lat' dir='ltr'><strong>vitiis</strong></span> <span class='ocrx_word' id='word_1_585' title='bbox 1684 384 1749 404; x_wconf 82' lang='lat' dir='ltr'><strong>rem</strong></span> 
     </span>
    </p>
   </div>
   <div class='ocr_carea' id='block_1_84' title="bbox 976 411 1746 445">
    <p class='ocr_par' dir='ltr' id='par_1_84' title="bbox 976 411 1746 445">
     <span class='ocr_line' id='line_1_84' title="bbox 976 411 1746 445; baseline 0.003 -8"><span class='ocrx_word' id='word_1_586' title='bbox 976 415 1078 443; x_wconf 80' lang='lat' dir='ltr'><strong>carent,</strong></span> <span class='ocrx_word' id='word_1_587' title='bbox 1092 415 1122 438; x_wconf 90' lang='lat' dir='ltr'><strong>ut</strong></span> <span class='ocrx_word' id='word_1_588' title='bbox 1135 411 1268 445; x_wconf 85' lang='lat' dir='ltr'><strong>principes</strong></span> <span class='ocrx_word' id='word_1_589' title='bbox 1279 419 1293 437; x_wconf 89' lang='lat' dir='ltr'><strong>a</strong></span> <span class='ocrx_word' id='word_1_590' title='bbox 1307 411 1402 438; x_wconf 89' lang='lat' dir='ltr'><strong>civium</strong></span> <span class='ocrx_word' id='word_1_591' title='bbox 1414 412 1541 443; x_wconf 65' lang='lat' dir='ltr'><strong>caedibus.</strong></span> <span class='ocrx_word' id='word_1_592' title='bbox 1553 413 1655 439; x_wconf 87' lang='lat' dir='ltr'><strong>urbiutn</strong></span> <span class='ocrx_word' id='word_1_593' title='bbox 1669 412 1746 439; x_wconf 91' lang='lat' dir='ltr'><strong>incen</strong></span> 
     </span>
    </p>
   </div>
   <div class='ocr_carea' id='block_1_85' title="bbox 976 445 1761 486">
    <p class='ocr_par' dir='ltr' id='par_1_85' title="bbox 976 445 1761 486">
     <span class='ocr_line' id='line_1_85' title="bbox 976 445 1761 486; baseline 0.003 -14"><span class='ocrx_word' id='word_1_594' title='bbox 976 445 1078 486; x_wconf 71' lang='lat' dir='ltr'><strong>dio._se</strong></span> <span class='ocrx_word' id='word_1_595' title='bbox 1090 447 1265 479; x_wconf 87' lang='lat' dir='ltr'><strong>abstinerent,</strong></span> <span class='ocrx_word' id='word_1_596' title='bbox 1280 451 1306 473; x_wconf 93' lang='lat' dir='ltr'><strong>et</strong></span> <span class='ocrx_word' id='word_1_597' title='bbox 1316 447 1434 486; x_wconf 59' lang='lat' dir='ltr'><strong>heretici</strong></span> <span class='ocrx_word' id='word_1_598' title='bbox 1446 447 1678 486; x_wconf 73' lang='lat' dir='ltr'><strong>liomines_(Aria_ni</strong></span> <span class='ocrx_word' id='word_1_599' title='bbox 1693 455 1761 486; x_wconf 70' lang='lat' dir='ltr'><strong>pra:-</strong></span> 
     </span>
    </p>
   </div>
   <div class='ocr_carea' id='block_1_86' title="bbox 975 481 1757 517">
    <p class='ocr_par' dir='ltr' id='par_1_86' title="bbox 975 481 1757 517">
     <span class='ocr_line' id='line_1_86' title="bbox 975 481 1757 517; baseline 0.001 -9"><span class='ocrx_word' id='word_1_600' title='bbox 975 481 1082 516; x_wconf 88' lang='lat' dir='ltr'><strong>sertim)</strong></span> <span class='ocrx_word' id='word_1_601' title='bbox 1096 489 1208 516; x_wconf 88' lang='lat' dir='ltr'><strong>quorum</strong></span> <span class='ocrx_word' id='word_1_602' title='bbox 1224 487 1293 509; x_wconf 82' lang='lat' dir='ltr'><strong>tanta</strong></span> <span class='ocrx_word' id='word_1_603' title='bbox 1304 482 1381 516; x_wconf 91' lang='lat' dir='ltr'><strong>copia</strong></span> <span class='ocrx_word' id='word_1_604' title='bbox 1395 487 1463 514; x_wconf 90' lang='lat' dir='ltr'><strong>erat,</strong></span> <span class='ocrx_word' id='word_1_605' title='bbox 1479 481 1615 510; x_wconf 86' lang='lat' dir='ltr'><strong>erroribus</strong></span> <span class='ocrx_word' id='word_1_606' title='bbox 1631 483 1757 517; x_wconf 89' lang='lat' dir='ltr'><strong>ejuratis,</strong></span> 
     </span>
    </p>
   </div>
   <div class='ocr_carea' id='block_1_87' title="bbox 976 517 1758 552">
    <p class='ocr_par' dir='ltr' id='par_1_87' title="bbox 976 517 1758 552">
     <span class='ocr_line' id='line_1_87' title="bbox 976 517 1758 552; baseline 0.003 -9"><span class='ocrx_word' id='word_1_607' title='bbox 976 523 1047 544; x_wconf 68' lang='lat' dir='ltr'><strong>vera</strong></span> <span class='ocrx_word' id='word_1_608' title='bbox 1059 517 1120 544; x_wconf 80' lang='lat' dir='ltr'><strong>ﬁdei</strong></span> <span class='ocrx_word' id='word_1_609' title='bbox 1134 517 1258 552; x_wconf 81' lang='lat' dir='ltr'><strong>dogmata</strong></span> <span class='ocrx_word' id='word_1_610' title='bbox 1273 517 1473 552; x_wconf 85' lang='lat' dir='ltr'><strong>profiterentur.</strong></span> <span class='ocrx_word' id='word_1_611' title='bbox 1495 517 1522 544; x_wconf 92' lang='lat' dir='ltr'><strong>In</strong></span> <span class='ocrx_word' id='word_1_612' title='bbox 1538 522 1608 544; x_wconf 86' lang='lat' dir='ltr'><strong>tanta</strong></span> <span class='ocrx_word' id='word_1_613' title='bbox 1627 519 1697 544; x_wconf 89' lang='lat' dir='ltr'><strong>enitn</strong></span> <span class='ocrx_word' id='word_1_614' title='bbox 1713 526 1758 545; x_wconf 90' lang='lat' dir='ltr'><strong>re-</strong></span> 
     </span>
    </p>
   </div>
   <div class='ocr_carea' id='block_1_88' title="bbox 976 552 1758 587">
    <p class='ocr_par' dir='ltr' id='par_1_88' title="bbox 976 552 1758 587">
     <span class='ocr_line' id='line_1_88' title="bbox 976 552 1758 587; baseline 0.001 -8"><span class='ocrx_word' id='word_1_615' title='bbox 976 559 1036 579; x_wconf 86' lang='lat' dir='ltr'><strong>rum</strong></span> <span class='ocrx_word' id='word_1_616' title='bbox 1052 553 1263 586; x_wconf 89' lang='lat' dir='ltr'><strong>perturbatione,</strong></span> <span class='ocrx_word' id='word_1_617' title='bbox 1277 560 1291 579; x_wconf 84' lang='lat' dir='ltr'><strong>a</strong></span> <span class='ocrx_word' id='word_1_618' title='bbox 1306 558 1345 580; x_wconf 90' lang='lat' dir='ltr'><strong>tot</strong></span> <span class='ocrx_word' id='word_1_619' title='bbox 1357 553 1489 587; x_wconf 88' lang='lat' dir='ltr'><strong>tantisque</strong></span> <span class='ocrx_word' id='word_1_620' title='bbox 1499 552 1614 580; x_wconf 76' lang='lat' dir='ltr'><strong>efferatis</strong></span> <span class='ocrx_word' id='word_1_621' title='bbox 1637 553 1758 580; x_wconf 86' lang='lat' dir='ltr'><strong>hostibus</strong></span> 
     </span>
    </p>
   </div>
   <div class='ocr_carea' id='block_1_89' title="bbox 975 587 1749 622">
    <p class='ocr_par' dir='ltr' id='par_1_89' title="bbox 975 587 1749 622">
     <span class='ocr_line' id='line_1_89' title="bbox 975 587 1749 622; baseline 0.003 -9"><span class='ocrx_word' id='word_1_622' title='bbox 975 587 1166 621; x_wconf 86' lang='lat' dir='ltr'><strong>circumventi,</strong></span> <span class='ocrx_word' id='word_1_623' title='bbox 1181 588 1246 615; x_wconf 92' lang='lat' dir='ltr'><strong>nihil</strong></span> <span class='ocrx_word' id='word_1_624' title='bbox 1266 593 1324 615; x_wconf 88' lang='lat' dir='ltr'><strong>erat</strong></span> <span class='ocrx_word' id='word_1_625' title='bbox 1344 588 1415 622; x_wconf 86' lang='lat' dir='ltr'><strong>quod</strong></span> <span class='ocrx_word' id='word_1_626' title='bbox 1431 588 1577 615; x_wconf 91' lang='lat' dir='ltr'><strong>timendum</strong></span> <span class='ocrx_word' id='word_1_627' title='bbox 1601 595 1652 615; x_wconf 91' lang='lat' dir='ltr'><strong>non</strong></span> <span class='ocrx_word' id='word_1_628' title='bbox 1678 592 1749 615; x_wconf 88' lang='lat' dir='ltr'><strong>esset</strong></span> 
     </span>
    </p>
   </div>
   <div class='ocr_carea' id='block_1_90' title="bbox 975 621 1759 663">
    <p class='ocr_par' dir='ltr' id='par_1_90' title="bbox 975 621 1759 663">
     <span class='ocr_line' id='line_1_90' title="bbox 975 621 1759 663; baseline 0.003 -14"><span class='ocrx_word' id='word_1_629' title='bbox 975 621 1010 663; x_wconf 61' lang='lat' dir='ltr'><strong>fit</strong></span> <span class='ocrx_word' id='word_1_630' title='bbox 1025 628 1175 658; x_wconf 88' lang='lat' dir='ltr'><strong>propterea,</strong></span> <span class='ocrx_word' id='word_1_631' title='bbox 1188 623 1295 651; x_wconf 79' lang='lat' dir='ltr'><strong>lenitate</strong></span> <span class='ocrx_word' id='word_1_632' title='bbox 1310 621 1397 663; x_wconf 68' lang='lat' dir='ltr'><strong>legum</strong></span> <span class='ocrx_word' id='word_1_633' title='bbox 1407 623 1656 663; x_wconf 83' lang='lat' dir='ltr'><strong>_Ecc_les_iasticarum</strong></span> <span class='ocrx_word' id='word_1_634' title='bbox 1671 623 1759 663; x_wconf 74' lang='lat' dir='ltr'><strong>rigore</strong></span> 
     </span>
    </p>
   </div>
   <div class='ocr_carea' id='block_1_91' title="bbox 974 657 1758 693">
    <p class='ocr_par' dir='ltr' id='par_1_91' title="bbox 974 657 1758 693">
     <span class='ocr_line' id='line_1_91' title="bbox 974 657 1758 693; baseline 0.001 -9"><span class='ocrx_word' id='word_1_635' title='bbox 974 657 1141 692; x_wconf 77' lang='lat' dir='ltr'><strong>aliquatenus</strong></span> <span class='ocrx_word' id='word_1_636' title='bbox 1157 663 1313 693; x_wconf 90' lang='lat' dir='ltr'><strong>temperato,</strong></span> <span class='ocrx_word' id='word_1_637' title='bbox 1328 657 1553 686; x_wconf 76' lang='lat' dir='ltr'><strong>sufﬁcientissime</strong></span> <span class='ocrx_word' id='word_1_638' title='bbox 1569 666 1629 686; x_wconf 81' lang='lat' dir='ltr'><strong>vera</strong></span> <span class='ocrx_word' id='word_1_639' title='bbox 1645 658 1758 692; x_wconf 85' lang='lat' dir='ltr'><strong>pastoris</strong></span> 
     </span>
    </p>
   </div>
   <div class='ocr_carea' id='block_1_92' title="bbox 975 694 1759 729">
    <p class='ocr_par' dir='ltr' id='par_1_92' title="bbox 975 694 1759 729">
     <span class='ocr_line' id='line_1_92' title="bbox 975 694 1759 729; baseline 0 -9"><span class='ocrx_word' id='word_1_640' title='bbox 975 700 1087 729; x_wconf 85' lang='lat' dir='ltr'><strong>munera</strong></span> <span class='ocrx_word' id='word_1_641' title='bbox 1100 694 1281 729; x_wconf 90' lang='lat' dir='ltr'><strong>adimplebant</strong></span> <span class='ocrx_word' id='word_1_642' title='bbox 1294 694 1320 721; x_wconf 90' lang='lat' dir='ltr'><strong>in</strong></span> <span class='ocrx_word' id='word_1_643' title='bbox 1333 694 1511 726; x_wconf 82' lang='lat' dir='ltr'><strong>exstirpandis</strong></span> <span class='ocrx_word' id='word_1_644' title='bbox 1526 694 1662 729; x_wconf 80' lang='lat' dir='ltr'><strong>erroribus</strong></span> <span class='ocrx_word' id='word_1_645' title='bbox 1673 694 1717 728; x_wconf 90' lang='lat' dir='ltr'><strong>qui</strong></span> <span class='ocrx_word' id='word_1_646' title='bbox 1733 694 1759 721; x_wconf 90' lang='lat' dir='ltr'><strong>in</strong></span> 
     </span>
    </p>
   </div>
   <div class='ocr_carea' id='block_1_93' title="bbox 974 727 1760 764">
    <p class='ocr_par' dir='ltr' id='par_1_93' title="bbox 974 727 1760 764">
     <span class='ocr_line' id='line_1_93' title="bbox 974 727 1760 764; baseline 0 -9"><span class='ocrx_word' id='word_1_647' title='bbox 974 727 1032 764; x_wconf 89' lang='lat' dir='ltr'><strong>dies</strong></span> <span class='ocrx_word' id='word_1_648' title='bbox 1042 727 1198 762; x_wconf 80' lang='lat' dir='ltr'><strong>gliscebant,</strong></span> <span class='ocrx_word' id='word_1_649' title='bbox 1211 734 1239 757; x_wconf 90' lang='lat' dir='ltr'><strong>et</strong></span> <span class='ocrx_word' id='word_1_650' title='bbox 1252 729 1278 756; x_wconf 90' lang='lat' dir='ltr'><strong>in</strong></span> <span class='ocrx_word' id='word_1_651' title='bbox 1292 729 1363 757; x_wconf 86' lang='lat' dir='ltr'><strong>vitiis</strong></span> <span class='ocrx_word' id='word_1_652' title='bbox 1374 729 1561 764; x_wconf 88' lang='lat' dir='ltr'><strong>propulsandis</strong></span> <span class='ocrx_word' id='word_1_653' title='bbox 1572 737 1631 763; x_wconf 71' lang='lat' dir='ltr'><strong>quae</strong></span> <span class='ocrx_word' id='word_1_654' title='bbox 1642 727 1760 756; x_wconf 84' lang='lat' dir='ltr'><strong>ﬁdelium</strong></span> 
     </span>
    </p>
   </div>
   <div class='ocr_carea' id='block_1_94' title="bbox 973 763 1759 799">
    <p class='ocr_par' dir='ltr' id='par_1_94' title="bbox 973 763 1759 799">
     <span class='ocr_line' id='line_1_94' title="bbox 973 763 1759 799; baseline 0 -8"><span class='ocrx_word' id='word_1_655' title='bbox 973 763 1100 799; x_wconf 76' lang='lat' dir='ltr'><strong>pietatem</strong></span> <span class='ocrx_word' id='word_1_656' title='bbox 1121 769 1243 799; x_wconf 86' lang='lat' dir='ltr'><strong>poterant</strong></span> <span class='ocrx_word' id='word_1_657' title='bbox 1265 763 1438 798; x_wconf 78' lang='lat' dir='ltr'><strong>corrumpere</strong></span> <span class='ocrx_word' id='word_1_658' title='bbox 1453 769 1481 792; x_wconf 86' lang='lat' dir='ltr'><strong>et</strong></span> <span class='ocrx_word' id='word_1_659' title='bbox 1504 764 1674 792; x_wconf 79' lang='lat' dir='ltr'><strong>labefactare.</strong></span> <span class='ocrx_word' id='word_1_660' title='bbox 1697 764 1759 791; x_wconf 87' lang='lat' dir='ltr'><strong>&#39;Nou</strong></span> 
     </span>
    </p>
   </div>
   <div class='ocr_carea' id='block_1_95' title="bbox 973 798 1760 834">
    <p class='ocr_par' dir='ltr' id='par_1_95' title="bbox 973 798 1760 834">
     <span class='ocr_line' id='line_1_95' title="bbox 973 798 1760 834; baseline 0 -8"><span class='ocrx_word' id='word_1_661' title='bbox 973 798 1074 826; x_wconf 88' lang='lat' dir='ltr'><strong>idcirco</strong></span> <span class='ocrx_word' id='word_1_662' title='bbox 1089 798 1177 827; x_wconf 85' lang='lat' dir='ltr'><strong>tamen</strong></span> <span class='ocrx_word' id='word_1_663' title='bbox 1190 799 1239 827; x_wconf 87' lang='lat' dir='ltr'><strong>has</strong></span> <span class='ocrx_word' id='word_1_664' title='bbox 1259 800 1328 827; x_wconf 86' lang='lat' dir='ltr'><strong>inter</strong></span> <span class='ocrx_word' id='word_1_665' title='bbox 1340 806 1499 834; x_wconf 84' lang='lat' dir='ltr'><strong>temporum,</strong></span> <span class='ocrx_word' id='word_1_666' title='bbox 1512 801 1640 827; x_wconf 79' lang='lat' dir='ltr'><strong>bellorum</strong></span> <span class='ocrx_word' id='word_1_667' title='bbox 1656 799 1760 826; x_wconf 87' lang='lat' dir='ltr'><strong>vicissi-</strong></span> 
     </span>
    </p>
   </div>
   <div class='ocr_carea' id='block_1_96' title="bbox 973 834 1759 870">
    <p class='ocr_par' dir='ltr' id='par_1_96' title="bbox 973 834 1759 870">
     <span class='ocr_line' id='line_1_96' title="bbox 973 834 1759 870; baseline 0.001 -9"><span class='ocrx_word' id='word_1_668' title='bbox 973 834 1149 870; x_wconf 76' lang='lat' dir='ltr'><strong>tudinumque</strong></span> <span class='ocrx_word' id='word_1_669' title='bbox 1160 835 1307 868; x_wconf 83' lang='lat' dir='ltr'><strong>angustias,</strong></span> <span class='ocrx_word' id='word_1_670' title='bbox 1321 835 1365 862; x_wconf 78' lang='lat' dir='ltr'><strong>illa</strong></span> <span class='ocrx_word' id='word_1_671' title='bbox 1378 841 1479 862; x_wconf 70' lang='grc' dir='ltr'><strong>νειηςιςι</strong></span> <span class='ocrx_word' id='word_1_672' title='bbox 1493 837 1618 862; x_wconf 80' lang='lat' dir='ltr'><strong>Romame</strong></span> <span class='ocrx_word' id='word_1_673' title='bbox 1633 834 1759 862; x_wconf 74' lang='lat' dir='ltr'><strong>Ecclesize</strong></span> 
     </span>
    </p>
   </div>
   <div class='ocr_carea' id='block_1_97' title="bbox 972 868 1758 913">
    <p class='ocr_par' dir='ltr' id='par_1_97' title="bbox 972 868 1758 913">
     <span class='ocr_line' id='line_1_97' title="bbox 972 868 1758 913; baseline 0.001 -17"><span class='ocrx_word' id='word_1_674' title='bbox 972 868 1124 913; x_wconf 72' lang='lat' dir='ltr'><strong>disciplina,</strong></span> <span class='ocrx_word' id='word_1_675' title='bbox 1137 876 1184 898; x_wconf 85' lang='lat' dir='ltr'><strong>aut</strong></span> <span class='ocrx_word' id='word_1_676' title='bbox 1193 870 1291 903; x_wconf 85' lang='lat' dir='ltr'><strong>deleta,</strong></span> <span class='ocrx_word' id='word_1_677' title='bbox 1301 874 1347 897; x_wconf 90' lang='lat' dir='ltr'><strong>aut</strong></span> <span class='ocrx_word' id='word_1_678' title='bbox 1357 876 1456 913; x_wconf 82' lang='lat' dir='ltr'><strong>mutata</strong></span> <span class='ocrx_word' id='word_1_679' title='bbox 1469 872 1520 898; x_wconf 88' lang='lat' dir='ltr'><strong>dici</strong></span> <span class='ocrx_word' id='word_1_680' title='bbox 1532 876 1631 913; x_wconf 71' lang='lat' dir='ltr'><strong>potest,</strong></span> <span class='ocrx_word' id='word_1_681' title='bbox 1640 870 1758 913; x_wconf 70' lang='lat' dir='ltr'><strong>etiamsi,</strong></span> 
     </span>
    </p>
   </div>
   <div class='ocr_carea' id='block_1_98' title="bbox 972 904 1760 940">
    <p class='ocr_par' dir='ltr' id='par_1_98' title="bbox 972 904 1760 940">
     <span class='ocr_line' id='line_1_98' title="bbox 972 904 1760 940; baseline 0.001 -8"><span class='ocrx_word' id='word_1_682' title='bbox 972 906 1130 933; x_wconf 63' lang='lat' dir='ltr'><strong>oeconomia:</strong></span> <span class='ocrx_word' id='word_1_683' title='bbox 1152 913 1248 938; x_wconf 86' lang='lat' dir='ltr'><strong>causa,</strong></span> <span class='ocrx_word' id='word_1_684' title='bbox 1273 911 1401 940; x_wconf 82' lang='lat' dir='ltr'><strong>perpetuo</strong></span> <span class='ocrx_word' id='word_1_685' title='bbox 1420 904 1584 934; x_wconf 85' lang='lat' dir='ltr'><strong>exsecutioni</strong></span> <span class='ocrx_word' id='word_1_686' title='bbox 1610 914 1662 933; x_wconf 92' lang='lat' dir='ltr'><strong>non</strong></span> <span class='ocrx_word' id='word_1_687' title='bbox 1678 904 1760 933; x_wconf 87' lang='lat' dir='ltr'><strong>fuerit</strong></span> 
     </span>
    </p>
   </div>
   <div class='ocr_carea' id='block_1_99' title="bbox 973 940 1759 976">
    <p class='ocr_par' dir='ltr' id='par_1_99' title="bbox 973 940 1759 976">
     <span class='ocr_line' id='line_1_99' title="bbox 973 940 1759 976; baseline 0 -9"><span class='ocrx_word' id='word_1_688' title='bbox 973 940 1143 976; x_wconf 78' lang='lat' dir='ltr'><strong>demandata.</strong></span> <span class='ocrx_word' id='word_1_689' title='bbox 1167 941 1333 974; x_wconf 89' lang='lat' dir='ltr'><strong>lmpossibile</strong></span> <span class='ocrx_word' id='word_1_690' title='bbox 1356 943 1426 969; x_wconf 90' lang='lat' dir='ltr'><strong>enim</strong></span> <span class='ocrx_word' id='word_1_691' title='bbox 1445 950 1552 976; x_wconf 88' lang='lat' dir='ltr'><strong>prorsus</strong></span> <span class='ocrx_word' id='word_1_692' title='bbox 1575 946 1633 970; x_wconf 90' lang='lat' dir='ltr'><strong>erat</strong></span> <span class='ocrx_word' id='word_1_693' title='bbox 1655 944 1685 968; x_wconf 92' lang='lat' dir='ltr'><strong>ut</strong></span> <span class='ocrx_word' id='word_1_694' title='bbox 1707 941 1759 976; x_wconf 81' lang='lat' dir='ltr'><strong>sub</strong></span> 
     </span>
    </p>
   </div>
   <div class='ocr_carea' id='block_1_100' title="bbox 972 975 1759 1012">
    <p class='ocr_par' dir='ltr' id='par_1_100' title="bbox 972 975 1759 1012">
     <span class='ocr_line' id='line_1_100' title="bbox 972 975 1759 1012; baseline 0.001 -10"><span class='ocrx_word' id='word_1_695' title='bbox 972 975 1095 1003; x_wconf 79' lang='lat' dir='ltr'><strong>barbaris</strong></span> <span class='ocrx_word' id='word_1_696' title='bbox 1118 976 1282 1011; x_wconf 86' lang='lat' dir='ltr'><strong>principibus</strong></span> <span class='ocrx_word' id='word_1_697' title='bbox 1306 976 1478 1012; x_wconf 85' lang='lat' dir='ltr'><strong>barbarisque</strong></span> <span class='ocrx_word' id='word_1_698' title='bbox 1502 977 1618 1012; x_wconf 84' lang='lat' dir='ltr'><strong>populis.</strong></span> <span class='ocrx_word' id='word_1_699' title='bbox 1641 976 1685 1012; x_wconf 91' lang='lat' dir='ltr'><strong>qui</strong></span> <span class='ocrx_word' id='word_1_700' title='bbox 1705 975 1759 1003; x_wconf 88' lang='lat' dir='ltr'><strong>huc</strong></span> 
     </span>
    </p>
   </div>
   <div class='ocr_carea' id='block_1_101' title="bbox 972 1011 1759 1046">
    <p class='ocr_par' dir='ltr' id='par_1_101' title="bbox 972 1011 1759 1046">
     <span class='ocr_line' id='line_1_101' title="bbox 972 1011 1759 1046; baseline 0.003 -9"><span class='ocrx_word' id='word_1_701' title='bbox 972 1011 1122 1039; x_wconf 88' lang='lat' dir='ltr'><strong>transmissi</strong></span> <span class='ocrx_word' id='word_1_702' title='bbox 1136 1017 1222 1045; x_wconf 88' lang='lat' dir='ltr'><strong>erant,</strong></span> <span class='ocrx_word' id='word_1_703' title='bbox 1238 1012 1337 1046; x_wconf 83' lang='lat' dir='ltr'><strong>quique</strong></span> <span class='ocrx_word' id='word_1_704' title='bbox 1362 1011 1509 1039; x_wconf 83' lang='lat' dir='ltr'><strong>innumeris</strong></span> <span class='ocrx_word' id='word_1_705' title='bbox 1523 1011 1660 1040; x_wconf 83' lang='lat' dir='ltr'><strong>erroribus</strong></span> <span class='ocrx_word' id='word_1_706' title='bbox 1682 1015 1759 1039; x_wconf 83' lang='lat' dir='ltr'><strong>erant</strong></span> 
     </span>
    </p>
   </div>
   <div class='ocr_carea' id='block_1_102' title="bbox 971 1046 1758 1082">
    <p class='ocr_par' dir='ltr' id='par_1_102' title="bbox 971 1046 1758 1082">
     <span class='ocr_line' id='line_1_102' title="bbox 971 1046 1758 1082; baseline -0.001 -8"><span class='ocrx_word' id='word_1_707' title='bbox 971 1046 1090 1077; x_wconf 86' lang='lat' dir='ltr'><strong>obnoxii,</strong></span> <span class='ocrx_word' id='word_1_708' title='bbox 1105 1054 1162 1074; x_wconf 89' lang='lat' dir='ltr'><strong>eam</strong></span> <span class='ocrx_word' id='word_1_709' title='bbox 1175 1046 1286 1074; x_wconf 83' lang='lat' dir='ltr'><strong>formam</strong></span> <span class='ocrx_word' id='word_1_710' title='bbox 1300 1051 1328 1074; x_wconf 90' lang='lat' dir='ltr'><strong>et</strong></span> <span class='ocrx_word' id='word_1_711' title='bbox 1346 1047 1525 1082; x_wconf 88' lang='lat' dir='ltr'><strong>inquisitionis</strong></span> <span class='ocrx_word' id='word_1_712' title='bbox 1539 1048 1652 1082; x_wconf 90' lang='lat' dir='ltr'><strong>rigoretn</strong></span> <span class='ocrx_word' id='word_1_713' title='bbox 1664 1054 1758 1074; x_wconf 86' lang='lat' dir='ltr'><strong>serva-</strong></span> 
     </span>
    </p>
   </div>
   <div class='ocr_carea' id='block_1_103' title="bbox 971 1082 1756 1122">
    <p class='ocr_par' dir='ltr' id='par_1_103' title="bbox 971 1082 1756 1122">
     <span class='ocr_line' id='line_1_103' title="bbox 971 1082 1756 1122; baseline 0 -14"><span class='ocrx_word' id='word_1_714' title='bbox 971 1086 1138 1122; x_wconf 77' lang='lat' dir='ltr'><strong>rent,_q_tiem</strong></span> <span class='ocrx_word' id='word_1_715' title='bbox 1149 1087 1259 1122; x_wconf 78' lang='lat' dir='ltr'><strong>sanctus</strong></span> <span class='ocrx_word' id='word_1_716' title='bbox 1274 1082 1327 1122; x_wconf 78' lang='lat' dir='ltr'><strong>Leo</strong></span> <span class='ocrx_word' id='word_1_717' title='bbox 1343 1083 1393 1122; x_wconf 79' lang='lat' dir='ltr'><strong>sub</strong></span> <span class='ocrx_word' id='word_1_718' title='bbox 1411 1082 1543 1122; x_wconf 72' lang='lat' dir='ltr'><strong>piissimis</strong></span> <span class='ocrx_word' id='word_1_719' title='bbox 1565 1083 1756 1122; x_wconf 68' lang='lat' dir='ltr'><strong>catholicisque</strong></span> 
     </span>
    </p>
   </div>
   <div class='ocr_carea' id='block_1_104' title="bbox 972 1117 1757 1152">
    <p class='ocr_par' dir='ltr' id='par_1_104' title="bbox 972 1117 1757 1152">
     <span class='ocr_line' id='line_1_104' title="bbox 972 1117 1757 1152; baseline 0.001 -9"><span class='ocrx_word' id='word_1_720' title='bbox 972 1117 1135 1151; x_wconf 89' lang='lat' dir='ltr'><strong>principibus</strong></span> <span class='ocrx_word' id='word_1_721' title='bbox 1149 1118 1352 1144; x_wconf 84' lang='lat' dir='ltr'><strong>custodiendum</strong></span> <span class='ocrx_word' id='word_1_722' title='bbox 1373 1118 1539 1145; x_wconf 79' lang='lat' dir='ltr'><strong>deliniverat.</strong></span> <span class='ocrx_word' id='word_1_723' title='bbox 1563 1118 1651 1152; x_wconf 87' lang='lat' dir='ltr'><strong>Quare</strong></span> <span class='ocrx_word' id='word_1_724' title='bbox 1678 1125 1757 1144; x_wconf 90' lang='lat' dir='ltr'><strong>netno</strong></span> 
     </span>
    </p>
   </div>
   <div class='ocr_carea' id='block_1_105' title="bbox 971 1152 1757 1187">
    <p class='ocr_par' dir='ltr' id='par_1_105' title="bbox 971 1152 1757 1187">
     <span class='ocr_line' id='line_1_105' title="bbox 971 1152 1757 1187; baseline 0 -8"><span class='ocrx_word' id='word_1_725' title='bbox 971 1152 1147 1180; x_wconf 85' lang='lat' dir='ltr'><strong>admiratione</strong></span> <span class='ocrx_word' id='word_1_726' title='bbox 1159 1158 1368 1185; x_wconf 84' lang='lat' dir='ltr'><strong>commoveatur,</strong></span> <span class='ocrx_word' id='word_1_727' title='bbox 1381 1154 1402 1180; x_wconf 86' lang='lat' dir='ltr'><strong>si</strong></span> <span class='ocrx_word' id='word_1_728' title='bbox 1415 1153 1489 1180; x_wconf 88' lang='lat' dir='ltr'><strong>hisce</strong></span> <span class='ocrx_word' id='word_1_729' title='bbox 1500 1158 1638 1187; x_wconf 84' lang='lat' dir='ltr'><strong>tantopere</strong></span> <span class='ocrx_word' id='word_1_730' title='bbox 1651 1152 1757 1180; x_wconf 84' lang='lat' dir='ltr'><strong>afﬂictis</strong></span> 
     </span>
    </p>
   </div>
   <div class='ocr_carea' id='block_1_106' title="bbox 971 1187 1756 1223">
    <p class='ocr_par' dir='ltr' id='par_1_106' title="bbox 971 1187 1756 1223">
     <span class='ocr_line' id='line_1_106' title="bbox 971 1187 1756 1223; baseline 0 -9"><span class='ocrx_word' id='word_1_731' title='bbox 971 1187 1129 1215; x_wconf 71' lang='lat' dir='ltr'><strong>Christianae</strong></span> <span class='ocrx_word' id='word_1_732' title='bbox 1144 1188 1295 1222; x_wconf 67' lang='lat' dir='ltr'><strong>reipublicae</strong></span> <span class='ocrx_word' id='word_1_733' title='bbox 1320 1189 1483 1223; x_wconf 88' lang='lat' dir='ltr'><strong>temporibus</strong></span> <span class='ocrx_word' id='word_1_734' title='bbox 1506 1189 1682 1223; x_wconf 85' lang='lat' dir='ltr'><strong>Ecclesiarutn</strong></span> <span class='ocrx_word' id='word_1_735' title='bbox 1708 1195 1756 1222; x_wconf 92' lang='lat' dir='ltr'><strong>pa-</strong></span> 
     </span>
    </p>
   </div>
   <div class='ocr_carea' id='block_1_107' title="bbox 971 1222 1757 1258">
    <p class='ocr_par' dir='ltr' id='par_1_107' title="bbox 971 1222 1757 1258">
     <span class='ocr_line' id='line_1_107' title="bbox 971 1222 1757 1258; baseline 0.001 -9"><span class='ocrx_word' id='word_1_736' title='bbox 971 1227 1059 1258; x_wconf 77' lang='lat' dir='ltr'><strong>stores</strong></span> <span class='ocrx_word' id='word_1_737' title='bbox 1073 1223 1173 1251; x_wconf 87' lang='lat' dir='ltr'><strong>servire</strong></span> <span class='ocrx_word' id='word_1_738' title='bbox 1186 1223 1345 1258; x_wconf 84' lang='lat' dir='ltr'><strong>debuerunt,</strong></span> <span class='ocrx_word' id='word_1_739' title='bbox 1359 1222 1393 1252; x_wconf 85' lang='lat' dir='ltr'><strong>ne</strong></span> <span class='ocrx_word' id='word_1_740' title='bbox 1404 1231 1454 1251; x_wconf 91' lang='lat' dir='ltr'><strong>una</strong></span> <span class='ocrx_word' id='word_1_741' title='bbox 1468 1232 1527 1251; x_wconf 91' lang='lat' dir='ltr'><strong>cum</strong></span> <span class='ocrx_word' id='word_1_742' title='bbox 1542 1225 1645 1251; x_wconf 86' lang='lat' dir='ltr'><strong>sincera</strong></span> <span class='ocrx_word' id='word_1_743' title='bbox 1657 1222 1757 1250; x_wconf 86' lang='lat' dir='ltr'><strong>Christi</strong></span> 
     </span>
    </p>
   </div>
   <div class='ocr_carea' id='block_1_108' title="bbox 971 1257 1757 1294">
    <p class='ocr_par' dir='ltr' id='par_1_108' title="bbox 971 1257 1757 1294">
     <span class='ocr_line' id='line_1_108' title="bbox 971 1257 1757 1294; baseline 0.001 -9"><span class='ocrx_word' id='word_1_744' title='bbox 971 1257 1023 1286; x_wconf 82' lang='lat' dir='ltr'><strong>ﬁde</strong></span> <span class='ocrx_word' id='word_1_745' title='bbox 1037 1258 1158 1286; x_wconf 91' lang='lat' dir='ltr'><strong>catholici</strong></span> <span class='ocrx_word' id='word_1_746' title='bbox 1177 1266 1272 1286; x_wconf 90' lang='lat' dir='ltr'><strong>omnes</strong></span> <span class='ocrx_word' id='word_1_747' title='bbox 1290 1258 1341 1286; x_wconf 88' lang='lat' dir='ltr'><strong>sub</strong></span> <span class='ocrx_word' id='word_1_748' title='bbox 1357 1259 1529 1287; x_wconf 80' lang='lat' dir='ltr'><strong>barbarorum</strong></span> <span class='ocrx_word' id='word_1_749' title='bbox 1546 1260 1610 1294; x_wconf 75' lang='lat' dir='ltr'><strong>jugo</strong></span> <span class='ocrx_word' id='word_1_750' title='bbox 1624 1263 1651 1286; x_wconf 87' lang='lat' dir='ltr'><strong>et</strong></span> <span class='ocrx_word' id='word_1_751' title='bbox 1667 1266 1757 1292; x_wconf 87' lang='lat' dir='ltr'><strong>perse-</strong></span> 
     </span>
    </p>
   </div>
   <div class='ocr_carea' id='block_1_109' title="bbox 970 1293 1757 1329">
    <p class='ocr_par' dir='ltr' id='par_1_109' title="bbox 970 1293 1757 1329">
     <span class='ocr_line' id='line_1_109' title="bbox 970 1293 1757 1329; baseline 0 -9"><span class='ocrx_word' id='word_1_752' title='bbox 970 1294 1121 1322; x_wconf 88' lang='lat' dir='ltr'><strong>cutionibus</strong></span> <span class='ocrx_word' id='word_1_753' title='bbox 1141 1293 1366 1329; x_wconf 89' lang='lat' dir='ltr'><strong>periclitarentur.</strong></span> <span class='ocrx_word' id='word_1_754' title='bbox 1384 1295 1446 1322; x_wconf 81' lang='lat' dir='ltr'><strong>Eam</strong></span> <span class='ocrx_word' id='word_1_755' title='bbox 1468 1293 1555 1322; x_wconf 84' lang='lat' dir='ltr'><strong>autem</strong></span> <span class='ocrx_word' id='word_1_756' title='bbox 1575 1295 1757 1321; x_wconf 79' lang='lat' dir='ltr'><strong>Romanorum</strong></span> 
     </span>
    </p>
   </div>
   <div class='ocr_carea' id='block_1_110' title="bbox 971 1329 1755 1392">
    <p class='ocr_par' dir='ltr' id='par_1_110' title="bbox 971 1329 1755 1392">
     <span class='ocr_line' id='line_1_110' title="bbox 971 1329 1755 1365; baseline 0.001 -10"><span class='ocrx_word' id='word_1_757' title='bbox 971 1329 1124 1363; x_wconf 89' lang='lat' dir='ltr'><strong>pontiﬁcum</strong></span> <span class='ocrx_word' id='word_1_758' title='bbox 1138 1330 1317 1358; x_wconf 77' lang='lat' dir='ltr'><strong>teconomiam</strong></span> <span class='ocrx_word' id='word_1_759' title='bbox 1331 1331 1415 1365; x_wconf 90' lang='lat' dir='ltr'><strong>magis</strong></span> <span class='ocrx_word' id='word_1_760' title='bbox 1429 1336 1509 1365; x_wconf 85' lang='lat' dir='ltr'><strong>atque</strong></span> <span class='ocrx_word' id='word_1_761' title='bbox 1521 1338 1562 1357; x_wconf 87' lang='lat' dir='ltr'><strong>ma</strong></span> <span class='ocrx_word' id='word_1_762' title='bbox 1582 1331 1604 1357; x_wconf 91' lang='lat' dir='ltr'><strong>is</strong></span> <span class='ocrx_word' id='word_1_763' title='bbox 1616 1329 1755 1362; x_wconf 88' lang='lat' dir='ltr'><strong>apostolo-</strong></span> 
     </span>
     <span class='ocr_line' id='line_1_111' title="bbox 971 1338 1755 1392; baseline 0 -1"><span class='ocrx_word' id='word_1_764' title='bbox 971 1372 1029 1391; x_wconf 93' lang='lat' dir='ltr'><strong>rum</strong></span> <span class='ocrx_word' id='word_1_765' title='bbox 1043 1365 1174 1392; x_wconf 90' lang='lat' dir='ltr'><strong>exemnlis</strong></span> <span class='ocrx_word' id='word_1_766' title='bbox 1187 1366 1322 1392; x_wconf 80' lang='lat' dir='ltr'><strong>explicare</strong></span> <span class='ocrx_word' id='word_1_767' title='bbox 1335 1372 1484 1392; x_wconf 82' lang='lat' dir='ltr'><strong>nossemus.</strong></span> <span class='ocrx_word' id='word_1_768' title='bbox 1499 1365 1543 1392; x_wconf 88' lang='lat' dir='ltr'><strong>aui</strong></span> <span class='ocrx_word' id='word_1_769' title='bbox 1563 1338 1663 1392; x_wconf 52' lang='lat' dir='ltr'><strong>iudicis</strong></span> <span class='ocrx_word' id='word_1_770' title='bbox 1678 1369 1755 1392; x_wconf 85' lang='lat' dir='ltr'><strong>atoue</strong></span> 
     </span>
    </p>
   </div>
   <div class='ocr_carea' id='block_1_111' title="bbox 971 1364 1757 1400">
    <p class='ocr_par' dir='ltr' id='par_1_111' title="bbox 971 1364 1757 1400">
     <span class='ocr_line' id='line_1_112' title="bbox 971 1364 1757 1400; baseline 0 -9"><span class='ocrx_word' id='word_1_771' title='bbox 971 1372 1029 1391; x_wconf 93' lang='lat' dir='ltr'><strong>rum</strong></span> <span class='ocrx_word' id='word_1_772' title='bbox 1043 1365 1174 1399; x_wconf 91' lang='lat' dir='ltr'><strong>exemplis</strong></span> <span class='ocrx_word' id='word_1_773' title='bbox 1187 1366 1322 1398; x_wconf 86' lang='lat' dir='ltr'><strong>explicare</strong></span> <span class='ocrx_word' id='word_1_774' title='bbox 1335 1364 1484 1399; x_wconf 77' lang='lat' dir='ltr'><strong>possemus,</strong></span> <span class='ocrx_word' id='word_1_775' title='bbox 1499 1365 1543 1400; x_wconf 92' lang='lat' dir='ltr'><strong>qui</strong></span> <span class='ocrx_word' id='word_1_776' title='bbox 1563 1364 1668 1400; x_wconf 57' lang='lat' dir='ltr'><strong>iudicis</strong></span> <span class='ocrx_word' id='word_1_777' title='bbox 1678 1369 1757 1398; x_wconf 85' lang='lat' dir='ltr'><strong>atque</strong></span> 
     </span>
    </p>
   </div>
   <div class='ocr_carea' id='block_1_112' title="bbox 971 1398 1757 1434">
    <p class='ocr_par' dir='ltr' id='par_1_112' title="bbox 971 1398 1757 1434">
     <span class='ocr_line' id='line_1_113' title="bbox 971 1398 1757 1434; baseline 0 -8"><span class='ocrx_word' id='word_1_778' title='bbox 971 1400 1096 1433; x_wconf 87' lang='lat' dir='ltr'><strong>gentibus</strong></span> <span class='ocrx_word' id='word_1_779' title='bbox 1109 1400 1275 1434; x_wconf 86' lang='lat' dir='ltr'><strong>evangelium</strong></span> <span class='ocrx_word' id='word_1_780' title='bbox 1290 1398 1377 1427; x_wconf 79' lang='lat' dir='ltr'><strong>crucis</strong></span> <span class='ocrx_word' id='word_1_781' title='bbox 1393 1398 1594 1433; x_wconf 76' lang='lat' dir='ltr'><strong>annuntiantes,</strong></span> <span class='ocrx_word' id='word_1_782' title='bbox 1610 1400 1635 1426; x_wconf 95' lang='lat' dir='ltr'><strong>in</strong></span> <span class='ocrx_word' id='word_1_783' title='bbox 1652 1398 1684 1426; x_wconf 85' lang='lat' dir='ltr'><strong>iis</strong></span> <span class='ocrx_word' id='word_1_784' title='bbox 1697 1406 1757 1433; x_wconf 67' lang='lat' dir='ltr'><strong>qua</strong></span> 
     </span>
    </p>
   </div>
   <div class='ocr_carea' id='block_1_113' title="bbox 970 1434 1757 1471">
    <p class='ocr_par' dir='ltr' id='par_1_113' title="bbox 970 1434 1757 1471">
     <span class='ocr_line' id='line_1_114' title="bbox 970 1434 1757 1471; baseline -0.003 -9"><span class='ocrx_word' id='word_1_785' title='bbox 970 1434 1130 1471; x_wconf 78' lang='lat' dir='ltr'><strong>Christiana:</strong></span> <span class='ocrx_word' id='word_1_786' title='bbox 1139 1434 1200 1462; x_wconf 81' lang='lat' dir='ltr'><strong>ﬁdei</strong></span> <span class='ocrx_word' id='word_1_787' title='bbox 1212 1443 1264 1471; x_wconf 85' lang='lat' dir='ltr'><strong>non</strong></span> <span class='ocrx_word' id='word_1_788' title='bbox 1277 1436 1458 1469; x_wconf 84' lang='lat' dir='ltr'><strong>repugnabant</strong></span> <span class='ocrx_word' id='word_1_789' title='bbox 1470 1436 1582 1471; x_wconf 88' lang='lat' dir='ltr'><strong>tempori</strong></span> <span class='ocrx_word' id='word_1_790' title='bbox 1596 1434 1757 1471; x_wconf 34' lang='lat' dir='ltr'><strong>servirehco-</strong></span> 
     </span>
    </p>
   </div>
   <div class='ocr_carea' id='block_1_114' title="bbox 971 1468 1758 1505">
    <p class='ocr_par' dir='ltr' id='par_1_114' title="bbox 971 1468 1758 1505">
     <span class='ocr_line' id='line_1_115' title="bbox 971 1468 1758 1505; baseline 0 -9"><span class='ocrx_word' id='word_1_791' title='bbox 971 1470 1118 1504; x_wconf 81' lang='lat' dir='ltr'><strong>gebantur,</strong></span> <span class='ocrx_word' id='word_1_792' title='bbox 1133 1475 1161 1497; x_wconf 90' lang='lat' dir='ltr'><strong>ut</strong></span> <span class='ocrx_word' id='word_1_793' title='bbox 1185 1468 1420 1505; x_wconf 70' lang='lat' dir='ltr'><strong>paulatittioinnes</strong></span> <span class='ocrx_word' id='word_1_794' title='bbox 1442 1468 1632 1505; x_wconf 78' lang='lat' dir='ltr'><strong>cujuscumque</strong></span> <span class='ocrx_word' id='word_1_795' title='bbox 1656 1468 1758 1497; x_wconf 79' lang='lat' dir='ltr'><strong>ordinis</strong></span> 
     </span>
    </p>
   </div>
   <div class='ocr_carea' id='block_1_115' title="bbox 972 1504 1685 1538">
    <p class='ocr_par' dir='ltr' id='par_1_115' title="bbox 972 1504 1685 1538">
     <span class='ocr_line' id='line_1_116' title="bbox 972 1504 1685 1538; baseline -0.003 -6"><span class='ocrx_word' id='word_1_796' title='bbox 972 1509 1053 1538; x_wconf 88' lang='lat' dir='ltr'><strong>atque</strong></span> <span class='ocrx_word' id='word_1_797' title='bbox 1063 1504 1224 1532; x_wconf 87' lang='lat' dir='ltr'><strong>conditionis</strong></span> <span class='ocrx_word' id='word_1_798' title='bbox 1238 1504 1360 1533; x_wconf 87' lang='lat' dir='ltr'><strong>homines</strong></span> <span class='ocrx_word' id='word_1_799' title='bbox 1373 1504 1480 1533; x_wconf 71' lang='lat' dir='ltr'><strong>Christo</strong></span> <span class='ocrx_word' id='word_1_800' title='bbox 1490 1505 1685 1533; x_wconf 86' lang='lat' dir='ltr'><strong>lucrifacerent.</strong></span> 
     </span>
    </p>
   </div>
   <div class='ocr_carea' id='block_1_116' title="bbox 1006 1539 1757 1568">
    <p class='ocr_par' dir='ltr' id='par_1_116' title="bbox 1006 1539 1757 1568">
     <span class='ocr_line' id='line_1_117' title="bbox 1006 1539 1757 1568; baseline -0.001 -1"><span class='ocrx_word' id='word_1_801' title='bbox 1006 1540 1091 1567; x_wconf 77' lang='lat' dir='ltr'><strong>Nemo</strong></span> <span class='ocrx_word' id='word_1_802' title='bbox 1103 1541 1208 1567; x_wconf 77' lang='lat' dir='ltr'><strong>tandem</strong></span> <span class='ocrx_word' id='word_1_803' title='bbox 1220 1539 1284 1567; x_wconf 91' lang='lat' dir='ltr'><strong>mihi</strong></span> <span class='ocrx_word' id='word_1_804' title='bbox 1296 1545 1454 1568; x_wconf 88' lang='lat' dir='ltr'><strong>succenseat</strong></span> <span class='ocrx_word' id='word_1_805' title='bbox 1468 1541 1538 1568; x_wconf 92' lang='lat' dir='ltr'><strong>ouod</strong></span> <span class='ocrx_word' id='word_1_806' title='bbox 1553 1540 1650 1567; x_wconf 89' lang='lat' dir='ltr'><strong>nimius</strong></span> <span class='ocrx_word' id='word_1_807' title='bbox 1664 1539 1757 1567; x_wconf 76' lang='lat' dir='ltr'><strong>fuerim</strong></span> 
     </span>
    </p>
   </div>
   <div class='ocr_carea' id='block_1_117' title="bbox 972 1574 1756 1610">
    <p class='ocr_par' dir='ltr' id='par_1_117' title="bbox 972 1574 1756 1610">
     <span class='ocr_line' id='line_1_118' title="bbox 972 1574 1756 1610; baseline -0.003 -7"><span class='ocrx_word' id='word_1_808' title='bbox 972 1574 998 1603; x_wconf 90' lang='lat' dir='ltr'><strong>in</strong></span> <span class='ocrx_word' id='word_1_809' title='bbox 1014 1575 1166 1603; x_wconf 90' lang='lat' dir='ltr'><strong>relellendis</strong></span> <span class='ocrx_word' id='word_1_810' title='bbox 1189 1575 1261 1610; x_wconf 85' lang='lat' dir='ltr'><strong>Pagii</strong></span> <span class='ocrx_word' id='word_1_811' title='bbox 1275 1580 1302 1603; x_wconf 88' lang='lat' dir='ltr'><strong>et</strong></span> <span class='ocrx_word' id='word_1_812' title='bbox 1323 1575 1456 1603; x_wconf 82' lang='lat' dir='ltr'><strong>Paschasii</strong></span> <span class='ocrx_word' id='word_1_813' title='bbox 1471 1574 1605 1610; x_wconf 86' lang='lat' dir='ltr'><strong>Quesnelli</strong></span> <span class='ocrx_word' id='word_1_814' title='bbox 1621 1575 1756 1602; x_wconf 89' lang='lat' dir='ltr'><strong>ratiuncu-</strong></span> 
     </span>
    </p>
   </div>
   <div class='ocr_carea' id='block_1_118' title="bbox 933 1604 1757 1647">
    <p class='ocr_par' dir='ltr' id='par_1_118' title="bbox 933 1604 1757 1647">
     <span class='ocr_line' id='line_1_119' title="bbox 933 1604 1757 1647; baseline -0.002 -9"><span class='ocrx_word' id='word_1_815' title='bbox 933 1604 956 1636; x_wconf 90' lang='lat' dir='ltr'>C</span> <span class='ocrx_word' id='word_1_816' title='bbox 972 1611 1020 1647; x_wconf 80' lang='lat' dir='ltr'><strong>Iis;</strong></span> <span class='ocrx_word' id='word_1_817' title='bbox 1031 1618 1110 1647; x_wconf 86' lang='lat' dir='ltr'><strong>nemo</strong></span> <span class='ocrx_word' id='word_1_818' title='bbox 1132 1604 1259 1647; x_wconf 56' lang='lat' dir='ltr'><strong>praeterita</strong></span> <span class='ocrx_word' id='word_1_819' title='bbox 1270 1616 1448 1647; x_wconf 88' lang='lat' dir='ltr'><strong>conqueratur</strong></span> <span class='ocrx_word' id='word_1_820' title='bbox 1458 1604 1527 1646; x_wconf 68' lang='lat' dir='ltr'><strong>quod</strong></span> <span class='ocrx_word' id='word_1_821' title='bbox 1537 1619 1585 1646; x_wconf 91' lang='lat' dir='ltr'><strong>pro</strong></span> <span class='ocrx_word' id='word_1_822' title='bbox 1596 1609 1757 1638; x_wconf 91' lang='lat' dir='ltr'><strong>vindicando</strong></span> 
     </span>
    </p>
   </div>
   <div class='ocr_carea' id='block_1_119' title="bbox 973 1646 1758 1680">
    <p class='ocr_par' dir='ltr' id='par_1_119' title="bbox 973 1646 1758 1680">
     <span class='ocr_line' id='line_1_120' title="bbox 973 1646 1758 1680; baseline -0.003 -7"><span class='ocrx_word' id='word_1_823' title='bbox 973 1646 1088 1673; x_wconf 83' lang='lat' dir='ltr'><strong>Baronio</strong></span> <span class='ocrx_word' id='word_1_824' title='bbox 1108 1646 1190 1673; x_wconf 85' lang='lat' dir='ltr'><strong>multa</strong></span> <span class='ocrx_word' id='word_1_825' title='bbox 1212 1654 1272 1680; x_wconf 73' lang='lat' dir='ltr'><strong>qua:</strong></span> <span class='ocrx_word' id='word_1_826' title='bbox 1292 1652 1337 1673; x_wconf 87' lang='lat' dir='ltr'><strong>aut</strong></span> <span class='ocrx_word' id='word_1_827' title='bbox 1361 1647 1526 1678; x_wconf 60' lang='lat' dir='ltr'><strong>prastermitti</strong></span> <span class='ocrx_word' id='word_1_828' title='bbox 1552 1650 1684 1680; x_wconf 89' lang='lat' dir='ltr'><strong>poterant.</strong></span> <span class='ocrx_word' id='word_1_829' title='bbox 1709 1649 1758 1672; x_wconf 87' lang='lat' dir='ltr'><strong>aut</strong></span> 
     </span>
    </p>
   </div>
   <div class='ocr_carea' id='block_1_120' title="bbox 971 1681 1759 1716">
    <p class='ocr_par' dir='ltr' id='par_1_120' title="bbox 971 1681 1759 1716">
     <span class='ocr_line' id='line_1_121' title="bbox 971 1681 1759 1716; baseline -0.003 -8"><span class='ocrx_word' id='word_1_830' title='bbox 971 1681 1080 1709; x_wconf 86' lang='lat' dir='ltr'><strong>brevius</strong></span> <span class='ocrx_word' id='word_1_831' title='bbox 1090 1681 1228 1716; x_wconf 83' lang='lat' dir='ltr'><strong>explicari,</strong></span> <span class='ocrx_word' id='word_1_832' title='bbox 1248 1681 1274 1709; x_wconf 88' lang='lat' dir='ltr'><strong>itt</strong></span> <span class='ocrx_word' id='word_1_833' title='bbox 1294 1682 1409 1709; x_wconf 90' lang='lat' dir='ltr'><strong>medium</strong></span> <span class='ocrx_word' id='word_1_834' title='bbox 1424 1682 1590 1709; x_wconf 90' lang='lat' dir='ltr'><strong>adduxerim.</strong></span> <span class='ocrx_word' id='word_1_835' title='bbox 1611 1681 1640 1709; x_wconf 85' lang='lat' dir='ltr'><strong>in</strong></span> <span class='ocrx_word' id='word_1_836' title='bbox 1656 1685 1759 1707; x_wconf 92' lang='lat' dir='ltr'><strong>utrum-</strong></span> 
     </span>
    </p>
   </div>
   <div class='ocr_carea' id='block_1_121' title="bbox 972 1715 1759 1752">
    <p class='ocr_par' dir='ltr' id='par_1_121' title="bbox 972 1715 1759 1752">
     <span class='ocr_line' id='line_1_122' title="bbox 972 1715 1759 1752; baseline -0.001 -9"><span class='ocrx_word' id='word_1_837' title='bbox 972 1724 1024 1751; x_wconf 89' lang='lat' dir='ltr'><strong>que</strong></span> <span class='ocrx_word' id='word_1_838' title='bbox 1036 1716 1092 1743; x_wconf 88' lang='lat' dir='ltr'><strong>sola</strong></span> <span class='ocrx_word' id='word_1_839' title='bbox 1114 1715 1257 1744; x_wconf 76' lang='lat' dir='ltr'><strong>nece~sitas</strong></span> <span class='ocrx_word' id='word_1_840' title='bbox 1273 1725 1316 1744; x_wconf 88' lang='lat' dir='ltr'><strong>me</strong></span> <span class='ocrx_word' id='word_1_841' title='bbox 1336 1717 1473 1752; x_wconf 85' lang='lat' dir='ltr'><strong>compulit.</strong></span> <span class='ocrx_word' id='word_1_842' title='bbox 1495 1716 1616 1746; x_wconf 89' lang='lat' dir='ltr'><strong>Studium</strong></span> <span class='ocrx_word' id='word_1_843' title='bbox 1634 1715 1759 1752; x_wconf 85' lang='lat' dir='ltr'><strong>videlicet</strong></span> 
     </span>
    </p>
   </div>
   <div class='ocr_carea' id='block_1_122' title="bbox 971 1751 1759 1788">
    <p class='ocr_par' dir='ltr' id='par_1_122' title="bbox 971 1751 1759 1788">
     <span class='ocr_line' id='line_1_123' title="bbox 971 1751 1759 1788; baseline -0.001 -9"><span class='ocrx_word' id='word_1_844' title='bbox 971 1752 1107 1788; x_wconf 83' lang='lat' dir='ltr'><strong>Quesnelli</strong></span> <span class='ocrx_word' id='word_1_845' title='bbox 1122 1757 1150 1780; x_wconf 89' lang='lat' dir='ltr'><strong>et</strong></span> <span class='ocrx_word' id='word_1_846' title='bbox 1163 1752 1277 1788; x_wconf 74' lang='lat' dir='ltr'><strong>aliorum</strong></span> <span class='ocrx_word' id='word_1_847' title='bbox 1293 1751 1436 1786; x_wconf 87' lang='lat' dir='ltr'><strong>similium,</strong></span> <span class='ocrx_word' id='word_1_848' title='bbox 1449 1753 1514 1788; x_wconf 90' lang='lat' dir='ltr'><strong>qui,</strong></span> <span class='ocrx_word' id='word_1_849' title='bbox 1530 1759 1672 1786; x_wconf 77' lang='lat' dir='ltr'><strong>numquam</strong></span> <span class='ocrx_word' id='word_1_850' title='bbox 1693 1751 1759 1788; x_wconf 64' lang='lat' dir='ltr'><strong>satis</strong></span> 
     </span>
    </p>
   </div>
   <div class='ocr_carea' id='block_1_123' title="bbox 972 1786 1757 1824">
    <p class='ocr_par' dir='ltr' id='par_1_123' title="bbox 972 1786 1757 1824">
     <span class='ocr_line' id='line_1_124' title="bbox 972 1786 1757 1824; baseline -0.001 -10"><span class='ocrx_word' id='word_1_851' title='bbox 972 1787 1086 1824; x_wconf 81' lang='lat' dir='ltr'><strong>propriis</strong></span> <span class='ocrx_word' id='word_1_852' title='bbox 1100 1787 1219 1824; x_wconf 76' lang='lat' dir='ltr'><strong>partibus</strong></span> <span class='ocrx_word' id='word_1_853' title='bbox 1234 1788 1411 1822; x_wconf 83' lang='lat' dir='ltr'><strong>indulgentes,</strong></span> <span class='ocrx_word' id='word_1_854' title='bbox 1425 1786 1483 1824; x_wconf 57' lang='lat' dir='ltr'><strong>quae</strong></span> <span class='ocrx_word' id='word_1_855' title='bbox 1496 1788 1523 1815; x_wconf 92' lang='lat' dir='ltr'><strong>in</strong></span> <span class='ocrx_word' id='word_1_856' title='bbox 1537 1792 1692 1824; x_wconf 82' lang='lat' dir='ltr'><strong>sanctorum</strong></span> <span class='ocrx_word' id='word_1_857' title='bbox 1707 1786 1757 1824; x_wconf 49' lang='lat' dir='ltr'><strong>[fa-</strong></span> 
     </span>
    </p>
   </div>
   <div class='ocr_carea' id='block_1_124' title="bbox 973 1821 1757 1859">
    <p class='ocr_par' dir='ltr' id='par_1_124' title="bbox 973 1821 1757 1859">
     <span class='ocr_line' id='line_1_125' title="bbox 973 1821 1757 1859; baseline 0 -10"><span class='ocrx_word' id='word_1_858' title='bbox 973 1821 1042 1850; x_wconf 81' lang='lat' dir='ltr'><strong>irutn</strong></span> <span class='ocrx_word' id='word_1_859' title='bbox 1055 1821 1186 1857; x_wconf 85' lang='lat' dir='ltr'><strong>Operibus</strong></span> <span class='ocrx_word' id='word_1_860' title='bbox 1200 1828 1263 1851; x_wconf 89' lang='lat' dir='ltr'><strong>sunt</strong></span> <span class='ocrx_word' id='word_1_861' title='bbox 1276 1821 1523 1859; x_wconf 52' lang='lat' dir='ltr'><strong>illustranda&#39;quam</strong></span> <span class='ocrx_word' id='word_1_862' title='bbox 1540 1823 1687 1858; x_wconf 62' lang='lat' dir='ltr'><strong>saepissime</strong></span> <span class='ocrx_word' id='word_1_863' title='bbox 1701 1821 1757 1849; x_wconf 85' lang='lat' dir='ltr'><strong>dis-</strong></span> 
     </span>
    </p>
   </div>
   <div class='ocr_carea' id='block_1_125' title="bbox 971 1858 1759 1894">
    <p class='ocr_par' dir='ltr' id='par_1_125' title="bbox 971 1858 1759 1894">
     <span class='ocr_line' id='line_1_126' title="bbox 971 1858 1759 1894; baseline -0.003 -9"><span class='ocrx_word' id='word_1_864' title='bbox 971 1858 1113 1891; x_wconf 87' lang='lat' dir='ltr'><strong>simulant;</strong></span> <span class='ocrx_word' id='word_1_865' title='bbox 1130 1867 1189 1893; x_wconf 75' lang='lat' dir='ltr'><strong>qua:</strong></span> <span class='ocrx_word' id='word_1_866' title='bbox 1202 1860 1364 1894; x_wconf 88' lang='lat' dir='ltr'><strong>propugnari</strong></span> <span class='ocrx_word' id='word_1_867' title='bbox 1389 1859 1498 1892; x_wconf 90' lang='lat' dir='ltr'><strong>debent,</strong></span> <span class='ocrx_word' id='word_1_868' title='bbox 1519 1859 1667 1886; x_wconf 86' lang='lat' dir='ltr'><strong>allaborant</strong></span> <span class='ocrx_word' id='word_1_869' title='bbox 1681 1864 1759 1884; x_wconf 88' lang='lat' dir='ltr'><strong>ever-</strong></span> 
     </span>
    </p>
   </div>
   <div class='ocr_carea' id='block_1_126' title="bbox 973 1893 1757 1928">
    <p class='ocr_par' dir='ltr' id='par_1_126' title="bbox 973 1893 1757 1928">
     <span class='ocr_line' id='line_1_127' title="bbox 973 1893 1757 1928; baseline -0.003 -7"><span class='ocrx_word' id='word_1_870' title='bbox 973 1899 1044 1926; x_wconf 87' lang='lat' dir='ltr'><strong>tere;</strong></span> <span class='ocrx_word' id='word_1_871' title='bbox 1058 1902 1117 1928; x_wconf 78' lang='lat' dir='ltr'><strong>qute</strong></span> <span class='ocrx_word' id='word_1_872' title='bbox 1130 1894 1245 1928; x_wconf 82' lang='lat' dir='ltr'><strong>denique</strong></span> <span class='ocrx_word' id='word_1_873' title='bbox 1257 1894 1290 1921; x_wconf 86' lang='lat' dir='ltr'><strong>ad</strong></span> <span class='ocrx_word' id='word_1_874' title='bbox 1305 1896 1458 1928; x_wconf 68' lang='lat' dir='ltr'><strong>apOstolicte</strong></span> <span class='ocrx_word' id='word_1_875' title='bbox 1473 1895 1544 1922; x_wconf 84' lang='lat' dir='ltr'><strong>sedis</strong></span> <span class='ocrx_word' id='word_1_876' title='bbox 1573 1893 1757 1921; x_wconf 83' lang='lat' dir='ltr'><strong>auctoritatem</strong></span> 
     </span>
    </p>
   </div>
   <div class='ocr_carea' id='block_1_127' title="bbox 972 1929 1758 1964">
    <p class='ocr_par' dir='ltr' id='par_1_127' title="bbox 972 1929 1758 1964">
     <span class='ocr_line' id='line_1_128' title="bbox 972 1929 1758 1964; baseline -0.004 -7"><span class='ocrx_word' id='word_1_877' title='bbox 972 1929 1181 1964; x_wconf 86' lang='lat' dir='ltr'><strong>dignitatemque</strong></span> <span class='ocrx_word' id='word_1_878' title='bbox 1196 1930 1344 1964; x_wconf 84' lang='lat' dir='ltr'><strong>pertinent,</strong></span> <span class='ocrx_word' id='word_1_879' title='bbox 1360 1935 1404 1956; x_wconf 91' lang='lat' dir='ltr'><strong>aut</strong></span> <span class='ocrx_word' id='word_1_880' title='bbox 1428 1930 1537 1957; x_wconf 87' lang='lat' dir='ltr'><strong>omnino</strong></span> <span class='ocrx_word' id='word_1_881' title='bbox 1559 1929 1693 1960; x_wconf 89' lang='lat' dir='ltr'><strong>minuere,</strong></span> <span class='ocrx_word' id='word_1_882' title='bbox 1711 1932 1758 1964; x_wconf 83' lang='lat' dir='ltr'><strong>aut</strong></span> 
     </span>
    </p>
   </div>
   <div class='ocr_carea' id='block_1_128' title="bbox 971 1962 1758 2005">
    <p class='ocr_par' dir='ltr' id='par_1_128' title="bbox 971 1962 1758 2005">
     <span class='ocr_line' id='line_1_129' title="bbox 971 1962 1758 2005; baseline -0.004 -13"><span class='ocrx_word' id='word_1_883' title='bbox 971 1965 1066 2005; x_wconf 75' lang='lat' dir='ltr'><strong>saltem</strong></span> <span class='ocrx_word' id='word_1_884' title='bbox 1091 1962 1214 2005; x_wconf 78' lang='lat' dir='ltr'><strong>occulere</strong></span> <span class='ocrx_word' id='word_1_885' title='bbox 1240 1965 1360 2005; x_wconf 79' lang='lat' dir='ltr'><strong>nituntur</strong></span> <span class='ocrx_word' id='word_1_886' title='bbox 1380 1965 1429 2000; x_wconf 68' lang='grc' dir='ltr'><strong>(ὁ).</strong></span> <span class='ocrx_word' id='word_1_887' title='bbox 1447 1966 1532 1992; x_wconf 77' lang='lat' dir='ltr'><strong>Aliam</strong></span> <span class='ocrx_word' id='word_1_888' title='bbox 1551 1970 1638 2005; x_wconf 76' lang='lat' dir='ltr'><strong>tamen</strong></span> <span class='ocrx_word' id='word_1_889' title='bbox 1651 1962 1758 2005; x_wconf 78' lang='lat' dir='ltr'><strong>_agendi</strong></span> 
     </span>
    </p>
   </div>
   <div class='ocr_carea' id='block_1_129' title="bbox 973 1999 1757 2034">
    <p class='ocr_par' dir='ltr' id='par_1_129' title="bbox 973 1999 1757 2034">
     <span class='ocr_line' id='line_1_130' title="bbox 973 1999 1757 2034; baseline -0.003 -8"><span class='ocrx_word' id='word_1_890' title='bbox 973 1999 1105 2027; x_wconf 88' lang='lat' dir='ltr'><strong>rationem</strong></span> <span class='ocrx_word' id='word_1_891' title='bbox 1119 2000 1242 2034; x_wconf 84' lang='lat' dir='ltr'><strong>antiquos</strong></span> <span class='ocrx_word' id='word_1_892' title='bbox 1257 1999 1402 2034; x_wconf 85' lang='lat' dir='ltr'><strong>scriptores</strong></span> <span class='ocrx_word' id='word_1_893' title='bbox 1417 2006 1523 2026; x_wconf 85' lang='lat' dir='ltr'><strong>secutos</strong></span> <span class='ocrx_word' id='word_1_894' title='bbox 1537 2006 1608 2031; x_wconf 87' lang='lat' dir='ltr'><strong>esse,</strong></span> <span class='ocrx_word' id='word_1_895' title='bbox 1622 1999 1692 2034; x_wconf 86' lang='lat' dir='ltr'><strong>inter</strong></span> <span class='ocrx_word' id='word_1_896' title='bbox 1702 2004 1757 2034; x_wconf 66' lang='lat' dir='ltr'><strong>ca;-</strong></span> 
     </span>
    </p>
   </div>
   <div class='ocr_carea' id='block_1_130' title="bbox 973 2032 1757 2067">
    <p class='ocr_par' dir='ltr' id='par_1_130' title="bbox 973 2032 1757 2067">
     <span class='ocr_line' id='line_1_131' title="bbox 973 2032 1757 2067; baseline -0.004 -6"><span class='ocrx_word' id='word_1_897' title='bbox 973 2038 1028 2061; x_wconf 88' lang='lat' dir='ltr'><strong>tera</strong></span> <span class='ocrx_word' id='word_1_898' title='bbox 1048 2032 1235 2067; x_wconf 81' lang='lat' dir='ltr'><strong>monumenta,</strong></span> <span class='ocrx_word' id='word_1_899' title='bbox 1251 2032 1350 2062; x_wconf 79' lang='lat' dir='ltr'><strong>indicat</strong></span> <span class='ocrx_word' id='word_1_900' title='bbox 1369 2034 1525 2061; x_wconf 87' lang='lat' dir='ltr'><strong>Theodoriti</strong></span> <span class='ocrx_word' id='word_1_901' title='bbox 1541 2033 1634 2060; x_wconf 73' lang='lat' dir='ltr'><strong>Graeca</strong></span> <span class='ocrx_word' id='word_1_902' title='bbox 1644 2032 1757 2067; x_wconf 82' lang='lat' dir='ltr'><strong>epistola</strong></span> 
     </span>
    </p>
   </div>
   <div class='ocr_carea' id='block_1_131' title="bbox 972 2068 1757 2103">
    <p class='ocr_par' dir='ltr' id='par_1_131' title="bbox 972 2068 1757 2103">
     <span class='ocr_line' id='line_1_132' title="bbox 972 2068 1757 2103; baseline -0.004 -8"><span class='ocrx_word' id='word_1_903' title='bbox 972 2069 1005 2095; x_wconf 90' lang='lat' dir='ltr'><strong>ad</strong></span> <span class='ocrx_word' id='word_1_904' title='bbox 1030 2074 1149 2096; x_wconf 84' lang='lat' dir='ltr'><strong>nostrum</strong></span> <span class='ocrx_word' id='word_1_905' title='bbox 1174 2075 1296 2096; x_wconf 86' lang='lat' dir='ltr'><strong>sanctum</strong></span> <span class='ocrx_word' id='word_1_906' title='bbox 1323 2069 1474 2103; x_wconf 88' lang='lat' dir='ltr'><strong>pontiﬁcem</strong></span> <span class='ocrx_word' id='word_1_907' title='bbox 1496 2068 1633 2100; x_wconf 82' lang='lat' dir='ltr'><strong>Leonem;</strong></span> <span class='ocrx_word' id='word_1_908' title='bbox 1648 2068 1674 2094; x_wconf 92' lang='lat' dir='ltr'><strong>in</strong></span> <span class='ocrx_word' id='word_1_909' title='bbox 1689 2073 1757 2101; x_wconf 87' lang='lat' dir='ltr'><strong>qua,</strong></span> 
     </span>
    </p>
   </div>
   <div class='ocr_carea' id='block_1_132' title="bbox 973 2103 1759 2138">
    <p class='ocr_par' dir='ltr' id='par_1_132' title="bbox 973 2103 1759 2138">
     <span class='ocr_line' id='line_1_133' title="bbox 973 2103 1759 2138; baseline -0.004 -8"><span class='ocrx_word' id='word_1_910' title='bbox 973 2103 1077 2131; x_wconf 87' lang='lat' dir='ltr'><strong>sincere</strong></span> <span class='ocrx_word' id='word_1_911' title='bbox 1089 2104 1228 2131; x_wconf 88' lang='lat' dir='ltr'><strong>recensitis</strong></span> <span class='ocrx_word' id='word_1_912' title='bbox 1243 2104 1396 2138; x_wconf 72' lang='lat' dir='ltr'><strong>apostolica:</strong></span> <span class='ocrx_word' id='word_1_913' title='bbox 1412 2103 1483 2130; x_wconf 90' lang='lat' dir='ltr'><strong>sedis</strong></span> <span class='ocrx_word' id='word_1_914' title='bbox 1503 2103 1664 2135; x_wconf 84' lang='lat' dir='ltr'><strong>honoribus,</strong></span> <span class='ocrx_word' id='word_1_915' title='bbox 1690 2108 1759 2138; x_wconf 70' lang='lat' dir='ltr'><strong>prae-</strong></span> 
     </span>
    </p>
   </div>
   <div class='ocr_carea' id='block_1_133' title="bbox 972 2137 1758 2174">
    <p class='ocr_par' dir='ltr' id='par_1_133' title="bbox 972 2137 1758 2174">
     <span class='ocr_line' id='line_1_134' title="bbox 972 2137 1758 2174; baseline -0.003 -9"><span class='ocrx_word' id='word_1_916' title='bbox 972 2139 1098 2174; x_wconf 88' lang='lat' dir='ltr'><strong>rogativis</strong></span> <span class='ocrx_word' id='word_1_917' title='bbox 1110 2144 1190 2174; x_wconf 87' lang='lat' dir='ltr'><strong>atque</strong></span> <span class='ocrx_word' id='word_1_918' title='bbox 1212 2137 1384 2170; x_wconf 85' lang='lat' dir='ltr'><strong>muneribus,</strong></span> <span class='ocrx_word' id='word_1_919' title='bbox 1407 2139 1441 2166; x_wconf 90' lang='lat' dir='ltr'><strong>ob</strong></span> <span class='ocrx_word' id='word_1_920' title='bbox 1454 2146 1512 2174; x_wconf 75' lang='lat' dir='ltr'><strong>qua:</strong></span> <span class='ocrx_word' id='word_1_921' title='bbox 1530 2138 1562 2165; x_wconf 88' lang='lat' dir='ltr'><strong>ad</strong></span> <span class='ocrx_word' id='word_1_922' title='bbox 1578 2137 1645 2164; x_wconf 90' lang='lat' dir='ltr'><strong>hanc</strong></span> <span class='ocrx_word' id='word_1_923' title='bbox 1667 2137 1758 2174; x_wconf 80' lang='lat' dir='ltr'><strong>s_ede_tn</strong></span> 
     </span>
    </p>
   </div>
   <div class='ocr_carea' id='block_1_134' title="bbox 972 2171 1759 2206">
    <p class='ocr_par' dir='ltr' id='par_1_134' title="bbox 972 2171 1759 2206">
     <span class='ocr_line' id='line_1_135' title="bbox 972 2171 1759 2206; baseline -0.005 -5"><span class='ocrx_word' id='word_1_924' title='bbox 972 2171 1074 2201; x_wconf 70' lang='lat' dir='ltr'><strong>cuncta:</strong></span> <span class='ocrx_word' id='word_1_925' title='bbox 1089 2171 1229 2201; x_wconf 84' lang='lat' dir='ltr'><strong>accurrere</strong></span> <span class='ocrx_word' id='word_1_926' title='bbox 1253 2179 1448 2201; x_wconf 87' lang='lat' dir='ltr'><strong>consueverunt</strong></span> <span class='ocrx_word' id='word_1_927' title='bbox 1463 2171 1609 2206; x_wconf 66' lang='lat' dir='ltr'><strong>&#39;nalioncs,</strong></span> <span class='ocrx_word' id='word_1_928' title='bbox 1628 2177 1655 2199; x_wconf 85' lang='lat' dir='ltr'><strong>ut</strong></span> <span class='ocrx_word' id='word_1_929' title='bbox 1670 2171 1759 2198; x_wconf 77' lang='lat' dir='ltr'><strong>Eccle-</strong></span> 
     </span>
    </p>
   </div>
   <div class='ocr_carea' id='block_1_135' title="bbox 972 2208 1758 2249">
    <p class='ocr_par' dir='ltr' id='par_1_135' title="bbox 972 2208 1758 2249">
     <span class='ocr_line' id='line_1_136' title="bbox 972 2208 1758 2249; baseline -0.004 -13"><span class='ocrx_word' id='word_1_930' title='bbox 972 2210 1068 2249; x_wconf 65' lang='grc' dir='ltr'><strong>βίῳ-μνη</strong></span> <span class='ocrx_word' id='word_1_931' title='bbox 1085 2209 1144 2249; x_wconf 91' lang='lat' dir='ltr'><strong>(ait)</strong></span> <span class='ocrx_word' id='word_1_932' title='bbox 1163 2208 1288 2249; x_wconf 69' lang='lat' dir='ltr'><strong>ulceribus</strong></span> <span class='ocrx_word' id='word_1_933' title='bbox 1306 2209 1444 2249; x_wconf 69' lang='lat' dir='ltr'><strong>remedium</strong></span> <span class='ocrx_word' id='word_1_934' title='bbox 1461 2217 1477 2236; x_wconf 87' lang='lat' dir='ltr'><strong>tt</strong></span> <span class='ocrx_word' id='word_1_935' title='bbox 1495 2208 1564 2236; x_wconf 79' lang='lat' dir='ltr'><strong>vobis</strong></span> <span class='ocrx_word' id='word_1_936' title='bbox 1584 2208 1758 2249; x_wconf 68' lang='lat' dir='ltr'><strong>accipiamus,</strong></span> 
     </span>
    </p>
   </div>
   <div class='ocr_carea' id='block_1_136' title="bbox 972 2242 1759 2278">
    <p class='ocr_par' dir='ltr' id='par_1_136' title="bbox 972 2242 1759 2278">
     <span class='ocr_line' id='line_1_137' title="bbox 972 2242 1759 2278; baseline -0.003 -7"><span class='ocrx_word' id='word_1_937' title='bbox 972 2245 1041 2272; x_wconf 64' lang='lat' dir='ltr'><strong>vobis</strong></span> <span class='ocrx_word' id='word_1_938' title='bbox 1053 2242 1120 2272; x_wconf 81' lang='lat' dir='ltr'><strong>enim</strong></span> <span class='ocrx_word' id='word_1_939' title='bbox 1128 2242 1223 2278; x_wconf 67' lang='lat' dir='ltr'><strong>prima:</strong></span> <span class='ocrx_word' id='word_1_940' title='bbox 1236 2245 1262 2271; x_wconf 83' lang='lat' dir='ltr'><strong>in</strong></span> <span class='ocrx_word' id='word_1_941' title='bbox 1275 2245 1390 2271; x_wconf 78' lang='lat' dir='ltr'><strong>omnibus</strong></span> <span class='ocrx_word' id='word_1_942' title='bbox 1402 2249 1486 2271; x_wconf 86' lang='lat' dir='ltr'><strong>tenere</strong></span> <span class='ocrx_word' id='word_1_943' title='bbox 1495 2244 1624 2276; x_wconf 77' lang='lat' dir='ltr'><strong>convertit;</strong></span> <span class='ocrx_word' id='word_1_944' title='bbox 1637 2242 1662 2270; x_wconf 90' lang='lat' dir='ltr'><strong>in</strong></span> <span class='ocrx_word' id='word_1_945' title='bbox 1674 2242 1759 2269; x_wconf 81' lang='lat' dir='ltr'><strong>altero</strong></span> 
     </span>
    </p>
   </div>
   <div class='ocr_carea' id='block_1_137' title="bbox 933 2278 1759 2327">
    <p class='ocr_par' dir='ltr' id='par_1_137' title="bbox 933 2278 1759 2327">
     <span class='ocr_line' id='line_1_138' title="bbox 933 2278 1759 2327; baseline 0 0"><span class='ocrx_word' id='word_1_946' title='bbox 933 2296 960 2327; x_wconf 77' lang='grc' dir='ltr'><strong>υ</strong></span> <span class='ocrx_word' id='word_1_947' title='bbox 972 2280 1059 2327; x_wconf 57' lang='lat' dir='ltr'><strong>satis?</strong></span> <span class='ocrx_word' id='word_1_948' title='bbox 1073 2279 1261 2327; x_wconf 51' lang='lat' dir='ltr'><strong>secubet</strong></span> <span class='ocrx_word' id='word_1_949' title='bbox 1276 2279 1411 2327; x_wconf 51' lang='lat'><strong>“95199”?</strong></span> <span class='ocrx_word' id='word_1_950' title='bbox 1464 2278 1759 2327; x_wconf 48' lang='lat' dir='ltr'><strong>suscites???</strong></span> 
     </span>
    </p>
   </div>
   <div class='ocr_carea' id='block_1_138' title="bbox 971 2315 1759 2351">
    <p class='ocr_par' dir='ltr' id='par_1_138' title="bbox 971 2315 1759 2351">
     <span class='ocr_line' id='line_1_139' title="bbox 971 2315 1759 2351; baseline -0.004 -9"><span class='ocrx_word' id='word_1_951' title='bbox 971 2315 1068 2347; x_wconf 84' lang='lat' dir='ltr'><strong>danda.</strong></span> <span class='ocrx_word' id='word_1_952' title='bbox 1084 2317 1153 2343; x_wconf 88' lang='lat' dir='ltr'><strong>inter</strong></span> <span class='ocrx_word' id='word_1_953' title='bbox 1163 2323 1221 2349; x_wconf 79' lang='lat' dir='ltr'><strong>qua:</strong></span> <span class='ocrx_word' id='word_1_954' title='bbox 1235 2315 1299 2343; x_wconf 90' lang='lat' dir='ltr'><strong>illud</strong></span> <span class='ocrx_word' id='word_1_955' title='bbox 1315 2316 1448 2343; x_wconf 88' lang='lat' dir='ltr'><strong>recensuit</strong></span> <span class='ocrx_word' id='word_1_956' title='bbox 1464 2315 1542 2351; x_wconf 70' lang='grc'><strong>172</strong></span> <span class='ocrx_word' id='word_1_957' title='bbox 1555 2315 1700 2351; x_wconf 83' lang='lat' dir='ltr'><strong>(tamquam</strong></span> <span class='ocrx_word' id='word_1_958' title='bbox 1715 2320 1759 2340; x_wconf 83' lang='lat' dir='ltr'><strong>ar-</strong></span> 
     </span>
    </p>
   </div>
   <div class='ocr_carea' id='block_1_139' title="bbox 970 2349 1758 2386">
    <p class='ocr_par' dir='ltr' id='par_1_139' title="bbox 970 2349 1758 2386">
     <span class='ocr_line' id='line_1_140' title="bbox 970 2349 1758 2386; baseline -0.004 -8"><span class='ocrx_word' id='word_1_959' title='bbox 970 2356 1126 2386; x_wconf 89' lang='lat' dir='ltr'><strong>gumentum</strong></span> <span class='ocrx_word' id='word_1_960' title='bbox 1138 2350 1406 2386; x_wconf 85' lang='lat' dir='ltr'><strong>sufﬁcientissimum)</strong></span> <span class='ocrx_word' id='word_1_961' title='bbox 1423 2349 1541 2378; x_wconf 58' lang='lat' dir='ltr'><strong>smmum</strong></span> <span class='ocrx_word' id='word_1_962' title='bbox 1556 2349 1621 2377; x_wconf 88' lang='lat' dir='ltr'><strong>illud</strong></span> <span class='ocrx_word' id='word_1_963' title='bbox 1636 2349 1758 2376; x_wconf 73' lang='lat' dir='ltr'><strong>adversus</strong></span> 
     </span>
    </p>
   </div>
   <div class='ocr_carea' id='block_1_140' title="bbox 970 2386 1753 2421">
    <p class='ocr_par' dir='ltr' id='par_1_140' title="bbox 970 2386 1753 2421">
     <span class='ocr_line' id='line_1_141' title="bbox 970 2386 1753 2421; baseline -0.004 -8"><span class='ocrx_word' id='word_1_964' title='bbox 970 2387 1078 2420; x_wconf 73' lang='lat' dir='ltr'><strong>infames</strong></span> <span class='ocrx_word' id='word_1_965' title='bbox 1093 2386 1262 2420; x_wconf 73' lang='lat' dir='ltr'><strong>Manicltwot,</strong></span> <span class='ocrx_word' id='word_1_966' title='bbox 1277 2387 1345 2421; x_wconf 84' lang='lat' dir='ltr'><strong>quod</strong></span> <span class='ocrx_word' id='word_1_967' title='bbox 1360 2387 1481 2413; x_wconf 77' lang='lat' dir='ltr'><strong>sanctitas</strong></span> <span class='ocrx_word' id='word_1_968' title='bbox 1496 2391 1577 2413; x_wconf 71' lang='lat' dir='ltr'><strong>uestra</strong></span> <span class='ocrx_word' id='word_1_969' title='bbox 1593 2386 1660 2420; x_wconf 89' lang='lat' dir='ltr'><strong>(ait)</strong></span> <span class='ocrx_word' id='word_1_970' title='bbox 1677 2392 1753 2421; x_wconf 77' lang='lat' dir='ltr'><strong>nuper</strong></span> 
     </span>
    </p>
   </div>
   <div class='ocr_carea' id='block_1_141' title="bbox 969 2419 1756 2456">
    <p class='ocr_par' dir='ltr' id='par_1_141' title="bbox 969 2419 1756 2456">
     <span class='ocr_line' id='line_1_142' title="bbox 969 2419 1756 2456; baseline -0.005 -7"><span class='ocrx_word' id='word_1_971' title='bbox 969 2419 1097 2455; x_wconf 65' lang='lat' dir='ltr'><strong>ercercuit,</strong></span> <span class='ocrx_word' id='word_1_972' title='bbox 1121 2426 1144 2449; x_wconf 83' lang='lat' dir='ltr'><strong>et</strong></span> <span class='ocrx_word' id='word_1_973' title='bbox 1173 2430 1223 2456; x_wconf 83' lang='lat' dir='ltr'><strong>quo</strong></span> <span class='ocrx_word' id='word_1_974' title='bbox 1251 2419 1336 2449; x_wconf 82' lang='lat' dir='ltr'><strong>rerum</strong></span> <span class='ocrx_word' id='word_1_975' title='bbox 1359 2422 1502 2449; x_wconf 81' lang='lat' dir='ltr'><strong>divinarum</strong></span> <span class='ocrx_word' id='word_1_976' title='bbox 1520 2419 1605 2448; x_wconf 76' lang='lat' dir='ltr'><strong>studio</strong></span> <span class='ocrx_word' id='word_1_977' title='bbox 1628 2425 1707 2447; x_wconf 74' lang='lat' dir='ltr'><strong>vester</strong></span> <span class='ocrx_word' id='word_1_978' title='bbox 1728 2419 1756 2446; x_wconf 84' lang='lat' dir='ltr'><strong>in</strong></span> 
     </span>
    </p>
   </div>
   <div class='ocr_carea' id='block_1_142' title="bbox 969 2456 1758 2492">
    <p class='ocr_par' dir='ltr' id='par_1_142' title="bbox 969 2456 1758 2492">
     <span class='ocr_line' id='line_1_143' title="bbox 969 2456 1758 2492; baseline -0.005 -8"><span class='ocrx_word' id='word_1_979' title='bbox 969 2456 1053 2484; x_wconf 83' lang='lat' dir='ltr'><strong>Deum</strong></span> <span class='ocrx_word' id='word_1_980' title='bbox 1073 2458 1106 2485; x_wconf 73' lang='lat' dir='ltr'><strong>sit</strong></span> <span class='ocrx_word' id='word_1_981' title='bbox 1127 2466 1199 2484; x_wconf 85' lang='lat' dir='ltr'><strong>amor</strong></span> <span class='ocrx_word' id='word_1_982' title='bbox 1221 2458 1349 2492; x_wconf 77' lang='lat' dir='ltr'><strong>patefecit.</strong></span> <span class='ocrx_word' id='word_1_983' title='bbox 1370 2457 1471 2491; x_wconf 84' lang='lat' dir='ltr'><strong>Quibus</strong></span> <span class='ocrx_word' id='word_1_984' title='bbox 1486 2457 1575 2484; x_wconf 86' lang='lat' dir='ltr'><strong>verbis</strong></span> <span class='ocrx_word' id='word_1_985' title='bbox 1597 2459 1758 2492; x_wconf 68' lang='lat' dir='ltr'><strong>prmsentem</strong></span> 
     </span>
    </p>
   </div>
   <div class='ocr_carea' id='block_1_143' title="bbox 969 2490 1755 2555">
    <p class='ocr_par' dir='ltr' id='par_1_143' title="bbox 969 2490 1755 2555">
     <span class='ocr_line' id='line_1_144' title="bbox 969 2490 1755 2555; baseline -0.005 -36"><span class='ocrx_word' id='word_1_986' title='bbox 969 2493 1094 2555; x_wconf 45' lang='lat' dir='ltr'><strong>plaudere</strong></span> <span class='ocrx_word' id='word_1_987' title='bbox 1125 2490 1351 2521; x_wconf 85' lang='lat' dir='ltr'><strong>Exercitationem</strong></span> <span class='ocrx_word' id='word_1_988' title='bbox 1378 2490 1489 2521; x_wconf 84' lang='lat' dir='ltr'><strong>minime</strong></span> <span class='ocrx_word' id='word_1_989' title='bbox 1517 2492 1593 2519; x_wconf 90' lang='lat' dir='ltr'><strong>nobis</strong></span> <span class='ocrx_word' id='word_1_990' title='bbox 1622 2490 1755 2525; x_wconf 86' lang='lat' dir='ltr'><strong>ingratum</strong></span> 
     </span>
     <span class='ocr_line' id='line_1_145' title="bbox 982 2534 1030 2555; baseline 0 0"><span class='ocrx_word' id='word_1_991' title='bbox 982 2534 1030 2555; x_wconf 89' lang='lat' dir='ltr'><strong>uit.</strong></span> 
     </span>
    </p>
   </div>
   <div class='ocr_carea' id='block_1_144' title="bbox 982 2534 1030 2556">
    <p class='ocr_par' dir='ltr' id='par_1_144' title="bbox 982 2534 1030 2556">
     <span class='ocr_line' id='line_1_146' title="bbox 982 2534 1030 2556; baseline 0 -1"><span class='ocrx_word' id='word_1_992' title='bbox 982 2534 1030 2556; x_wconf 84' lang='grc' dir='ltr'>ιιιι.</span> 
     </span>
    </p>
   </div>
   <div class='ocr_carea' id='block_1_145' title="bbox 1274 2574 1453 2603">
    <p class='ocr_par' dir='ltr' id='par_1_145' title="bbox 1274 2574 1453 2603">
     <span class='ocr_line' id='line_1_147' title="bbox 1274 2574 1453 2603; baseline -0.011 0"><span class='ocrx_word' id='word_1_993' title='bbox 1274 2574 1387 2603; x_wconf 80' lang='lat' dir='ltr'><strong>CAPUT</strong></span> <span class='ocrx_word' id='word_1_994' title='bbox 1406 2574 1453 2602; x_wconf 78' lang='lat' dir='ltr'><strong>XI.</strong></span> 
     </span>
    </p>
   </div>
   <div class='ocr_carea' id='block_1_146' title="bbox 972 2627 1758 2666">
    <p class='ocr_par' dir='ltr' id='par_1_146' title="bbox 972 2627 1758 2666">
     <span class='ocr_line' id='line_1_148' title="bbox 972 2627 1758 2666; baseline -0.006 -7"><span class='ocrx_word' id='word_1_995' title='bbox 972 2630 1034 2659; x_wconf 78' lang='lat' dir='ltr'><strong>Post</strong></span> <span class='ocrx_word' id='word_1_996' title='bbox 1051 2630 1142 2666; x_wconf 77' lang='lat' dir='ltr'><strong>Magni</strong></span> <span class='ocrx_word' id='word_1_997' title='bbox 1165 2631 1258 2659; x_wconf 71' lang='lat' dir='ltr'><strong>Leonis</strong></span> <span class='ocrx_word' id='word_1_998' title='bbox 1281 2631 1376 2659; x_wconf 88' lang='lat' dir='ltr'><strong>obitum</strong></span> <span class='ocrx_word' id='word_1_999' title='bbox 1396 2629 1534 2666; x_wconf 76' lang='lat' dir='ltr'><strong>Manichtei</strong></span> <span class='ocrx_word' id='word_1_1000' title='bbox 1551 2628 1642 2666; x_wconf 75' lang='lat' dir='ltr'><strong>iterum</strong></span> <span class='ocrx_word' id='word_1_1001' title='bbox 1664 2627 1758 2666; x_wconf 58' lang='lat' dir='ltr'><strong>Urbem</strong></span> 
     </span>
    </p>
   </div>
   <div class='ocr_carea' id='block_1_147' title="bbox 1007 2663 1755 2702">
    <p class='ocr_par' dir='ltr' id='par_1_147' title="bbox 1007 2663 1755 2702">
     <span class='ocr_line' id='line_1_149' title="bbox 1007 2663 1755 2702; baseline -0.003 -9"><span class='ocrx_word' id='word_1_1002' title='bbox 1007 2663 1159 2695; x_wconf 66' lang='lat' dir='ltr'><strong>inhabitant.</strong></span> <span class='ocrx_word' id='word_1_1003' title='bbox 1181 2667 1276 2694; x_wconf 78' lang='lat' dir='ltr'><strong>Cetarii</strong></span> <span class='ocrx_word' id='word_1_1004' title='bbox 1296 2673 1367 2702; x_wconf 66' lang='lat' dir='ltr'><strong>papa</strong></span> <span class='ocrx_word' id='word_1_1005' title='bbox 1379 2665 1492 2702; x_wconf 75' lang='lat' dir='ltr'><strong>studium</strong></span> <span class='ocrx_word' id='word_1_1006' title='bbox 1505 2665 1531 2691; x_wconf 83' lang='lat' dir='ltr'><strong>in</strong></span> <span class='ocrx_word' id='word_1_1007' title='bbox 1548 2664 1579 2691; x_wconf 78' lang='lat' dir='ltr'><strong>iis</strong></span> <span class='ocrx_word' id='word_1_1008' title='bbox 1601 2663 1755 2702; x_wconf 74' lang='lat' dir='ltr'><strong>detegendis.</strong></span> 
     </span>
    </p>
   </div>
   <div class='ocr_carea' id='block_1_148' title="bbox 1008 2699 1758 2732">
    <p class='ocr_par' dir='ltr' id='par_1_148' title="bbox 1008 2699 1758 2732">
     <span class='ocr_line' id='line_1_150' title="bbox 1008 2699 1758 2732; baseline -0.007 -3"><span class='ocrx_word' id='word_1_1009' title='bbox 1008 2701 1140 2730; x_wconf 83' lang='lat' dir='ltr'><strong>Cuillelmi</strong></span> <span class='ocrx_word' id='word_1_1010' title='bbox 1168 2702 1242 2730; x_wconf 68' lang='grc' dir='ltr'><strong>σαινεὶ</strong></span> <span class='ocrx_word' id='word_1_1011' title='bbox 1263 2699 1334 2728; x_wconf 72' lang='lat' dir='ltr'><strong>circa</strong></span> <span class='ocrx_word' id='word_1_1012' title='bbox 1358 2701 1561 2728; x_wconf 72' lang='lat' dir='ltr'><strong>communionem</strong></span> <span class='ocrx_word' id='word_1_1013' title='bbox 1583 2699 1629 2725; x_wconf 79' lang='lat' dir='ltr'><strong>salt</strong></span> <span class='ocrx_word' id='word_1_1014' title='bbox 1653 2703 1758 2732; x_wconf 82' lang='lat' dir='ltr'><strong>utraque</strong></span> 
     </span>
    </p>
   </div>
   <div class='ocr_carea' id='block_1_149' title="bbox 1007 2733 1759 2774">
    <p class='ocr_par' dir='ltr' id='par_1_149' title="bbox 1007 2733 1759 2774">
     <span class='ocr_line' id='line_1_151' title="bbox 1007 2733 1759 2774; baseline -0.007 -9"><span class='ocrx_word' id='word_1_1015' title='bbox 1007 2738 1090 2774; x_wconf 73' lang='lat' dir='ltr'><strong>specie</strong></span> <span class='ocrx_word' id='word_1_1016' title='bbox 1100 2746 1233 2766; x_wconf 85' lang='lat' dir='ltr'><strong>erroneum</strong></span> <span class='ocrx_word' id='word_1_1017' title='bbox 1243 2736 1383 2773; x_wconf 83' lang='lat' dir='ltr'><strong>judicium.</strong></span> <span class='ocrx_word' id='word_1_1018' title='bbox 1397 2735 1470 2764; x_wconf 83' lang='lat' dir='ltr'><strong>Idem</strong></span> <span class='ocrx_word' id='word_1_1019' title='bbox 1483 2735 1514 2764; x_wconf 91' lang='lat' dir='ltr'><strong>S.</strong></span> <span class='ocrx_word' id='word_1_1020' title='bbox 1531 2734 1647 2762; x_wconf 75' lang='lat' dir='ltr'><strong>Gelasius</strong></span> <span class='ocrx_word' id='word_1_1021' title='bbox 1657 2733 1759 2761; x_wconf 79' lang='lat' dir='ltr'><strong>tandem</strong></span> 
     </span>
    </p>
   </div>
   <div class='ocr_carea' id='block_1_150' title="bbox 971 2811 1758 2907">
    <p class='ocr_par' dir='ltr' id='par_1_150' title="bbox 971 2811 1758 2907">
     <span class='ocr_line' id='line_1_152' title="bbox 971 2811 1758 2907; baseline -0.004 -37"><span class='ocrx_word' id='word_1_1022' title='bbox 971 2811 1136 2907; x_wconf 54' lang='lat' dir='ltr'><strong>:(:(sbe)qlt}lpud</strong></span> <span class='ocrx_word' id='word_1_1023' title='bbox 1147 2843 1249 2877; x_wconf 87' lang='lat' dir='ltr'><strong>Quesn.</strong></span> <span class='ocrx_word' id='word_1_1024' title='bbox 1264 2846 1330 2870; x_wconf 88' lang='lat' dir='ltr'><strong>tom.</strong></span> <span class='ocrx_word' id='word_1_1025' title='bbox 1346 2841 1429 2878; x_wconf 78' lang='lat' dir='ltr'><strong>lpag.</strong></span> <span class='ocrx_word' id='word_1_1026' title='bbox 1450 2842 1520 2876; x_wconf 71' lang='lat'><strong>266,</strong></span> <span class='ocrx_word' id='word_1_1027' title='bbox 1540 2845 1568 2870; x_wconf 90' lang='lat' dir='ltr'><strong>et</strong></span> <span class='ocrx_word' id='word_1_1028' title='bbox 1580 2839 1758 2878; x_wconf 84' lang='lat' dir='ltr'><strong>Garnerium,</strong></span> 
     </span>
     <span class='ocr_line' id='line_1_153' title="bbox 1002 2888 1099 2907; baseline 0.01 -2"><span class='ocrx_word' id='word_1_1029' title='bbox 1002 2888 1038 2907; x_wconf 82' lang='grc' dir='ltr'><strong>ιιι.</strong></span> <span class='ocrx_word' id='word_1_1030' title='bbox 1091 2898 1099 2906; x_wconf 75' lang='grc' dir='ltr'><strong><em>ο</em></strong></span> 
     </span>
    </p>
   </div>
  </div>
