3988 6314
557 316 667 377 959

1137 315 1200 371 P.
1238 312 1553 372 CACCIARI
1593 308 2192 369 EXERCITATIONES
2230 309 2296 365 IN
2336 311 2393 368 S'
2437 310 2679 370 LEONIS
2720 312 2930 367 MAGNI
2972 312 3223 367 OPERA.

3705 299 3805 360 9εό

554 452 675 493 cam
697 447 854 503 quam
894 432 1235 489 conscribere
1273 432 1600 487 instituimus
1647 428 1926 485 historiam
1974 425 2139 497 perti-
2163 426 2217 487 A
2241 426 2449 503 stinus;_
2476 429 2669 503 quibus
2700 430 2965 503 figmentis
2992 431 3315 503 Manichaica
3346 430 3568 500 opponit
3592 431 3806 502 dogma-

555 515 709 564 nent.
740 505 994 569 Quamvis
1027 505 1077 557 in
1115 503 1179 557 iis
1218 505 1381 558 multa
1414 512 1696 558 occurram
1735 517 1853 571 quae
1886 511 2133 571 suprema

557 574 1043 648 apostolicesedis
1083 574 1201 648 jura
1246 573 1473 642 produnt
1500 583 1554 629 ct
1582 570 1871 648 vindicant.
1904 570 1976 625 Ea
2006 582 2134 648 ergo

556 642 610 704 in
644 646 1051 719 prsesentiarum
1072 642 1272 719 referre
1300 644 1670 719 tantummodo
1693 645 1915 698 interest
1940 656 2057 719 quae
2083 642 2133 693 in

555 711 717 776 causa
745 719 810 772 de
840 733 941 785 qua
972 715 1179 785 agimus
1219 716 1528 787 Symmachi
1572 729 1821 787 magnum
1868 711 2030 787 animi
2058 726 2138 787 ro-

557 791 661 846 bur
685 783 1032 860 patefa‘ciunti.
1065 787 1164 853 Qui
1204 783 1325 843 cum
1355 787 1604 842 maximis
1643 783 1874 860 undique
1912 783 2137 839 calami-

560 857 760 917 tatibus
807 867 1107 928 urgeretur,
1156 860 1302 913 nullo
1352 870 1528 912 tamen
1576 857 1757 911 sreculi
1815 863 2135 928 potestatum

560 934 755 987 timore
780 924 967 984 adduci
998 931 1170 999 potuit
1202 930 1486 999 quominus
1527 924 1967 999 Manichazos‘in,
1992 924 2137 981 Urbe

560 1004 810 1066 latentes,
833 996 1027 1070 quibus
1050 996 1346 1069 imper'ialis
1368 1000 1661 1055 auctoritas
1683 996 2135 1070 patrocinabatur,

559 1090 624 1130 ex
670 1073 811 1129 Urbe
852 1068 1190 1133 amendaret,
1250 1086 1433 1126 eorum
1486 1071 1768 1125 simulacra
1822 1068 2139 1135 collicesque

558 1145 782 1207 deleret,
810 1153 970 1209 atque
993 1142 1325 1197 incenderet.
1359 1142 1483 1196 Post
1510 1143 1617 1195 lucc
1645 1140 1813 1194 omnia
1835 1138 1931 1209 (ait
1953 1148 2139 1192 auctor

559 1216 678 1270 libri
710 1208 1037 1269 Pontilicalis
1060 1212 1443 1284 inSymmacbi
1484 1212 1680 1284 Vitam)
1708 1211 1877 1264 beatus
1902 1208 2140 1284 Symma-

559 1287 685 1340 chus
716 1286 906 1339 invenit
937 1280 1252 1337 Manichaios
1282 1286 1333 1338 in
1360 1284 1483 1338 urbe
1512 1280 1698 1348 Roma,
1724 1296 1941 1350 quorum
1967 1280 2140 1333 omnia

558 1355 863 1421 simulacra,
908 1355 988 1407 cel
1026 1356 1245 1421 codices,
1286 1367 1403 1408 ante
1437 1356 1570 1425 fores
1602 1349 1821 1407 basilicw
1850 1349 2140 1425 Constanti-

559 1430 751 1493 nianaz,
782 1420 1018 1480 inccndio
1046 1420 1405 1492 concremavit,
1437 1420 1484 1479 et
1516 1442 1599 1479 eos
1626 1424 1763 1493 ipsos
1787 1421 1968 1476 exsilio
2009 1420 2141 1477 rele-

594 1500 692 1551 avit
717 1500 815 1551 (al.

594 1509 692 1551 avtt
740 1516 768 1549 α
802 1536 815 1550 υ

558 1517 589 1571 g
630 1570 683 1623 4.
717 1498 792 1624 (In)
816 1566 880 1623 iis
911 1577 1125 1623 Interim
1152 1567 1393 1634 vocibus,
1424 1566 1594 1621 omnia
1633 1566 1929 1628 simulacra,
1959 1572 2140 1618 nostra

561 1646 661 1694 hac
686 1642 926 1694 oratione
954 1640 1203 1695 insistere
1224 1648 1451 1706 oportet.
1480 1646 1665 1707 utpote
1689 1651 1882 1707 novum
1908 1634 2139 1705 aliquem

562 1712 973 1765 Maniebazorum
1006 1714 1167 1765 ritum
1217 1717 1272 1764 et
1316 1706 1948 1772 moretn’indicanlibus,
1981 1720 2140 1773 quem

561 1782 745 1836 nullibi
797 1782 1220 1843 observavimus,
1255 1794 1519 1851 quemque
1555 1778 1732 1851 nullus
1761 1777 2019 1851 hactenus
2050 1790 2141 1830 eo-

560 1869 677 1906 rum
706 1854 792 1922 qui
825 1852 1183 1907 Romanorum
1219 1847 1527 1919 pontificum
1558 1850 1706 1922 Vitas
1727 1849 1867 1903 notis
1911 1847 2138 1901 adorna-

558 1933 685 1978 runt
713 1920 1021 1992 explicavit,
1046 1922 1184 1991 quod
1215 1938 1411 1993 negare
1440 1920 1745 1993 Beansobre
1766 1934 1927 1993 ausus
1953 1929 2058 1993 est,
2081 1925 2140 1972 ut

560 1988 799 2048 vidimus
817 2010 935 2065 cap.
968 1998 1000 2050 4
1032 1988 1188 2063 hujus
1212 1988 1369 2065 libri.
1387 1991 1509 2065 Sed
1535 1991 1581 2065 si
1605 2006 1771 2045 unum
1803 1988 2138 2065 potissimum

561 2058 939 2135 Augustinum,
969 2066 1059 2136 qui
1100 2058 1287 2136 nnines
1326 2058 1901 2136 Manichaicosumo’res
1939 2058 2140 2114 descri-

562 2131 687 2202 psii,
716 2131 1079 2202 consulamus,
1111 2135 1338 2190 obscure
1363 2134 1550 2187 saltem
1573 2131 1840 2200 conjicere
1864 2144 2140 2199 possemus

564 2206 884 2260 Manicbreos
907 2206 973 2259 ad
1003 2206 1182 2276 putida
1213 2205 1558 2276 fabulosaque
1586 2217 1769 2276 eorum
1812 2210 2139 2276 commenta,

566 2272 1360 2346 sacrilegamque'theOIOgiam,
1402 2272 1758 2346 indicandam,
1789 2272 2028 2346 profanis
2066 2272 2145 2328 si.

562 2346 682 2417 guis
708 2343 1090 2403 et'simulacris
1129 2343 1255 2401 usos
1293 2345 1479 2401 fuisse.
1514 2344 1871 2417 ldiimprimis
1901 2343 2139 2417 indicare

564 2413 787 2488 possent
827 2434 888 2473 ea
930 2419 1211 2486 Augusﬁni
1256 2418 1438 2481 verba,
1490 2413 1929 2488 quibus’turpem
1974 2413 2141 2469 Mani-

564 2486 833 2543 chaeorum
863 2488 1195 2559 religionem,
1240 2506 1339 2542 non
1382 2498 1587 2559 sectam,
1631 2486 1976 2559 sedschisma
2019 2501 2143 2559 gen-

566 2561 694 2613 tium
746 2555 1163 2630 nuncupaverat.
1218 2559 1290 2614 Ea
1342 2558 1591 2613 videlicet
1632 2558 1849 2630 ratione
1896 2561 2035 2626 quod
2083 2555 2138 2611 in

560 2627 940 2700 principaliori'
973 2631 1248 2699 gentilium
1295 2630 1543 2700 dogmate
1596 2628 1777 2700 plures
1818 2627 1948 2683 deos
1986 2640 2141 2700 asse-

562 2697 793 2755 rentinm
835 2697 1207 2762 convenirent.
1250 2703 1343 2756 sed
1371 2697 1433 2756 iu
1472 2714 1538 2755 eo
1575 2699 1768 2754 deinde
1798 2715 1828 2753 a
1855 2697 2141 2768 gentilibus

570 2772 918 2837 dissidebant,
960 2773 1097 2843 quod
1140 2772 1270 2826 bona
1312 2781 1360 2825 et
1407 2772 1564 2835 mola,
1608 2781 1737 2824 tetra
1765 2780 1811 2825 et
1847 2770 2134 2843 splendida,

561 2854 804 2924 perpetua
831 2854 874 2896 et
904 2839 1432 2924 caduca,‘mutabilia
1473 2853 1520 2924 et
1564 2850 1723 2924 certa,
1770 2839 2141 2924 corporalialet

561 2910 735 2967 dicina
762 2930 918 2966 unum
939 2931 1039 2969 non
1066 2915 1246 2967 habere
1268 2914 1582 2984 principium
1604 2910 2013 2983 dogmatizabant

564 2984 679 3054 lluc
708 2986 849 3039 enim
888 2994 1158 3054 tamquam
1208 2984 1523 3054 gordianum
1563 2985 1784 3048 nodum,
1836 2984 1934 3054 vel
1960 2983 2141 3037 Achil-

563 3053 706 3109 leum
734 3053 1106 3125 argumentum
1131 3053 1357 3109 Faustus
1391 3054 1687 3124 Augustino
1729 3053 2034 3122 objiciebat,
2085 3063 2141 3107 ut

564 3140 681 3179 eam
712 3128 985 3195 gentilium
1038 3127 1497 3181 schismaticorum
1544 3126 1991 3193 nuncupationem
2033 3139 2138 3178 non

2170 1814 2219 1874 B

2244 507 2315 562 Ia,
2350 507 2407 553 ut
2436 500 2557 554 inde
2584 501 2867 555 concludat
2901 502 3208 567 pestiferam
3238 506 3374 557 hanc
3412 500 3808 557 sobolem'cun-

2240 578 2442 623 ctarum
2471 572 2706 639 gentium
2742 573 2901 628 sectis
2929 589 3047 629 esse
3076 574 3419 630 deteriorem.
3453 572 3602 627 Inter
3624 584 3804 629 ctetera

2240 649 2441 713 autem,
2473 658 2589 711 qua)
2620 643 2835 711 subjicit
2865 645 3129 713 ejusmodi
3159 655 3283 700 sunt
3320 661 3333 699 :
3359 659 3723 702 commentum
3754 646 3808 699 il-

2241 710 2330 766 Iud
2351 710 2621 785 videlicet,
2650 731 2749 783 quo
2782 710 3001 781 primum
3032 717 3296 771 hominum
3320 733 3435 769 cum
3454 717 3687 785 quinque
3719 716 3807 769 ele-

2242 784 2422 857 mentis
2446 784 2824 856 belligerantem
2853 787 3180 853 describunt;
3204 788 3284 841 vel
3310 786 3440 842 illud
3468 784 3584 857 quo
3620 788 3805 842 conlin-

2240 853 2481 928 g_ebant_:
2514 853 2751 923 spiritum
2777 866 3026 927 potentem
3046 865 3109 913 de
3128 860 3340 927 captivis
3368 853 3674 927 corporibus
3699 874 3803 928 gen-

2243 926 2306 978 tis
2329 925 2667 999 tenebrarum,
2704 925 2965 999 an'potius
3001 930 3064 983 de
3092 925 3327 984 ntembris
3357 925 3466 984 Dei
3481 930 3645 983 vestri
3677 925 3801 985 victis

2243 1005 2393 1065 atque
2418 996 2656 1068 subjectis
2679 996 2928 1053 mundum
2960 1001 3320 1067 fabricantem,
3355 1011 3400 1054 et
3429 1000 3707 1068 splendide
3737 1010 3801 1055 te-

2243 1078 2476 1137 nentem,
2522 1070 2765 1137 reliquias
2808 1073 3098 1125 earumdem
3148 1072 3485 1126 membrorum
3526 1070 3631 1125 Dei
3674 1074 3802 1126 vestri

2243 1136 2507 1217 habentem
2533 1140 2591 1217 in_
2608 1136 2781 1205 manu,
2815 1151 2862 1193 et
2881 1152 3062 1217 scelera
3101 1144 3288 1217 omnia
3307 1152 3494 1217 capta,
3547 1158 3798 1217 omnem,

2244 1210 2507 1284 inquinata
2536 1210 2887 1284 plangentem;
2917 1215 2995 1268 uel
3024 1214 3234 1284 denique
3255 1210 3512 1268 Atlantem
3541 1210 3799 1284 niaximum

2244 1279 2668 1353 subterhumeris
2693 1284 2802 1337 suis
2841 1299 2957 1337 cum
2982 1300 3041 1338 eo
3072 1279 3342 1351 ferentem,
3382 1299 3550 1353 quem
3584 1283 3800 1340 fabulose

2245 1352 2802 1425 comminiscebantur,
2854 1364 2907 1409 et
2943 1356 3093 1424 quasi
3138 1356 3189 1409 in
3221 1365 3383 1425 tapete
3403 1352 3668 1409 theatrico
3687 1356 3798 1411 deli-

2247 1424 2674 1495 neatumintueri
2705 1425 3056 1494 uagabantur.
3090 1426 3235 1493 Hzec,
3260 1424 3500 1495 inquam,
3533 1436 3592 1482 et
3616 1426 3711 1479 alia
3736 1430 3798 1481 in-

2247 1493 2624 1566 numerabilia,
2658 1498 2855 1564 pariter
2876 1496 3052 1565 inepta
3084 1506 3137 1551 et
3165 1493 3374 1561 insana,
3408 1514 3503 1552 nec
3531 1498 3794 1566 pingendo,

2246 1572 2335 1615 aut
2367 1563 2675 1638 scalpenda,
2708 1582 2799 1619 nec
2830 1563 3204 1638 interpretando
3234 1563 3566 1622 blattichmos
3605 1563 3795 1623 demon-

2245 1644 2446 1706 strasse
2477 1635 2616 1690 idem
2642 1635 2969 1706 Augustinus
2993 1647 3215 1693 testatus
3244 1647 3347 1694 est.
3378 1638 3485 1694 Sed
3513 1653 3643 1693 cum
3672 1639 3794 1693 istius

2247 1705 2411 1759 verba
2453 1706 2606 1761 valde
2640 1705 2866 1763 obscura
2905 1708 3220 1766 videantur.
3263 1709 3420 1763 nimis
3461 1709 3685 1765 difﬁcile
3715 1710 3793 1764 erit

2246 1776 2515 1845 conjicere
2530 1793 2595 1832 an
2620 1781 2787 1833 sancti
2812 1779 3048 1834 doctoris
3062 1795 3177 1836 :BVO
3198 1779 3473 1835 Manichzei
3500 1790 3789 1843 statuarum.

2245 1846 2598 1917 picturarum,
2637 1860 2729 1903 aut
2768 1850 3176 1905 simulacrorum
3220 1850 3477 1905 subsidiis
3518 1860 3786 1915 uterentur,

2242 1927 2299 1972 ut
2329 1919 2538 1991 facilius
2565 1935 2781 1991 suorum
2811 1922 3082 1976 electorum
3107 1931 3267 1991 atque
3289 1923 3593 1976 auditorum
3616 1933 3789 1977 mentes

2240 1990 2573 2062 perniciosas
2602 1990 2699 2044 has
2730 1991 2935 2045 fabulas
2959 1990 3301 2048 imbiber’ent.
3337 1992 3432 2048 Vel
3456 1994 3650 2049 saltem
3676 2008 3789 2062 prce

2240 2075 2331 2114 sus
2362 2060 2577 2115 difﬁcile
2596 2062 2699 2116 erit
2731 2065 2872 2117 hunc
2899 2063 3310 2118 Manichaeorum
3340 2064 3504 2119 ritum
3529 2074 3586 2119 et
3617 2060 3787 2119 morem

2242 2131 2295 2186 in
2326 2131 2625 2206 simulacris
2646 2134 2880 2206 gentium
2920 2133 3263 2206 admittendis
3290 2150 3356 2190 ex
3386 2136 3789 2206 praecedentibus

2244 2203 2562 2276 testimoniis
2588 2204 2886 2273 intelligere
2914 2204 3010 2276 (c).

2312 2272 2365 2327 6.
2394 2274 2520 2328 Haec
2549 2272 2931 2347 tamenatque
2957 2272 3062 2347 alia
3105 2276 3477 2343 hujuscemodi
3526 2292 3667 2347 saepe
3704 2292 3788 2333 no-

2241 2342 2446 2399 biscum
2479 2346 2810 2411 reputando,
2839 2342 3065 2402 minime
3105 2363 3134 2401 a
3174 2342 3296 2403 libri
3331 2342 3652 2404 Pontilicalis
3683 2363 3781 2404 ver-

2245 2414 2353 2488 bis,
2387 2424 2479 2488 aut
2508 2414 2576 2469 ab
2601 2416 2866 2471 Anastasii
2897 2417 3285 2474 biblimhecarii
3332 2419 3661 2483 testimonio.
3690 2418 3777 2488 qui-

2241 2484 2343 2541 bus
2393 2485 2772 2555 Symmachum
2832 2491 3007 2543 omnia
3066 2489 3473 2545 Manicbaaorum
3521 2484 3780 2546 simulacra

2242 2571 2535 2625 omnesque
2562 2559 2773 2613 codices
2812 2568 2936 2615 ante
2976 2558 3370 2617 Constantianae
3408 2562 3625 2616 basilica:
3650 2562 3786 2615 fores

2242 2626 2569 2697 disperdisse
2599 2638 2653 2684 et
2680 2630 2929 2684 incendio
2953 2646 3324 2688 concremasse
3350 2632 3633 2692 afﬁrmatur.
3661 2631 3776 2684 Ion-

2240 2698 2357 2767 gius
2388 2700 2782 2755 abscedendum
2828 2717 2947 2757 esse
2983 2702 3342 2758 indicavimus.
3373 2701 3645 2767 Quinimmo
3683 2699 3766 2754 his

2244 2771 2656 2841 momentisnon
2693 2772 2956 2839 insistere,
2990 2782 3082 2827 aut
3110 2772 3263 2827 ﬁdem
3287 2773 3540 2841 denegare,
3567 2771 3769 2841 gravis-

2242 2840 2434 2894 simum
2462 2840 2610 2896 nefas
2633 2844 3016 2911 reputavimus.
3044 2843 3256 2898 Etenim
3280 2839 3674 2910 illum—imprimis
3701 2839 3777 2895 si-

2242 2912 2600 2982 mulacrorum
2623 2927 2776 2967 usum
2807 2914 2960 2969 nobis
2993 2913 3135 2970 baud
3166 2913 3323 2969 dubie
3349 2912 3649 2982 persuadent
3684 2928 3782 2981 pa-

2244 2983 2355 3036 trice
2386 2981 2663 3037 Persarum
2689 2986 2841 3053 leges,
2868 3000 2933 3039 ex
2962 2986 3153 3054 quibus
3186 2985 3437 3053 sacrilega
3471 2982 3785 3039 hlanicbzo-

2243 3069 2358 3124 rum
2371 3053 2579 3124 religio
2608 3055 2759 3109 duxit
2774 3053 3065 3123 originem;
3088 3071 3317 3124 cumque
3335 3070 3428 3109 nos
3444 3054 3629 3108 docent
3651 3068 3788 3108 sacra

2244 3123 2334 3197 illa
2362 3123 2634 3197 Bemmatis
2654 3124 2732 3197 (ά)
2757 3125 2889 3181 festa
2918 3141 3038 3195 qua:
3058 3126 3125 3181 ad
3156 3123 3377 3181 Ma’netis
3401 3124 3583 3180 mortis
3608 3126 3791 3197 cultant

565 3188 770 3251 tantum
793 3198 1072 3265 abjiceret,
1102 3199 1193 3252 sed
1221 3212 1314 3250 eos
1341 3196 1624 3266 gentilibus
1657 3188 1824 3249 multo
1851 3211 1970 3250 esse
1998 3196 2137 3264 pejo-
2167 3188 2212 3251 C
2242 3204 2295 3249 ct
2323 3195 2374 3249 in
2430 3188 2724 3250 Doniinicai
2760 3188 3167 3251 resurrectionis
3202 3206 3563 3266 contemptum
3591 3196 3793 3257 singulis

566 3282 652 3321 res
681 3269 1015 3337 prcedicaret.
1058 3268 1255 3329 Contra
1296 3284 1423 3322 vero
1453 3267 1783 3337 Augustinus
1811 3268 1912 3320 hoc
1942 3281 2140 3321 assum-

565 3348 711 3407 ptum
745 3340 1022 3409 probabat,
1072 3338 1323 3393 Faustum
1372 3349 1532 3407 atque
1585 3338 1906 3393 Munichatos
1954 3338 2140 3409 exagi-

567 3407 756 3475 tando,
779 3410 920 3479 quod
964 3409 1261 3464 Divinitatis
1288 3411 1487 3464 cultum
1517 3410 1776 3478 sacrilege
1802 3418 1855 3462 et
1878 3407 2143 3479 stipemti-

567 3481 705 3535 tiose
733 3477 865 3546 Soli,
894 3492 947 3535 et
975 3484 1187 3535 caneris
1237 3482 1492 3535 caelorum
1540 3477 1832 3549 signis’vel
1868 3477 1986 3532 Ilite
2014 3477 2140 3532 Tel-

568 3552 668 3604 luri
691 3561 850 3622 atque
874 3552 1102 3606 conficto
1123 3552 1353 3605 Att/tanti
1377 3552 1633 3605 mundum
1653 3552 1970 3604 sustentanti
1994 3551 2145 3604 exhi-

568 3622 783 3685 bebant,
807 3638 867 3676 ea
893 3623 1051 3676 etiam
1076 3624 1387 3685 adorabant,
1413 3637 1531 3690 quas
1553 3637 1656 3675 non
1684 3629 1906 3676 erantet
1928 3630 2143 3675 exstare

567 3692 667 3747 sibi
696 3693 1087 3762 conﬁngebant.
1121 3693 1296 3758 Quare
1322 3694 1381 3747 S.
1406 3693 1594 3747 doctor
1632 3708 1697 3747 ex
1729 3692 1989 3761 ejusxnodi
2033 3691 2145 3744 riti-

565 3763 665 3817 bus
690 3773 743 3817 ct
766 3766 1004 3817 moribus
1034 3766 1102 3818 ita
1130 3763 1493 3817 ratiocinator.
1536 3762 1668 3815 Ilinc
1695 3780 1778 3817 uos
1809 3763 2025 3832 paganis
2063 3763 2143 3815 di—

564 3836 724 3887 cimus
747 3836 1033 3899 deteriores,
1072 3851 1131 3888 eo
1160 3845 1357 3887 tantum
1390 3835 1602 3897 similes,
1641 3834 1777 3899 quod
1807 3834 1992 3886 multos
2024 3834 2143 3886 deos

566 3906 772 3970 colitis;
801 3922 856 3958 eo
884 3921 997 3959 vero
1027 3906 1080 3959 in
1109 3906 1331 3977 pejorem
1374 3915 1566 3977 portent
1598 3905 1884 3969 dissimiles,
1936 3905 2073 3973 quod
2107 3904 2145 3957 ii

565 3992 658 4042 pro
689 3977 787 4029 diis
825 3993 885 4030 ea
933 3976 1115 4030 colunt
1140 3992 1255 4045 qua:
1291 3985 1431 4040 sum,
1477 3976 1564 4028 sed
1612 3976 1683 4028 dii
1730 3992 1829 4028 non
1876 3985 2023 4038 sunt;
2058 3990 2143 4028 vos

564 4056 736 4100 autem
763 4048 928 4101 colitis
957 4066 1014 4101 ea
1044 4064 1157 4118 quin
1178 4064 1266 4101 nec
1289 4048 1361 4100 dii
1390 4063 1479 4099 nec
1508 4046 1706 4117 aliquid
1734 4056 1872 4111 sunt,
1903 4046 2146 4118 quoniam

566 4134 777 4184 prorsus
794 4119 939 4172 nulla
955 4116 1089 4172 sunt.
1106 4118 1240 4173 Tum
1259 4120 1314 4172 S.
1334 4118 1541 4179 doctor.
1561 4116 1766 4185 aliquas
1782 4117 2056 4187 gentilium
2075 4116 2148 4169 fa-

568 4189 718 4243 bulas
734 4206 764 4241 a
781 4190 941 4256 poetis
952 4190 1238 4244 delectandi
1252 4205 1406 4244 causa
1424 4186 1833 4260 177confictas
1849 4191 1894 4241 iu
1911 4186 2142 4260 medium

526 4266 527 4269 ‘
569 4260 860 4330 adducens,
897 4263 1079 4330 paucis
1110 4261 1373 4330 percurrit
1408 4257 1631 4329 qTiZe—de
1676 4259 1904 4330 Vulcano
1930 4257 2142 4330 claudo,

567 4334 634 4383 de
663 4327 1087 4395 Fortuna'carca,
1112 4327 1185 4384 'de
1220 4331 1411 4384 Venere
1426 4327 1709 4396 'adultera,
1740 4330 1806 4384 de
1836 4329 2005 4383 Marte
2033 4327 2147 4382 bel-

566 4402 757 4468 ligero,
796 4402 865 4456 de
914 4401 1166 4472 Cupidine
1212 4403 1362 4470 pueri
1408 4404 1708 4472 sagittantis
1745 4402 1995 4456 eximiam
2039 4401 2146 4454 for-

568 4487 708 4525 tuam
742 4480 1005 4540 gestante,
1035 4472 1102 4523 ad
1132 4482 1370 4525 naturam
1400 4489 1570 4525 rerum
1597 4475 1673 4527 vel
1696 4489 1858 4527 mores
1885 4472 2146 4525 hominum

2250 3266 2645 3338 recurrentibus
2675 3266 2744 3338 (e)
2766 3270 2919 3322 annis
2942 3268 2997 3321 in
3028 3268 3215 3323 Martio
3245 3283 3429 3323 mense
3453 3267 3790 3323 celebrabant.

2247 3336 2357 3403 Qua
2387 3338 2453 3391 de
2474 3351 2631 3392 causa
2657 3336 2881 3393 sublime
2896 3339 3789 3403 construebantthronisimulacrsrs,

2247 3423 2439 3477 magno
2470 3408 2772 3463 divitiarum
2804 3420 3060 3478 apparatu
3086 3418 3331 3463 ornatum
3353 3451 3370 3474 ,
3399 3424 3505 3477 quo
3525 3410 3791 3480 gloriosum

2246 3476 2597 3546 sui’magistri
2638 3476 3129 3535 lllanetis‘natalem
3172 3476 3683 3550 significatum'esse
3712 3476 3792 3534 sibi

2244 3550 2635 3619 contingebant.
2661 3550 2795 3604 Dum
2823 3551 2935 3606 bare
2959 3560 3131 3606 autem
3164 3550 3417 3614 libamus.
3456 3552 3678 3606 minime
3717 3562 3792 3604 nos

2247 3618 2399 3688 fugit,
2426 3618 2509 3674 vel
2539 3621 2856 3695 lllanicbazos
2877 3623 3020 3690 ipsos
3050 3622 3128 3695 ad
3154 3622 3237 3676 sui
3273 3622 3523 3695 magistri
3571 3621 3787 3676 honoret!

2246 3706 2395 3761 super
2423 3692 2760 3745 arundinibus
2791 3692 2944 3745 lectos
2974 3709 3093 3746 suos
3116 3692 3419 3749 insternere
3440 3692 3678 3748 voluisse
3700 3736 3715 3759 ,
3750 3698 3791 3761 ut

2246 3760 2347 3816 sibi
2378 3762 2687 3817 memoriam
2718 3765 3013 3819 excitarent
3044 3761 3249 3818 Manent
3286 3766 3338 3818 in
3379 3764 3634 3829 Perside,
3674 3760 3795 3830 quasi

2247 3832 2299 3885 in
2332 3833 2575 3888 veritatis
2598 3834 2800 3899 odium,
2824 3834 3161 3888 arundinibus
3192 3834 3356 3889 fuisse
3380 3835 3723 3899 excoriatnm,
3750 3839 3795 3884 nt

2246 3902 2460 3975 Nicetes
2484 3915 2755 3958 asseverat
2784 3903 2857 3975 (f)
2885 3922 2899 3969 ;
2932 3904 3016 3958 vel
3041 3920 3159 3973 qua:
3190 3906 3242 3959 in
3280 3906 3457 3972 impia:
3486 3920 3670 3961 eorum
3692 3901 3797 3975 refi-

2245 3974 2416 4041 gionis
2452 3972 2846 4037 testimonium,
2869 3972 3251 4044 catbolicaeque
3287 3987 3485 4031 nostra:
3525 3976 3647 4031 ﬁdei
3674 3972 3793 4044 ludi-

2247 4045 2399 4098 brum
2445 4045 2720 4100 Mauichmi
2763 4046 2858 4115 ipsi
2902 4042 3364 4114 excogitaverant,
3406 4061 3535 4101 cum
3581 4042 3800 4101 mutastis

2252 4117 2409 4188 178
2448 4134 2510 4170 ex
2555 4117 2708 4188 nobis
2744 4115 2919 4171 crucis
2958 4118 3250 4186 signaculo,
3294 4116 3540 4185 Deipam
3584 4115 3805 4184 imagini-

2246 4186 2345 4241 bus
2362 4186 2459 4257 (gi,
2484 4195 2538 4241 et
2560 4186 2610 4241 id
2632 4202 2798 4256 genus
2820 4188 2959 4251 aliis,
2982 4188 3096 4241 haec
3112 4188 3369 4257 sacrilege
3383 4200 3437 4243 et
3455 4188 3806 4255 superstitiose

2248 4258 2637 4312 obtruncabant
2656 4257 3153 4328 dilformabautque,
3176 4270 3227 4313 et
3250 4274 3310 4313 ea
3336 4260 3414 4314 sic
3435 4258 3747 4314 obtruncat:
3764 4265 3812 4311 et

2247 4328 2546 4383 dilformata
2574 4328 2735 4383 modo
2762 4330 3062 4383 veneranda
3096 4330 3482 4398 proponebant,
3512 4330 3681 4385 modo
3701 4342 3812 4383 vero

2248 4399 2689 4471 exsecrabantur,
2708 4399 2948 4471 volentes
2970 4399 3036 4455 iis
3057 4399 3222 4468 signis
3246 4402 3560 4455 artificiosis
3582 4402 3811 4471 dogmata

2251 4470 2340 4523 illa
2373 4471 2643 4542 indicare.
2690 4470 3086 4542 qu:e_ncfarius
3123 4487 3306 4542 eorum
3352 4470 3738 4542 antesignanus
3771 4471 3815 4523 in

566 4542 664 4624 ipsi
704 4544 894 4623 pagani
907 4543 1248 4624 interpretari
1278 4544 1613 4624 conabantur,
1642 4555 1801 4614 atque
1829 4542 2101 4624 concludit
2127 4558 2140 4595 :
2171 4564 2224 4624 Ι)
2251 4543 2434 4624 orbem
2460 4540 2774 4624 induxerat.‘
2793 4539 2933 4597 Nihil
2970 4557 3097 4624 ergo
3126 4540 3301 4595 obstat
3328 4544 3456 4624 quin
3488 4539 3726 4624 magnus.
3741 4542 3816 4594 ille

571 4614 680 4666 lloc
702 4613 762 4665 in
795 4615 873 4665 eis
905 4613 1212 4679 irrideiuus,
1240 4614 1373 4683 quod
1403 4615 1534 4667 male
1563 4612 1896 4682 interpretata
1920 4617 1993 4668 sic
2018 4612 2145 4667 ado-

565 4694 704 4748 rant,
736 4683 975 4752 quafnon
1007 4684 1284 4749 intellecta,
1311 4686 1540 4753 quamvis
1572 4685 1949 4747 danmabiliter,
1976 4694 2145 4737 tamen

569 4754 911 4807 excusabilius
932 4756 1228 4809 adorarent.
1253 4756 1451 4809 Horum
1477 4756 1714 4809 omnium
1742 4764 1918 4809 autem
1946 4754 2145 4823 aliquid

567 4823 621 4898 in
657 4827 816 4879 rebus
845 4827 1068 4880 inveniri
1102 4829 1426 4898 Augustinus
1448 4826 2056 4898 asseverabat,quamvis
2079 4826 2147 4898 ad

564 4895 826 4951 hominum
854 4902 1071 4950 salutem
1093 4906 1138 4950 et
1161 4896 1428 4950 utilitatem
1451 4897 1581 4951 nihil
1611 4898 1733 4964 sint,
1762 4909 1808 4953 et
1840 4895 1953 4968 oua:
1981 4897 2149 4955 exiliis

563 4968 979 5039 interpretantur,
1013 4968 1065 5022 in
1097 4969 1244 5022 rebus
1267 4969 1615 5023 inveniuntur.

638 5040 692 5093 5.
726 5039 850 5094 Haec
875 5054 1024 5109 ergo,
1045 5051 1097 5094 et
1116 5040 1171 5111 id
1200 5055 1370 5110 genus
1396 5041 1559 5094 multa
1595 5040 1697 5095 alia
1719 5082 1734 5107 ,
1772 5055 1835 5095 ex
1869 5040 2150 5111 gentilium

566 5122 841 5180 poetarum
871 5112 1063 5167 fabulis
1094 5110 1375 5181 desumpta
1406 5121 1699 5183 exaggerat
1730 5110 1926 5167 ibidem
1957 5111 2143 5183 Augu-

634 5255 711 5329 (a)
751 5259 952 5329 Auctor
978 5254 1097 5329 libri
1123 5254 1475 5329 Pontificalis,
1506 5253 1559 5309 in
1604 5253 1914 5329 Symmachi
1948 5253 2145 5329 Vitam:

636 5323 711 5398 (ὁ)
750 5328 977 5399 August.
1012 5326 1105 5382 lib.
1136 5328 1393 5398 vigesimo
1440 5336 1624 5382 contra
1649 5323 1923 5379 Faustum
1961 5339 2078 5394 cap.
2116 5323 2151 5378 5

563 5400 956 5541 ωὸςριίὲᾇυει.
989 5481 1173 5526 contra
1197 5471 1354 5540 epist.
1382 5468 1658 5524 Manichaei
1702 5482 1820 5538 cap.
1866 5469 1921 5536 8,
1970 5476 2024 5522 et
2052 5464 2145 5520 lib.

563 5557 655 5596 vui
680 5552 862 5596 contra
893 5542 1147 5595 Faustum
1177 5556 1293 5610 cap.
1320 5542 1372 5596 5.

636 5612 714 5692 (ξι)
750 5613 907 5667 Libro
933 5612 1228 5668 Pontiﬁcali
1246 5607 1493 5668 concinit
1521 5610 1833 5666 Anastasius
1858 5607 2149 5681 Bibliothe-

563 5700 863 5822 calb‘ri’idc
884 5770 1001 5822 qua:
1028 5753 1260 5807 diximus
1291 5770 1410 5823 cap.
1441 5763 1631 5825 quarto
1657 5762 1711 5809 et
1737 5752 1923 5823 quinto
1946 5749 2014 5804 de
2047 5749 2147 5804 hoc

567 5824 855 5879 Betumatis
887 5824 1294 5878 Manichaeorum
1322 5824 1475 5881 festo:

2251 4612 2481 4736 pontifex
2508 4612 2883 4682 Symmachus,
2931 4614 3126 4679 optime
3147 4615 3440 4683 perspectis
3486 4614 3815 4684 nequissima:

2271 4684 2409 4736 iuius
2457 4684 2628 4736 uentis
2666 4682 2956 4736 sacrilegiis
2997 4694 3051 4736 et
3092 4684 3604 4736 superstitionibus-
3645 4693 3815 4736 uniter

2271 4684 2409 4751 injus
2457 4684 2628 4753 gentis
2666 4682 2956 4753 sacrilegiis
2997 4694 3051 4738 et
3092 4682 3565 4749 superstitionibus
3582 4682 3606 4749 ⁷,
3645 4693 3821 4752 ιιηιιιετ

2250 4769 2441 4811 omnes
2469 4754 2699 4817 codices,
2723 4768 2899 4807 omnia
2927 4755 3084 4808 etiam
3109 4755 3321 4807 illorum
3353 4754 3505 4823 signa
3530 4764 3591 4809 et
3613 4756 3818 4809 simula-

2252 4841 2364 4888 cra,
2392 4840 2511 4895 qua:
2543 4824 2804 4895 nefarium
2837 4825 3049 4892 aliquod
3089 4826 3398 4895 mysterium
3437 4825 3827 4895 portendebant

2252 4894 2544 4961 deleverit,
2598 4906 2654 4950 et
2700 4894 2820 4964 igne
2870 4894 3310 4951 concretuaverit.
3360 4894 3548 4965 Neque
3592 4898 3740 4952 enim
3777 4895 3827 4945 S.

2255 4968 2488 5037 pontifex
2537 4966 2840 5021 Maniclneis
2883 4974 2938 5021 et
2970 4968 3127 5021 rebus
3174 4966 3362 5035 quibus
3391 4966 3492 5034 ipsi
3535 4967 3592 5020 in
3645 4976 3829 5019 nostne

2255 5038 2932 5107 religioniscontemptum
2970 5038 3251 5093 utebantur
3285 5048 3495 5106 pOtcrat
3531 5038 3829 5107 indulgere.

2254 5110 2461 5166 Summi
2490 5109 2632 5164 enim
2664 5109 3003 5178 pontiﬁcatus
3035 5110 3168 5163 ratio
3192 5118 3246 5163 et
3273 5123 3488 5176 munus,
3520 5124 3639 5179 quo
3686 5111 3833 5163 tantis

2351 5248 2405 5318 f)
2431 5248 2638 5303 Nicetas
2659 5246 2934 5301 Thesauro
2964 5245 3190 5318 Orthod.
3220 5245 3313 5318 lib.
3348 5260 3420 5311 IV,
3444 5260 3572 5318 cap.
3607 5246 3704 5302 53.

2351 5249 2377 5318 f
2431 5248 2638 5303 Nicetas
2659 5248 2934 5301 Thesauro
2964 5248 3190 5301 Orthod.
3220 5248 3313 5300 lib.
3348 5260 3420 5311 IV,
3448 5260 3572 5311 cap.
3607 5248 3704 5302 53.

2324 5248 2405 5391 by;
2426 5320 2615 5391 Petrus
2648 5318 2859 5391 Siculus
2884 5317 3191 5391 et‘Pbotius
3222 5316 3396 5391 aliqua
3424 5317 3492 5371 de
3508 5317 3836 5391 Manicbxo-

2252 5388 2696 5445 rnt'n'simulacris
2722 5398 2775 5443 et
2807 5389 3129 5457 imaginibus
3158 5388 3462 5457 expressius
3505 5389 3836 5442 indicarunt.

2258 5462 2517 5516 Videlicet
2541 5462 2606 5514 de
2631 5461 2806 5515 crucis
2843 5460 3121 5530 signaculo
3147 5500 3161 5521 .
3205 5460 3271 5512 de
3312 5457 3553 5530 Deipara:
3610 5461 3841 5527 imagine

2254 5534 2481 5602 aliisque
2510 5533 2791 5586 similibus.
2822 5528 2949 5597 Quin
2978 5531 3191 5598 quidem
3229 5528 3467 5602 profanis
3490 5532 3839 5602 quibusdam

2259 5601 2469 5670 ritibus,
2494 5612 2549 5657 et
2574 5603 2795 5671 impuris
2824 5601 3293 5671 superstitionibus
3316 5601 3369 5653 in
3398 5601 3691 5655 catholica:
3732 5601 3845 5653 lidci

2254 5678 2437 5731 odium
2484 5673 2743 5742 sacrilege
2781 5673 3169 5743 deturpabant.
3204 5670 3409 5743 Vidiesis
3458 5672 3560 5743 lib.
3604 5688 3623 5727 ι
3676 5671 3847 5743 Pliou‘i

2255 5756 2441 5801 contra
2468 5740 2790 5801 Manicbfeos
2814 5740 3017 5815 cap.'7,
3053 5740 3116 5809 8,
3147 5742 3180 5797 9
3208 5751 3261 5797 et
3291 5742 3393 5809 18,
3426 5740 3561 5813 apud
3595 5742 3849 5797 Christo~

2254 5821 2479 5888 phorum
2505 5815 2757 5873 Wulfmm
