3988 6314
275 382 377 441 96!

1046 379 1133 433 DE
1172 377 1692 433 MANICHAEORUM
1734 375 2008 433 IIIERESI
2047 375 2135 432 ET
2174 374 2488 431 HISTORIA
2526 375 2651 431 LIB.
2695 379 2757 432 ll.
2876 430 2881 437 ,
3402 379 3507 434 932

272 500 569 570 exagitatus
587 496 993 570 adversitatibus
1021 494 1354 570 fungebatur,
1380 494 1515 548 istud
1537 494 1697 570 etiam
1722 506 1833 545 suae
1862 496 1908 551 Λ
1940 490 2453 570 quamcatholicum
2479 491 2768 570 priucipem
2793 493 3098 562 aggreditur
3120 502 3174 549 et
3194 493 3501 570 alloquitur,

271 564 493 626 siuc'era:
543 567 665 623 ﬁdei
718 568 977 636 publicum
1023 565 1381 621 testimonium
1428 564 1747 636 exposcebat
1776 571 1835 636 ut

271 642 478 697 cunctis
506 632 860 694 innotesceret
884 646 1137 708 quantum
1168 636 1283 705 ejus
1335 637 1544 689 animus
1592 650 1620 687 a
1668 632 1838 708 Mani-

270 712 459 768 chaico
484 711 727 778 dogmate
761 704 1001 775 abesset,
1042 704 1406 779 quantumque
1446 714 1646 759 sectam
1692 704 1836 758 illam

270 796 338 838 es
351 783 679 837 horresceret
688 822 702 835 .

342 855 395 909 7.
452 852 723 908 Neminem
782 849 992 904 tandem
1054 849 1220 903 latere
1280 848 1635 911 arbitramur,
1700 846 1838 899 inter

269 936 489 980 caeteras
508 921 800 977 calumnias
825 922 890 973 ab
914 920 1149 973 adversa:
1181 920 1423 974 factionis
1452 919 1617 970 livore
1661 928 1713 971 et
1744 916 1830 969 in-

273 996 415 1050 vidia
445 1002 631 1048 sancto
670 991 905 1059 pontiﬁci
942 991 1266 1059 Symmacho
1306 998 1675 1059 constructas,
1718 1001 1833 1059 eam

271 1082 375 1119 non
408 1065 642 1119 inﬁmum
668 1057 916 1116 habuisse
942 1057 1140 1124 locum,
1186 1075 1287 1129 qua
1324 1058 1490 1115 veluti
1522 1057 1834 1129 Manicliaici

268 1137 529 1203 dogmatis
557 1150 680 1189 reus
703 1148 794 1203 per
824 1127 1420 1203 impiorumhhominum
1458 1144 1548 1203 ora
1571 1127 1836 1203 _traduce-

268 1198 445 1261 batur.
468 1208 636 1273 Quam
660 1198 871 1273 quidem
892 1200 1226 1273 turpitudinis
1250 1202 1493 1273 laesisque
1518 1198 1636 1252 ﬁdei
1655 1209 1833 1273 notam

269 1278 343 1331 ita
372 1269 524 1344 longe
556 1269 765 1339 lateque
791 1272 905 1339 ejus
926 1269 1129 1344 inimici
1155 1272 1581 1344 enuntiaverant,
1614 1278 1671 1322 ut
1695 1269 1833 1344 αρη-

266 1338 667 1414 stantinopolim
684 1338 957 1397 ’Anastasii
982 1342 1315 1414 imperatoris
1346 1341 1705 1414 AcacianalAet
1733 1338 1829 1414 sc-

267 1410 765 1472 veriante'factionis
792 1413 998 1481 patroni
1022 1427 1178 1466 aures
1206 1411 1581 1483 penetraverit.
1611 1410 1719 1483 Qua
1761 1410 1827 1464 de

265 1502 446 1551 causa,
483 1495 539 1541 ut
568 1485 707 1539 idem
753 1485 1062 1538 Anastasius
1097 1481 1654 1537 excdmmunicationis
1700 1495 1826 1534 sen-

267 1560 484 1614 tentiam
516 1557 568 1610 in
598 1570 717 1609 eum
749 1569 782 1609 a
803 1552 1121 1623 Symmacho
1153 1553 1309 1607 latam
1353 1554 1627 1617 eluderet,
1669 1558 1825 1620 atque

266 1628 477 1683 facilius
505 1622 909 1689 contemneret,
951 1633 1133 1679 sancto
1175 1623 1409 1694 pontiﬁci
1456 1622 1821 1691 gravissimum

268 1699 435 1754 hocce
462 1698 665 1751 facinus
691 1695 853 1749 multa
876 1692 1234 1762 increpatione
1260 1692 1557 1762 objiciebat.
1582 1694 1824 1761 Symma-

266 1769 427 1822 chum
452 1766 861 1838 igituroportuit
886 1764 1091 1833 publica
1118 1778 1229 1838 sua;
1255 1764 1375 1838 ﬁdei
1406 1763 1821 1838 testimonian-

267 1832 962 1919 hibereffjlxhibuitautem,
997 1848 1139 1919 cum,
1169 1832 1469 1919 Bianichteis
1492 1832 1820 1919 inpiis-ilium
1852 1860 1902 1919 Β

268 1909 583 1972 amandatis,
616 1907 802 1959 horum
835 1904 1126 1972 codiceset
1165 1904 1442 1957 simulacra
1489 1901 1685 1956 delevit
1715 1904 1818 1971 (α).

336 1980 511 2033 Hocce
533 1971 658 2031 vero
678 1989 784 2029 suae
798 1972 919 2028 ﬁdei
940 1971 1207 2042 publicum
1230 1972 1589 2027 testimonium
1608 1989 1821 2028 omnem

259 2062 417 2116 posse
459 2048 661 2103 diluere
698 2042 1013 2116 calumniam
1044 2042 1559 2116 Symmachusgpapa
1605 2044 1823 2099 minime

256 2112 339 2172 est
381 2116 687 2171 arbitratum.
722 2114 855 2168 Nam
889 2128 1010 2183 cum
1058 2112 1126 2169 ab
1172 2112 1457 2169 Anastasio
1502 2115 1823 2183 imperatore

256 2185 516 2241 famosum
540 2186 772 2241 libellum
803 2182 1162 2253 conscriptum
1185 2185 1561 2249 intellexisset,
1580 2182 1692 2251 quo
1712 2200 1823 2237 ma-

254 2256 463 2312 ledictis
499 2256 969 2325 proscindebatur,
1007 2262 1061 2309 et
1108 2256 1268 2310 veluti
1320 2254 1643 2309 Manichzeus
1681 2256 1821 2324 apud

254 2327 401 2396 ipsos
419 2327 719 2384 Orientales
744 2334 799 2383 et
835 2326 969 2381 alios
1011 2326 1234 2394 populos
1274 2326 1669 2392 traducebatur,
1702 2329 1825 2381 huic

254 2398 435 2454 libello
455 2398 908 2469 apologeticaipro
927 2411 987 2469 se
1016 2397 1145 2469 ipso,
1159 2398 1406 2469 oratione
1428 2397 1695 2469 occurrit,
1730 2412 1823 2466 pe-

252 2467 506 2539 nitusque
522 2467 736 2525 omnem
763 2467 1107 2523 Manichaica:
1134 2468 1273 2523 labis
1298 2468 1657 2539 suspicionem
1698 2482 1827 2536 pur-

252 2542 391 2607 gavit
416 2537 575 2611 atque
600 2539 816 2611 delevit.
845 2539 971 2611 Iam
991 2552 1120 2593 vero
1140 2538 1344 2611 quaede
1378 2538 1479 2593 hac
1512 2537 1822 2608 Symmachi

252 2609 580 2681 apologetica
608 2610 835 2679 epistola
860 2617 915 2665 et
941 2609 1010 2664 de
1030 2610 1317 2681 Anastasio
1355 2611 1678 2678 imperatore
1712 2611 1822 2662 Ma-

253 2679 574 2736 nichaeorum
608 2692 830 2751 patrono
856 2679 1079 2735 dicenda
1120 2691 1437 2750 supersunt,
1483 2695 1610 2734 mox
1642 2681 1695 2735 in
1735 2694 1820 2736 se-

252 2752 436 2822 quenti
462 2753 845 2823 explicabimus
874 2751 1067 2821 capite.

740 2844 896 2916 179
930 2842 1155 2899 CAPUT
1192 2841 1333 2898 xm.

253 2933 334 2991 De
361 2935 655 3007 Symmachi
684 2951 832 3007 papa:
867 2935 1183 3007 apologeticn
1210 2935 1705 3007 epistola_adversus
1734 2937 1818 3000 fa-

320 3004 489 3061 mosos
528 3004 848 3075 imperatoris
877 3004 1135 3059 Anastasii
1172 3006 1386 3059 libellos.
1422 3004 1569 3058 Idem
1595 3007 1819 3076 impera-

323 3088 404 3129 tor
441 3079 717 3131 multorum
764 3076 1111 3131 Iucreticorum
1152 3077 1337 3129 uindex
1373 3086 1418 3129 et
1447 3077 1639 3144 fautor,
1671 3078 1821 3129 etiam

318 3146 577 3203 Xenaian
605 3146 1009 3217 Manichaeorum
1036 3148 1317 3217 principem
1355 3147 1409 3199 in
1438 3162 1587 3199 suam
1610 3147 1818 3200 cliente-

322 3222 428 3272 lam
456 3221 663 3288 recepit.
706 3216 1003 3288 Exgquibus
1038 3216 1247 3271 tandem
1276 3217 1587 3270 occasionem
1634 3218 1815 3287 arripi-

321 3306 436 3343 mus
464 3298 516 3343 ut
539 3286 765 3361 ejusdem
788 3286 1005 3342 Xenaite
1031 3303 1215 3353 mores,
1248 3288 1535 3341 institutum
1558 3296 1603 3341 et
1627 3286 1819 3359 scripta

320 3361 495 3432 paucis
517 3359 879 3429 expendamus.

327 3451 379 3504 1.
405 3449 707 3521 Symmachi
733 3464 879 3518 papa:
907 3448 1101 3503 famam
1143 3463 1430 3517 numquam
1460 3448 1819 3521 graviusejus

249 3523 439 3576 hostes
480 3522 742 3585 laeserant,
793 3534 951 3589 quam
981 3536 1101 3574 cum
1144 3536 1264 3574 eum
1306 3522 1469 3574 veluti
1506 3520 1817 3575 Manicliaiei

250 3591 517 3661 dogmatis
559 3599 877 3661 assertorem
923 3605 1017 3660 per
1059 3592 1346 3644 multorqu
1397 3606 1491 3661 ora
1540 3590 1818 3647 traducere

249 3660 369 3717 auSi
402 3672 543 3716 sunt.
592 3660 646 3715 ω
694 3662 1023 3729 potissimum
1056 3663 1233 3717 evenit
1260 3676 1381 3715 cum
1410 3660 1644 3715 famosus
1668 3662 1819 3716 libel-

250 3734 339 3789 lus
368 3732 436 3785 ab
475 3735 753 3786 Anastasio
795 3732 1113 3801 imperatore
1153 3731 1206 3785 in
1236 3741 1479 3786 sanctum
1512 3731 1816 3801 pontiﬁcem

248 3803 618 3871 conscriptus,
672 3802 850 3857 multis
898 3802 1110 3872 quidem
1155 3803 1365 3872 probris
1414 3804 1817 3869 maledictisilue

247 3874 505 3938 refertus,
529 3874 719 3943 quibus
750 3876 807 3928 S.
842 3872 1076 3942 pontifex
1104 3882 1369 3942 tamquam
1397 3874 1679 3927 multorum
1709 3876 1818 3928 cri-

244 3945 457 4000 minum
485 3954 537 3999 et
561 3946 701 3997 laesae
730 3943 850 3997 ﬁdei
875 3958 996 3997 rens
1020 3946 1187 4012 palam
1214 3944 1605 3997 traducebatur.
1636 3943 1691 3997 In
1726 3947 1813 3999 tali

248 4032 383 4086 ergo
404 4016 547 4085 gravi
576 4014 878 4086 discrimine
902 4017 1128 4086 positus,
1151 4014 1369 4068 famosis
1400 4014 1637 4068 lustratis
1668 4016 1819 4069 libel-

249 4084 342 4151 lis,
392 4084 563 4156 neque
601 4084 723 4139 odio
759 4096 847 4137 aut
896 4085 1166 4156 iracundia
1212 4095 1511 4156 commotus
1553 4095 1656 4156 est.
1687 4086 1812 4150 Sed,

247 4158 333 4212 sui
368 4153 601 4211 muneris
631 4156 867 4224 partibus
892 4155 1067 4224 potius
1109 4154 1517 4223 apostoliczeque
1546 4153 1690 4208 sedis
1721 4156 1813 4208 ho-

248 4229 372 4281 nori
408 4228 712 4293 consulens,
756 4241 1040 4295 numquam
1087 4225 1154 4281 de
1184 4226 1485 4279 ulciscenda
1518 4224 1706 4291 injuria
1735 4240 1819 4295 re-

245 4300 513 4368 cogitans,
545 4298 731 4351 stricto
757 4294 963 4351 calamo
994 4297 1135 4351 illam
1166 4296 1453 4368 celebrem
1474 4296 1684 4368 scripsit
1706 4294 1819 4368 epi-

245 4365 465 4430 stolam,
496 4384 596 4436 qua
624 4381 911 4422 occurrens
951 4367 1152 4429 famoso
1193 4367 1456 4421 Anastasii
1484 4365 1819 4434 imperatoris

247 4439 457 4502 libello,
483 4438 716 4508 singulas
742 4440 792 4491 in
822 4437 923 4494 hoc
948 4448 1226 4493 contentas
1255 4436 1548 4508 cnltimnias
1576 4441 1818 4505 purgavit

245 4521 414 4579 atque
440 4506 657 4578 prorsus
684 4508 903 4565 delevit.
935 4509 999 4562 Et
1030 4511 1201 4576 primo
1230 4506 1439 4579 quidem
1465 4522 1571 4560 sure
1596 4507 1817 4563 catholi-

243 4577 341 4635 cae
373 4577 493 4634 fidei
523 4581 818 4649 apologiam
850 4579 917 4631 ab
950 4578 1194 4647 exemplo
1231 4588 1352 4632 octo
1390 4577 1639 4630 librorum
1680 4593 1814 4647 quos

244 4650 567 4706 Ambrosius
586 4654 648 4705 ad
671 4652 977 4703 Gratianum
1009 4651 1385 4716 imperatorem
1418 4649 1704 4713 scripserat
1727 4665 1814 4702 or-

247 4737 346 4776 sus
379 4732 479 4787 est,
505 4725 623 4790 quia
651 4722 798 4793 illum
825 4737 924 4793 non
953 4722 1113 4793 piguit
1144 4720 1415 4789 gloriosius
1440 4721 1739 4793 praedicare,
1766 4730 1815 4775 et

243 4789 531 4863 imperator
579 4808 678 4845 non
727 4789 969 4861 fastidivit
1012 4789 1297 4863 gratanter:
1339 4792 1585 4863 accipere.
1626 4789 1815 4863 Animi

242 4862 447 4917 deinde
475 4863 556 4916 sui
586 4859 746 4917 robur
770 4859 1228 4931 constantiamque
1265 4860 1321 4932 S.
1357 4860 1589 4932 pontifex
1616 4859 1689 4932 (b)
1722 4875 1815 4929 pa-

246 4934 360 4987 lam
390 4932 534 4997 facit,
564 4949 665 5003 qua
692 4948 869 4988 coram
896 4942 1120 5003 tyranno
1142 4930 1363 5003 etlmico
1390 4930 1709 5003 imperatore
1738 4932 1813 4987 illi

242 5012 480 5058 mortem
524 5000 816 5058 inientante
858 5000 932 5057 se'
952 5002 1139 5057 sistere
1171 5018 1273 5057 non
1315 5000 1645 5066 formidaret,
1687 5003 1815 5056 illud

242 5075 600 5142 apostolicum
630 5076 770 5128 Pauli
816 5074 1069 5127 monitum
1114 5082 1288 5128 mente
1327 5074 1631 5138 revolvens,
1662 5082 1716 5127 et
1742 5074 1810 5127 ad

244 5146 382 5198 illud
434 5160 762 5213 provocans:
805 5143 892 5196 νας
932 5144 1055 5196 mihi
1097 5145 1218 5214 (ait)
1261 5144 1305 5197 si
1345 5160 1447 5196 non
1490 5144 1810 5213 euangeliza-

240 5230 367 5268 vero
397 5215 498 5285 (c);
538 5218 811 5283 meliusque
837 5226 909 5268 est
947 5216 999 5266 in
1025 5217 1279 5282 iacturam
1306 5217 1420 5268 vita:
1442 5215 1706 5285 prasentis
1730 5216 1811 5268 in-

237 5286 440 5356 cidere,
470 5303 621 5356 quam
650 5286 951 5354 sempiterna
978 5286 1304 5338 damnatione
1332 5287 1502 5350 puniri
1527 5286 1628 5354 (ά).

320 5353 378 5409 2.
406 5353 490 5411 ω’
516 5358 672 5427 plano
700 5353 893 5411 deinde
922 5357 1086 5424 gradu
1116 5366 1170 5409 et
1206 5357 1408 5427 sensim
1435 5353 1542 5407 sua
1568 5355 1814 5411 oratione

238 5426 544 5493 incederet,
575 5427 627 5481 in
661 5428 845 5483 eadem
885 5428 1047 5480 animi
1079 5426 1327 5479 ﬁrmitate
1364 5436 1628 5495 perstans,
1666 5428 1813 5482 Ana-

240 5497 474 5553 stasiqu
518 5500 679 5554 veluti
731 5498 1090 5554 Romanorum
1142 5497 1542 5565 imperatorem,
1585 5506 1640 5552 et
1674 5507 1813 5552 tam-

264 5716 300 5728 “
321 5639 400 5722 (ᾳ)
427 5640 657 5697 Consule
687 5640 845 5695 etiam
883 5654 1000 5709 quae
1028 5637 1137 5708 jam
1160 5633 1391 5691 diximus
1419 5648 1541 5703 cap.
1586 5635 1619 5689 4
1655 5633 1815 5703 hujus

238 5714 788 5913 lalii.)‘ﬁpologetica
843 5780 1065 5853 epistola
1125 5786 1299 5835 exstat
1360 5786 1491 5833 tom.
1554 5776 1596 5832 V
1652 5776 1820 5832 Couc.

238 5872 368 5913 nae.
523 5898 534 5911 .

233 5872 368 5931 pag.
410 5872 534 5913 uti.

1937 571 2001 635 ut
2036 562 2281 635 videlicet
2342 571 2519 628 partes
2564 562 2680 617 illas
2734 574 3002 628 assumat,
3055 565 3502 635 quemadmodum

1935 632 2087 704 etiam
2125 633 2458 685 barbararum
2504 635 2766 686 nationum
2805 632 3084 704 legationes
3114 636 3380 690 clementer
3411 638 3504 689 ad-

1936 703 2133 755 mittere
2169 704 2445 779 consucvit,
2478 713 2525 779 et
2560 703 2935 779 qualiscunque
2974 710 3202 779 prttsulis
3235 708 3504 779 apostolici

1934 788 2101 849 vocem
2119 776 2364 849 patienter
2386 775 2584 849 audire.
2620 774 2685 849 Et
2705 776 2919 840 perinde
2946 774 3095 845 quasi
3127 774 3502 849 ntillo'gravis-

1937 845 2192 914 simarnm
2225 846 2606 898 calumniarum
2638 845 2746 899 ictu
2792 856 2971 914 posset
3006 845 3347 914 commoveri,
3377 866 3497 906 eam

1940 912 2151 989 gemini
2190 916 2619 989 promissionem
2673 912 2904 989 recolit,
2966 933 3065 986 qua
3112 919 3303 974 dicitur
3334 912 3498 989 apud

1936 983 2124 1038 Matth.
2180 984 2247 1055 (ε)
2281 1001 2294 1039 :
2326 985 2451 1040 Cum
2495 1001 2582 1039 vos
2626 988 2874 1057 persecuti
2920 983 3141 1056 fuerint.
3192 1001 3238 1044 et
3277 983 3500 1046 dixerint

1935 1069 2086 1129 amne
2110 1057 2298 1129 malum
2324 1056 2586 1129 adversum
2628 1073 2728 1129 vos,
2745 1056 2951 1127 propter
2981 1060 3235 1129 justitiam
3260 1062 3495 1129 gaudete.

1935 1123 2088 1196 Quod
2112 1127 2323 1194 quidem
2352 1127 2576 1181 interius
2596 1123 2869 1196 gaudium,
2896 1123 3137 1182 ext'erins
3158 1123 3494 1188 dissimulare

1934 1195 2074 1267 haud
2097 1207 2303 1263 potens,
2336 1195 2763 1252 benedictionem
2791 1213 2885 1267 pro
2910 1199 3306 1264 maledictione,
3330 1202 3498 1256 hono-

1934 1266 2253 1339 riﬁcentiam
2302 1284 2409 1339 pro,
2447 1266 2819 1333 contumeliis,
2862 1270 3176 1324 cltaritatem
3229 1286 3326 1339 pro
3374 1273 3497 1327 odio

1931 1336 2240 1411 imperatori
2266 1339 2364 1392 sibi
2401 1338 2607 1411 infenso
2634 1340 3183 1411 studetrependere;
3216 1336 3386 1411 ipsum
3414 1352 3496 1396 ta-

1933 1421 2054 1483 men
2082 1410 2377 1463 admonens
2408 1418 2464 1461 ut
2487 1408 2648 1483 divini
2674 1409 2871 1483 judicis
2904 1408 3498 1483 priccaveret'indigna-

1930 1477 2147 1549 tionem.
2181 1494 2247 1533 ne
2271 1490 2469 1549 quanto
2508 1480 2622 1547 ipse
2645 1477 2856 1547 gravius
2890 1477 3125 1536 offensus
3155 1477 3396 1536 libenter:
3416 1500 3498 1539 re-

1928 1548 2193 1622 mittebat,
2228 1558 2372 1622 tanto
2403 1552 2721 1622 cumulatius
2762 1551 2829 1605 ab
2854 1552 2969 1622 ipso
3004 1552 3309 1609 offendente
3340 1568 3494 1622 pinna

1928 1567 2193 1610 mittebat,
2228 1567 2372 1604 tanto
2403 1567 2721 1604 cumulatius
2762 1567 2865 1605 ani
2910 1567 2969 1606 so
3004 1567 3309 1609 ouenuente
3340 1568 3494 1622 pana

1926 1618 2249 1687 exigeretur.
2281 1620 2395 1674 Non
2433 1621 2561 1674 nihil
2600 1621 2747 1676 hisce
2784 1567 2933 1676 addit
2965 1622 3031 1675 de
3063 1625 3294 1678 maximo
3335 1640 3495 1680 scan-

1925 1688 2047 1762 dala
2077 1692 2127 1741 in
2172 1689 2407 1745 Ecclesia
2431 1700 2555 1746 tunc
2576 1701 2783 1755 exorto,
2816 1708 2935 1747 cum
2974 1704 3190 1762 propter
3232 1694 3492 1751 famosum

1924 1757 2185 1833 libellum,
2228 1777 2387 1831 quem
2440 1764 2555 1831 ipse
2602 1763 2889 1831 imperator
2933 1757 2986 1817 in
3036 1757 3289 1820 Ecclesiae
3335 1776 3496 1833 caput

1925 1830 2360 1901 conscripserat,
2410 1830 2518 1887 tum
2573 1843 2789 1901 propter
2833 1836 3171 1891 anathemate
3215 1830 3492 1892 damnatas

1926 1899 2340 1978 Aeaeii,_Severi
2370 1914 2421 1958 et
2446 1899 2833 1978 Acephal‘orum
2859 1904 3158 1978 opiniones,
3188 1907 3379 1977 quibus
3400 1924 3494 1978 pa-

1928 1971 2322 2037 trocinabatur;
2355 1982 2411 2029 et
2437 1978 2613 2029 statim
2639 1975 2706 2029 ad
2728 1976 2872 2030 varia
2898 1976 2953 2031 S.
2978 1972 3047 2031 Ρ.
3074 1971 3323 2044 prevocat
3346 1971 3495 2033 86Γὶ-

1927 2051 2204 2115 pturarum
2231 2045 2559 2111 testimonia,
2600 2054 2657 2100 ut
2701 2045 2825 2101 inde
2852 2046 3141 2115 imperator
3165 2048 3351 2101 harum
3381 2052 3492 2105 lue-

1926 2113 2209 2167 reticarum
2251 2115 2560 2183 opinionum
2601 2116 2878 2184 depromat
2930 2113 3234 2173 falsitatem.
3272 2118 3488 2175 Interim

1927 2194 2052 2252 vero
2085 2197 2203 2237 cum
2232 2186 2495 2252 pontiﬁcis
2532 2188 2761 2249 animus,
2791 2202 2895 2242 non
2933 2202 3052 2252 suo,
3086 2189 3180 2243 sed
3204 2204 3315 2243 suae
3346 2192 3492 2247 sedis

1926 2251 2114 2329 honori
2131 2251 2501 2329 maiestatique
2518 2257 2819 2327 prospicere
2837 2259 2993 2329 180
3005 2251 3213 2327 quzerit,
3230 2275 3295 2313 ex
3309 2276 3374 2315 eo
3386 2262 3492 2317 vel-

1925 2322 2049 2404 licat
2070 2334 2123 2378 et
2144 2322 2294 2395 urget
2316 2322 2711 2404 imperatorem,
2735 2322 3171 2404 quodrh'umanis
3192 2322 3491 2404 divinisque

1927 2394 2132 2463 legibus
2168 2394 2524 2466 spretis,_cum
2558 2394 3058 2469 magno—imperialis
3081 2415 3294 2456 corona:
3327 2394 3491 2458 dede-

1924 2478 2048 2539 c_ore
2086 2471 2409 2539 accusatoris
2435 2480 2489 2525 et
2512 2469 2707 2539 judicis
2737 2480 2913 2538 partes
2933 2471 3189 2527 adversus
3222 2487 3489 2529 summum

1924 2534 2175 2615 Ecclesiae
2198 2534 2748 2615 pontiﬁcem'subiret.
2771 2540 3209 2615 Proptereaeum
3248 2542 3489 2615 increpat

1922 2607 2164 2685 scribens
2192 2607 2210 2661 ε’
2230 2609 2373 2665 Dicis
2393 2627 2505 2685 esse
2534 2607 3005 2685 megManichaéum.
3032 2612 3292 2680 Numquid
3322 2607 3490 2685 Eu'ty-

1921 2676 2133 2754 cltianux
2161 2697 2293 2754 sum,
2325 2681 2402 2754 vel
2444 2682 2785 2753 Eutychianos
2824 2684 3059 2754 defendo,
3086 2676 3306 2753 quorum
3340 2676 3490 2754 {uror

1922 2751 2142 2822 maxime
2165 2750 2566 2807 Name/ratorum
2585 2750 2899 2822 su/fragatur
2919 2755 3098 2807 errori.

1998 2821 2049 2874 3.
2075 2820 2189 2886 Qua
2212 2822 2429 2895 quidem
2454 2820 2981 2895 loquendiformula,
3006 2833 3060 2879 et
3088 2824 3269 2895 ironite
3298 2826 3484 2895 ﬁgura,

1922 2904 2029 2969 non
2053 2899 2254 2969 tantum
2278 2906 2337 2946 se
2361 2894 2554 2969 injuste
2585 2895 2651 2969 de
2684 2893 3005 2969 Manic‘liaica
3036 2894 3151 2948 labe
3183 2895 3382 2969 indicat
3404 2893 3487 2969 iné

1922 2960 2258 3035 simulatum;
2296 2963 2388 3035 sed
2412 2964 2589 3035 ipsum
2619 2963 2953 3035 Anastasium
2984 2977 3205 3035 carpere
3238 2966 3484 3035 intendit,

1921 3030 2541 3109 qui_dum_Eutychianis
2572 3034 2817 3109 praesidia
2847 3034 3147 3109 praestabat,
3174 3030 3486 3109 etiamiMa;

1923 3098 2156 3173 nichinis
2171 3098 2317 3168 ipsis
2332 3098 2781 3173 patrociniibatur,
2806 3098 2861 3158 in
2880 3118 3027 3157 suam
3050 3104 3294 3160 videlicet
3322 3108 3487 3163 clien-

1924 3170 2627 3245 telamXenaiafsnscepto,
2661 3170 2771 3245 qui.
2802 3189 2922 3229 cum
2962 3174 3372 3232 Manichaorum
3402 3192 3488 3233 es-

1843 3234 1889 3299 C
1920 3249 2003 3293 set
2032 3242 2297 3316 princeps,
2332 3234 2693 3316 imperatoris.
2714 3260 2839 3313 erga
2881 3260 2938 3299 se
2967 3260 3201 3301 amorem
3234 3249 3403 3316 magis
3432 3258 3489 3304 et

1924 3314 2091 3387 magis
2147 3312 2329 3387 fovere
2393 3314 2676 3387 studebat,
2745 3312 3196 3386 tiutychianorutu
3252 3312 3491 3387 partibus

1922 3380 2263 3458 adhaerendo.
2288 3384 2641 3456 Symmachus
2665 3380 2929 3457 itaque'ad
2950 3387 3202 3442 delendas
3223 3380 3486 3458 ejusmodi

1923 3454 2307 3520 turpitudinum
2332 3454 2511 3529 notas,
2545 3465 2705 3529 atque
2748 3454 2803 3511 ut
2848 3458 3175 3513 Manicliaico
3202 3454 3401 3529 flagitio
3428 3475 3488 3516 se

1922 3536 2209 3592 numquam
2255 3527 2547 3582 obnoxium
2588 3527 2752 3583 fuisse
2788 3529 3115 3594 ostenderet,
3167 3527 3351 3585 urbem
3381 3529 3490 3585 Bo-

1921 3607 2061 3673 mam
2094 3604 2362 3673 tamquam
2385 3607 2574 3673 testem
2596 3599 2848 3673 appellat,
2882 3608 3239 3673 provocatque
3266 3601 3331 3656 ad
3360 3617 3488 3672 apo-

1920 3665 2120 3739 stolica:
2160 3668 2304 3722 sedis
2345 3667 2561 3733 scrinia,
2613 3665 2682 3724 in'
2710 3665 2903 3739 quibus
2931 3665 3234 3727 authentica
3264 3665 3489 3729 sincerae

1920 3734 2039 3788 ﬁdei
2072 3738 2206 3791 Acta
2254 3740 2685 3811 asservabantur.
2727 3734 3115 3811 'Quoscumque
3154 3758 3283 3798 vero
3313 3745 3489 3799 minus

1920 3816 2103 3887 sancte
2129 3811 2198 3887 _dc
2227 3809 2341 3877 ejus
2370 3810 2623 3887 religione
2640 3812 2960 3887 judicantes,
2985 3809 3286 3887 autsalteui
3315 3817 3489 3887 suspi-

1919 3878 2028 3949 cari
2060 3878 2318 3945 volentes,
2352 3878 2877 3949 suis’tiisce'scriptis
2907 3885 3141 3949 lacessit,
3176 3894 3232 3938 ut
3262 3900 3365 3938 non
3398 3878 3485 3941 re-

1920 3946 2206 4027 formident
2234 3964 2354 4027 cum
2398 3967 2463 4027 eo
2502 3946 2930 4027 concertationes
2979 3946 3277 4027 instituere,
3311 3957 3488 4027 etob-

1914 4020 2179 4092 jectornm
2235 4020 2333 4092 sibi
2382 4022 2663 4092 criminum
2717 4038 2872 4077 veras
2917 4026 3261 4090 probationes
3310 4026 3486 4092 palam

1924 4090 2180 4159 proferre,
2213 4089 2406 4159 alioqui
2437 4091 2601 4144 veluti
2631 4093 2855 4145 infames
2884 4089 2938 4146 et
2965 4089 3330 4147 conviciorum
3363 4110 3488 4151 reos

1924 4156 2196 4230 habendos
2238 4156 2356 4213 esse
2384 4159 2637 4214 declarat.
2686 4162 2812 4230 Ejus
2843 4173 3019 4216 autem
3051 4164 3211 4218 verba
3243 4164 3329 4217 hic
3356 4166 3487 4219 sub-

1916 4226 2086 4304 jicere
2110 4243 2211 4282 noit
2238 4230 2583 4304 incongruum
2607 4226 2855 4298 arbiiror,
2878 4241 2939 4304 ut
2958 4234 3013 4286 S.
3043 4235 3311 4302 pontilicis
3334 4249 3488 4304 sensa

1920 4300 2160 4373 apprime
2189 4300 2435 4373 omnibus
2466 4301 2798 4373 innotescaut
2825 4319 2840 4356 :
2868 4302 3029 4356 Roma
3044 4300 3179 4355 “mihi
3210 4306 3351 4359 testis
3391 4300 3486 4373 est,

1921 4376 1965 4442 et
1996 4369 2187 4421 scrinia
2230 4370 2569 4442 testimonium
2617 4372 2875 4440 perhibent
2914 4382 3083 4428 utrum
3111 4391 3142 4427 a
3171 4375 3273 4442 [ide
3311 4369 3489 4431 cat/to;

1922 4438 2038 4519 lica,
2072 4456 2225 4505 quam
2254 4441 2305 4493 in
2345 4438 2624 4519 sede‘lieati'
2644 4446 2862 4508 apostoli
2895 4442 3049 4519 Petri
3076 4438 3279 4519 veniatur
3307 4463 3371 4501 ea;
3398 4464 3490 4519 pa-

1920 4510 2143 4583 ganitate
2172 4512 2391 4577 suscepi,
2422 4512 2595 4581 aliqua
2622 4528 2685 4566 ea:
2707 4524 2848 4583 parte
2869 4515 3195 4569 deviaverim.
3228 4510 3491 4573 Procedat

1842 4617 1894 4676 D
1918 4581 2643 4676 aliquishet-aliqua:
2686 4581 2975 4676 corvinca‘t.
3019 4587 3222 4657 Alioqui
3261 4591 3490 4645 convicia

1917 4663 2034 4704 sunt
2064 4653 2181 4725 ista,
2213 4669 2314 4706 non
2351 4653 2618 4725 criminum
2646 4655 2992 4725 probamenta.

1986 4725 2039 4795 4_.
2073 4722 2298 4795 Causam
2328 4738 2478 4795 suam
2508 4722 2699 4779 deinde
2729 4734 2848 4795 post
2890 4727 3005 4783 hrec
3034 4728 3217 4785 divino
3244 4732 3491 4786 commit-

1917 4794 1981 4870 tit
2004 4793 2227 4870 judicio,
2259 4794 2412 4863 cujus
2442 4796 2653 4870 quidem
2685 4793 2945 4853 summam
2996 4800 3272 4869 sapientia:
3313 4804 3489 4870 provi-

1918 4864 2152 4918 dentiam
2202 4880 2260 4920 se
2289 4864 2554 4933 quondam
2603 4879 2881 4934 expertum
2931 4864 3487 4927 esse'commemorat.

1916 4934 2048 5008 Cum
2099 4936 2350 5008 videlicet
2387 4939 2447 5008 _in
2496 4939 2804 5007 pontiﬁcem
2850 4939 3103 5008 legitimis
3158 4944 3489 4997 renuntiatus

1918 5004 2206 5076 suffragiis,
2256 5007 2321 5060 ad
2374 5004 2872 5063 Constantinianam
2906 5004 3261 5077 proﬁciscens
3313 5012 3489 5065 basili-

1919 5090 2060 5149 eam,
2120 5076 2372 5149 pontiﬁcii
2419 5078 2665 5133 ordinem
2712 5076 3081 5147 suscepturus,
3136 5096 3204 5135 ne
3253 5079 3488 5149 lapidum

1920 5144 2095 5201 imbre
2119 5144 2435 5202 Obrueretur
2474 5149 2612 5204 liber
2638 5152 2826 5203 evasit.
2872 5144 3161 5217 Propterea
3194 5144 3358 5205 Deum
3386 5152 3488 5207 sibi

1920 5217 2292 5284 opitulatoretn
2340 5234 2553 5286 semper
2606 5220 2803 5273 habere
2839 5234 3082 5288 sperans,
3117 5220 3249 5273 nihil
3300 5236 3489 5278 eorum

1922 5302 2041 5356 quae
2064 5289 2168 5343 sibi
2196 5304 2414 5358 suaeque
2443 5290 2553 5344 sedi
2579 5291 2733 5342 noxia
2758 5304 2877 5342 esse
2908 5298 3152 5357 poterant
3180 5292 3492 5359 permittere

1920 5358 2059 5411 velle
2086 5362 2325 5414 conﬁdit.
2357 5360 2465 5414 Nec
2504 5362 2646 5414 enim
2690 5359 2998 5427 imperatori
3027 5358 3337 5427 argumenta
3366 5375 3489 5418 esse

1920 5431 2363 5509 poteraut_l_)e_um
2413 5432 2857 5509 Symmacho-aut
2902 5429 3157 5509 Romanis
3185 5432 3298 5485 sedi
3327 5431 3493 5489 fuisse

1922 5500 2138 5554 iratum.
2168 5501 2375 5556 Idcirco
2411 5500 2644 5554 maximo
2677 5500 2845 5554 animi
2877 5502 3060 5571 vigore
3102 5501 3173 5556 ita
3197 5516 3319 5558 eum
3341 5516 3490 5559 com-

1992 5635 2066 5703 (c)
2092 5636 2148 5690 In
2187 5636 2347 5703 priori
2378 5636 2445 5689 ad
2470 5632 2711 5689 Corinth.
2740 5650 2859 5700 cap.
2892 5653 2963 5692 ιι.

1999 5706 2081 5777 (ά)
2111 5707 2489 5777 Symmachus,
2512 5706 2666 5775 ibid.,
2699 5707 2922 5761 laudans
2954 5708 3104 5765 Pauli
3125 5708 3306 5766 verba.

2004 5782 2077 5846 (ε)
2107 5778 2334 5831 Matthxi
2363 5792 2394 5829 v
2408 5815 2421 5829 .
