3968 6310
492 299 599 361 983
638 300 643 301 ί

493 419 686 476 Nescio
728 433 796 473 an

493 490 828 548 Tcrtulliano
850 484 1095 555 auctore,
1120 486 1292 552 excipi
1323 500 1427 539 non
1454 493 1686 554 paterat,
1719 500 1839 539 cum
1868 484 2082 539 Judaeu-

490 576 615 619 rum
647 561 887 616 Ecclesia
940 574 1275 628 nequaquam
1310 556 1451 611 civili
1484 556 1875 628 consueludine
1903 556 2082 610 innixa

492 632 969 706 (quemadmodum
990 627 1229 706 barbarie
1248 628 1539 695 nationes),
1555 628 1646 682 sed
1674 629 1832 706 201
1850 627 2084 706 Spiritus

493 699 667 760 sancti
696 703 984 758 traditione
1006 702 1195 758 edocta
1218 714 1430 768 semper
1452 712 1719 766 prosecuta
1741 703 1806 752 sit
1833 699 2084 769 quidquid

492 776 629 847 foret
682 776 1126 848 patrocinaturum
1176 772 1363 843 pudori
1412 780 1458 824 et
1511 772 1824 825 verecundiae
1878 772 2086 842 feminei

490 864 667 905 ιεπιιδ.

571 920 664 974 His
701 934 829 988 ergo
876 918 1062 987 positis
1102 915 1461 972 fundamentis
1496 924 1659 988 atque
1704 914 1924 988 rejectis
1962 927 2089 968 aca-

497 987 823 1046 tbolicorum
858 988 1220 1059 opinionibus,
1266 988 1405 1042 haud
1448 987 1669 1043 dil‘licile
1715 991 1829 1059 erit
1850 987 2083 1055 priorem

494 1064 849 1134 quaestionem
870 1058 1168 1134 resolvere,
1196 1060 1241 1114 si
1259 1060 1504 1134 dicamus
1526 1076 1589 1113 co
1610 1058 1854 1134 Apostoli
1877 1072 2086 1134 canone

495 1128 789 1202 numquam
816 1134 1036 1187 vetitum
1063 1130 1223 1185 luisse
1254 1130 1464 1202 feminis
1484 1145 1690 1185 comam
1724 1128 1967 1202 tondere,
1988 1129 2083 1182 sed

493 1200 778 1261 dumtaxat
821 1203 1010 1270 capitis
1058 1203 1297 1257 velamen
1338 1201 1588 1270 abjicere.
1622 1202 1729 1256 Nec
1768 1200 1819 1254 id
1854 1214 1951 1254 nos
1993 1208 2087 1254 aut

494 1276 701 1331 recenti
726 1276 978 1343 opinione
999 1275 1379 1344 eonliogimus,
1409 1284 1499 1327 aut
1537 1274 1654 1326 sine
1685 1273 2084 1344 Scripturarum

495 1341 818 1403 auctoritate
872 1341 1421 1400 usseritnusttenim
1458 1344 1773 1413 prmclarum
1808 1341 2086 1413 imprimis

494 1428 578 1474 est
602 1419 730 1472 illud
764 1434 826 1472 ex
851 1434 955 1487 quo
983 1418 1274 1486 Apostolus
1303 1415 1446 1470 hunc
1471 1430 1732 1469 canonem
1761 1428 1914 1487 orsus
1959 1422 2043 1487 est
2064 1454 2081 1478 ,

493 1503 619 1545 cum
654 1499 758 1543 tam
792 1485 935 1543 viros
964 1485 1125 1557 quam
1159 1488 1411 1542 mulieres
1440 1487 1624 1541 doctas
1654 1486 1821 1539 voluit
1856 1485 2085 1557 rquoﬁha-

495 1560 611 1615 bitu
638 1575 811 1629 quove
839 1559 946 1613 ritu
975 1556 1027 1613 in
1059 1559 1301 1614 ecclesiis
1326 1568 1471 1629 esset
1503 1558 1762 1612 orandum
1797 1556 1905 1629 (a)._
1960 1556 2085 1610 Volo

497 1626 667 1686 autern
695 1647 780 1684 vos
814 1632 944 1684 scire
989 1631 1090 1702 (ait
1120 1631 1206 1684 ille
1246 1628 1555 1684 Corinthios
1609 1626 1914 1697 alloquens)
1946 1630 2086 1702 quod

496 1704 661 1757 omnis
707 1703 800 1756 viri
847 1699 1006 1771 caput
1032 1700 1260 1755 Christus
1300 1710 1398 1765 est,
1446 1709 1601 1770 caput
1646 1710 1815 1752 autent
1854 1699 2084 1771 mulieris

495 1774 595 1838 uir,
614 1785 764 1845 caput
789 1770 917 1826 vero
936 1772 1125 1845 Christi
1150 1771 1315 1845 Deus.
1332 1771 1469 1839 Quid
1501 1781 1677 1845 autem
1704 1772 1928 1845 mystice
1952 1770 2082 1845 illud

495 1840 687 1912 Capitis
715 1860 909 1898 nomen
941 1844 1224 1913 signiﬁcat.
1267 1843 1406 1896 idem
1439 1842 1731 1908 Apostolus
1766 1840 1873 1895 'sibi
1904 1842 2087 1896 conci-

494 1931 635 1971 nens
656 1915 885 1985 explicat
910 1912 1030 1982 cap.
1064 1932 1093 1967 v
1120 1914 1370 1985 Epistula:
1399 1913 1466 1967 ad
1492 1914 1753 1985 Ephesios
1792 1912 1861 1985 de
1889 1913 2086 1985 mulie-

494 1987 645 2066 ribus
673 1988 741 2066 ita
776 1989 1019 2066 scribens
1046 1984 1151 2066 (b):
1183 1984 1429 2066 Mulieres
1452 1986 1571 2037 viris
1596 1984 1702 2037 suis
1716 1984 1932 2066 subdita:
1956 1984 2082 2065 sint,

496 2059 625 2112 sicut
672 2057 914 2124 Domino,
947 2054 1191 2123 quoniam
1236 2057 1311 2107 uir
1354 2065 1509 2123 caput
1554 2064 1626 2109 est
1670 2054 1923 2121 mulieris,
1954 2055 2083 2109 sicut

496 2126 734 2183 Christus
763 2139 916 2197 caput
940 2138 1011 2182 est
1045 2126 1307 2197 Ecclesiaz.
1333 2124 1449 2180 Non
1472 2142 1607 2197 ergo
1635 2142 1733 2195 pro
1757 2125 1898 2180 illius
1926 2142 2088 2179 voca-

492 2198 608 2254 buli
636 2200 1026 2264 signiﬁcatione
1049 2198 1204 2251 nobis
1228 2196 1576 2251 laborandum
1604 2207 1705 2251 est.
1731 2197 1910 2251 lnnuit
1930 2198 2085 2267 quip-

496 2280 565 2342 pe
590 2272 835 2342 regimen,
864 2278 1161 2342 potestatem
1204 2277 1363 2336 atque
1416 2269 1720 2342 dominium,
1754 2268 1894 2338 quod
1924 2284 2086 2339 supe-

494 2339 672 2396 riores
702 2356 824 2409 erga
852 2339 952 2396 Sibi
982 2340 1226 2395 sobditos
1247 2353 1504 2394 exercere
1535 2339 1754 2393 habent.

487 2435 490 2443 ν
570 2412 859 2482 Apostolus
898 2421 1156 2481 prteterea
1186 2412 1313 2463 viris
1353 2426 1416 2464 ac
1453 2410 1768 2466 mulieribus
1811 2410 2081 2467 exteriora

494 2483 847 2552 subjectionts
873 2487 1023 2553 signa
1051 2483 1400 2551 praescribere
1433 2484 1605 2551 pergit
1632 2499 1697 2536 ne
1720 2484 1910 2538 saltem
1943 2483 2083 2538 inter

494 2559 757 2611 orandum
782 2556 971 2609 horum
1003 2555 1175 2622 capita
1212 2553 1409 2621 probro
1430 2553 1749 2608 alﬁciantur.
1775 2554 1891 2608 Non
1916 2570 2081 2608 unum

494 2638 674 2682 tamen
707 2626 956 2695 idemque
984 2629 1227 2695 utrisque
1277 2639 1561 2679 commune
1590 2640 1716 2681 esse
1748 2627 1950 2678 voluit:
1984 2625 2081 2679 sed

493 2698 729 2760 diversa,
784 2708 837 2751 et
876 2713 939 2753 ea
992 2696 1331 2766 potissimum
1380 2711 1498 2765 quae
1555 2698 1885 2764 singulorum
1928 2696 2079 2752 sexui

490 2771 725 2825 maxime
749 2781 1107 2824 consentanea
1131 2776 1332 2834 essent,
1348 2782 1639 2833 eorumque
1668 2768 1935 2823 honestati
1968 2783 2084 2821 ma-

490 2842 575 2911 gis
616 2842 1035 2911 responderent.
1081 2839 1285 2895 Idcirco
1334 2840 1784 2905 subsequentibus
1834 2840 2080 2893 versibus

490 2910 673 2967 {statim
703 2913 930 2979 subjecit
954 2930 966 2964 :
1001 2910 1180 2964 Omnis
1211 2912 1285 2963 vir
1313 2925 1466 2963 orans
1491 2920 1640 2982 atque
1666 2911 1974 2982 prophetuns
1999 2927 2083 2964 ve-

489 2984 601 3037 lato
632 2986 799 3052 capite
825 2990 1059 3055 deturpat
1089 2991 1244 3049 caput
1274 2997 1443 3055 suum.
1482 2980 1662 3055 Omnis
1699 2980 1871 3036 autem
1896 2982 2082 3034 mulier

488 3070 647 3109 orans
678 3051 766 3108 aut
795 3051 1104 3126 prophetali!
1134 3069 1237 3126 non
1270 3051 1435 3106 uelato
1467 3052 1632 3123 capite
1660 3054 1899 3119 deturpat
1926 3060 2082 3124 caput

488 3142 660 3181 suum.
696 3124 1040 3196 Voluit‘ergo
1070 3124 1269 3177 Paulus
1284 3137 1613 3196 _eo_canone
1644 3139 1800 3196 sacro
1853 3139 2077 3192 precan-

1079 296 1145 357 Ρ.
1185 296 1507 356 CACCIARI
1545 297 2155 357 EXEBCITATIONES
2195 297 2263 354 IN
2298 297 2357 354 S.
2397 294 2645 352 LEONlS
2684 294 2900 352 MAGNI
2936 296 3190 361 OPERA.

850 420 983 489 forte
1016 416 1236 489 iudaicag
1270 414 1437 489 excipi
1479 414 1676 469 debeat.
1725 414 1853 468 Haec
1877 427 2078 489 _po_rro,
2110 414 2161 476 Α

3668 307 3763 371 984

2191 410 2304 536 pilli
2333 425 2457 464 cum
2502 424 2627 492 vera
2652 411 2992 496 praprietale
3030 412 3339 471 dicerentur
3363 416 3634 485 velamen,
3659 438 3760 481 mu-

2221 497 2357 536 teres
2388 495 2507 536 uua:
2541 496 2756 536 tamtam
2785 497 2813 534 a
2840 499 3022 536 paucis
3050 489 3204 536 annis
3228 502 3437 536 comam
3472 492 3756 536 nutris-ham

2221 484 2357 536 ieres
2388 495 2507 550 qua:
2534 480 2756 550 jamjam
2785 497 2813 534 a
2840 484 3022 551 paucis
3050 489 3204 541 annis
3228 502 3437 543 comam
3472 480 3757 552 nutriebant

2196 569 2303 608 non
2321 552 2429 606 alio
2452 554 2503 607 in
2526 552 2775 608 ecclesiis
2792 556 3121 624 publicisque
3142 561 3500 616 conventibus
3515 564 3753 625 velamine

2193 624 2574 702 indiguissent,
2592 639 2919 702 prorsusque
2931 630 3093 701 202
3109 631 3235 699 ipsis
3247 632 3756 702 licuissetapertoca-

2192 698 2305 766 pite
2325 701 2375 750 in
2390 696 2660 771 publicum
2680 699 2916 771 prodire.
2931 696 2981 753 Χ
2993 696 3096 771 «ᾗιῆ
3112 696 3504 759 consuetudine
3529 696 3752 766 hactenus

2192 782 2300 847 non
2324 774 2529 847 tantum
2548 766 2977 847 Christianorum
2998 766 3165 841 pietas
3186 782 3241 829 et
3261 774 3453 847 religio
3474 776 3748 847 abhorruit,

2193 840 2290 895 sed
2317 840 2477 894 etiam
2507 840 2767 913 cujusque
2796 840 3036 913 barbarie
3061 853 3115 898 et
3144 840 3463 900 acztthtilica:
3486 852 3656 913 gentis
3678 840 3750 907 de;

2192 924 2287 965 cor
2303 922 2463 988 atque
2491 912 2771 966 modestia.
2795 911 3002 988 Rursus
3031 912 3075 969 Si
3098 917 3274 984 capilli
3297 911 3512 988 proprie
3537 919 3749 975 diceren-

2192 990 2282 1054 tur
2320 981 2593 1054 velamen,
2628 998 2725 1038 nec
2758 984 2856 1038 viri
2884 986 2971 1054 qui
3004 981 3212 1042 comam
3253 981 3525 1054 nutriunt,
3568 1008 3658 1047 nec
3693 995 3746 1049 illi

2191 1052 2536 1128 qui_ca_l_vitio
2584 1063 2826 1121 utuntur,
2874 1052 3120 1126 umquam
3172 1062 3225 1113 in
3271 1052 3548 1128 publicum
3592 1073 3672 1116 aut
3707 1067 3745 1119 in

2193 1124 2437 1179 ecclesiis
2465 1134 2669 1179 retecto
2698 1128 2871 1194 capite
2898 1124 3120 1185 starent.
3157 1124 3364 1186 idcirco
3390 1131 3466 1184 ad
3493 1133 3747 1188 observan-

2192 1194 2319 1250 dum
2360 1196 2604 1272 Apostoli
2648 1198 2954 1272 mandatum
3014 1201 3197 1271 (quod
3245 1204 3632 1272 supponitur),
3669 1208 3742 1261 viri

2193 1279 2385 1347 omnes
2412 1267 2690 1347 cujusque.
2699 1267 3032 1347 conditionis
3058 1267 3112 1327 et
3137 1267 3363 1347 gradus,
3388 1267 3741 1330 monachorum

2192 1338 2300 1416 ritu
2337 1341 2509 1393 tonsis
2557 1338 2796 1416 crinibus
2823 1342 3073 1416 incedere
3115 1338 3393 1407 deberent,
3452 1347 3592 1414 quod
3618 1364 3741 1416 quam

2191 1407 2454 1490 ipeptum,
2481 1426 2711 1490 quamve
2732 1413 2801 1490 sit
2824 1411 3014 1490 falsum
3041 1407 3571 1490 neminemarbit'rar
3592 1407 3739 1474 latere.

2191 1476 2325 1535 Cum
2370 1476 2529 1550 igitur
2571 1482 2708 1536 istuc
2742 1485 2985 1549 Apostoli
3021 1486 3260 1541 dictum:
3296 1486 3487 1541 Omnis
3526 1490 3599 1541 uir
3625 1507 3741 1545 oratu

2192 1559 2280 1629 aut
2307 1550 2617 1629 prqphetans
2647 1553 2810 1629 uelato
2839 1557 3004 1623 capite
3024 1558 3263 1629 deturpat
3291 1572 3453 1627 caput
3482 1576 3641 1627 suum,
3666 1564 3739 1615 mi.

2191 1622 2334 1699 nime
2365 1624 2432 1678 de
2466 1626 2691 1699 naturali
2718 1622 3418 1699 corna:’velantine'intelligi
3451 1622 3649 1695 debeat,
3669 1634 3736 1687 sed

2192 1692 2642 1770 deassumptittis
2692 1697 2883 1770 capitis
2937 1699 3283 1768 indumentis,
3326 1692 3484 1770 pileis
3512 1692 3733 1769 videlicet,

2118 1795 2169 1856 Β
2193 1765 2671 1856 gul-egrisﬂ‘qtithris,
2688 1765 2770 1856 ﬂet
2888 1785 3065 1856 genus;
3091 1772 3242 1856 aliis;
3272 1765 3393 1856 jam
3442 1765 3736 1855 inde'exopL

2195 1838 2371 1912 posito
2404 1838 2600 1912 inferre
2648 1849 2859 1912 oportet
2896 1838 3217 1907 Apostolum
3251 1838 3513 1898 mulieres
3553 1838 3731 1912 jtississe

2189 1910 2449 1989 artelacta
2500 1909 2763 1989 velamina
2815 1912 2868 1967 iu
2920 1914 3163 1989 ecclesiis
3210 1915 3453 1989 deferre,
3484 1909 3732 1972 ut'facilitts

2190 1980 2410 2055 pudori,
2440 1981 2781 2055 verecundia:
2799 1994 2968 2055 atque
2999 1983 3263 2039 honestati
3293 1995 3556 2055 perpetuo
3582 2002 3732 2041 constt-

2189 2048 2385 2105 lerent.
2431 2053 2631 2127 Contra
2687 2048 2939 2127 denique,
2981 2057 3023 2109 si
3073 2057 3249 2125 capilli
3293 2048 3511 2127 proprie
3534 2058 3731 2113 velamen

2187 2132 2395 2202 essent,
2450 2122 2561 2191 jam
2588 2122 2915 2202 mulieribus
2965 2122 3155 2202 liceret
3204 2122 3414 2202 sparsis
3454 2139 3510 2202 et
3548 2133 3729 2185 intonsis

2187 2194 2355 2269 comis
2394 2194 2696 2269 nitenadnm
2742 2202 2927 2269 instar,
2980 2199 3127 2253 nullo
3166 2194 3334 2269 super
3386 2200 3580 2269 injecto
3613 2204 3729 2255 vela-

2188 2262 2357 2331 mine,
2391 2264 2444 2319 in
2474 2265 2745 2340 publicum
2776 2262 2923 2323 exire
2945 2284 2957 2322 :
2978 2286 3133 2337 quem
3159 2262 3351 2340 agendi
3386 2262 3578 2325 morem
3602 2272 3726 2326 veluti

2188 2338 2786 2415 ttirpemctiosanum,
2829 2340 2898 2415 ab
2937 2339 3094 2415 impia
3118 2338 3416 2415 gentilium
3450 2342 3636 2398 vivendi
3662 2360 3726 2397 ra-

2189 2408 2360 2488 tione.
2390 2408 2733 2475 derivatum,
2796 2408 3058 2467 catholica
3116 2412 3354 2468 Ecclesia
3410 2428 3603 2484 semper
3648 2414 3726 2469 da-

2185 2488 2408 2532 mntht.

2260 2546 2367 2604 Sed
2392 2550 2502 2619 jam
2528 2549 2772 2619 Apostoli
2798 2552 2984 2620 verba,
3015 2555 3207 2623 quibus
3238 2556 3418 2620 utitur,
3435 2556 3585 2611 adhc
3614 2555 3716 2610 cla-

2186 2619 2302 2675 rius
2349 2636 2461 2676 rem
2514 2633 2752 2676 nostram
2810 2619 3154 2693 patefaciunt.
3201 2619 3458 2694 Siquide
3500 2626 3702 2679 laudatas

2188 2706 2488 2765 vocesnon
2522 2704 2875 2765 usurpat-pro
2926 2697 3207 2751 velaminis
3253 2700 3347 2752 vice
3366 2709 3445 2751 aut
3484 2699 3596 2759 loco,
3622 2695 3694 2751 vel

2187 2762 2253 2817 ad
2286 2763 2624 2818 indicandam
2655 2766 2733 2820 rei
2762 2762 3052 2837 originem;
3084 2770 3179 2824 sed
3207 2784 3288 2823 eas
3312 2770 3509 2822 assumit
3549 2768 3606 2820 ad
3638 2767 3697 2821 ii-

2154 2836 2157 2841 ’
2186 2837 2641 2928 [ιεριῃιξιιιιιιιίιξθι
2681 2836 3039 2928 ἰιιιιυθιςιιιιιιῑ
3066 2851 3126 2928 ut
3176 2857 3240 2928 cx
3269 2838 3451 2928 Graecis
3473 2838 3705 2928 colligith

2186 2907 2584 2986 exemplaribus
2613 2923 2731 2975 qua:
2749 2910 3042 2986 praeferunt
3084 2915 3115 2972 ἡ
3144 2912 3274 2983 κόμη
3300 2915 3408 2968 ἀντὶ
3433 2910 3713 2986 «sitisenim

2186 2975 2386 3033 δέδοται
2411 2981 2564 3055 again,
2586 2995 2648 3055 ex
2671 2975 2866 3055 quibus
2886 2975 3211 3051 interpretes
3229 2986 3436 3049 merito,
3453 2975 3715 3050 Chrysosu,

2186 3063 2403 3127 nempe,
2439 3050 2860 3120 Theophilactus
2888 3060 2945 3127 et
2976 3050 3157 3109 caeteri
3200 3070 3480 3109 asseruere
3505 3055 3568 3127 (e)
3600 3058 3719 3127 {lpo-

2185 3119 2384 3174 stolum
2439 3135 2502 3175 ex
2554 3119 2782 3178 naturali
2840 3126 3105 3180 velamine
3151 3119 3522 3180 necessitatem
3554 3119 3721 3179 inferre

489 3198 623 3252 tium
681 3199 806 3252 rittti
836 3174 1143 3258 consiilcre,
1175 3210 1243 3248 ne
1269 3193 1563 3248 Christiani
1600 3195 1701 3250 viri
1738 3205 1793 3250 et
1824 3174 2078 3250 mulieres
2109 3174 2156 3238 (ἶ
2187 3191 2422 3247 voluisse
2473 3193 2696 3248 alterius
2728 3196 3031 3260 velaminis,
3066 3198 3353 3251 voluntarii
3400 3198 3645 3259 nimirum,
3678 3204 3722 3249 et

489 3278 730 3331 orantes,
758 3270 1156 3338 praetergressis
1187 3265 1507 3338 quandoque
1537 3268 1875 3334 reverentiae,
1911 3269 2081 3335 pudo-

490 3339 570 3393 ris
599 3352 650 3393 et
676 3337 1021 3394 verecundia:
1049 3338 1275 3409 legibus,
1300 3337 1502 3407 aliquid
1526 3338 1707 3408 probri
1729 3338 2081 3394 dedecorisve

488 3413 909 3467 committerent.

564 3481 671 3537 Sed
717 3492 998 3551 perspecto
1045 3481 1156 3550 jam
1207 3479 1472 3549 ejusmodi
1520 3479 1766 3548 Apostoli
1811 3479 2082 3535 scribendi

489 3566 680 3618 Beopo,
704 3553 926 3607 minime
949 3552 1285 3607 inferendum
1315 3554 1463 3605 estin
1483 3552 1932 3620 subsequentibus
1958 3567 2083 3621 pro-

491 3623 721 3677 bibitum
753 3626 987 3677 voluisse
1014 3623 1228 3677 feminis
1257 3635 1468 3675 comam
1505 3622 1750 3676 tondere.
1801 3623 1910 3677 Nec
1936 3624 2079 3676 enim

491 3694 712 3748 laudato
740 3698 936 3762 capite,
969 3704 1061 3748 aut
1090 3692 1209 3747 aliis
1240 3694 1290 3746 io
1314 3691 1471 3757 locis,
1492 3692 1608 3760 ejus
1633 3693 1795 3746 verba
1829 3693 2080 3762 praecepti

491 3766 601 3819 vim
642 3765 839 3820 habere
864 3766 1135 3832 videnlur,
1167 3777 1287 3817 cum
1317 3762 1596 3816 dumtaxat
1625 3764 1878 3819 mulieres
1912 3765 2082 3817 laudi-

490 3834 596 3893 bus
627 3849 779 3893 ornet
809 3837 855 3892 si
885 3852 1095 3891 comam
1133 3836 1393 3897 nutriant,
1450 3836 1574 3901 quia
1620 3836 1867 3902 promissi
1899 3835 2079 3904 capilli

492 3907 791 3963 femineum
821 3910 1016 3963 decent
1040 3921 1249 3962 sexum.
1280 3905 1391 3959 Nec
1420 3906 1717 3975 incongrue
1737 3906 1950 3973 quidem
1981 3906 2082 3961 hac

492 3979 561 4034 de
610 3994 771 4034 causa
820 3981 1076 4035 mulieres
1128 3979 1433 4032 laudantur.
1471 3973 1662 4045 Capilli
1694 3979 1837 4032 enim
1872 3990 2080 4032 natura;

490 4060 620 4105 sunt
645 4066 800 4122 opus,
827 4066 962 4120 quos
994 4050 1316 4116 prolixiores
1344 4050 1457 4115 ipsa
1490 4058 1677 4102 natura
1706 4047 1920 4104 feminis
1950 4049 2080 4104 dare

489 4124 856 4178 consuevitad
888 4123 1077 4191 capitis
1114 4128 1478 4191 tegumentum
1521 4131 1706 4173 eontra
1758 4122 2077 4186 nuditatem,

488 4195 580 4249 vel
608 4195 660 4249 in
692 4206 1068 4250 ornamentum
1108 4202 1295 4247 contra
1333 4191 1521 4246 rudem
1552 4192 1955 4261 impolitmnque
1984 4207 2078 4247 ex-

490 4267 706 4321 terioris
751 4265 1175 4321 conversationis
1220 4272 1565 4331 apparatum,
1615 4264 1697 4316 vel
1746 4262 1976 4329 denique
2023 4268 2078 4318 in

488 4338 768 4391 munimen
794 4347 980 4391 cantra
1009 4350 1381 4405 quoscumque,
1405 4334 1599 4388 hiemis
1630 4334 1713 4388 vel
1742 4335 1961 4388 alterius
1987 4334 2083 4387 ad-

489 4410 1026 4474 versantempesmtis
1077 4404 1303 4476 rigores.
1358 4404 1565 4472 Quibus
1610 4405 1749 4459 forte
1780 4407 2079 4460 rationibus

491 4479 756 4533 adductus
802 4479 1113 4546 Apostolus,
1148 4492 1203 4540 v,
1254 4478 1339 4538 15.
1382 4480 1574 4531 merito
1602 4477 1854 4545 scripsit:
1887 4476 2078 4531 Mulier

2187 3263 2534 3333 assumptitii.
2567 3264 2637 3320 Ut
2666 3267 2916 3322 videlicet
2945 3268 3195 3323 mulieres
3223 3270 3493 3324 discerent
3515 3268 3723 3323 studioet

2187 3346 2303 3388 arte
2333 3349 2391 3389 ea
2412 3337 2809 3411 tegendaesse,
2832 3356 2949 3407 quae
2972 3352 3159 3394 natura
3187 3350 3374 3411 tegere
3399 3341 3577 3407 voluit,
3598 3349 3724 3411 atque

2186 3418 2252 3459 eo
2278 3417 2554 3474 assumpto
2584 3408 2847 3464 velamine
2879 3413 2931 3465 in
2958 3408 3270 3467 memoriam
3296 3422 3604 3467 revocarent
3642 3408 3725 3477 pri-

2187 3490 2331 3553 mam
2376 3477 2653 3553 muliebris
2679 3481 3002 3553 conditionis
3032 3486 3325 3542 rationem.
3356 3495 3572 3553 propter
3598 3496 3725 3550 quam

2187 3546 2318 3619 Eva:
2347 3551 2703 3618 omnibusque
2730 3551 2963 3618 feminis,
2993 3553 3129 3608 Gen.
3158 3570 3236 3618 Ill,
3270 3546 3581 3619 l6,'dic'tum
3616 3546 3724 3606 iuit:

2187 3616 2257 3672 Et
2282 3622 2381 3675 sub
2404 3621 2498 3696 uiri
2522 3616 2768 3696 potestate
2790 3625 2909 3687 eris,
2938 3616 2983 3678 et
3013 3627 3118 3696 ipse
3138 3616 3494 3680 dominabitur
3519 3627 3606 3679 tui.
3625 3624 3727 3691 Quae

2186 3703 2319 3766 sane
2359 3692 2531 3766 verba
2564 3708 2668 3748 non
2704 3695 2770 3747 ad
2809 3695 2978 3750 solam
3016 3692 3306 3750 dilectionis
3342 3698 3725 3766 subjectinnetu,

2184 3761 2281 3815 sed
2309 3763 2375 3834 ad
2405 3778 2588 3819 earum
2617 3766 2976 3822 conditiooem
3010 3766 3289 3822 referenda
3319 3761 3469 3834 esse,
3503 3770 3631 3822 inter
3653 3780 3727 3819 ca-

2187 3842 2333 3908 teros
2362 3833 2645 3908 PP._unus
2680 3837 2863 3892 docuit
2889 3841 2960 3908 (f)
2994 3840 3322 3908 Augustinus
3354 3833 3459 3893 lib.
3481 3856 3534 3895 xt
3562 3839 3623 3893 de
3650 3836 3725 3908 Go-

2186 3906 2303 3978 nesi
2353 3906 2430 3978 ad,
2476 3906 2609 3975 Lit.,
2664 3906 2928 3978 quatenus
2972 3911 3055 3964 vir
3082 3906 3243 3965 etiam
3292 3911 3510 3966 mulieri
3566 3907 3721 3964 nolenti

2186 3974 2378 4051 debeat
2404 3974 2692 4051 dominari,
2714 3991 2768 4032 ut
2794 3982 2894 4034 nisi
2922 3980 3018 4034 hoc
3037 3982 3317 4035 dominium
3336 3992 3569 4037 servetur
3585 3984 3726 4051 depro-

2185 4046 2383 4120 vabitur
2409 4050 2630 4120 amplius
2660 4046 2844 4105 natura
2873 4063 2917 4106 el
2939 4054 3209 4120 augebitur
3228 4053 3404 4120 culpa.

2256 4118 2371 4193 Non
2404 4118 2535 4193 ergo
2581 4125 2835 4176 miremur
2888 4124 2933 4177 si
2979 4118 3117 4177 idem
3176 4118 3478 4193 Apostolus
3525 4126 3730 4179 velamen

2185 4190 2447 4247 muliebre
2475 4192 2540 4246 ad
2572 4194 2960 4262 sttbjectionem
2993 4190 3262 4261 tamquam
3294 4197 3359 4249 ad
3411 4213 3596 4252 verum
3626 4194 3732 4248 releo

2185 4275 2310 4315 reus
2340 4262 2524 4330 linem,
2558 4265 2688 4337 illud
2718 4266 2933 4333 deinde,
2972 4281 3025 4330 v,
3077 4266 3142 4321 10
3171 4266 3411 4335 ejusdem
3442 4284 3586 4337 cap.,
3620 4276 3734 4337 ρατι-

2183 4340 2367 4409 etatem
2394 4336 2650 4402 appellat,
2682 4337 2895 4391 dicens:
2934 4337 3059 4390 Ideo
3092 4338 3235 4391 debet
3260 4339 3445 4393 mulier
3472 4336 3734 4409 potestatem

2184 4405 2369 4477 habere
2395 4422 2553 4476 supra
2584 4418 2756 4477 caput.
2791 4409 3064 4475 Quatenus
3103 4409 3350 4464 videlicet
3377 4405 3643 4465 muliebre
3661 4421 3737 4461 ve-

2184 4474 2359 4551 lamen
2386 4474 2595 4551 signum
2624 4474 2976 4551 s'itipotestatis
3006 4490 3053 4533 et
3074 4480 3399 4551 subjectionis
3422 4482 3679 4539 indicium,
3697 4486 3738 4551 ul

492 4563 612 4601 vero
642 4552 686 4601 si
715 4545 913 4622 contam
950 4551 1145 4622 nutriat
1186 4547 1349 4617 gloria
1381 4557 1461 4622 est
1489 4547 1567 4622 illi
1584 4592 1606 4622 ,Α
1635 4548 1874 4616 quoniam
1896 4548 2074 4622 capilli
2102 4557 2157 4617 ι)
2182 4545 2325 4622 forte
2350 4545 2548 4622 clarius
2578 4564 2641 4603 ex
2690 4550 2998 4622 Grtecorum
3047 4545 3322 4606 codicibus
3351 4555 3642 4622 colligitur,
3669 4549 3738 4618 qui

533 4634 591 4672 ro
637 4621 885 4674 velamine
931 4622 976 4673 ei
1021 4620 1127 4671 dati
1169 4629 1309 4671 sunt.
1363 4619 1526 4684 Quasi
1592 4619 1842 4673 inoueret
1884 4620 2078 4689 (notat

545 4704 754 4744 rasntus
779 4689 905 4761 )r(c)
933 4689 1230 4744 mulieribus
1260 4690 1406 4743 datos
1437 4706 1544 4745 esse
1578 4689 1886 4757 prolixiores
1917 4691 2080 4761 capil-

494 4761 573 4815 los
593 4763 715 4832 quia
742 4760 991 4815 uelamine
1017 4761 1263 4831 indigent.
1304 4761 1470 4828 Quam
1500 4776 1660 4830 porro
1690 4760 2082 4816 veritatemve-

490 4839 639 4888 teres
669 4837 958 4900 scriptores
986 4834 1124 4902 apud
1154 4834 1545 4887 atobeumcum
1562 4832 2075 4899 animadverterent,

489 4904 756 4959 muliebre
784 4906 1095 4974 capillitium
1126 4913 1473 4976 tegumentum
1496 4904 1571 4976 Aab
1593 4905 1706 4973 ipsa
1744 4914 1931 4956 natura
1957 4904 2080 4957 sub-

490 4976 833 5029 ministratum
879 4974 1213 5043 appellarunt
1257 4974 1355 5045 (tl).
1391 4975 1455 5028 Et
1480 4974 1731 5030 Clemens
1760 4976 2079 5030 Alexandri-

488 5061 614 5113 nus,
646 5049 713 5101 de
742 5047 983 5102 mulieris
1014 5046 1228 5115 Opilicio
1260 5046 1523 5111 scribens,
1554 5048 1723 5100 dixit:
1758 5046 1894 5099 Deus
1922 5048 2077 5117 femi-

486 5133 611 5170 nam
633 5119 754 5182 fecit
780 5121 949 5172 nativa
984 5135 1148 5182 coma,
1184 5129 1239 5172 ut
1268 5133 1424 5187 equus
1453 5119 1597 5183 iuba,
1629 5118 1955 5188 gloriantem.

563 5188 669 5245 Sed
699 5189 944 5259 Apostoli
981 5190 1230 5258 loquendi
1262 5190 1452 5242 modus
1482 5198 1537 5243 et
1567 5191 1703 5259 ipsa,
1741 5190 1934 5259 quibus
1974 5188 2081 5244 uli-

487 5269 576 5316 tur
612 5263 869 5316 vocabula
915 5263 1059 5326 mire
1090 5262 1320 5315 assertui
1363 5269 1547 5315 nostro
1589 5259 1755 5315 robur
1795 5260 2076 5330 adjiciunt.

484 5330 619 5389 Nam
672 5332 868 5387 Paulus
921 5332 1181 5401 imprimis
1212 5348 1316 5387 non
1350 5330 1589 5401 proprie,
1641 5330 1735 5385 sed
1785 5331 2078 5401 improprie

486 5404 765 5458 dumtaxat
790 5404 1015 5472 capillos
1050 5405 1297 5458 velamen
1327 5404 1579 5469 appellat,
1607 5402 1849 5457 scribens
1889 5420 1901 5456 :
1936 5404 2080 5468 Quo-

425 5528 434 5543 ,
485 5476 630 5531 niam
650 5474 830 5545 capilli
859 5491 953 5545 pro
984 5476 1229 5528 velamine
1249 5475 1296 5528 ei
1325 5472 1435 5528 dati
1481 5484 1623 5528 sunt.
1666 5473 1879 5531 Etenim
1915 5475 1961 5530 si
1987 5489 2077 5532 ca-

580 5613 635 5683 a)
667 5614 837 5680 Epist.
870 5611 935 5667 ad
965 5612 1207 5667 Corinth.
1238 5627 1359 5681 cap.
1384 5629 1461 5683 χι,
1494 5613 1549 5669 5.

584 5684 637 5754 b)
658 5685 839 5754 Epist.
865 5685 931 5739 ad
964 5684 1223 5753 Ephesios
1252 5699 1370 5753 cap.
1398 5700 1449 5738 v.

587 5754 634 5823 ο)
672 5756 913 5827 innatis
930 5755 994 5806 ad
1022 5754 1160 5809 hanc
1188 5754 1387 5827 Epist.,
1418 5764 1547 5811 tom.
1578 5754 1691 5811 νη.

588 5828 646 5891 d)
673 5825 789 5881 Lib.
820 5840 856 5879 ιι
882 5825 1143 5881 Stromat.

2184 4618 2440 4694 gxltibent
2478 4620 2882 4694 e'Eooaiaui'xetv
2920 4623 3005 4678 ἐπὶ
3040 4631 3131 4682 τῆς
3177 4624 3389 4693 κεφαλῆς
3417 4666 3435 4691 ,
3488 4618 3677 4694 quibus
3701 4626 3741 4673 ﬂ

2184 4689 2555 4758 Hebraeorum,
2589 4703 2644 4745 et
2670 4689 3041 4748 Chaldaeorum
3072 4689 3382 4747 voces'rada
3413 4689 3463 4749 et
3494 4689 3642 4749 r-adat
3667 4707 3741 4757 ap-

2183 4761 2355 4830 prime
2378 4763 2724 4831 respondent,
2751 4779 2978 4834 quaeque
3011 4764 3080 4819 de
3114 4765 3409 4821 obedientic
3451 4768 3563 4821 velo
3604 4767 3740 4820 inter-

2182 4834 2380 4903 pretari
2407 4836 2601 4889 solent.

2256 4903 2355 4957 Vix
2379 4919 2507 4975 ergo
2534 4907 2806 4976 ambigere
2837 4921 3119 4976 possumus
3148 4908 3273 4977 quin
3300 4908 3548 4963 velamen
3573 4906 3743 4963 ibidem

2182 4976 2251 5029 ab
2277 4976 2538 5050 Apostolo
2561 4988 2827 5047 tamquam
2852 4981 3186 5045 reverentiae,
3217 4980 3438 5048 pudoris
3480 4992 3536 5033 et
3565 4977 3743 5050 pudici-

2188 5050 2274 5101 tia:
2308 5048 2514 5118 insigne
2546 5051 2938 5119 praseriptum,
2971 5052 3218 5105 omnibus
3259 5048 3581 5106 mulieribus
3624 5064 3745 5105 com-

2186 5134 2347 5173 mune
2373 5134 2493 5173 esse
2523 5119 2764 5175 deberet.
2811 5121 2877 5175 Ut
2925 5130 3201 5189 propterea
3248 5132 3429 5188 nuptae
3462 5139 3530 5177 eo
3558 5129 3746 5176 utentes

2184 5192 2407 5244 uirorum
2449 5193 2615 5262 gloria
2662 5195 2785 5263 sint,
2819 5203 2868 5246 et
2923 5194 3142 5263 uirgines
3189 5195 3305 5247 sibi.
3345 5192 3549 5248 Contra
3574 5204 3747 5263 veros

2187 5264 2584 5331 assumplitium
2614 5262 2856 5317 velamen
2884 5262 3189 5333 rejicerent,
3223 5274 3269 5317 et
3290 5267 3520 5331 proprio,
3555 5274 3605 5318 et
3624 5262 3747 5317 Clui~

2186 5335 2369 5387 stiarta:
2408 5334 2736 5405 professionis
2778 5335 2948 5388 decori
2993 5339 3347 5389 mentirentur.
3386 5337 3542 5403 Quod
3570 5342 3611 5389 si
3641 5343 3747 5385 verC

2185 5405 2449 5459 curiosius
2491 5407 2886 5475 inquireremus
2915 5407 3126 5476 qualem
3178 5408 3425 5468 formam.
3482 5418 3748 5476 quantam-

2188 5491 2293 5547 que
2324 5478 2693 5533 extensioncm
2727 5477 2968 5533 velamen
2999 5478 3127 5533 illud
3156 5477 3355 5534 habere
3384 5479 3599 5544 debeat,
3634 5476 3679 5529 id
3700 5488 3747 5527 es

2259 5614 2336 5685 (e)
2367 5614 2809 5687 Chrysostomus,
2862 5615 3299 5687 TbeOphylactus
3340 5624 3393 5670 ct
3439 5616 3622 5671 caeteri
3665 5611 3749 5666 ΓΡ,

2176 5686 2230 5741 in
2267 5687 2378 5742 lad
2405 5686 2649 5742 Corinth.
2680 5703 2800 5757 cap.
2830 5703 2908 5754 xi,
2935 5689 3001 5742 15
3040 5686 3101 5741 et
3124 5702 3273 5757 seqq.

2246 5757 2316 5830 (f)
2348 5759 2576 5830 August.
2604 5759 2699 5817 lib.
2736 5775 2773 5816 ιι
2800 5760 2868 5816 de
2891 5760 3088 5817 Genes.
3121 5758 3188 5815 ad
3210 5758 3316 5815 Lit.
