3968 6310
235 346 326 410 985
1072 349 1416 407 APPENDIX
1456 348 1550 405 AD
1589 344 2124 404 MANICIIEORUM
2164 345 2554 403 HISTORIAM.

3361 346 3469 405 986

230 463 530 521 Tertulliano
564 464 863 520 audiamus.
907 465 1165 532 Quantum
1212 466 1331 536 (ait)
1374 465 1587 519 resoluti
1623 464 1783 516 crines
1813 467 1864 524 Α
1897 461 2051 536 tium,
2088 460 2390 536 Virgilium,
2437 462 2696 533 aliosque,
2736 463 2928 534 quibus
2966 464 3307 521 subscribens
3338 464 3468 522 Ovi-

231 552 454 605 occttpare
476 546 687 603 possunt
718 547 857 589 tanta
882 547 955 591 est
983 538 1248 592 velaminis
1278 538 1440 608 regio,
1470 547 1524 587 ut
1563 537 1777 608 cervices

228 624 399 676 quoque
417 608 727 664 ambiantur.
759 608 897 677 Ipsa:
924 611 1059 662 enim
1086 606 1351 679 (cervices
1382 606 1653 675 nimirum)
1678 623 1778 675 qua

227 680 454 751 subjectae
476 696 583 732 esse
605 690 818 751 oportet,
842 694 1046 751 propter
1062 698 1189 749 quas
1213 688 1433 751 potestas
1452 695 1606 742 supra
1625 686 1780 751 caput

228 750 381 824 Itaberi
419 751 580 824 debet.
631 748 867 824 Velamen
900 748 1086 824 jugum
1128 751 1286 824 203
1332 749 1547 824 illarum
1574 748 1779 824 _est_t(a_).

224 821 341 876 Cum
368 822 523 891 igitur
544 821 641 875 ista
666 822 735 875 sit
763 820 1083 891 assumptitii
1103 820 1378 876 vaatiiittis
1402 821 1509 883 lex,
1536 820 1620 873 hic
1638 820 1778 885 linis,

224 891 301 946 hic
326 893 527 955 modus,
582 893 801 955 minime
846 896 1173 947 censendum
1222 905 1304 948 est
1348 891 1778 946 Christianorum

223 962 428 1018 feminas
458 964 525 1017 ab
558 965 640 1017 his
666 964 915 1019 omnibus
943 965 1258 1029 abhorrere,
1310 962 1519 1018 etiamsi
1548 962 1647 1015 sibi
1693 977 1781 1015 ca—

224 1035 362 1101 pillos
383 1034 674 1101 toudeant;
706 1036 998 1090 dummodo
1018 1046 1193 1090 tamen
1228 1037 1279 1089 in
1310 1049 1465 1088 coma
1491 1034 1781 1100 tondenda,

220 1107 442 1175 vanitati,
474 1106 699 1161 luxuriat
722 1118 776 1162 et
797 1105 1116 1162 immodesto
1144 1106 1356 1161 ornatui
1404 1106 1582 1175 p0tius
1622 1120 1781 1175 quam

219 1174 516 1232 Christiana:
566 1179 922 1232 moderationi
976 1186 1030 1232 et
1060 1177 1343 1231 humilitati
1391 1174 1496 1231 non
1538 1174 1777 1244 pareant,

220 1248 297 1303 vel
318 1248 526 1318 aliquod
558 1264 781 1318 pravum
828 1248 1077 1318 religioni
1100 1260 1152 1304 et
1181 1249 1305 1302 fidei
1337 1262 1638 1316 repugnans
1678 1246 1780 1299 sibi

217 1320 593 1388 assequendnm
621 1336 726 1375 non
775 1328 1039 1383 statuant;
1079 1319 1527 1386 quemadmodum
1569 1318 1781 1371 femina:

218 1389 313 1461 illa:
336 1391 400 1444 de
422 1391 611 1460 quibus
640 1392 693 1445 in
721 1391 1122 1461 Gangrensihus
1147 1391 1443 1445 canonibns
1469 1400 1643 1443 actum
1673 1398 1775 1461 est.

217 1459 319 1516 Nos
344 1459 553 1515 interim
583 1459 1116 1517 laudatos’canones
1145 1463 1196 1514 in
1236 1462 1396 1531 priori
1442 1461 1599 1529 hujus
1653 1459 1779 1512 anni

215 1531 581 1587 dissertatione
604 1534 671 1586 ab
696 1548 800 1587 uno
827 1533 895 1587 cl.
924 1542 978 1587 et
1019 1533 1329 1587 doctissimo
1378 1532 1537 1599 hujus
1583 1542 1780 1584 nostrae

216 1603 507 1657 Academiae
549 1603 797 1673 theologo
826 1604 891 1657 ad
936 1618 1160 1658 examen
1200 1605 1311 1673 jam
1360 1613 1638 1658 revocatos
1671 1616 1775 1655 non

214 1673 534 1741 subjicitnus.
558 1672 863 1730 Praesertim
895 1690 1016 1729 cum
1048 1676 1096 1728 id
1134 1672 1388 1744 temporis
1423 1674 1561 1727 ratio
1607 1682 1660 1727 et
1682 1687 1779 1726 no-

217 1743 322 1815 stri
340 1744 591 1813 propositi
622 1746 921 1799 institutum
945 1761 1049 1798 non
1084 1750 1348 1813 patiantur
1370 1744 1464 1815 (b).

282 1812 574 1869 Nunc’vero
606 1816 712 1871 duo
752 1818 849 1870 alia
899 1827 1330 1885 argumentorum
1368 1812 1564 1883 genera
1594 1812 1775 1880 profe-

216 1899 347 1953 ram,
372 1887 559 1954 quibus
586 1896 787 1953 aperte,
820 1901 882 1939 ac
926 1887 1036 1954 ipsa
1076 1887 1192 1940 luce
1232 1888 1428 1939 clarius
1471 1886 1780 1951 Constabit,

211 1956 344 2009 nulla
372 1957 508 2022 lege,
541 1957 652 2009 sive
676 1958 872 2023 divina,
904 1958 1014 2010 sive
1044 1957 1426 2020 ecclesiastica,
1461 1967 1551 2009 aut
1584 1958 1778 2010 huma-

206 2039 293 2088 na,
323 2025 527 2079 feminis
555 2041 763 2080 comam
797 2027 1017 2082 tondere
1056 2028 1218 2082 fuisse
1260 2029 1501 2082 vetitum.
1536 2027 1774 2083 Primum

208 2109 271 2170 ex
316 2096 490 2170 verbis
517 2096 931 2170 Denteronomii
987 2099 1193 2153 desumi
1226 2110 1420 2167 potest.
1468 2098 1543 2153 lbi
1583 2101 1780 2170 quippe

204 2163 338 2235 Deus
373 2165 579 2222 lsraelis
621 2168 742 2223 filiis
782 2170 1046 2235 captivam
1077 2163 1356 2225 mulierem
1406 2172 1457 2224 in
1506 2163 1782 2225 mairinto-

202 2234 345 2310 nium
373 2236 567 2293 ducere
609 2234 946 2308 cupientibus
981 2242 1235 2310 praecepit
1271 2257 1337 2296 ne
1383 2242 1652 2309 sponsalia
1688 2250 1781 2297 aut

202 2308 411 2377 nuptias
441 2310 804 2375 celebrarent,
839 2313 941 2365 nisi
967 2308 1113 2381 prius
1135 2308 1360 2379 captiva:
1390 2308 1779 2379 desponsandae

199 2381 728 2452 cortta‘tottderetur,
774 2392 989 2452 totaque
1026 2384 1167 2437 illius
1210 2384 1459 2438 C(BSaries
1498 2384 1781 2439 abradere-

196 2457 307 2503 tur.
328 2448 387 2505 Si
411 2469 644 2521 egressus
673 2448 977 2523 [ueritufet
1009 2456 1196 2508 uideris
1228 2459 1278 2507 in
1308 2470 1518 2507 numero
1547 2456 1773 2524 captivo-

198 2536 311 2574 rum
336 2524 595 2577 mulierem
623 2524 909 2592 pulchram,
941 2536 987 2580 et
1008 2528 1327 2579 adamaveris
1356 2542 1494 2589 eam,
1532 2526 1778 2580 volueris-

197 2607 296 2661 que
342 2593 522 2647 habere
551 2612 779 2661 uxorem,
809 2598 1096 2651 introduces
1134 2614 1245 2650 eam
1284 2599 1335 2649 in
1376 2597 1585 2650 domum
1611 2609 1772 2665 tuam,

194 2666 479 2740 quw_radet
507 2668 785 2740 ctesariem,
813 2677 861 2721 et
889 2669 1210 2721 circumcidet
1239 2684 1427 2738 ungues
1456 2668 1548 2740 (c).
1584 2668 1660 2722 En
1679 2668 1778 2737 igi-

195 2745 285 2789 tur
310 2735 517 2791 Domini
541 2739 848 2792 mandatum
882 2740 947 2794 de
972 2740 1275 2802 tondenda,
1308 2735 1473 2792 immo
1498 2735 1552 2793 et
1581 2740 1649 2793 de
1678 2735 1776 2794 ab-

192 2804 427 2860 radenda
463 2816 571 2862 tota
604 2810 851 2864 muliebri
896 2825 1071 2864 coma.
1114 2810 1279 2879 Cujus
1319 2812 1488 2864 divini
1524 2813 1775 2879 praecepti

192 2891 383 2933 causas
439 2880 482 2933 si
526 2894 624 2935 nos
672 2879 861 2935 sedulo
892 2882 1397 2941 animadvertamus,
1432 2882 1776 2949 singulasque

190 2962 595 3019 persequamur,
629 2952 812 3021 plures
842 2954 1058 3021 quidem
1090 2952 1256 3006 fuisse
1290 2952 1694 3005 aflirmabimus.
1719 2952 1775 3007 ω

187 3033 323 3075 sane
353 3021 770 3091 planissimeque
797 3034 987 3078 norunt
1012 3023 1106 3093 qui
1138 3034 1377 3078 veterum
1424 3022 1773 3091 philosopho-

186 3104 312 3145 rum
339 3094 536 3163 scripta
576 3095 889 3149 lustrarunt.
919 3094 999 3148 Ex
1039 3094 1231 3161 quibus
1269 3095 1527 3149 docemur
1558 3095 1775 3150 servilis

183 3163 515 3219 conditionis
534 3174 587 3220 et
609 3166 929 3235 captivitatis
950 3166 1202 3219 indicium
1225 3166 1541 3232 capillorum
1573 3166 1773 3220 tonsio-

1811 1857 1860 1917 B

1890 534 2011 588 dtus
2035 534 2103 586 ita
2133 534 2326 586 cecinit
2359 551 2371 586 :

1946 647 2115 714 Turpe
2142 660 2292 714 pecus
2318 647 2559 714 mutilum,
2583 652 2739 709 turpis
2756 652 2867 714 sine
2885 652 3101 709 gramine
3124 664 3324 714 campus

2082 711 2226 759 tsine
2253 710 2424 758 fronde
2444 710 2628 771 frutex,
2654 720 2705 759 et
2730 712 2833 760 siue
2853 714 2987 761 crine
3009 724 3163 776 caput.

1882 816 1993 873 Has
2047 817 2413 887 praecedentes
2456 817 2695 870 rationes
2736 825 2920 879 quarta
2962 818 3187 885 excipit,
3238 833 3358 885 qua:
3403 836 3469 877 ex

1923 888 2199 944 mnitentia
2227 889 2396 950 luctu,
2434 899 2591 957 atque
2615 887 2778 959 204
2797 904 3025 942 maerore
3055 892 3335 958 desumpta
3362 902 3465 946 est.

1923 904 2199 944 mouentia
2229 904 2396 950 luctu,
2434 904 2591 957 atque
2615 904 3025 959 zuatttoerore
3055 904 3335 958 desumpta
3362 904 3463 946 est.

1884 904 2236 1015 Rotissimum
2268 962 2465 1029 quippe
2491 967 2740 1012 omnibus
2764 974 2882 1012 esse
2904 960 3084 1023 debet,
3116 965 3463 1018 εοιιευενῑμεθ

1884 1029 2099 1086 Judaeos
2140 1043 2299 1101 atque
2340 1031 2567 1099 gentiles
2611 1036 2660 1083 in
2694 1030 2835 1083 luctu
2878 1032 3226 1099 maximisque
3270 1034 3471 1086 funeri-

1887 1102 1988 1156 bus
2032 1102 2134 1155 sibi
2157 1118 2340 1156 comas
2372 1103 2617 1155 tondere.
2652 1102 2851 1155 Pra-ter
2883 1102 3008 1155 illud
3048 1104 3190 1155 enim
3221 1106 3359 1169 quod
3383 1104 3470 1157 .le-

1886 1173 2070 1227 remiae
2093 1188 2164 1227 vn
2187 1174 2408 1241 legimus
2434 1189 2447 1226 :
2473 1172 2652 1226 Tonde
2673 1172 2936 1243 capillum.
2963 1185 3007 1226 et
3030 1174 3242 1243 projice,
3267 1183 3313 1227 et
3335 1192 3473 1228 sume

1884 1244 2133 1297 directunt
2164 1246 2456 1313 planctum,
2484 1245 2533 1297 id
2574 1244 2726 1297 nobis
2760 1255 3009 1297 testatum
3050 1255 3133 1297 est
3162 1259 3225 1297 ex
3256 1244 3373 1297 Jobi
3404 1248 3472 1314 (ί)

1883 1316 2181 1369 θιΜίοὴθτε
2235 1316 2437 1369 verbis.
2474 1315 2549 1369 De
2591 1318 2778 1370 eodem
2832 1318 2935 1370 ritu
2982 1317 3182 1379 pariter
3208 1316 3473 1370 dis~erue-

1883 1398 2009 1440 runt
2048 1386 2368 1451 Herodotus,
2408 1386 2630 1453 Statius,
2666 1386 2938 1456 Virgilius,
2977 1386 3203 1449 Seneca,
3244 1401 3470 1455 quormn

1886 1456 2191 1511 testimonia
2243 1457 2296 1511 in
2334 1457 2565 1511 medium
2606 1457 2872 1513 adducere
2912 1473 3032 1512 cum
3069 1472 3204 1526 Opus
3245 1473 3348 1511 non
3381 1456 3471 1524 sit,

1881 1529 2170 1593 scriptores
2202 1528 2444 1582 laudasse
2466 1528 2714 1583 sufficiat.

1954 1598 2208 1653 Ultimatn
2240 1600 2450 1653 tandem
2485 1603 2745 1655 rationem
2778 1599 2932 1654 nobis
2964 1614 3029 1653 ex
3055 1600 3325 1653 veteribus
3349 1598 3472 1655 Cle-

1883 1685 2040 1725 mens
2084 1670 2485 1725 Alexandrinus
2531 1672 2861 1737 suppeditat,
2896 1672 2985 1741 qui
3018 1674 3250 1725 asseruit
3279 1672 3470 1740 Deum,

1883 1741 1937 1795 in
1982 1744 2375 1796 lieuteronomii
2424 1744 2541 1796 loco
2587 1742 2834 1811 SUperius
2884 1742 3143 1811 laudato,
3195 1744 3472 1802 mulierem

1888 1816 2152 1883 captivam
2186 1814 2527 1867 matrimonio
2555 1814 2851 1867 ducendam
2894 1814 3102 1866 tonderi
3130 1815 3375 1882 Ῑυεςίεμε,
3406 1815 3471 1872 ad

1888 1885 2241 1939 coercendam
2276 1885 2729 1952 ntinuvudatuque
2760 1886 2857 1939 viri
2887 1885 3130 1953 conjugis
3172 1886 3471 1950 libidinem,

1886 1954 2008 2025 quia
2040 1956 2291 2009 videlicet
2323 1958 2507 2010 uxoris
2544 1958 2716 2023 capite
2754 1956 3058 2023 deturpato,
3092 1957 3471 2024 concupiscen-

1887 2026 1978 2081 tia:
2026 2028 2257 2081 carnalis
2305 2030 2467 2080 ardor
2526 2027 2731 2082 facilius
2790 2028 3128 2082 defervescit.
3187 2029 3471 2094 Propterea

1887 2098 2118 2165 subjecit
2146 2118 2159 2151 :
2202 2097 2263 2152 Si
2292 2100 2425 2150 enim
2464 2100 2507 2152 ei
2535 2109 2701 2153 manet
2733 2100 2865 2152 ratio
2892 2100 2911 2167 (
2936 2100 3165 2165 l0qnitttr
3188 2098 3256 2153 de
3285 2100 3471 2154 Judieo

1885 2170 2147 2235 captivam
2178 2168 2450 2239 ducente)
2491 2182 2543 2223 ut
2588 2188 2697 2224 eam
2735 2186 2946 2223 uxorem
2986 2173 3177 2236 ducat,
3218 2187 3328 2223 cam
3355 2172 3472 2223 reti-

1885 2240 2041 2313 nebit,
2074 2241 2272 2295 etiamsi
2322 2243 2485 2313 turpis
2515 2242 2723 2295 evaserit
2762 2240 2858 2313 (g).
2890 2241 3039 2307 Quod
3073 2251 3249 2313 autem
3283 2243 3473 2297 mulier

1885 2312 2196 2379 capillorum
2240 2312 2485 2367 tonsione
2523 2327 2581 2367 se
2609 2312 2795 2367 minus
2819 2324 2993 2381 aptam
3027 2312 3224 2367 efficiat
3254 2313 3320 2366 ad
3348 2328 3472 2367 car-

1886 2381 1971 2454 nis
1998 2383 2277 2437 illecebras
2304 2384 2635 2447 excitandas,
2659 2400 2727 2439 ex
2756 2401 2822 2440 eo
2847 2394 3055 2439 constat
3082 2384 3221 2454 quod
3249 2386 3472 2453 capillos

1884 2452 2133 2507 videlicet
2180 2455 2230 2506 in
2279 2470 2343 2509 ea
2392 2457 2634 2521 corporis
2688 2466 2839 2525 parte
2884 2467 3070 2509 natura
3102 2452 3472 2515 Vcoliocaverit

1886 2526 2273 2597 qumapertius
2319 2528 2637 2593 ostenditur,
2682 2543 2905 2597 quaeque
2936 2544 2965 2579 a
2995 2527 3307 2581 mulieribus
3352 2527 3475 2581 dili-

1883 2596 2092 2663 gentius
2138 2598 2497 2665 componitur.
2543 2598 2747 2652 Idcirco
2786 2614 2852 2653 eo
2881 2600 3109 2651 naturali
3154 2606 3472 2652 ornamento

1882 2666 2144 2732 abscisso,
2177 2684 2283 2737 quo
2314 2670 2480 2737 magis
2523 2672 2800 2739 magisque
2843 2672 3055 2738 placere
3103 2684 3165 2722 ac
3211 2670 3473 2725 nitescere

1882 2738 2131 2809 student,
2159 2739 2267 2807 jam
2303 2738 2629 2806 humilitati,
2655 2740 3015 2809 poenitentiae,
3048 2740 3279 2792 castitati
3306 2753 3472 2793 cmic-

1883 2808 2067 2877 risque
2097 2811 2383 2863 virtutibus
2407 2826 2627 2878 cperam
2660 2808 2788 2864 dare
2814 2822 3149 2873 assuescant,
3182 2811 3473 2865 dummodo

1882 2887 2063 2949 tamen
2107 2879 2428 2933 artefactum
2462 2882 2705 2935 velamen
2747 2897 2853 2935 non
2882 2882 3152 2949 abjiciant.
3190 2881 3295 2935 Sed
3329 2882 3491 2936 lusce'

1882 2948 1951 3021 de
2000 2952 2181 3005 causis
2228 2951 2486 3007 mulieres
2527 2964 2705 3021 gratas
2751 2966 2871 3006 esse
2916 2948 3057 3018 Deo,
3091 2967 3188 3005 nec
3232 2954 3472 3008 divinum

1882 3020 2126 3092 aliquod,
2172 3030 2266 3074 aut
2296 3020 2651 3090 apostolicum
2679 3024 2880 3077 violare
2908 3034 3260 3092 praeceptum,
3292 3034 3473 3078 nostra

1881 3088 1989 3145 hac
2013 3093 2128 3146 rudi
2161 3088 2403 3147 oratio—ne
2440 3094 2698 3149 hactenus
2728 3088 3233 3149 demonstravi—mus.
3267 3093 3471 3162 Super-

1880 3171 1964 3217 est
1988 3164 2146 3217 modo
2169 3164 2394 3218 alterum
2420 3164 2715 3233 argumenti
2745 3180 2935 3235 genus,
2963 3180 3070 3235 quo
3101 3167 3263 3221 dubio
3294 3165 3472 3233 procul

184 3237 676 3307 nemquandoque
717 3238 915 3303 fuiSse,
965 3248 1021 3290 ut
1066 3252 1132 3291 ex
1183 3238 1347 3291 variis
1379 3237 1851 3304 Scripturarumc
1885 3235 2233 3303 probabimus
2294 3236 2551 3291 mulieres
2602 3236 2776 3291 adhuc
2828 3236 2936 3291 Deo
2997 3238 3259 3305 gratiores
3310 3236 3471 3291 fuisse

187 3305 425 3359 textibus
453 3305 612 3362 etiam
640 3307 965 3377 colligimus.
996 3308 1164 3373 Quem
1198 3311 1359 3362 ritum
1383 3310 1609 3378 gentiles
1658 3323 1777 3362 set-

181 3390 365 3440 vasse,
406 3379 593 3446 probat
639 3378 1057 3449 Aristophanes,
1094 3380 1182 3449 qui
1232 3379 1585 3434 admiratione
1627 3382 1780 3448 quasi

78 3448 93 3461 '
182 3460 377 3515 captus
404 3452 613 3504 cuidam
650 3448 1055 3504 servo’comam
1120 3452 1376 3504 uulrienti
1425 3450 1553 3504 olim
1602 3452 1773 3505 dixit:

176 3516 381 3575 Seruus
409 3537 522 3573 cum
551 3522 620 3574 sis
647 3537 845 3574 comam
877 3521 1421 3590 nutris?Capil|orum
1447 3522 1573 3575 item
1600 3524 1777 3577 tonsio

178 3591 481 3662 multorum
537 3593 651 3647 sive
670 3594 973 3662 graviorum
1003 3593 1287 3647 criminum
1321 3608 1473 3662 paena
1506 3594 1618 3654 fuit,
1649 3596 1780 3648 scri-

174 3660 349 3733 bente
393 3664 553 3718 etiam
581 3660 866 3732 Apostolo,
898 3680 950 3719 ν.
984 3665 1017 3718 6
1052 3666 1249 3718 laudati
1285 3660 1403 3733 cap.
1433 3680 1447 3717 :
1480 3664 1540 3719 Si
1569 3682 1669 3719 non
1696 3681 1780 3719 ue-

173 3732 325 3805 latur
353 3736 555 3798 mulier,
585 3736 876 3801 tondeatur,
913 3736 1062 3804 quasi
1104 3745 1164 3790 ut
1205 3738 1258 3789 in
1307 3732 1520 3805 poenam
1567 3738 1779 3791 violata:

171 3804 320 3875 legis
358 3806 426 3859 de
454 3805 716 3875 gestando
745 3808 1009 3860 velamine
1049 3807 1241 3861 mulier
1282 3804 1395 3875 ipsa
1435 3807 1644 3862 tonderi
1684 3808 1779 3862 de-

168 3874 307 3930 beat
332 3885 387 3929 et
420 3874 710 3931 decalvari.
736 3878 841 3933 Sed
871 3886 923 3931 ct
948 3878 1051 3931 alia
1075 3880 1295 3932 crimina
1324 3878 1571 3933 eamdem
1600 3878 1780 3932 decal-

170 3946 421 4001 vationis
452 3963 664 4016 ptenam
691 3948 941 4012 subiisse,
977 3966 1079 4000 non
1116 3961 1321 4002 tantum
1344 3966 1407 4003 ex
1435 3950 1609 4003 variis
1641 3949 1780 4003 Scri-

164 4022 462 4088 pturarum
497 4020 651 4084 locis,
680 4020 773 4074 sed
809 4036 872 4073 ex
902 4020 1149 4073 civilibus
1178 4021 1385 4089 legibus
1419 4020 1560 4088 apud
1590 4020 1777 4088 Ulpia-

163 4104 331 4156 num,
378 4089 776 4156 ,Justinianum,
821 4091 1062 4145 Tacitum
1114 4091 1443 4159 colligimus.
1492 4092 1571 4143 Ad
1617 4105 1776 4159 quem

168 4160 348 4215 ritum
377 4159 693 4216 Juvenalem
724 4162 963 4217 alludere
989 4161 1223 4216 voluisse
1264 4162 1497 4215 arbitror
1532 4162 1693 4215 satira
1722 4160 1776 4230 5,

156 4231 259 4305 qui
286 4232 511 4302 scripsit
537 4234 617 4304 (ά)
644 4249 655 4285 :

777 4347 1153 4396 ....Pulsandum
1181 4350 1371 4397 vertice
1394 4360 1505 4397 raso

302 4410 560 4481 Eraebebit
575 4409 878 4481 quandoque
897 4418 1061 4471 caput,
1085 4423 1179 4460 nec
1195 4410 1315 4459 dura
1335 4411 1527 4460 timebit

298 4471 484 4536 Flagra
508 4471 626 4535 pati.

235 4577 436 4652 Tertia
467 4579 768 4652 veroiltius
790 4578 961 4633 divini
992 4582 1246 4650 praecepti
1285 4582 1424 4636 ratio
1464 4596 1584 4637 esse
1610 4583 1781 4652 potuit

150 4649 448 4706 naturalis
476 4651 890 4719 pulchritudinis
939 4649 1264 4721 deturpatio.
1314 4653 1390 4709 De
1430 4654 1530 4707 hac
1577 4649 1777 4718 pariter

145 4722 477 4790 Apustulus
508 4722 697 4776 eodem
727 4723 918 4789 capitis
949 4738 1103 4777 versu
1138 4726 1349 4778 locutus
1380 4736 1481 4779 est.
1526 4724 1586 4780 Si
1607 4736 1777 4779 autem

144 4802 322 4861 turpe
366 4802 446 4867 est
477 4794 677 4867 mulieri
705 4795 947 4857 tondere,
996 4803 1083 4847 aut
1135 4796 1411 4861 decalt'ari,
1451 4800 1576 4850 velet
1624 4808 1776 4867 caput

141 4879 346 4918 suum.
382 4864 489 4936 sed
524 4865 589 4936 de
613 4864 712 4917 hac
738 4867 983 4920 muliebri
1016 4868 1345 4933 turpitudine
1397 4870 1659 4936 imprimis
1686 4864 1776 4921 'di-

138 4936 374 4991 senius
407 4934 507 4989 SS.
554 4935 740 4990 Patres
770 4937 1158 4992 disseruerunt.
1212 4942 1357 5006 Quos
1406 4934 1544 4993 nm
1590 4941 1775 4992 Hiero-

138 5021 397 5080 nymtts,
431 5006 769 5080 Ambrosius,
794 5009 1123 5077 Augustinus
1156 5012 1249 5080 (e),
1277 5027 1502 5080 quorum
1531 5011 1774 5064 testimo-

133 5078 267 5132 ntis
292 5077 566 5132 Baromus
597 5078 649 5132 in
696 5079 1074 5148 Martyrologio
1115 5077 1348 5146 insistit,
1399 5084 1464 5136 ad
1516 5084 1658 5137 diem
1706 5084 1776 5138 20

130 5148 549 5225 Septembris,
596 5162 796 5204 sancite
836 5150 1046 5204 Fausta:
1077 5153 1297 5225 virginis
1340 5156 1651 5225 martyrium
1684 5155 1779 5209 dc-

132 5223 446 5274 scribens.
479 5220 609 5274 Eam
632 5237 848 5291 quoque
873 5220 1254 5291 turpitudini-nt
1300 5220 1505 5293 profani
1550 5228 1779 5291 scripto-

127 5304 250 5349 res
274 5304 651 5363 exaggerant,
682 5304 738 5347 ut
768 5295 950 5348 videre
990 5303 1074 5348 est
1113 5298 1251 5364 apud
1287 5297 1609 5366 Apuleium,
1657 5300 1776 5356 Sta-

251 5498 321 5570 t.)
356 5469 867 5570 Tertullianus,_lib.
900 5494 966 5549 de
999 5497 1247 5554 Velandis
1270 5498 1596 5570 Virginibus.

251 5498 321 5566 a)
357 5496 745 5555 Tertullianus,
775 5496 867 5547 lib.
900 5496 966 5549 de
999 5497 1051 5550 Vt

216 5496 288 5640 ἐὺ
356 5564 764 5619 Deuteronomii
797 5579 912 5637 cap.
943 5584 1051 5623 XXI.

221 5567 319 5710 (ci
349 5636 553 5692 Ezech.
605 5650 658 5689 1x
685 5678 699 5702 ,
733 5649 798 5690 ex
828 5636 869 5692 ll
900 5639 1030 5710 Reg.

221 5636 315 5711 (ε)
349 5636 553 5692 Ezech.
605 5650 658 5689 tx
685 5678 699 5702 ,
733 5649 798 5690 ex
828 5636 869 5692 ll
900 5639 1030 5713 lteg.
1060 5655 1180 5713 cap.
1212 5658 1244 5696 χ
1278 5652 1332 5699 et
1364 5644 1537 5713 primo
1568 5644 1771 5703 Parali-

115 5727 279 5783 pom
293 5752 309 5765 .
348 5725 472 5783 cap.
507 5725 582 5765 tx.

214 5780 609 5873 (dllsa-iaajm
648 5793 703 5840 et
728 5801 914 5873 fumi.
967 5784 1283 5873 Ezechzvu.
1316 5787 1512 5873 Jttstin.
1556 5789 1765 5873 Novell.

118 5854 239 5912 65.
281 5854 480 5912 ’l‘acit.
510 5854 577 5912 de
606 5858 844 5916 moribus
869 5857 1441 5929 Gerutan.~.luvettalis,
1472 5864 1633 5918 satira
1665 5864 1717 5920 5.

1808 4625 1862 4686 D

1889 3308 2101 3378 quando
2136 3306 2409 3375 religionis
2439 3308 2830 3378 sevcriorisque
2858 3307 3156 3377 disciplina:
3198 3321 3357 3364 causa
3382 3322 3471 3365 c0-

1888 3390 2029 3429 mam
2061 3377 2162 3431 sibi
2194 3378 2434 3432 tondent.

1957 3446 2051 3502 Sat
2080 3448 2295 3504 celebre
2342 3451 2607 3520 imprimis
2654 3461 2736 3505 est
2768 3450 2895 3505 illud
2943 3450 3150 3504 Domini
3197 3459 3470 3506 vetustum

1884 3520 2215 3583 mandatum,
2249 3536 2376 3593 quo,
2410 3522 2628 3593 Moysen
2676 3522 2729 3576 in
2771 3522 2909 3593 libro
2951 3523 3304 3593 Numerorum
3332 3523 3471 3577 allo-

1884 3604 2074 3659 quens,
2107 3592 2237 3644 dixit
2266 3610 2276 3644 :
2309 3591 2538 3663 Loquere
2560 3594 2627 3646 ad
2652 3594 2787 3663 ﬁlios
2818 3591 3022 3646 Israel:
3054 3591 3142 3645 Vir
3163 3594 3265 3647 sive
3288 3595 3470 3647 mulier

1882 3676 1997 3734 cum
2035 3664 2245 3733 fecerint
2292 3676 2496 3729 votum,
2542 3676 2596 3718 ut
2632 3665 3029 3734 sanctiﬁcentur,
3069 3674 3115 3718 et
3143 3681 3197 3719 se
3222 3666 3469 3720 voluerint

1882 3730 2103 3785 Domino
2130 3750 2423 3789 consecrare
2440 3777 2453 3789 .
2471 3778 2483 3790 .
2503 3776 2516 3789 .
2538 3776 2548 3787 .
2567 3738 2704 3790 omni
2738 3730 2962 3802 tempore
2984 3738 3321 3803 separatiom's
3345 3754 3468 3801 sum,

1882 3804 2133 3878 novacula
2161 3823 2259 3878 non
2291 3807 2523 3861 transibit
2547 3818 2699 3878 caput
2718 3825 2865 3861 suum
2892 3824 3050 3876 usque
3075 3808 3142 3860 ad
3167 3807 3469 3877 completum

1882 3874 2016 3928 diem
2045 3892 2144 3946 quo
2183 3876 2400 3930 Domino
2439 3874 2760 3932 consecratur
2789 3879 2889 3948 (lt).
2935 3874 3014 3931 Ex
3055 3878 3248 3943 quibus
3281 3874 3468 3931 verbis

1882 3950 2168 4014 perspicue
2198 3958 2408 4001 constat
2448 3950 2610 4001 totius
2636 3950 3075 4002 sanctilicationis
3106 3948 3468 4016 complemen-

1883 4026 2024 4075 tum.
2081 4026 2187 4069 tam
2238 4034 2334 4085 pro
2380 4020 2509 4072 viris
2551 4033 2709 4087 quam
2759 4034 2856 4085 pro
2901 4017 3234 4083 tuulicribus,
3265 4020 3353 4085 qui
3399 4020 3466 4070 ad

1886 4095 2097 4153 tempus
2142 4088 2418 4141 dumtaxat
2446 4088 2810 4141 Nazoraeatum
2861 4088 3262 4152 profitebantur.
3292 4089 3347 4139 in
3373 4100 3467 4141 CI-

1884 4158 2131 4225 pill0rnm
2163 4158 2409 4212 tonsione
2446 4159 2715 4224 totiusque
2740 4157 2932 4225 capitis
2958 4157 3240 4212 abrasione
3269 4158 3467 4211 consti-

1882 4227 2035 4284 tisse.
2062 4228 2166 4281 Sed
2197 4228 2601 4296 iliuscentejam
2627 4228 2916 4297 Evangelio
2947 4228 3210 4296 ejusmodi
3244 4226 3331 4282 lex
3356 4244 3466 4282 non

1884 4297 1986 4352 fuit
2010 4298 2262 4366 abrogata
2303 4319 2313 4352 :
2358 4302 2519 4353 immo
2551 4301 2783 4354 maxime
2813 4298 3044 4367 vigebat,
3079 4298 3292 4368 quando
3323 4299 3465 4353 idem

1881 4368 2083 4423 Paulus
2112 4385 2228 4423 eam
2262 4371 2325 4425 ad
2349 4370 2657 4426 Corinthios
2680 4371 2973 4441 Epistolam
3004 4371 3235 4438 scripsit.
3255 4369 3465 4425 Etenim

1881 4442 2111 4512 ipsemet
2149 4442 2438 4504 Apostolus
2484 4444 2639 4511 paulo
2687 4440 2806 4512 pust
2844 4442 3086 4497 eamdem
3121 4440 3464 4496 Nazorwattts

1883 4510 2054 4581 legem
2103 4513 2377 4581 professus
2424 4510 2525 4570 est.
2578 4510 2869 4584 Epistolam
2916 4515 3110 4585 quippe
3151 4514 3218 4567 de
3263 4530 3363 4583 qua
3411 4515 3463 4569 in

1888 4598 2127 4653 praesens
2174 4584 2486 4640 disserimus
2521 4595 2806 4655 antequam
2853 4585 3109 4641 Achaiam
3138 4595 3192 4639 et
3222 4585 3465 4641 Macedo-

1888 4656 2029 4709 niam
2064 4667 2371 4725 peragraret
2401 4659 2758 4726 conscripsit,
2792 4668 2843 4711 et
2875 4658 2939 4711 ad
2979 4673 3175 4713 annum
3206 4661 3465 4727 quinqua-

1884 4729 2146 4797 gesimum
2179 4730 2462 4799 septimum
2494 4744 2615 4783 atra:
2642 4729 2875 4797 vulgaris
2899 4774 2913 4797 ,
2952 4730 3041 4799 qui
3071 4738 3151 4783 est
3180 4730 3464 4795 vigesituus

1886 4811 2105 4868 quartus
2149 4815 2177 4853 a
2210 4797 2407 4855 Christi
2455 4810 2627 4855 morte
2648 4844 2663 4866 ,
2699 4802 2887 4855 referri
2918 4797 3097 4854 debet.
3132 4800 3357 4866 Quando
3388 4802 3465 4854 vi-

1887 4872 2083 4944 delicet
2132 4869 2533 4944 Corinthiorum
2585 4873 2761 4944 populi
2793 4873 3011 4944 Ephesi
3058 4873 3319 4944 miserunt
3347 4871 3466 4944 Ste-

1886 4940 2117 5009 phauum
2146 4982 2160 5005 ,
2212 4941 2559 4998 Fortunatam
2586 4940 2669 4998 'et
2710 4942 3001 4998 Achaicum
3052 4942 3117 4995 ad
3150 4943 3464 5009 Apostolnm

1888 5014 2248 5079 iuviseudum,
2281 5024 2336 5067 ιιι
2367 5016 2647 5069 deducitur
2676 5031 2739 5070 ex
2768 5031 2886 5081 cap.
2922 5030 2991 5076 tv,
3022 5028 3075 5065 ιιι
3102 5022 3155 5065 et
3184 5027 3294 5075 1m,
3326 5012 3466 5079 ejus-

1886 5083 2008 5138 dem
2058 5086 2320 5153 cpistolm.
2354 5086 2513 5150 Atqui
2546 5088 2685 5141 idem
2728 5084 3024 5154 Apostolus
3067 5083 3280 5154 biennio
3328 5094 3465 5154 post,

1888 5156 2050 5208 Variis
2094 5152 2360 5212 absolutis
2410 5158 2690 5213 itineribus
2712 5196 2726 5221 ,
2756 5152 2815 5209 se
2844 5153 3072 5208 totondit
3104 5155 3155 5206 in
3183 5152 3465 5217 Cenchris,

1888 5237 2105 5294 prOpter
2135 5228 2475 5283 Nazorzuatus
2507 5238 2709 5294 votum,
2745 5234 2800 5280 ut
2829 5226 2880 5278 in
2923 5225 3072 5279 Actis
3100 5224 3465 5293 apostolorum

1886 5297 2115 5369 legitur:
2148 5297 2245 5353 Ubi
2270 5303 2540 5373 assumptis
2566 5299 2628 5353 ab
2665 5314 2724 5352 eo
2764 5305 2983 5367 quatuor
3013 5295 3131 5349 uiris
3171 5294 3466 5349 habentibus

1910 5580 1940 5591 η
1966 5509 2037 5581 (ε)
2072 5510 2425 5591 lticronymus
2450 5550 2463 5575 ,
2516 5510 2565 5591 in
2617 5524 2745 5591 cap.
2779 5524 2850 5564 vn
2901 5507 3095 5590 Ezech.
3123 5506 3468 5591 -Ambr'osius,

1886 5578 1982 5663 lib.
2016 5578 2065 5636 'u
2096 5578 2485 5637 Hexaemeron.
2525 5578 2853 5652 Augusunus
2879 5624 2894 5650 ,
2946 5580 3170 5652 epistola
3195 5581 3264 5638 ad
3292 5578 3468 5636 Possi-

1882 5653 2173 5796 duzgdnb,
2207 5739 2324 5793 cap.
2357 5740 2398 5798 ι,
2433 5724 2704 5791 Michteas,
2733 5741 2853 5798 cap.
2877 5743 2916 5783 ι.

1950 5797 2030 5863 (ῃ)
2060 5797 2307 5852 Clemens
2333 5797 2742 5864 Alexandrinus,
2774 5797 2864 5857 lib.
2896 5802 3151 5859 Stromat.
3182 5816 3243 5859 lt.

1954 5870 2027 5936 in)
2058 5866 2215 5923 Num.
2245 5883 2314 5937 vt,
2344 5873 2397 5923 2.
