3968 6310
564 329 670 387 991

1125 328 1187 385 Ρ.
1226 325 1540 384 CACCIABI
1578 321 2175 381 EXERCITATIONES
2213 323 2281 381 IN
2316 324 2376 380 Β.
2419 318 2660 377 LEONIS
2698 318 2913 377 MAGNI
2947 318 3197 377 OPERA.

563 442 784 497 exitium
804 482 819 507 ,
845 449 919 514 et
956 440 1675 514 reipublictedetrimentum
1712 437 1966 514 cessisse,
2015 437 2135 514 quis
2162 439 2214 499 Α
2241 438 2293 514 in
2326 438 2465 514 notis
2492 437 2557 514 ad
2581 436 3159 514 _Martyrologiumﬁie
3185 439 3255 494 28
3282 441 3500 514 Aprilis,
3527 445 3674 514 gravi
3701 459 3803 500 sus-

565 527 683 585 nou‘
706 513 976 585 intelligit,
1000 507 1097 585 aut
1122 514 1241 585 quis
1275 507 1772 585 ignorarepotest?
1812 509 2134 585 Augustinus

560 583 775 652 quidem
808 585 858 637 in
881 580 1190 652 Soliloquiis
1219 580 1313 637 eos
1342 583 1498 635 veluti
1532 580 1757 652 infames
1780 580 1952 652 carpit
1977 588 2031 633 et
2054 582 2137 632 in-

558 650 765 722 crepat.
798 655 908 722 qui,
943 650 1146 723 privato
1175 653 1448 707 dumtaxat
1479 651 1691 705 adducti
1715 650 1914 723 studio,
1944 666 1999 703 se
2029 667 2135 704 mu-

558 720 703 779 liebri
750 720 1221 778 habitu—ostentant
1261 724 1358 793 (a).
1396 724 1539 788 Quos
1586 726 1768 776 nescio
1806 720 1923 793 (ait)
1963 729 2132 774 utrum

557 796 715 865 falsas
746 794 983 849 mulieres
1017 813 1085 849 an
1123 791 1282 865 falsos
1302 791 1434 847 uiros
1456 794 1633 846 melius
1652 807 1843 865 peccem.
1881 791 2034 845 Veros
2055 800 2134 844 ta-

555 863 669 919 men
697 865 965 920 histriones
991 863 1229 934 verosque
1250 866 1463 935 infames
1491 866 1598 935 sine
1623 863 1937 916 dubitatione
1956 878 2135 931 possu-

554 952 666 989 mus
685 953 881 991 vocare.
895 937 1021 1002 Sed,
1038 938 1224 991 eodem
1240 934 1532 1005 Atigustino
1555 934 1996 1005 ibidemanctore.
2014 946 2132 987 eam

554 1007 788 1061 infamiae
819 1020 997 1061 notam
1029 1006 1248 1061 minime
1271 1003 1564 1070 incurrent,
1588 1006 1675 1074 qui
1712 1003 2003 1057 liberandae
2023 1017 2134 1074 pa-

556 1076 669 1131 trize
699 1078 966 1132 desiderio
997 1087 1050 1132 et
1078 1078 1379 1133 communis
1416 1077 1538 1130 boni
1581 1072 1898 1142 procurandi
1941 1072 2132 1129 ardore

552 1148 769 1202 excitati
806 1163 864 1201 se
900 1148 1207 1202 mulieribus
1250 1148 1581 1202 vestimentis
1612 1146 1912 1199 induerent.
1966 1144 2132 1199 ltnmo

550 1216 743 1272 horum
779 1221 991 1273 nomina
1019 1234 1047 1272 a
1077 1218 1282 1273 cunctis
1311 1218 1513 1273 civibus
1542 1231 1659 1271 cum
1685 1231 1893 1270 summo
1915 1214 2132 1269 honoris

552 1289 740 1357 plausu
788 1289 1103 1344 celebranda
1152 1289 1365 1355 forent,
1427 1301 1481 1342 et
1528 1297 1791 1341 tantorum
1838 1286 2129 1357 facinorum

549 1356 798 1413 auctores
852 1360 919 1413 ab
951 1360 1062 1428 ipsa
1096 1361 1362 1429 republica
1409 1358 1626 1412 meliora
1664 1357 1875 1429 virtutis
1917 1356 2128 1429 emolu-

551 1438 729 1483 menta
751 1429 1072 1484 obtinerent.
1116 1428 1394 1499 Ejusmodi
1426 1440 1603 1482 autem
1637 1428 1893 1481 virtutum
1928 1428 2132 1499 emolu-

550 1510 727 1553 menta
779 1502 907 1554 viris
957 1509 1010 1554 et
1052 1497 1364 1554 mulieribus
1411 1499 1579 1570 magis
1626 1498 1890 1553 debentur
1918 1497 2131 1570 quando

549 1570 873 1639 virginitatis
912 1580 966 1624 et
1012 1572 1280 1639 religionis
1326 1568 1539 1624 tuendae
1568 1570 1745 1624 studio
1777 1578 1952 1624 vestes
1980 1568 2128 1622 sexui

551 1654 655 1693 non
709 1641 1190 1710 correspondentes
1236 1650 1536 1695 assumunt.
1584 1641 1746 1709 Cujus
1792 1639 2006 1709 quidem
2050 1639 2125 1693 rei

547 1710 655 1763 duo
685 1712 1030 1766 celeberrima
1064 1712 1264 1779 profert
1300 1712 1545 1780 exempla
1575 1712 1890 1780 Ambrosius
1916 1711 1983 1763 de
2014 1712 2124 1780 Ain-

549 1780 1127 1853 tiochenaiChristiana
1156 1785 1358 1853 virgine
1392 1779 1685 1837 disserens.
1722 1779 1958 1853 Urgente
1984 1779 2125 1833 enim

548 1863 731 1923 contra
781 1852 1114 1908 Christianos
1158 1852 1551 1923 persecutione,
1590 1859 1773 1907 sancta
1803 1852 1948 1923 virgo
1977 1866 2125 1904 cunt-

543 1920 912 1992 prehenditur,
948 1940 1103 1992 quam
1134 1920 1200 1977 ad
1233 1926 1454 1991 lupanar
1483 1924 1672 1977 adduci
1718 1935 1805 1975 aut
1836 1922 1936 1975 diis
1959 1922 2125 1975 sacri-

550 1990 712 2046 ﬁcare
749 1994 940 2062 itstpius
967 1990 1228 2064 tyrannus
1262 1994 1441 2063 jussit.
1494 1995 1597 2048 Sed
1640 1996 1689 2046 in
1732 1994 1966 2059 lupanari
2013 1994 2122 2064 jam

546 2077 666 2134 cum
687 2063 1034 2128 detineretur,
1065 2067 1129 2117 de
1156 2066 1412 2134 religione
1434 2064 1650 2134 minime
1675 2063 2121 2134 ambigebansed

542 2132 829 2205 deipudore
859 2135 1151 2198 trepidabat
1178 2132 1273 2204 (l1);
1294 2136 1455 2205 209
1477 2133 1602 2188 Ideo
1624 2136 1735 2202 ipsa
1755 2150 1921 2186 secum
1940 2149 1958 2185 :
1985 2133 2123 2197 Quid

543 2204 744 2276 egimus
768 2205 1063 2276 hodie?out
1089 2204 1426 2276 martyrium
1453 2208 1623 2276 virgo;
1662 2206 1873 2258 interim
1900 2218 2033 2276 vero
2047 2204 2120 2276 ad

544 2273 715 2325 Deum
748 2275 1077 2329 orationibus
1106 2273 1365 2330 conversa
1405 2292 1420 2331 :
1460 2274 1594 2328 Ecce
1632 2280 1706 2329 vir
1744 2276 1909 2344 specie
1946 2275 2121 2328 militis

546 2344 782 2398 terribilis
828 2347 1032 2417 irrupit,
1080 2347 1170 2415 qui
1203 2347 1352 2414 quasi
1393 2348 1599 2401 adulter
1635 2346 1924 2414 ingressus,
1954 2345 2125 2417 dere-

545 2421 707 2481 pente
732 2414 985 2488 mutatus,
1016 2414 1328 2485 virginitatis
1360 2418 1472 2488 ejus
1505 2417 1768 2471 Villdithln
1796 2431 1854 2470 se
1878 2414 2120 2469 exhibuit

544 2494 607 2556 et
630 2487 891 2551 praestitit.
946 2488 1095 2552 Quod
1132 2496 1189 2541 ut
1234 2487 1438 2542 felicius
1491 2488 1768 2556 impleret,
1825 2501 2118 2550 omnesque

543 2552 750 2609 falleret
778 2560 866 2625 qui
898 2558 1312 2627 comprimendae
1350 2552 1582 2627 virginis
1612 2552 1769 2612 causa
1800 2566 1925 2611 tunc
1956 2571 2116 2611 vene-

542 2636 665 2694 rant
693 2628 755 2679 ad
779 2627 1075 2694 lupanaria,
1122 2631 1271 2683 miles
1310 2629 1656 2683 muliebribus
1686 2628 1920 2683 vestibus
1949 2642 2007 2681 se
2037 2628 2117 2680 in-

540 2693 685 2760 duit;
722 2707 773 2751 et
797 2701 964 2768 virgo,
999 2718 1025 2750 a
1058 2693 1224 2754 milite
1250 2700 1419 2754 virilia
1451 2707 1505 2753 et
1532 2700 1781 2752 militaria
1804 2698 2112 2752 indumenta

539 2779 839 2840 assumens,
870 2770 1101 2824 evolavit
1130 2771 1196 2823 de
1225 2768 1446 2840 laqueis.
1488 2769 1676 2823 Totam
1716 2769 1872 2837 huius
1906 2768 1984 2822 rei
2032 2768 2112 2821 hi-

537 2838 779 2910 storiam,
810 2855 928 2907 quae
951 2856 1045 2893 sua
1082 2850 1238 2895 aetate
1281 2838 1547 2894 recentius
1586 2840 1900 2910 contigerat,
1943 2839 2110 2893 erudi-

541 2907 765 2979 tissimis
798 2912 1196 2965 commentariis
1240 2911 1467 2966 illustrat
1512 2907 1843 2976 Ambrosius,
1886 2910 1955 2964 ad
1993 2924 2113 2979 quae

538 2977 954 3046 sapientissimos
981 2982 1251 3037 auditores
1277 2982 1615 3037 remittimus.

600 3047 709 3104 Nos
732 3058 910 3107 tamen
930 3053 1159 3109 lectores
1185 3054 1474 3108 admonere
1504 3052 1771 3107 voluimus
1797 3050 2108 3119 Baronium,

605 3187 676 3259 (a)
706 3190 1049 3259 Augustinus,
1084 3192 1178 3248 lib.
1207 3207 1244 3247 tt
1270 3190 1494 3262 Soliloq.
1524 3206 1643 3263 cap.
1679 3190 1766 3247 l6.

2240 508 2447 578 picione
2494 508 2777 563 adductum
2826 509 3111 577 arbitrari,
3147 525 3263 565 eam
3296 512 3461 567 fuisse
3482 508 3803 570 Theodoram

2236 581 2493 647 virginem
2520 579 2957 645 Alexandrinam,
2990 591 3043 635 et
3069 584 3319 637 nteudum
3349 585 3400 637 in
3426 586 3695 640 Ambrosii
3721 602 3801 641 co-

2235 651 2383 721 dices
2412 650 2722 717 irrepsisse,
2754 659 2809 705 et
2851 667 2949 721 pro
2974 654 3314 718 Alexandria,
3349 654 3637 709 Antiochia
3665 673 3801 711 voca-

2235 719 2416 797 bulum
2446 719 3003 797 scriptoruminscitia
3035 724 3197 778 fuisse
3221 727 3591 793 subrogatum,
3621 728 3691 781 de
3715 743 3801 797 quo

2235 790 2384 868 lapsu
2407 792 2695 868 quidquam
2726 791 2994 868 affirmare
3029 798 3141 868 ausi
3171 810 3275 849 non
3299 790 3503 852 sumus.
3539 797 3698 854 fidem

2237 862 2338 937 tius
2369 862 2790 937 eminentissimo
2815 864 3070 937 cardinalt
3099 866 3327 921 Baronio
3351 868 3698 933 adhibentes,
3724 862 3799 937 qui

2236 931 2671 1002 Martyrologium
2700 934 2829 987 illud
2861 951 3070 989 summo
3099 938 3277 989 studio
3301 948 3354 991 et
3385 937 3574 991 labore
3604 931 3801 993 Concin-

2234 1006 2402 1057 navit.
2448 1003 2730 1057 Dutntaxat
2758 1004 3068 1073 subjicimus
3110 1007 3252 1060 aliud
3290 1022 3392 1060 non
3444 1008 3699 1063 absimile
3741 1010 3801 1063 fa-

2234 1082 2380 1147 ctum
2409 1073 2559 1127 nobis
2584 1078 2905 1147 occurrisse,
2935 1076 3202 1130 laudatum
3234 1077 3445 1131 Baronii
3474 1094 3615 1146 opus
3646 1081 3802 1147 legen-

2234 1152 2337 1208 tes,
2367 1144 2417 1197 in
2440 1159 2566 1213 quo,
2589 1144 2688 1198 sub
2718 1145 2807 1200 die
2827 1147 2860 1199 4
2890 1147 3028 1212 Maii,
3053 1159 3299 1201 narratur
3325 1144 3658 1203 Antonittam
3685 1144 3802 1204 Con-

2234 1215 2760 1286 stantinOpolitanatn
2826 1216 3122 1285 virginem,
3191 1218 3469 1286 cujusdam
3531 1221 3800 1277 Alexandri

2233 1284 2441 1341 virilem
2474 1284 2709 1340 habitum
2737 1285 2840 1340 sibi
2870 1284 3240 1359 assumpsisse,
3258 1284 3331 1343 'ut
3354 1290 3496 1344 clam
3523 1305 3557 1344 e
3579 1291 3798 1359 lupanari

2236 1359 2577 1413 educeretur.
2626 1360 2803 1422 Quare
2850 1356 2987 1411 idem
3018 1359 3303 1414 cardinalis
3324 1361 3607 1414 annotavit
3640 1356 3654 1413 Ξ
3684 1360 3797 1417 Cum

2233 1428 2541 1495 frequenter
2581 1426 2897 1482 Christiana:
2943 1430 3151 1483 femina:
3179 1431 3243 1483 ad
3277 1431 3639 1496 prostibulum
3669 1433 3796 1485 dant-

2233 1509 2507 1569 narentur,
2540 1500 2732 1565 sa-pius
2756 1498 2945 1569 similis
2977 1514 3131 1554 casus
3171 1502 3338 1569 potuit
3380 1503 3668 1557 accidisse.
3698 1502 3794 1556 Pal-

2233 1567 2405 1640 ladius
2432 1584 2663 1640 quoque,
2693 1571 2743 1621 in
2773 1568 3064 1635 Lausiacis,
3089 1570 3142 1624 id
3173 1567 3347 1640 ipsum
3377 1573 3446 1625 de
3477 1572 3584 1625 alia
3615 1574 3790 1640 virgine

2232 1638 2287 1713 in
2315 1638 2709 1713 Corinthiorum
2738 1640 2870 1694 urbe
2897 1641 3173 1713 accidisse,
3196 1638 3263 1695 ex
3295 1641 3592 1713 Hippolyto
3614 1638 3787 1697 descri-

2231 1709 2325 1764 bit.
2363 1714 2533 1777 Atque
2575 1710 2783 1763 tandem
2824 1718 2880 1763 ut
2923 1710 3136 1766 silentio
3184 1709 3570 1780 praetereamus
3604 1730 3714 1779 qui:
3736 1716 3785 1768 dc

2159 1814 2204 1872 Β
2234 1780 2757 1872 Pacmdemoniorum
2800 1780 3011 1872 feminis
3049 1783 3550 1872 narra‘tIYalerillS‘.
3579 1785 3780 1872 ηοῃρδ·

2236 1864 2391 1905 Scura
2423 1860 2548 1905 sunt
2574 1867 2690 1919 qua:
2714 1851 2926 1923 iSurins,
2958 1851 3170 1906 Situeon
3201 1854 3593 1921 Metaphrastes
3622 1854 3779 1923 aliique

2230 1923 2527 1993 scriptorcs
2571 1924 2653 1993 de,
2702 1922 2759 1975 S.
2817 1922 3146 1993 Euphrosiua
3192 1926 3397 1993 virgine
3450 1925 3777 1979 Alexandrina

2233 1990 2582 2045 tradiderunt.
2624 1992 2754 2058 Quae
2784 2033 2798 2055 ,
2836 1992 3010 2046 studio
3044 1990 3308 2059 perpetui}
3348 1995 3671 2061 virginitatis
3704 2010 3776 2047 co-

2228 2062 2417 2126 lendae,
2450 2072 2664 2126 paterna
2695 2062 2880 2116 relicta
2907 2063 3066 2117 domo
3091 2079 3152 2115 ac
3184 2065 3325 2118 virili
3374 2066 3564 2119 habitu
3608 2067 3772 2127 induta,

2228 2132 2608 2186 monachorum
2656 2136 2884 2186 claustra
2934 2143 3270 2201 penetrem;
3319 2138 3500 2199 ibique
3538 2150 3711 2189 sexum
3737 2150 3775 2187 et

2227 2202 2583 2275 conditionem
2612 2219 2781 2275 usque
2806 2204 2871 2256 ad
2904 2203 3104 2257 obitum
3133 2206 3388 2260 occuluit.
3419 2206 3584 2261 Forte
3610 2209 3693 2275 qui
3715 2207 3774 2259 ri-

2227 2272 2516 2341 gidioribtts
2546 2274 2759 2327 critices
2789 2275 2989 2343 regulis
3015 2275 3143 2328 dare
3169 2292 3390 2341 operam
3421 2272 3777 2341 consuescunt,

2227 2346 2353 2400 huic
2384 2356 2665 2412 postremae
2700 2346 3012 2413 narrationi,
3039 2361 3143 2398 non
3179 2355 3285 2399 tam
3314 2346 3465 2400 facile
3506 2348 3772 2406 horrebunt.

2224 2430 2344 2469 cum
2381 2417 2429 2468 itt
2468 2430 2528 2469 ea
2558 2430 2732 2470 causa:
2763 2425 3045 2469 occurrant
3077 2431 3194 2485 quae
3224 2418 3494 2471 coinmuni
3539 2418 3777 2475 honestati

2224 2501 2521 2555 repugnare
2547 2486 2813 2550 videntur,
2847 2500 2945 2539 nec
2976 2498 3078 2539 tam
3106 2487 3259 2543 facile
3288 2502 3407 2543 cum
3438 2492 3779 2556 proximorum

2225 2558 2451 2611 utilitate
2481 2566 2697 2623 possunt
2727 2556 2995 2626 conjungi.
3034 2556 3226 2611 Verum
3270 2560 3490 2625 pericula
3528 2561 3700 2611 omnia
3727 2567 3777 2613 et

2224 2628 2365 2681 mala
2395 2640 2514 2693 quin
2544 2627 2822 2681 imminent
2844 2668 2858 2687 ,
2899 2643 3124 2697 quasque
3151 2629 3339 2682 mulier
3361 2640 3505 2682 tonso
3528 2629 3696 2693 capite
3722 2638 3773 2682 et

2220 2700 2513 2752 monastico
2532 2708 2743 2767 sumpto
2765 2697 2943 2751 habitu
2967 2707 3150 2767 posset
3172 2700 3438 2763 oll'endere,
3454 2698 3561 2765 jam
3582 2707 3755 2753 statim

2223 2779 2586 2829 evanescunt,
2631 2772 2674 2822 si
2716 2771 3052 2837 omnipotens
3099 2770 3187 2822 ille
3220 2769 3344 2821 Deus
3381 2771 3465 2835 qui
3505 2769 3751 2832 cujusque

2217 2838 2339 2894 boni
2366 2839 2576 2893 Consilii
2597 2850 2679 2893 est
2699 2850 2906 2901 auctor,
2932 2838 3353 2905 quemadmodum
3374 2839 3425 2891 itt
3448 2838 3634 2891 femina
3663 2837 3755 2890 Ju-

2217 2909 2384 2975 ditha,
2413 2910 2712 2979 hujnsmodi
2736 2912 2949 2979 pietatis
2972 2921 3025 2979 et
3050 2910 3313 2973 religionis
3330 2908 3496 2964 studia
3510 2907 3764 2977 dirigere,

2216 2981 2492 3038 custodire
2523 2989 2683 3051 atque
2711 2978 2971 3050 perlicere
2998 2978 3321 3050 dignabitur.

2270 3187 2350 3260 (ὸ)
2383 3186 2718 3253 Ambrosius,
2750 3185 2843 3240 lib.
2873 3200 2911 3239 ιι
2933 3185 2999 3239 de
3026 3184 3351 3257 Virginibus.

540 3316 3753 3347 ______________________________

784 3431 927 3579 DE
990 3420 2237 3581 PRISCILLIANISTARUM
2292 3402 2723 3568 lllllllESI
2786 3415 2928 3567 ET
2988 3412 3542 3568 HISTilRIA

1717 3655 2059 3740 LIBER
2132 3654 2290 3738 UN
2304 3648 2607 3734 ICUS.

942 3948 1104 4019 κιο
1138 3922 1361 4003 CAPUT
1398 3943 1676 4001 PRIMUM.

884 4038 1131 4104 Quisnam
1171 4038 1321 4109 fuerit
1362 4034 1742 4090 Priscillianus.

595 4147 645 4198 l.
688 4144 817 4198 Cum
841 4158 1044 4198 meeum
1078 4144 1189 4213 ipse
1219 4141 1620 4198 deliberaverim
1650 4154 1837 4213 omnes
1866 4138 2098 4213 luereses

523 4211 716 4269 Leonis
745 4230 857 4267 aevo
898 4211 1171 4282 vigentes,
1203 4214 1316 4268 sive
1353 4223 1566 4268 exortas
1588 4253 1603 4277 ,
1651 4211 1849 4280 scripto
1876 4211 2093 4282 referre,

521 4286 626 4357 jam
656 4286 822 4353 ipsius
852 4281 1058 4357 consilii
1107 4295 1159 4338 et
1204 4287 1459 4357 temporis
1481 4284 1638 4357 _ratio
1683 4282 1915 4357 postulat
1942 4290 2008 4357 _ut
2030 4281 2096 4335 ad

522 4352 722 4410 exitum
776 4356 1041 4423 perductis
1068 4371 1185 4423 quae
1213 4355 1277 4407 de
1306 4354 1716 4422 lilanicltteorum
1767 4352 1955 4405 haeresi
1985 4352 2098 4405 fue-

529 4434 649 4480 rant
674 4426 919 4489 dicenda,
952 4441 1089 4480 nunc
1117 4427 1181 4479 ad
1216 4425 1525 4479 Priscilliani
1554 4424 1913 4478 recensendos
1943 4437 2093 4476 erro-

528 4511 635 4559 res,
669 4511 801 4563 quos
837 4496 973 4548 idem
1005 4495 1059 4551 S.
1098 4494 1326 4563 pontifex
1361 4496 1570 4563 rejecit,
1616 4495 1899 4563 exagitavit
1937 4502 2095 4561 atque

523 4568 873 4635 proscripsit,
911 4568 1144 4637 animum
1187 4566 1485 4637 stylumque
1530 4567 1700 4635 ipsum
1764 4574 2091 4637 convertam.

521 4639 651 4702 Qua:
679 4649 853 4690 autem
875 4638 941 4690 de
966 4636 1123 4705 hujus
1153 4636 1301 4690 nova:
1333 4638 1594 4691 haereseos
1617 4643 1853 4701 auctore,
1879 4650 1996 4701 quae
2027 4636 2094 4689 de

523 4707 682 4775 httjus
708 4710 873 4774 patria
900 4714 953 4759 et
976 4709 1232 4771 moribus,
1257 4721 1372 4774 quae
1395 4706 1462 4760 de
1487 4707 1703 4776 synodis
1726 4707 1775 4759 in
1800 4721 1920 4760 eum
1947 4706 2093 4772 ejus-

522 4794 623 4847 que
652 4778 888 4830 sobolem
915 4777 1132 4847 coactis,
1157 4792 1275 4845 qua:
1304 4776 1529 4846 denique
1552 4777 1620 4831 de
1648 4777 1809 4829 variis
1839 4776 2095 4847 multipli-

519 4846 775 4915 cibosque
823 4847 1039 4900 nefaria:
1083 4846 1237 4914 hujus
1281 4856 1439 4902 secta:
1490 4846 1825 4916 dogmatibus
1869 4846 2091 4900 dicenda

518 4926 824 4982 occurrunt,
844 4933 999 4971 nemo
1022 4918 1277 4971 hactenus
1300 4925 1389 4970 aut
1409 4931 1655 4973 accurate
1678 4916 1979 4984 de~cripsit,
2001 4928 2091 4973 aut

516 4994 702 5045 saltem
732 4988 782 5042 in
810 4991 979 5042 lucem
1002 4988 1183 5041 edidit.
1216 4988 1502 5054 Propterea
1524 5004 1622 5057 ego
1644 5000 1762 5041 cum
1791 4986 1936 5041 hisce
1964 5001 2092 5041 con-

515 5060 810 5113 scribendis
847 5058 1308 5112 dissertationibus
1358 5073 1567 5111 manum
1607 5058 1997 5123 adtnovissem,
2036 5068 2092 5113 et

521 5130 696 5184 multis
729 5129 976 5195 periculis
1006 5143 1115 5182 rem
1146 5129 1359 5197 plenam
1397 5143 1515 5182 esse
1546 5128 1924 5182 intellexissent
1947 5166 1963 5193 ,
1996 5143 2090 5182 ne-

512 5200 803 5254 cessarium
838 5201 949 5253 fore
988 5214 1193 5251 mecum
1226 5201 1462 5265 reputavi
1497 5209 1702 5253 veteres
1734 5198 2086 5253 recentiores-

508 5287 612 5339 que
650 5271 701 5325 in
740 5272 834 5324 hac
863 5285 1019 5324 causa
1063 5271 1347 5337 scriptores
1384 5284 1727 5335 percurrere;
1774 5269 1844 5321 ita
1883 5279 2076 5336 tamen,

509 5320 586 5405 tit,
617 5342 859 5394 omnibus
888 5341 1135 5407 sepositis
1168 5320 1507 5407 prwjudiciis,
1540 5339 1681 5392 nullo
1708 5320 1935 5407 partium
1964 5320 2076 5393 stu:
2104 5320 2158 5381 D

507 5413 595 5465 dio
623 5412 898 5473 adductus,
931 5426 990 5466 ea
1016 5411 1289 5463 dumtaxat
1315 5425 1431 5477 qua:
1461 5418 1551 5464 aut
1577 5410 1847 5463 veritatem
1877 5410 2075 5477 patefa-

505 5484 685 5546 ciunt,
712 5492 802 5535 aut
828 5483 1013 5535 saltem
1042 5480 1251 5535 veritati
1281 5480 1496 5548 pr0pins
1526 5479 1777 5535 accedere
1806 5483 2070 5543 videntur,

506 5554 633 5623 ipsis
680 5552 964 5607 lcetoribus
1010 5553 1337 5623 exhiberem.
1386 5552 1549 5620 Igitur
1591 5567 1709 5606 cum
1743 5552 1868 5605 mihi
1902 5552 2072 5621 primo

2124 3938 2170 4000 C
2203 3936 2535 4005 scripsissem
2555 3975 2568 3999 ,
2601 3936 2868 3992 neminem
2898 3935 3227 3993 eruditorum
3264 3936 3374 3993 hoc
3397 3954 3581 3997 meum
3606 3942 3753 3997 cassi.

2202 4007 2331 4077 lium
2383 4005 2802 4074 improbatorum
2848 4008 3184 4073 existimavi,
3235 4012 3487 4077 quamvis
3529 4028 3697 4068 revera
3730 4028 3754 4068 ι

2199 4074 2395 4151 Leonis
2420 4077 2583 4151 gestis
2605 4118 2621 4144 ,
2659 4093 2779 4151 qua:
2809 4079 3010 4151 referre
3036 4088 3089 4151 et
3117 4074 3394 4151 vindicare
3419 4085 3631 4138 animus
3655 4082 3753 4151 fuit,

2200 4147 2252 4223 in
2285 4150 2398 4223 ipso
2426 4149 2813 4223 dissertationis
2841 4149 3110 4223 veStibulo
3132 4160 3294 4219 atque
3330 4150 3570 4207 decursu
3601 4147 3753 4223 paulo;

2199 4217 2308 4273 lum
2338 4217 2540 4287 digredi
2570 4218 2736 4273 videri
2767 4234 2999 4285 possem.
3058 4217 3328 4289 Siquidem
3356 4262 3372 4284 ,
3412 4237 3540 4277 cum
3569 4217 3619 4278 in
3646 4224 3757 4279 hanc

2199 4289 2576 4343 eet-lesiasticze
2608 4289 2843 4345 historia:
2880 4299 3083 4359 partem
3114 4291 3370 4345 nonnulla
3414 4292 3580 4348 dubia
3612 4306 3661 4349 et
3684 4296 3760 4349 ob-

2198 4372 2351 4432 scura
2375 4399 2390 4423 ,
2420 4360 2520 4412 alia
2552 4374 2677 4413 vero
2696 4359 3126 4432 Asupposititiaet
3169 4362 3301 4415 falsa
3327 4404 3344 4427 ,
3387 4366 3761 4432 quamplurima

2198 4427 2430 4506 denique
2453 4443 2672 4506 prorsus
2693 4427 2868 4506 ignota
2890 4430 3286 4506 offenderimus,
3302 4427 3427 4506 ideo
3450 4427 3584 4488 illud
3609 4438 3760 4506 ipsum

2196 4500 2433 4553 veritatis
2455 4499 2684 4571 studium
2706 4501 2846 4571 quod
2866 4502 3019 4556 unice
3037 4512 3217 4556 nostro
3242 4503 3442 4558 insidet
3459 4499 3643 4561 animo
3663 4522 3765 4562 reas

2198 4578 2359 4644 totam
2402 4584 2433 4622 a
2482 4569 2594 4625 suis
2642 4569 2877 4626 exordiis
2932 4580 3173 4642 repetere
3220 4580 3383 4643 atque
3426 4578 3767 4644 pmscribero

2199 4642 2391 4709 coegit.

2264 4711 2319 4766 2.
2350 4709 2712 4783 Priscillianus
2729 4712 2923 4783 itaque,
2947 4711 3315 4781 nobiligenere
3332 4718 3767 4783 natus,etmaxi-

2196 4781 2297 4857 ruis
2330 4780 2853 4857 abundans_div_itiis,
2888 4784 2969 4836 vir
3001 4780 3245 4857 fuitgacer
3272 4780 3514 4857 ingenio,
3546 4788 3769 4857 inquies,

2194 4850 2450 4904 facundus
2472 4892 2486 4915 ,
2518 4854 2683 4906 multa
2715 4853 2943 4907 lectione
2981 4855 3252 4919 eruditus,
3286 4850 3685 4913 in'disseren'do
3706 4850 3771 4914 et

2193 4920 2511 4996 disputando
2540 4924 2984 4996 promptissimus.
3036 4921 3189 4996 Felix
3215 4930 3451 4994 profecto
3482 4930 3582 4996 (ait
3613 4930 3776 4984 Sere-

2192 5005 2282 5069 rus
2308 4991 2593 5069 Sulpicius)
2623 4995 2667 5047 si
2695 5010 2795 5069 non
2824 5009 2976 5062 prauo
3001 4994 3165 5069 studio
3188 4991 3501 5069 corrupisset
3527 5002 3775 5069 οριὶιιιηι

2192 5061 2447 5130 ingenium
2470 5080 2491 5126 ;
2528 5061 2737 5137 prorsus
2766 5061 2830 5116 in
2848 5080 2907 5137 eo
2938 5064 3095 5137 multa
3123 5065 3282 5137 animi
3307 5075 3356 5118 et
3384 5061 3617 5137 corporis
3640 5071 3777 5123 bona

2191 5148 2413 5185 cerneres
2434 5172 2448 5195 ,
2486 5134 2575 5209 sed
2606 5136 2739 5187 idem
2782 5134 3109 5209 certissimus,
3130 5143 3197 5209 _et
3228 5134 3343 5209 plus
3365 5134 3517 5205 justo
3543 5140 3779 5209 inﬂatior

2189 5217 2357 5277 rerum
2388 5204 2720 5277 profanarum
2749 5204 3092 5277 sci_entia_(a).
3121 5202 3266 5277 Cum
3279 5202 3443 5277 211
3477 5202 3609 5276 ergo
3636 5210 3680 5263 is
3719 5210 3781 5265 in

2190 5273 2495 5347 societatem
2520 5274 2620 5347 sibi
2643 5273 2925 5347 quemdam
2949 5274 3178 5328 Marcum
3201 5273 3517 5347 .‘Eﬁptﬁtm
3543 5273 3783 5334 ascivis-

2181 5352 2281 5406 set,
2307 5343 2373 5414 ab
2394 5358 2459 5397 eo
2480 5345 2657 5398 omnia
2685 5344 2915 5399 facinora
2940 5355 3095 5414 atque
3117 5343 3361 5413 portenta
3386 5362 3453 5401 ex
3476 5346 3782 5403 Gnostico-

2179 5428 2296 5490 rum
2326 5413 2841 5490 manichaeortrmque
2867 5413 3027 5470 sectis
3054 5416 3364 5490 prodeuntia
3390 5416 3575 5473 hausit
3605 5431 3787 5490 atque

2182 5484 2360 5559 animo
2390 5486 2619 5559 imbibit.
2660 5486 2796 5559 _T_um
2821 5526 2836 5550 ,
2868 5497 3211 5559 utrorumque
3254 5486 3598 5556 dogmatibus
3639 5484 3787 5559 pro-

2180 5555 2311 5637 priis
2336 5553 2529 5611 additis
2552 5555 2995 5637 flagitiiSLnoy-am
3015 5556 3067 5610 in
3086 5553 3269 5637 orbem
3300 5553 3502 5637 sectam
3519 5553 3783 5637 invexit,

504 5622 570 5681 de
599 5623 913 5680 l’riscilliani
940 5623 1044 5677 vita
1088 5622 1458 5692 corruptisque
1484 5623 1721 5679 moribus
1747 5636 1905 5693 agere
1933 5637 2083 5711 prie-7
2134 5708 2138 5711 τ
2181 5622 2236 5683 in
2272 5641 2374 5698 qua
2415 5622 2729 5699 promiscuae
2764 5622 3033 5696 libidines,
3065 5634 3273 5698 stupra,
3304 5628 3597 5701 adulteria,
3630 5622 3792 5692 oon;

573 5750 652 5816 ιο)
684 5750 915 5808 Severus
942 5752 1235 5822 Sulpicius,
1269 5750 1400 5808 nisi.
1432 5750 1526 5809 lib.
1556 5746 1617 5809 n‘.
1649 5730 1658 5753 "
