3968 6310
505 276 620 339 999

1114 271 1176 329 Ρ.
1216 266 1536 331 CACCIAR!
1573 266 2176 347 EXERCITATIONES
2214 266 2283 326 IN
2319 268 2381 327 S.
2421 268 2667 331 LEONIS
2706 268 2920 329 MAGNI
2958 271 3218 331 OPERA.

3646 272 3767 337 1000

512 389 802 458 centiores,
824 389 891 445 ad
922 389 1177 444 Romanae
1206 389 1348 445 sedis
1364 387 1739 444 auctoritatem
1770 385 2096 456 sngustiori-
2120 386 2176 449 Α
2200 384 2299 439 bus
2329 385 2526 443 Idatius
2557 389 2843 444 resistendi
2875 392 3114 446 animum
3145 388 3373 457 habens,
3398 384 3543 445 'nibil
3580 390 3631 446 in
3658 396 3767 451 teli.

513 464 612 520 bus
642 464 835 519 ﬁnibus
859 462 1301 532 restringendam.
1327 460 1700 515 conﬁciuntur.
1734 459 1837 513 Sed
1879 458 2095 532 Priscil-

512 536 715 590 lianum
747 534 885 602 apud
913 531 1193 588 Damasum
1235 534 1533 587 Romanum
1579 532 1883 601 pontiﬁcem
1916 531 2016 584 sibi
2043 538 2099 585 et

513 609 780 663 sociorum
800 605 1259 675 cariemmuniinen
1277 616 1329 659 et
1344 604 1585 674 praesidia
1600 617 1911 673 comparare
1926 605 2097 656 uisum

512 679 677 733 fuisse
712 676 1193 745 exploratissimum
1235 686 1337 732 est.
1370 676 1527 740 Nam,
1569 688 1788 730 auctore
1835 675 2095 742 Sulpicio,

512 749 587 815 hi,
622 750 710 803 ubi
754 748 977 803 Romam
1019 764 1331 817 pervenere,
1376 747 1604 801 Damaso
1642 760 1699 802 se
1741 762 1968 816 purgare
2004 761 2099 799 cu-

549 821 743 884 ientes,
774 836 840 875 ne
866 823 916 874 in
945 829 1291 888 conspectum
1321 820 1537 887 quidem
1569 818 1684 885 ejus
1712 819 1929 871 admissi
1949 826 2094 871 sunt.

550 836 743 884 tentes,
774 836 840 875 ne
866 838 916 874 Ill
945 836 1291 888 conspectum
1321 836 1537 887 quidem
1569 836 1684 885 ejus
1712 836 1929 871 admissi
1949 836 2094 871 sum.

511 836 695 960 Reque
720 891 897 945 obstat
941 892 997 946 S.
1030 891 1360 961 pontiﬁcem,
1410 891 1502 944 illo
1529 890 1720 957 spiritu
1750 890 1967 943 ductum
2003 889 2097 958 qui

511 964 563 1017 in
612 963 751 1016 Petri
800 964 1201 1017 successoribus
1244 976 1457 1029 semper
1504 972 1945 1030 perseveraturus
1988 968 2090 1027 est,

511 1034 846 1089 laudatorum
878 1034 1156 1088 hominum
1191 1036 1419 1101 injustos
1447 1041 1672 1087 conatus
1708 1034 1888 1087 irritos
1916 1032 2095 1085 reddi-

511 1105 676 1171 disse,
703 1106 847 1159 nnllo
875 1105 1022 1159 aditu
1055 1120 1273 1174 prorsus
1306 1105 1603 1173 purgationi
1634 1104 1945 1158 eorumdem
1977 1118 2097 1172 per-

510 1180 695 1231 misso.
746 1178 878 1230 Nam
926 1177 1016 1229 ille
1065 1177 1301 1245 ipsorum
1349 1176 1399 1229 in
1456 1174 1652 1230 Urbem
1698 1176 1975 1235 adventus.
2033 1184 2094 1229 ut

509 1263 721 1301 causam
780 1248 1042 1314 dicerem,
1076 1249 1364 1301 maximum
1388 1247 1877 1315 solidissimumque
1898 1254 1979 1301 est
2008 1260 2097 1299 ar-

508 1328 821 1385 gumentum
852 1319 1225 1387 episcOporum
1249 1328 1673 1386 caeterorumque
1701 1334 1911 1381 causas,
1930 1331 2096 1385 syno-

509 1390 957 1444 daltbnsdeeretis
972 1390 1079 1457 jam
1099 1390 1163 1442 ad
1187 1392 1388 1443 exitum
1407 1390 1707 1456 perductas,
1727 1388 2090 1442 Romanorum

509 1462 819 1530 pontiﬁcum
857 1463 1175 1515 auctoritate
1203 1464 1393 1514 iterum
1432 1462 1745 1528 recognosci
1773 1471 1827 1513 et
1860 1460 2090 1529 judicari

509 1534 766 1599 pomisse.
801 1532 924 1586 Haec
949 1542 1124 1586 autem
1166 1532 1352 1585 leviter
1387 1532 1625 1585 delibare
1657 1532 1871 1599 placuit,
1906 1546 1973 1585 ne
2001 1546 2094 1585 re-

509 1604 805 1657 centiorum
837 1603 1276 1672 dogmatistarum
1306 1601 1601 1657 disserendi
1635 1605 1768 1655 ratio
1797 1618 1895 1657 nos
1928 1603 2093 1657 latere

508 1674 777 1728 videretur
803 1676 901 1742 (a).
924 1674 1039 1727 Jam
1064 1689 1190 1728 vero
1212 1674 1478 1743 prioribus
1503 1675 1781 1728 conatibus
1800 1674 2089 1739 frustratis,

509 1746 573 1798 ad
608 1760 773 1800 novos
807 1746 1170 1800 Priscillianus
1192 1755 1246 1798 et
1278 1746 1562 1799 Instantius
1586 1745 1821 1799 animum
1854 1756 2090 1811 vertere,

508 1824 563 1871 ut
591 1832 716 1871 mox
743 1832 808 1871 ex
832 1817 1179 1887 sequentibus
1209 1820 1527 1871 innotescat.

1155 1947 1385 2003 CAPUT
1427 1948 1517 2002 IV.

508 2046 787 2102 Gratianus
827 2046 1123 2113 imperator,
1162 2060 1195 2096 a
1234 2041 1539 2095 Macedonio
1569 2042 1965 2105 circumventus.
1997 2040 2093 2096 Ιη-

575 2120 821 2171 stantium
847 2127 895 2170 et
918 2116 1311 2169 Priscillianum
1338 2114 1443 2167 suis
1472 2113 1676 2166 sedibus
1708 2114 1906 2167 restitui
1925 2114 2094 2183 jubet.

576 2190 654 2241 De
707 2187 935 2240 Brutone
990 2186 1312 2239 Trevirorum
1366 2187 1623 2249 episcopo,
1669 2184 1913 2251 illiusque
1956 2184 2094 2237 sedis

573 2259 765 2311 honore
784 2268 829 2310 et
853 2258 1224 2329 prati-agminis.
1253 2253 1511 2309 Blondellt
1537 2267 1583 2308 et
1607 2254 1921 2310 Tillemontii
1947 2255 2098 2326 falsa:

575 2333 883 2401 conjectures
911 2330 1233 2399 rejiciuntur.

576 2445 627 2500 1.
668 2444 903 2499 Necdum
935 2451 1135 2505 tamen,
1160 2452 1279 2511 post
1304 2457 1519 2512 gravem
1562 2443 1833 2511 repulsam
1871 2458 2031 2513 quam
2062 2458 2094 2498 a

506 2517 736 2571 Damaso
787 2532 919 2584 papa
974 2516 1263 2568 Instantius
1319 2523 1374 2569 et
1430 2514 1795 2568 Priscillianus
1853 2515 2094 2584 episcopi

506 2590 647 2657 passi
679 2590 913 2651 fuerant,
958 2586 1024 2639 ad
1053 2586 1266 2655 plenum
1300 2587 1521 2639 exitium
1554 2601 1639 2639 res
1660 2602 1780 2638 suas
1810 2586 2093 2649 perductas

506 2656 623 2714 esse
652 2659 947 2712 credidere.
981 2658 1110 2721 Sed,
1139 2671 1394 2711 consueta
1423 2660 1796 2711 haereticorum
1826 2656 2094 2712 obstinata

504 2730 713 2784 vafritie
738 2730 1022 2793 dominati,
1056 2731 1230 2783 adhuc
1270 2744 1381 2781 SUIS
1418 2730 1573 2781 malis
1599 2736 1654 2782 et
1682 2728 1873 2782 exsilio
1898 2730 2093 2796 quibus

504 2803 858 2872 gravabantur
888 2801 1430 2872 mederiicupientes,
1471 2815 1666 2872 novum
1716 2800 2094 2865 excogitarunt

504 2870 782 2928 consilium
819 2890 831 2924 :
866 2870 992 2925 illud
1035 2871 1299 2935 videlicet,
1341 2880 1399 2924 ut
1441 2871 1799 2924 Mediolanum
1842 2872 2091 2938 regrede-

502 2955 708 3008 rentur,
751 2958 884 2996 vana
917 2943 1054 2997 forte
1089 2942 1315 3008 quadam
1355 2956 1451 3011 spe
1484 2942 1697 2995 adducti
1739 2957 1768 2993 a
1808 2956 1999 3010 magno
2028 2943 2094 2996 il-

502 3013 604 3069 lius
641 3014 897 3070 Eoi-ledae
925 3015 1162 3067 antistite
1194 3014 1480 3067 Ambrosio
1510 3028 1570 3067 se
1614 3014 1665 3065 in
1706 3012 2089 3071 catholicorum

501 3088 932 3140 communionem
964 3085 1319 3152 recipiendos.
1364 3084 1476 3151 Qua
1527 3095 1703 3137 tamen
1744 3084 2093 3150 persuasione

501 3159 602 3234 duo
620 3157 719 3234 soli
749 3156 1008 3224 episcopi,
1034 3156 1319 3234 Instantius
1349 3154 1597 3209 vidi-licet
1626 3154 2085 3234 etiPriscillianus‘,
2116 3170 2163 3234 ρ

500 3230 859 3290 ducebantur;
907 3242 1004 3281 nec
1045 3227 1187 3281 enim
1232 3237 1340 3280 tum
1389 3236 1505 3279 erat
1542 3228 1770 3295 amplius
1813 3236 2087 3293 superstes

498 3301 631 3354 alius
662 3304 946 3368 episcopus
970 3297 1282 3368 eorutndem
1315 3297 1596 3351 criminum
1626 3309 1676 3351 et
1702 3297 1969 3352 hmreseos
1999 3314 2088 3352 so-

500 3375 611 3425 cius
643 3367 942 3429 Salvianus,
970 3371 1057 3435 qui
1078 3373 1128 3421 in
1156 3367 1290 3423 Urbe
1309 3370 1418 3436 jam
1444 3368 1652 3440 obierat.
1682 3368 1785 3421 Sed
1815 3384 1903 3423 res
1930 3370 2087 3440 longe

498 3442 655 3496 aliter
683 3458 744 3493 ac
786 3443 1141 3508 opinabantur
1171 3451 1484 3493 evenerunt.
1519 3438 1650 3491 Nam
1698 3450 1973 3507 comperta
2017 3438 2085 3496 ab

499 3513 786 3567 Ambrosio
816 3513 1036 3564 Bouianl
1064 3511 1331 3578 pontiﬁcis
1361 3509 1551 3578 agendi
1576 3511 1802 3573 ratione,
1826 3527 1977 3580 aeque
2004 3516 2086 3566 eis

499 3584 771 3635 adversari
819 3582 1003 3647 erepit,
1048 3581 1251 3633 facinus
1287 3581 1661 3647 gravissimum
1706 3593 1962 3649 reputans
1989 3598 2085 3638 eos

498 3654 688 3708 audire
728 3653 810 3705 vel
852 3651 905 3704 in
935 3651 1370 3707 communionem
1416 3652 1723 3717 suscipere,
1778 3666 1914 3719 quos
1956 3668 2087 3719 apo-

497 3725 686 3795 stolica
716 3722 773 3776 S.
818 3722 961 3795 Petri
990 3721 1570 3795 sedesdexltorruerat.
1616 3721 1748 3795 Tum
1790 3724 1885 3791 (ait
1920 3725 2085 3795 218

498 3795 637 3848 idem
662 3793 952 3863 Sulpicius)
982 3791 1341 3845 Priscillianus
1363 3801 1407 3844 et
1432 3790 1721 3844 Instantius
1749 3790 2084 3848 veneriae;-

497 3867 637 3927 silia,
691 3877 741 3916 ut
782 3866 903 3931 quia
930 3867 1130 3917 duobus
1151 3864 1425 3931 episcOpis,
1460 3879 1676 3931 quorum
1710 3880 1767 3936 ea
1789 3872 2084 3936 tempestate

495 3952 695 3991 summa
723 3936 1001 3989 auctoritas
1032 3946 1137 3987 erat
1172 3952 1276 3988 non
1300 3936 1587 4001 illuserant,
1609 3935 1875 4005 largiendo
1897 3946 1945 3990 et
1964 3954 2080 3991 am-

495 4009 676 4061 biendo
704 4011 767 4061 ab
796 4009 1103 4075 imperatore
1128 4012 1302 4075 cupita
1325 4016 1698 4076 extorquerent.

566 4078 619 4133 Ξ.
664 4079 741 4133 Eo
785 4088 1026 4145 tempore
1069 4089 1250 4132 autem
1290 4078 1463 4131 adhuc
1502 4077 1856 4147 imperialium
1898 4096 2078 4136 rerum

493 4165 701 4205 summa
734 4154 845 4219 ipse
886 4149 1172 4205 Gratianus
1212 4150 1533 4220 patiebatur,
1566 4149 1706 4217 apud
1734 4166 1890 4218 quem
1924 4155 2079 4208 malis

493 4224 698 4277 artibus
724 4224 891 4287 magis
925 4236 1083 4292 quam
1123 4224 1442 4292 auctoritate
1488 4223 1827 4292 Macedonius
1873 4223 2077 4278 ofﬁcio-

492 4308 612 4348 rum
652 4298 903 4362 magister
948 4308 1067 4347 cnm
1116 4291 1453 4359 praevaleret,
1492 4307 1616 4347 eum
1661 4291 1818 4349 facile
1860 4293 1912 4347 in
1957 4309 2077 4350 eam

492 4366 895 4433 persuasionem
942 4363 1180 4429 adduxit,
1232 4372 1311 4425 ut,
1366 4374 1619 4417 revocato
1671 4372 1830 4431 atque
1876 4364 2077 4421 abolito

490 4440 673 4505 priore
704 4437 753 4488 in
796 4434 1186 4489 Priscillianum
1211 4436 1458 4488 etsocios
1484 4434 1656 4489 exsilii
1684 4434 1926 4502 decreto,
1956 4439 2075 4492 edi-

492 4518 641 4561 ceret
674 4515 731 4559 ut
770 4508 988 4559 sedibus
1017 4520 1045 4556 a
1082 4506 1273 4572 quibus
1322 4510 1469 4571 prius
1508 4506 1743 4571 jusserat
1797 4509 2071 4563 exturbari

490 4577 922 4631 restituerentur.
975 4574 1150 4629 Grave
1201 4576 1437 4643 profecto
1481 4586 1536 4631 et
1585 4580 1815 4630 immane
1869 4580 2073 4635 facinus

490 4650 633 4702 istuc
673 4647 741 4700 ab
780 4645 1025 4700 omnibus
1066 4657 1367 4713 reputatum
1406 4657 1506 4703 est.
1550 4647 1826 4716 Siquidem
1858 4649 2071 4704 Gratia-

487 4734 612 4784 nus,
652 4720 848 4784 alioqui
878 4716 960 4770 vir
990 4718 1269 4786 religiosus
1299 4728 1353 4772 et
1383 4720 1632 4788 princeps
1666 4721 1896 4774 maxime
1928 4723 2069 4789 pius,

487 4792 555 4845 ab
596 4791 840 4858 improbo
865 4788 1159 4843 officiorum
1190 4791 1443 4859 magistro
1472 4792 1887 4859 circumventus,
1925 4788 1974 4845 in
2000 4788 2066 4847 il-i

486 4861 597 4916 lum
630 4862 970 4915 temerarium
1000 4876 1186 4914 ausum
1220 4864 1495 4929 prolapsus
1517 4874 1619 4926 est,
1648 4876 1701 4914 ut
1724 4878 1829 4916 non
1865 4874 2070 4919 tantum

487 4934 845 5002 precedentia
878 4932 1093 4987 decreta
1122 4934 1456 4986 sanctissime
1484 4948 1513 4986 a
1542 4947 1601 4987 se
1623 4934 1762 4987 edita
1789 4936 1840 4987 in
1864 4936 2068 4991 irritum

483 5007 721 5059 mitteret
759 5019 823 5057 ac
871 5004 1094 5067 deleret,
1140 5018 1325 5059 verum
1368 5007 1527 5057 etiam
1576 5006 2069 5075 Caesaraugustanze

481 5076 720 5145 synodo,
766 5075 952 5143 Magno
981 5076 1265 5127 Ambrosio
1299 5082 1362 5147 et
1400 5075 1644 5129 Romano
1673 5082 1768 5144 ipsi
1806 5080 2065 5147 pontiﬁci,

481 5156 536 5200 et
556 5147 656 5218 sibi
688 5146 850 5218 (quod
872 5147 1086 5216 gravius
1112 5149 1217 5211 est)
1249 5145 1519 5218 adversari
1548 5149 1796 5201 voluerit.

552 5216 863 5272 Ιιειξιεὼυηόί
889 5233 1016 5285 ergo
1046 5216 1333 5270 Instantius
1374 5228 1428 5272 et
1475 5218 1837 5273 Priscillianus
1869 5222 1937 5276 ob
1965 5223 2067 5279 im-

477 5288 743 5364 peratoris
774 5288 1011 5364 Gratiani
1044 5291 1092 5364 i_n
1125 5303 1219 5343 eos
1235 5289 1558 5364 _Ienitatem,
1594 5290 1876 5357 Hispanias
1909 5310 2064 5364 repe-

478 5371 596 5414 tere
627 5362 854 5414 diunon
902 5360 1178 5415 distulere.
1224 5360 1339 5428 Quo
1387 5360 1619 5426 tandem,
1656 5364 1869 5418 ineunte
1918 5360 2061 5423 anno

476 5430 606 5499 585,
642 5429 886 5501 profecti,
918 5446 1044 5486 suas
1072 5440 1334 5501 occupant
1366 5432 1699 5503 episcOpales
1730 5436 1904 5503 sedes,
1938 5441 2059 5508 qui-

556 5571 641 5659 (a),
676 5570 887 5659 Videsis
910 5573 1387 5659 quaginfradi‘cturi
1408 5580 1670 5659 sumus_i_n
1694 5587 1869 5659 causis
1898 5588 2066 5659 Euty-

478 5642 675 5730 cbetis,
697 5642 964 5730 Flaviani,
984 5646 1201 5730 Eusebii
1224 5648 1476 5730 Durylaei,
1503 5661 1558 5730 et
1579 5652 1887 5730 Tlieodoriti
1913 5642 2065 5730 Cyri,

476 5714 670 5836 2::
689 5717 1034 5783 apostolicam
1072 5719 1255 5776 sedem
1286 5714 1483 5779 Leonis
1508 5723 1684 5797 Magni
1724 5744 1841 5785 aevo
1872 5714 2067 5802 pro‘vo;

2123 1786 2175 1846 B

2203 458 2377 528 gionis
2391 461 2663 534 munimen
2686 472 2893 517 tentare
2908 464 3097 534 potuit.
3120 462 3313 534 Deerat
3326 461 3400 515 illi
3416 465 3610 534 quippe
3633 464 3767 523 facul-

2204 538 2305 594 tas,
2331 530 2453 599 quia
2481 532 2738 598 ba‘retici,
2763 530 3007 601 corrupto
3029 533 3298 588 Volventio
3318 530 3633 603 proconsule,
3657 541 3763 593 vim

2203 617 2325 655 suas
2358 605 2805 673 conﬁrmaverant.
2835 606 3022 673 Immo,
3048 622 3170 661 cum
3202 604 3291 660 tali
3326 615 3578 676 tantaque
3610 612 3763 667 saeculi

2202 683 2379 750 potent
2388 677 2434 750 ia
2451 690 2509 729 se
2527 676 2687 750 fultos
2699 677 2961 750 viderent,
2976 677 3230 750 audacter
3242 678 3399 731 nimis
3412 679 3467 732 in
3485 680 3761 750 episcopum

2200 745 2525 819 catholicum
2552 747 2809 802 ltliaciutn
2828 749 3132 819 insurgunt,
3159 748 3406 819 huncque
3426 745 3579 819 quasi
3604 745 3760 808 Eccle-

2202 817 2278 891 sia
2287 833 2403 871 rum
2421 819 2869 891 perturbatorem,
2898 817 3049 877 reum
3064 820 3202 889 apud
3219 817 3594 889 proconsulem
3611 834 3761 891 postu-

2202 886 2338 959 lant,
2384 891 2496 959 qui,
2531 890 3041 946 scelestissimorum
3074 886 3321 945 annuens
3346 903 3510 959 votis,
3540 886 3673 947 omni
3696 897 3759 950 di-

2201 958 2326 1012 vino
2366 958 2421 1014 et
2468 963 2701 1038 humano
2747 962 2895 1038 jure_
2919 964 3192 1038 sacrilege;
3223 962 3453 1038 v_io|_ato_,
3497 958 3651 1038 jubet
3690 984 3759 1038 per

2200 1038 2420 1085 atrocem
2449 1034 2825 1087 exsecutionem
2864 1031 3137 1088 Ithacium’
3160 1035 3363 1087 deduci.
3401 1031 3518 1089 Sed
3554 1037 3596 1091 is
3628 1031 3758 1093 inire-

2202 1100 2623 1176 pidus_profugit
2656 1104 2991 1176 aerallias,
3033 1106 3101 1158 ibi
3145 1105 3440 1173 praefectum
3492 1105 3757 1176 Gregorium

2200 1172 2349 1249 adiit.
2381 1172 2691 1229 Ubi'autem
2721 1172 3286 1249 Gregoriuspraetorii
3318 1172 3613 1234 Galliarum
3652 1196 3757 1249 pra-

2202 1241 2372 1297 fectus
2406 1260 2586 1317 rerum
2627 1241 2898 1314 gestaru'm
2933 1241 3130 1303 seriem
3162 1249 3405 1315 apprime
3445 1252 3611 1317 novit,
3638 1241 3756 1307 actu-

2202 1322 2315 1387 tum
2351 1317 2464 1385 rapi
2490 1316 2557 1371 ad
2581 1332 2640 1372 se
2672 1320 2941 1372 turbatum
2970 1330 3218 1372 auctores
3244 1319 3416 1387 jubet,
3446 1330 3503 1375 et
3531 1316 3755 1377 debmni-

2199 1384 2299 1440 bus
2329 1384 2543 1441 interim
2575 1392 2806 1444 certiore
2835 1392 2971 1444 l'acto
2998 1384 3340 1458 imperatore,
3368 1384 3517 1446 hunc
3542 1394 3753 1449 adhorta-

2203 1465 2292 1510 tur
2318 1468 2379 1511 ut
2414 1459 2682 1514 luet-elicis
2726 1462 2862 1514 viam
2895 1460 3151 1514 ambiendi
3186 1463 3547 1526 prtzcluderet.
3590 1467 3680 1521 Sed
3711 1468 3750 1518 id

2201 1527 2396 1595 frustra
2421 1530 2518 1604 fuit
2545 1530 2782 1599 (subjicit
2803 1531 2943 1587 idem
2970 1530 3246 1604 Severus),
3276 1534 3397 1603 quia
3420 1552 3519 1604 per
3537 1537 3749 1590 libidinem

2200 1609 2245 1677 et
2273 1602 2551 1677 potentiam
2580 1619 2860 1677 paucorum
2886 1612 3068 1677 cuncta
3114 1602 3185 1656 ibi
3209 1602 3599 1677 venulja‘erant.
3624 1609 3749 1677 Igitur

2202 1670 2440 1747 haeretici
2468 1670 2585 1747 suis;
2603 1674 2821 1736 artibus,
2853 1674 3045 1747 grandi
3070 1675 3285 1743 pecunia
3308 1674 3617 1747 acedonio
3635 1670 3743 1747 data,

2202 1741 2534 1822 obtinent-ut,
2566 1745 2822 1822 imperiali
2850 1741 3155 1822 auctoritate
3181 1746 3429 1822 prcefecto
3468 1761 3648 1822 erepta,
3684 1741 3745 1805 co;

2207 1814 2383 1888 gnitioi
2421 1811 2800 1883 Hispaniarum
2844 1816 3037 1888 vicario
3085 1811 3440 1888 (Marianeno)
3489 1811 3744 1886 traderetur,

2208 1887 2472 1964 numjam
2513 1889 2873 1964 proconsulem
2910 1886 3095 1964 (labere
3132 1886 3543 1964 .dgsierantlb).
3592 1898 3741 1964 Atque,

2208 1956 2388 2009 missis
2411 1956 2668 2026 praeterea
2699 1973 2727 2011 a
2753 1958 3063 2014 Macedonio
3082 1958 3150 2013 ad
3174 1956 3427 2015 Treviros
3453 1956 3643 2020 militia
3658 1956 3744 2020 tu;

2209 2027 2454 2093 cialibus,
2480 2029 2569 2097 qui
2602 2044 2695 2098 per
2731 2031 2841 2083 vim
2883 2046 2950 2085 ex
2977 2045 3040 2085 ea
3066 2032 3199 2085 urbe
3231 2030 3500 2089 Ithacium
3544 2042 3743 2092 extrahe-

2205 2107 2348 2161 rent,
2379 2114 2610 2166 eumque
2635 2101 2699 2153 ad
2728 2101 2900 2155 dirum
2930 2102 3266 2156 subeundum
3297 2104 3660 2161 haereticorum
3680 2108 3743 2163 fu-

2204 2183 2382 2223 rorem
2417 2172 2467 2224 iu
2502 2170 2781 2240 Hispanias
2810 2173 3151 2241 reducerent,
3174 2174 3375 2228 restitit
3399 2185 3572 2233 tamen
3595 2180 3743 2234 Trevio

2203 2254 2385 2315 rorum
2414 2243 2717 2315 episcopus,
2749 2246 2859 2312 qui,
2904 2244 3094 2299 fraude
3121 2256 3421 2315 comperta,
3461 2251 3585 2303 mira
3612 2252 3741 2306 animi

2204 2312 2483 2383 prudentia
2513 2324 2675 2383 atque
2700 2315 3019 2370 sacerdotali
3059 2312 3360 2371 constantia
3384 2332 3504 2374 cum
3532 2322 3737 2377 Macedo-

2202 2382 2278 2458 nii
2313 2382 2667 2458 imperialium
2695 2385 2994 2440 ofﬁciorum
3025 2388 3284 2456 magistri,
3322 2398 3431 2443 tum
3458 2391 3602 2458 hujus
3624 2395 3735 2449 mili-

2201 2455 2305 2531 ti:e_
2326 2453 2630 2531 oflicialium
2664 2458 2938 2526 improbos
2961 2453 3364 2531 elusit—conatus
3383 2453 3538 2531 atque
3554 2466 3737 2522 evertit.

2272 2527 2325 2580 5.
2370 2525 2511 2580 Inter
2558 2525 2783 2582 caeteros
2835 2531 2994 2596 igitur
3040 2530 3319 2585 catholica:
3364 2525 3483 2589 ﬁdei
3534 2537 3737 2592 vindices

2200 2594 2496 2651 Brittonem
2528 2594 2875 2654 Trevirorum
2901 2603 3212 2670 episcopum
3262 2616 3367 2656 non
3406 2604 3615 2660 inﬁmum
3658 2617 3731 2660 te-

2201 2682 2332 2722 nere
2371 2669 2544 2743 locum
2587 2674 2716 2723 satis
2754 2669 2987 2726 arbitror
3023 2669 3099 2727 ex'
3138 2688 3265 2728 mox
3304 2676 3447 2729 dictis
3480 2690 3584 2730 esse
3612 2691 3718 2743 per-

2198 2749 2460 2816 spectum.
2498 2740 2573 2795 De
2596 2743 2823 2816 eogcnim
2848 2744 3015 2816 verba
3041 2743 3240 2816 faciens
3258 2745 3464 2800 Severus
3482 2740 3715 2816 Sulpicius

2198 2808 2473 2882 Pritauum
2503 2814 2756 2882 appellat.
2788 2814 2893 2869 Sed
2926 2815 3222 2870 verendum
3250 2826 3322 2872 est
3357 2832 3422 2871 ne
3458 2808 3721 2874 binominis

2197 2879 2389 2955 fuerit,
2430 2879 2635 2938 aut’ne
2683 2885 2736 2939 in
2782 2887 3026 2954 ejusdem
3078 2886 3266 2942 Severi
3308 2888 3624 2955 exemplaria,
3661 2889 3726 2944 ob

2198 2952 2825 3027 quarundamhnominum
2875 2957 3218 3022 afﬁnitatem,
3275 2974 3423 3015 error
3460 2952 3737 3027 'irrepserit.

2196 3022 2330 3102 133m
2364 3030 2413 3078 in
2448 3024 2592 3081 illius
2631 3027 2885 3102 Ecclesiae
2908 3030 3110 3102 tabulis
3140 3030 3306 3085 hocce
3334 3044 3517 3087 nomen
3544 3022 3738 3102 prorsus

2197 3093 2572 3172 desideratur;
2624 3098 2718 3153 sed
2777 3100 2922 3154 aliud
2972 3114 3159 3170 parum
3213 3102 3459 3158 absimile
3504 3093 3740 3172 legimus,

2198 3165 2366 3244 Eritto
2404 3168 2690 3244 nimirum,
2739 3185 2833 3244 seu
2879 3165 3192 3238 Briitonius,
3241 3174 3333 3244 qui
3381 3188 3517 3229 anno
3551 3165 3743 3232 'Domini

2192 3234 2297 3290 574
2324 3238 2601 3295 Valentino
2632 3234 2861 3317 concilio
2886 3234 3202 3317 subscripsit
3243 3234 3283 3317 εί
3301 3244 3415 3317 Ego
3460 3245 3617 3299 Britto
3652 3248 3742 3317 epi-

2191 3324 2378 3379 scopus
2402 3320 2522 3381 opto
2548 3328 2654 3381 vos,
2695 3315 2900 3383 fratres,
2932 3315 2986 3368 in
3013 3313 3234 3368 Domino
3263 3313 3391 3369 bene
3418 3316 3597 3374 valere.
3623 3313 3742 3373 Prae-

2193 3388 2273 3452 ter
2304 3391 2482 3435 autem
2534 3384 2675 3437 illius
2733 3384 2880 3439 urbis
2938 3387 3190 3452 Annales,
3244 3386 3296 3441 id
3350 3388 3647 3452 Bollandus,
3692 3389 3744 3443 ad

2190 3450 2331 3504 diem
2362 3452 2395 3505 5
2424 3453 2543 3508 Maii
2577 3456 2796 3522 indicat,
2830 3456 3129 3513 Brittonem
3176 3450 3320 3513 inter
3346 3458 3491 3514 illius
3526 3450 3744 3515 Ecclesia:

2190 3524 2539 3600 confessores‘
2560 3541 2866 3600 recensens.
2893 3527 3224 3600 Suﬁ‘ragatur
3248 3530 3571 3587 Sirmondus
3598 3534 3643 3585 in
3668 3547 3745 3586 no-

2194 3593 2262 3647 tis
2320 3595 2789 3670 ad_Valentinum
2844 3593 3164 3666 concilium;
3223 3610 3386 3670 atque
3441 3604 3495 3657 id
3551 3603 3744 3670 denique

2188 3677 2377 3742 omues
2408 3668 2517 3722 fere
2545 3672 2836 3742 scriptores
2880 3673 3095 3739 docent,
3129 3686 3264 3742 quos
3296 3668 3439 3729 inter
3468 3668 3747 3731 Blondellus

2188 3742 2244 3789 et
2273 3736 2771 3813 :l‘tllemontiuslc).

2258 3805 2313 3859 4,
2339 3808 2443 3889 Sed
2464 3809 2573 3878 jam
2596 3805 2815 3889 miuirne
2830 3813 3210 3889 dissimulanda
3224 3824 3351 3889 sunt
3364 3832 3489 3887 quae
3504 3818 3555 3873 hi
3570 3818 3662 3873 duo
3675 3832 3745 3889 po«

2187 3879 2376 3960 stremi
2396 3891 2647 3960 auctores
2665 3885 2833 3960 219Δ
2856 3887 2924 3960 de
2945 3886 3201 3960 episcopo
3220 3879 3469 3960 Brittoue
3492 3879 3745 3960 scripsere,

2189 3957 2246 4001 ut
2270 3948 2406 4004 forte
2433 3952 2607 4006 eidem
2635 3948 3172 4031 ilic—rvpccidéntales
3197 3959 3492 4031 episcopos
3525 3948 3638 4031 post
3662 3948 3743 4015 Da;

2186 4034 2395 4102 masum
2424 4024 2851 4102 papamltonoris
2875 4038 2927 4082 et
2946 4024 3333 4102 jurisdictiOnis
3363 4024 3743 4102 praerogativam

2183 4091 2539 4169 viridicareiit.
2572 4096 2731 4151 Aiunt
2754 4096 2933 4169 itaque
2947 4091 3299 4156 Trevirorum
3328 4091 3524 4158 urbem
3548 4091 3619 4158 δι)
3642 4118 3747 4158 non-

2185 4162 2453 4216 nullorum
2485 4162 2867 4236 imperatorum
2905 4170 3089 4225 sedem
3130 4172 3327 4226 ibidem
3361 4174 3674 4229 collocatam
3702 4174 3744 4228 in

2185 4240 2386 4315 tantam
2411 4239 2631 4315 honoris
2651 4247 2713 4315 et
2731 4241 2981 4315 potentire
2996 4242 3413 4315 amplitudinem
3441 4247 3747 4315 pervenisse,

2184 4312 2242 4357 ut
2261 4307 2428 4385 etiam
2463 4308 2607 4385 illius
2631 4310 2894 4382 episcopi,
2917 4307 3201 4385 aliis,_sive
3224 4313 3275 4366 in
3305 4307 3558 4385 syno'dis,
3587 4307 3749 4371 sireis

2182 4375 2588 4455 publicis_acti_s,
2621 4375 3011 4455 prmcellerent.
3042 4375 3124 4455 Ea
3153 4375 3428 4442 autem'de
3460 4375 3621 4443 causa
3647 4386 3748 4442 sub-

2177 4449 2367 4523 jiciunt
2397 4449 2738 4523 'I‘revirorum
2766 4454 2950 4508 urbem
2981 4454 3178 4523 primas
3200 4471 3306 4510 non
3326 4466 3543 4513 tantum
3570 4461 3618 4513 in
3642 4458 3751 4515 Gal-

2101 4552 2155 4613 1)
2306 4519 2627 4613 obtinui-sse,
2658 4523 2751 4577 se‘d
2782 4515 3149 4613 in'Ili-spanias
3176 4529 3507 4613 et'Angl-iam
3531 4547 3561 4613 ;_
3584 4531 3751 4587 ibidem

2178 4599 2269 4672 aut
2305 4590 2693 4672 imperaturum
2718 4590 3147 4672 prtefectus,_aut
3183 4590 3493 4669 etiam'ipsi
3533 4590 3751 4672 impera-

2182 4670 2349 4735 tores,
2384 4679 2504 4717 cum
2557 4667 2607 4717 in
2654 4665 2842 4720 Galliis
2881 4668 3255 4735 versabantur,
3287 4665 3755 4728 com‘morari'con'

2176 4743 2404 4808 suevere
2420 4736 2651 4808 ;7quibus
2674 4738 2967 4795 ratiOuibus
2989 4738 3290 4795 Orientales
3315 4740 3511 4799 Patres
3535 4745 3752 4808 adducti,

2178 4802 2233 4855 in
2262 4802 2491 4872 epistola
2516 4807 2581 4861 ad
2613 4807 2912 4866 Romanum
2939 4812 3224 4867 concilium
3245 4828 3388 4867 anno
3424 4816 3641 4871 Domini
3668 4802 3756 4872 58f

2174 4876 2395 4955 scripta,
2415 4888 2636 4955 auctore
2663 4879 3002 4955 Theodoreto
3023 4882 3127 4955 (ά),
3162 4884 3461 4940 Brittonem
3480 4887 3757 4943 Treviren-

2176 4958 2289 4999 sem
2320 4948 2628 5005 immediate
2660 4961 2779 5021 post
2821 4948 3192 5009 Damasumet
3221 4958 3573 5013 Ambrosium
3604 4960 3758 5013 collo-

2176 5026 2321 5093 cant,
2356 5022 2611 5091 illumque
2632 5034 2758 5077 ante
2778 5024 3201 5093 Aquileiettsem,
3221 5026 3758 5087 Thessalonicensem

2174 5097 2228 5142 et
2268 5089 2631 5167 Sy‘rmiensem
2672 5089 2955 5165 episcopos
2996 5106 3255 5167 statuunt,
3300 5108 3356 5153 ut
3407 5102 3667 5157 nimirum
3703 5116 3757 5156 ea

2172 5163 2364 5235 agendi
2394 5162 2627 5232 ratione,
2658 5162 2778 5219 cum
2810 5162 2953 5223 illius
2979 5162 3257 5235 virtutem,
3285 5179 3394 5223 tum
3427 5174 3759 5229 auctoritatis

2171 5233 2574 5309 amplitudinem
2607 5238 2927 5293 indicarent.
2963 5239 3219 5307 Lepidum
3245 5233 3502 5309 profecto
3533 5258 3591 5300 et
3622 5246 3761 5299 fabu-

2168 5300 2342 5383 losum
2371 5311 2763 5386 commentum!
2800 5310 2907 5386 S_ed
2950 5300 3144 5386 mirum
3184 5300 3327 5386 qu'o_d
3358 5324 3595 5386 propter
3632 5318 3759 5369 hanc

2167 5381 2549 5457 imperatorum
2586 5381 2769 5457 sedem
2815 5382 3040 5437 Brittoni
3072 5381 3231 5457 supra
3274 5381 3579 5442 Damasum
3609 5396 3761 5457 atque

2164 5445 2510 5506 Ambrosium
2538 5451 2800 5523 primatus
2829 5445 3236 5525 praerogativam
3260 5468 3368 5512 non
3394 5445 3759 5516 asserueriiit.

2246 5591 2323 5809 Eb}
2362 5564 2592 5679 severus
2624 5599 2917 5671 Sulpicius,
2948 5602 3077 5659 ibid.

2272 5683 2298 5719 ε
2361 5667 2756 5743 Ttllemontius,
2789 5682 2921 5732 tom.
2947 5675 3059 5731 Vill

2313 5739 2334 5809 )
2378 5740 2581 5799 Theod.
2614 5745 2704 5801 lib.
2735 5761 2767 5797 v
2796 5747 2934 5803 llist.
2967 5762 3077 5809 cap.

2272 5667 2328 5749 ε).
2361 5667 2756 5749 'I;i_llem_ontius',
2789 5667 2921 5749 tom.
2947 5675 3059 5731 VIII
3088 5692 3205 5749 pag.
3236 5678 3362 5737 556.

2313 5739 2334 5810 )
2378 5740 2581 5799 Theod.
2614 5745 2704 5801 lib.
2735 5739 2767 5797 v
2796 5747 2934 5803 llist.
2967 5739 3102 5816 capf
3126 5739 3178 5804 9'.
