1984 3155
137 166 207 195 1009

135 225 178 253 cui
200 225 255 260 jatn
278 224 405 254 defuncto
417 225 561 262 Gregorius
583 227 767 263 quinquennio
786 230 847 262 post
861 226 1045 258 suc-Asunt,
1071 227 1207 263 negotium
1222 227 1371 263 facessunt.
1394 229 1428 257 Et

135 268 239 289 cessera
243 265 262 288 ι.

169 297 195 324 4.
207 296 297 332 Longe
308 304 371 332 ergo
382 297 459 326 nobis
469 298 548 326 aliam
557 298 707 326 disserendi
719 298 849 327 rationem
861 305 921 326 esse

134 332 322 368 oportuitLqui
337 332 553 362 lnnocentianam
574 333 646 361 illam
660 334 801 368 epistolam
821 340 874 361 non
886 333 920 361 ad

133 367 417 405 primam_'l‘olelanam
435 369 577 405 synodum,
602 369 649 397 sed
671 367 705 396 ad
725 369 836 405 alteram
859 375 920 405 esse

132 402 300 439 referendam
320 402 480 438 iudicamus.
504 405 533 432 id
555 404 610 438 jam
634 405 734 439 pridem
751 404 918 436 Sirmondus,

133 437 239 473 Pagina,
251 437 385 473 Petavius,
397 439 540 468 Severinus
549 437 651 473 Biiiius,
665 440 852 468 Tillemontius
862 440 921 467 alii-

132 481 189 510 que,
206 474 361 508 scriptores,
384 476 505 510 quamvis
526 483 579 504 non
604 475 698 503 iisdem
723 475 871 502 rationibus
894 480 921 502 et

131 509 290 546 coniecturis
302 509 419 543 adducti,
435 516 596 538 monuerunt
606 519 613 542 ;
625 518 738 546 quorum
753 510 799 538 alii
813 510 921 546 Toletae

131 551 192 580 nam
209 545 321 578 primam
332 546 464 580 synodum
478 546 520 574 vel
535 546 561 573 in
573 545 672 574 Christi
686 554 784 573 annum
801 546 863 578 599,
878 545 919 573 vel

131 579 158 607 in
170 584 326 616 sequentem
348 579 519 616 rejiciendam
542 589 603 609 esse
622 581 806 609 rationabilius
820 581 919 609 docue-

130 621 201 649 runt,
215 615 249 643 de
263 623 313 650 qua
330 615 383 643 nos
398 616 557 644 luculentius
578 617 713 645 disserere
736 617 918 651 praetermitti-

132 658 202 687 mus,
216 659 277 679 cum
290 651 345 687 jam
359 651 495 679 difficilius
509 652 578 679 aliud
593 652 727 687 quidpiam
741 657 769 680 et
781 652 918 679 obscurius

129 686 208 714 nobis
222 686 417 720 expediendum
435 688 551 721 supersit
564 697 569 713 :
581 686 673 715 earum
687 695 775 715 rerum
794 687 918 715 videlicet

129 721 268 758 inquisitio
291 729 350 757 quas
372 722 450 755 hujus
470 723 563 756 prima:
575 723 711 751 Toletanm
732 723 858 758 cogenda:
871 730 917 758 sy-

129 756 192 784 nodi
200 756 328 790 Patrono,
338 764 386 785 seu
395 758 521 785 Patruino
528 759 695 786 occasionem
706 756 812 786 dedere.
823 756 918 786 Multas

129 798 211 826 porro
224 792 447 827 gravissimasque
463 801 558 822 causas
571 793 654 822 fuisse
672 793 741 821 illius
753 794 804 821 aevi
820 801 916 821 monu-

129 831 219 854 menta
229 835 287 862 quae
303 829 534 862 supersuntgnobis
551 829 724 863 persuadent;
742 837 805 863 quas
823 837 917 856 recen-

129 869 191 889 sere
204 869 263 890 cum
281 863 406 890 Ecclesiar
422 865 566 898 scriplores
588 864 714 891 hactenus
738 865 913 898 neglexerint,

129 905 179 925 nos
194 905 348 939 percurrere
362 900 498 947 cogimur,l
512 907 545 926 ne
559 900 583 926 in
604 900 752 947 ascita-inice
768 904 812 940 aut
827 900 916 947 nimiis:
933 916 954 947 Β

130 934 307 961 eonniventim
321 939 408 960 notam
430 934 585 961 incidamus.
603 934 674 961 illius
690 935 777 968 itaque
794 936 819 961 in
836 935 915 962 Tole-

129 972 195 1003 tanaA
204 969 268 1003 urbe
277 969 380 995 concilii
392 969 506 995 habendi
518 976 624 995 causam
638 970 783 1003 principem
796 971 913 997 schisma

125 1001 259 1034 quoddam
274 1003 459 1036 gravissimum
480 1012 511 1030 ex
529 1004 693 1036 Priscilliana
707 1001 793 1032 ortum
818 1006 913 1033 haeresi

124 1036 218 1073 ﬁtisse,
234 1043 324 1065 notum
340 1044 367 1065 et
378 1044 544 1073 perspectum
560 1040 685 1067 omnibus
704 1048 765 1068 esse
778 1042 911 1069 volumus.

123 1070 217 1099 Fuerit
233 1080 296 1100 vero
314 1070 383 1101 illud
393 1070 462 1109 idem
483 1074 554 1109 quod
571 1074 704 1103 lthaciana
719 1075 799 1103 factio
814 1077 914 1104 excita—

123 1112 210 1142 verat,
224 1116 257 1135 an
272 1109 360 1146 potius
373 1108 457 1143 aliud,
470 1108 524 1137 non
539 1110 604 1137 satis
617 1111 758 1145 perspicue
768 1112 854 1139 evinci
867 1119 914 1146 po-

124 1147 196 1170 test:
208 1151 289 1181 unum
305 1143 444 1181 dumtaxat
467 1143 635 1181 notissimum
650 1143 727 1181 teque
749 1154 781 1174 ac
796 1143 914 1174 certissi-

122 1185 206 1210 mum,
230 1179 266 1216 ita
289 1180 484 1216 ecclesiasticas
496 1179 690 1216 Hispaniarum

121 1214 266 1250 resrquoiad
281 1214 388 1250 dogma,
415 1215 503 1250 quoad
523 1214 622 1250 mores,
637 1224 706 1250 quoa

121 1256 155 1276 ex
170 1249 212 1288 illa
227 1249 393 1288 Priscilliana
406 1249 450 1278 lue
464 1251 593 1288 turbatas,
605 1255 635 1288 ei
646 1249 794 1288 iabeiactas
814 1249 910 1288 fuisse,

120 1285 280 1322 ut_episcopi
294 1286 375 1314 etiam
390 1293 422 1313 ac
432 1286 522 1314 caeteri
530 1287 662 1322 clericalis
672 1287 773 1315 ordinis
784 1285 911 1322 ministri,

119 1327 136 1346 a
148 1320 200 1358 S$_._
209 1320 317 1358 Patrum
332 1322 431 1357 regulis
442 1321 627 1354 abscedentes,
639 1322 710 1358 quod
722 1323 807 1358 magis
817 1320 911 1351 eorum

118 1355 217 1383 studiis
234 1355 342 1393 favebat
362 1355 548 1393 sequerentur.
564 1355 821 1393 Tanta'quippe'eos
840 1359 912 1387 inter

119 1396 184 1427 erat,
198 1392 347 1419 animorum
369 1392 502 1420 discordia
517 1397 544 1420 et
558 1392 695 1420 dissimilis
712 1392 808 1427 agendi
832 1394 910 1426 ratio,

119 1431 151 1453 ut
165 1426 222 1463 sine
237 1427 291 1454 ullo
304 1435 414 1462 prorsus
437 1428 541 1456 delectu
557 1428 717 1462 poenitentes
731 1426 910 1463 susciperent,

118 1462 253 1498 conjugali
271 1463 378 1490 vinculo
392 1463 525 1498 alligatos,
545 1464 587 1490 vel
602 1463 766 1491 concubinas
779 1462 911 1492 habentes

119 1496 245 1531 ﬁliosque
254 1496 483 1532 procreantcsfad
494 1499 609 1531 majores
624 1505 716 1534 sacros
730 1499 838 1526 ordines
850 1507 911 1534 pro-

119 1538 274 1564 moverent;
291 1533 414 1568 Bigamos
426 1538 452 1560 et
463 1534 583 1561 saeculari
597 1533 698 1561 militia:
709 1534 841 1566 addictos.
854 1542 910 1562 ser-

117 1574 224 1603 vosque
237 1568 353 1596 dominis
364 1569 508 1604 obligatos,
521 1568 554 1596 ad
568 1568 749 1596 ecclesiastica
761 1570 909 1598 ministeria

117 1608 299 1632 assumerent.
318 1604 370 1631 Alii
388 1612 448 1631 cum
464 1604 600 1639 sacrilegis
617 1608 644 1631 et
656 1605 826 1632 anathemate
845 1613 908 1639 per-

116 1639 206 1677 eussis
228 1639 312 1677 libere
331 1639 579 1677 communicabant;
608 1639 652 1677 alii
673 1647 687 1666 a
700 1640 814 1677 propriis
828 1641 909 1677 228

117 1675 275 1710 recedentes
291 1675 430 1708 Ecclesiis,
445 1676 516 1702 unde
527 1675 754 1709 egressi'fueranl,
765 1676 815 1702 sub
826 1675 909 1710 depol

116 1709 224 1746 sitionis
238 1717 317 1745 paena
341 1710 429 1737 redire
444 1717 497 1746 non
512 1710 685 1746 cogebantur.
703 1710 756 1737 Alii
779 1709 906 1746 denique,

118 1744 162 1772 vel
185 1744 369 1778 religiosaruin
386 1745 534 1780 puellarum
549 1744 746 1777 familiaritate,
769 1746 811 1773 vel
831 1744 907 1774 sacra

115 1780 213 1816 synaxi
226 1781 415 1814 abutebantur,
432 1781 618 1816 episcoporum
635 1781 908 1816 presbyterorumque

115 1814 304 1852 defunctorum
320 1814 476 1851 superstites
491 1814 588 1844 uxores
603 1814 653 1852 sibi
673 1814 797 1851 conjugio
810 1814 907 1852 adjun-

114 1850 226 1887 gebant,
251 1857 331 1886 atque
345 1850 371 1879 in
386 1856 424 1879 tot
439 1857 565 1887 tantaque
586 1851 638 1879 alia
653 1859 705 1879 non
724 1850 907 1880 ininoris‘mo-

113 1886 201 1913 ntenti
215 1886 332 1915 facinora
347 1887 567 1922 prolabebantur,
593 1893 621 1914 ut
639 1894 691 1914 non
705 1892 808 1915 tantum
822 1895 906 1916 cano-

114 1929 183 1949 num
197 1924 349 1950 sanctiones
359 1931 392 1950 ex
402 1922 532 1950 malorum
547 1923 642 1954 abusu,
652 1923 699 1950 sed
710 1924 802 1957 etipsa
816 1924 905 1951 divina

113 1958 317 1993 apostolieaque
341 1963 472 1993 praecepta
497 1965 604 1992 pessum
627 1958 743 1985 abirent.
763 1959 815 1986 Sed
830 1963 859 1986 et
872 1959 906 1987 de

113 1991 213 2028 iisdem
228 1991 309 2021 rebus
330 1991 409 2028 paulo
429 1991 505 2021 ante,
515 1993 586 2020 aliud
607 2001 621 2019 a
637 1993 772 2020 Lusitanis
786 1994 906 2021 habitum

113 2027 201 2055 fuisse
214 2027 356 2057 concilium
373 2029 510 2063 sequentia
537 2028 633 2063 prioris
653 2029 723 2055 illius
735 2030 842 2063 capituli
857 2037 907 2057 seu

113 2064 229 2099 canonis
244 2064 444 2092 evidentissime
459 2064 535 2091 nobis
559 2064 686 2090 indicant.
701 2063 805 2090 Placuit
821 2064 907 2099 (aiunt

113 2098 240 2127 Toletani
256 2100 319 2135 PP.)
334 2106 361 2127 ut
381 2100 511 2131 diaconea,
523 2099 545 2126 si
559 2099 596 2125 vel
607 2099 708 2134 integri,
727 2099 764 2125 uel
778 2100 841 2126 casti
855 2108 907 2127 non

113 2134 181 2166 sint,
196 2138 218 2161 el
233 2134 382 2162 continentis
393 2136 459 2168 vitm,
469 2135 567 2162 etianui
581 2142 673 2161 uxores
686 2134 805 2166 habeant,
819 2135 845 2161 in
859 2136 906 2162 mi-

112 2170 221 2197 nisterio
233 2171 435 2203 constituantur;
456 2170 493 2196 ita
513 2175 605 2203 tamen,
623 2175 650 2196 ut
666 2170 688 2196 si
701 2170 744 2205 qui
759 2171 835 2197 etiam
847 2176 908 2198 ante

112 2205 281 2242 interdictum
295 2207 363 2242 quod
376 2214 421 2242 per
433 2205 571 2242 Lusitanos
592 2206 721 2242 episcopos
740 2206 906 2242 conuitutum

112 2246 154 2268 est
167 2240 349 2268 incontinenter
360 2240 417 2269 cum
430 2241 553 2268 uxoribus
566 2241 618 2267 suis
628 2240 745 2273 vixerint,
758 2240 907 2275 presbyterii

112 2275 214 2303 honore
236 2285 287 2304 non
311 2277 481 2305 cumulentur.
507 2278 540 2303 At
565 2276 643 2310 hujus
658 2275 775 2302 Lusitani
799 2277 905 2304 concilii

112 2312 227 2339 decreta
250 2319 298 2339 seu
322 2312 462 2339 interdicta
485 2315 686 2345 prmtereamus.
715 2310 784 2338 Illius
808 2313 905 2346 quippe

114 2346 187 2375 Acta
202 2347 236 2373 ab
247 2347 358 2375 eruditis
373 2347 570 2379 desiderantur,
579 2353 628 2374 nec
642 2346 906 2381 cardinalisAguirrc

114 2382 323 2417 Hispanicarum
340 2390 428 2409 rerum
444 2381 664 2416 diligentissimus
679 2382 807 2409 collector
821 2383 906 2410 diser-

112 2417 171 2445 tius
184 2418 326 2453 quidquam
341 2418 373 2445 de
389 2418 483 2445 iisdem
499 2417 651 2453 describere
663 2417 757 2452 potuit.

152 2453 181 2480 ὅ.
196 2452 315 2481 Alteram
340 2454 419 2488 igitur
437 2452 560 2480 Toletani
583 2452 654 2488 illius
670 2452 779 2488 concilii
798 2461 905 2480 causam

112 2489 303 2524 expediamus.
331 2487 367 2516 ne
390 2496 421 2516 ea
445 2487 739 2524 quidem_(_:elehriores
762 2489 907 2522 scriptores

111 2522 200 2552 verba
218 2524 350 2557 fecerunt,
377 2522 534 2559 quos’inter
548 2522 734 2550 Tillemontius
749 2529 775 2550 et
788 2524 904 2551 Pascha-

111 2560 175 2587 sius
196 2559 355 2593 Quesnellus
379 2558 467 2586 locum
489 2558 601 2588 habent;
626 2559 671 2592 qui
692 2559 858 2593 potissimum
878 2559 904 2585 in

111 2601 237 2630 praesens
262 2595 339 2622 nobis
366 2601 444 2630 agere
467 2594 666 2630 instituentibus
693 2594 729 2630 de
745 2594 905 2629 Symphosio

111 2628 256 2665 Episcopo,
275 2630 309 2657 de
325 2628 455 2665 Dictyinio,
461 2628 576 2665 aliisque
591 2628 725 2665 clericalis
740 2630 840 2657 ordinis
854 2630 904 2656 ho-

110 2663 247 2698 rninibus,
263 2665 310 2701 qui
329 2673 362 2693 ex
374 2663 542 2701 Priscilliana
560 2663 704 2701 redeuntes
720 2665 825 2697 bteresi,
840 2666 903 2692 Am-

111 2701 210 2729 brosio
233 2706 260 2728 et
272 2700 406 2728 ’Romano
428 2700 553 2734 pontiﬁce
567 2700 714 2734 agentibus,
740 2708 755 2728 a
770 2701 904 2728 'l‘oletanrc

111 2735 214 2772 prima
234 2736 330 2773 synodi
353 2735 473 2772 patribus
500 2735 527 2763 iu
550 2736 765 2764 communionem
788 2737 905 2772 suscepti

732 1183 912 1210 rovinciarum

746 1216 912 1251 disciplinam

153 2806 196 2844 (α)
207 2805 483 2844 Augustinumconira
496 2804 663 2844 Mendacium
674 2805 707 2832 ad
720 2804 905 2844 gonsentium,

111 2839 223 2882 ᾇ,
238 2839 304 2882 tom.
316 2841 348 2868 Vl
361 2841 494 2882 edii.
508 2841 536 2868 S.
552 2840 636 2882 blauri
652 2847 711 2875 pag.
804 2839 906 2882 Videsis

112 2877 187 2916 ergo
199 2879 270 2906 hunc
284 2877 422 2911 Augustini
434 2877 532 2904 librum
553 2877 579 2903 in
598 2884 651 2916 quo
667 2879 836 2917 non_tantum
851 2877 905 2910 agit

113 2914 156 2945 de
179 2911 333 2945 mendacio.
348 2912 418 2945 quod
437 2912 554 2940 studiose
572 2911 781 2941 Priscilliantstm
795 2918 903 2944 semper

420 164 465 193 DE
484 164 845 194 PRISCILLIANISTARUM
866 165 1004 195 ΗιΕΒΕΒΙ
1027 166 1069 195 ET
1090 167 1248 196 HISTORIA
1267 169 1367 198 LIBER
1388 170 1488 200 UNUS.

1693 169 1763 199 1010

1468 229 1537 257 rimo
1551 229 1658 264 quidem
1680 229 1763 256 totius

972 262 1163 298 controversiae
1177 262 1275 298 nodum
1286 271 1347 291 cum
1362 264 1389 291 in
1403 262 1491 292 multis
1501 262 1581 292 situm
1595 271 1655 292 esse
1665 264 1761 298 depre-

971 296 1131 331 hendamus,
1157 302 1187 325 ut
1204 297 1307 326 facilius
1321 299 1401 326 dubia
1414 306 1429 327 a
1443 300 1524 328 certis
1538 304 1565 327 et
1583 299 1649 327 falsa
1664 296 1761 327 ab'au—

972 332 1098 370 the_nticis
1111 340 1293 370 secernamus,
1308 334 1381 362 varia
1395 342 1461 367 opus
1473 340 1516 363 est
1526 335 1731 370 premittamus.

1007 368 1125 411 Primum
1139 368 1464 411 videiicet'SYmpbosium
1477 368 1538 398 cuni
1553 369 1613 397 aliis
1632 370 1759 411 undecim

971 404 1104 440 episcopis
1118 411 1187 440 anno
1203 404 1307 440 Domini
1323 405 1372 432 581
1387 404 1625 440 Cassaraugnstano
1640 405 1759 433 subscri-

971 439 1058 475 psisse
1071 439 1196 471 concilio,
1212 439 1433 475 Priscillianoque
1448 444 1476 468 et
1492 439 1570 474 hujus
1588 440 1759 475 dogmatibus

971 474 1112 502 anathema
1125 475 1236 508 dixisse,
1250 479 1281 502 ut
1294 483 1327 503 ex
1341 475 1421 507 huius
1431 475 1536 503 concilii
1547 475 1620 503 Actis
1634 475 1759 510 intelligi-

971 514 1023 537 tur.
1040 510 1166 544 Quamvis
1180 517 1285 543 revera,
1304 510 1326 537 si
1342 511 1448 538 unicum
1463 510 1601 537 dumtaxat
1615 510 1756 538 Caesarau-

970 549 1054 579 gusta:
1076 545 1157 573 fuisse
1177 551 1299 573 coactum
1312 546 1456 573 concilium
1470 545 1600 579 dicamus,
1617 553 1631 572 a
1646 550 1759 573 cetero-

970 588 1030 607 rum
1044 580 1095 608 PP.
1112 581 1218 609 illorum
1234 582 1423 609 communione
1434 589 1463 609 se
1476 580 1636 609 subduxisse
1648 581 1759 608 creden-

970 615 1032 651 dum
1048 616 1109 649 erit,
1126 621 1154 643 ut
1170 624 1220 644 suo
1233 616 1294 644 loco
1305 616 1402 644 dicturi
1413 617 1524 644 erimus.
1538 616 1595 643 Non
1611 616 1691 651 igitur
1704 620 1759 643 tum

970 658 1001 686 ea
1016 650 1059 678 lue
1073 651 1187 679 nefanda
1198 656 1272 679 certo
1285 656 1388 686 poterat
1401 652 1554 679 labefactari
1572 650 1759 686 Symphosius.

968 685 1061 721 Neque
1071 687 1105 715 de
1120 687 1169 714 hac
1184 685 1291 719 haeresi,
1308 687 1395 720 palam
1407 687 1511 718 saltem,
1530 687 1553 714 is
1567 685 1655 714 fuerat
1669 691 1759 721 postu-

969 720 1038 748 latus
1050 721 1147 750 Christi
1168 730 1238 749 anno
1261 722 1329 755 385,
1352 729 1412 750 cum
1433 722 1559 750 videlicet
1577 720 1759 749 Priscillianus

969 756 1102 793 hujusque
1116 758 1191 789 socii,
1213 757 1319 785 Maximi
1340 758 1444 793 tyranni
1460 758 1579 791 decreto,
1599 757 1640 784 vel
1653 757 1759 793 capitis,

968 792 1011 819 vel
1025 793 1111 820 exsilii
1126 800 1205 828 poena
1222 793 1341 821 mulctati
1352 792 1444 821 fuere.
1457 793 1573 821 Severus
1586 793 1686 827 quippe
1697 792 1758 820 Sul-

968 827 1065 862 picius,
1079 828 1124 862 qui
1139 828 1185 855 lib.
1203 836 1220 855 Il
1233 828 1299 855 llist.
1312 836 1369 856 rem
1381 833 1464 856 totam
1476 828 1615 860 describit,
1625 827 1760 855 luereseos

968 863 1059 898 utique
1081 863 1197 891 auctoris
1221 868 1247 891 et
1269 864 1403 892 sociorum
1428 864 1534 891 nomina
1558 863 1585 891 in
1608 863 1759 898 catalogum

968 898 1080 935 [θάψει.
1111 899 1181 926 nulla
1208 906 1317 932 prorsus
1340 899 1494 935 Sympliosii
1518 898 1588 935 facta
1610 898 1756 935 mentione.

968 906 1080 960 redegit,
1111 906 1181 926 nutta
1208 906 1317 932 prorsus
1340 906 1494 935 sympuosn
1518 906 1588 926 tacta
1610 906 1756 925 mentione.

966 933 1033 976 Quoi
1058 934 1207 976 argumenti
1220 942 1314 969 genus,
1327 939 1462 976 tamquam
1476 942 1510 962 ex
1517 933 1759 976 _scriptoris_silen-

966 969 1003 996 tio
1017 968 1353 1005 depromptuquuam'vis
1368 968 1429 998 aliis
1445 970 1470 997 iu
1486 970 1566 997 rebus
1582 968 1757 1005 imbecillum,

965 1004 1093 1039 parvique
1106 1004 1277 1039 pendendum
1295 1006 1435 1038 ducamus,
1460 1005 1526 1032 illud
1549 1010 1638 1039 tamen
1652 1004 1677 1031 in
1689 1011 1758 1038 pras-

964 1033 1204 1068 sentia'ma'ximum
1214 1040 1296 1068 robur
1306 1041 1420 1074 obtinet,
1429 1033 1463 1068 ne
1470 1033 1758 1074 SeverumSulpiéium

964 1074 1002 1111 de
1020 1076 1149 1102 socordio
1170 1076 1213 1103 vel
1237 1076 1385 1104 oscitantiae
1404 1076 1470 1103 vitio
1494 1075 1683 1111 postulandum
1696 1081 1758 1102 esse

964 1110 1134 1146 arbitremur.
1153 1111 1194 1139 An
1209 1111 1232 1139 is
1246 1111 1416 1139 celeberrimi
1432 1110 1511 1146 hujus
1525 1110 1645 1145 episcopi
1658 1117 1758 1146 nomen

964 1145 1126 1182 reticuisset,
1149 1147 1194 1182 qui
1217 1147 1330 1175 aliorum
1346 1146 1426 1181 hujus
1446 1145 1516 1174 sacri
1531 1145 1635 1182 ordinis
1646 1145 1757 1182 nomina

964 1181 1110 1217 recensuit,
1127 1181 1172 1216 qui
1186 1182 1262 1217 lgini,
1279 1189 1327 1210 seu
1339 1182 1444 1217 ldigini,
1456 1181 1637 1209 Cordubensis
1652 1181 1756 1217 lapsum

964 1220 1026 1250 post
1038 1215 1341 1253 Toletanam‘syuodum
1364 1215 1511 1253 annotavit,
1538 1217 1637 1253 quique
1652 1215 1756 1253 adple-

964 1258 1025 1278 nam
1038 1259 1128 1279 earum
1143 1250 1233 1280 reruni
1247 1253 1368 1280 nntitiam
1382 1253 1450 1281 alios
1463 1250 1659 1281 etiam’inﬁma:
1670 1250 1756 1287 plebis

963 1286 1035 1322 viros
1047 1291 1074 1314 et
1089 1288 1215 1315 mulieres
1227 1295 1356 1322 expresse
1370 1288 1517 1316 nominavit
1525 1288 1541 1315 τ.

999 1321 1038 1348 Ex
1052 1329 1105 1356 quo
1125 1323 1233 1350 tertium
1256 1321 1321 1351 illud
1346 1324 1478 1357 sequitur,
1505 1322 1628 1350 videlicet
1640 1321 1757 1357 rnonnisl

962 1361 1022 1391 post
1037 1357 1195 1386 Priscilliani
1212 1359 1325 1391 caedem,
1348 1363 1376 1386 et
1385 1356 1526 1386 ithaciano
1539 1358 1595 1392 jam
1609 1356 1755 1385 schismate

962 1392 1177 1428 i'JEravescente,
1202 1398 1230 1421 et
1256 1394 1443 1428 Hispaniarum
1468 1393 1547 1421 rebus
1570 1392 1693 1425 mutatis,
1721 1392 1755 1420 ob

961 1426 1068 1463 Maximi
1092 1428 1198 1462 tyranni
1224 1426 1332 1461 necem,
1356 1428 1548 1463 Symphosium
1580 1428 1607 1454 in
1634 1431 1754 1461 apertam

962 1462 1087 1498 haeresim
1100 1464 1232 1497 erupisse.
1244 1464 1302 1491 Non
1313 1462 1395 1498 igitur
1408 1462 1471 1491 ante
1481 1463 1582 1490 Christi
1594 1470 1692 1498 annum
1702 1463 1755 1490 380

961 1496 1020 1533 ipse
1031 1496 1208 1532 Symphosius
1231 1496 1365 1533 tamquam
1377 1498 1582 1527 Priscillianista
1597 1497 1689 1525 haberi
1704 1505 1753 1532 po-

962 1532 1094 1568 tuit;ﬂnec
1103 1534 1173 1560 enim
1188 1532 1422 1568 debitascorporis
1435 1540 1529 1568 pinnas
1537 1533 1677 1565 evasisset,
1689 1539 1754 1568 quas

961 1565 1014 1604 huc
1033 1567 1150 1602 illucque
1175 1576 1221 1603 per
1243 1565 1377 1604 Hispaniae
1400 1565 1550 1604 provincias
1575 1565 1755 1604 impeiialium

923 1598 946 1630 C
963 1598 1132 1639 tribunorum
1142 1598 1274 1639 tyrannis,
1291 1598 1374 1632 iibido
1387 1598 1414 1632 e't
1426 1604 1537 1633 avaritia
1547 1598 1640 1631 contra
1650 1602 1755 1630 Priscil-

961 1637 1061 1675 lianam
1076 1637 1207 1675 sobolem,
1234 1640 1343 1675 capitali
1366 1640 1449 1668 etiam
1468 1639 1586 1675 adhibita
1607 1638 1755 1675 pmna,_di-

961 1672 1055 1711 stricte
1064 1672 1368 1711 exercebatiNe'itaque
1375 1674 1566 1711 Symphosiutn
1577 1673 1754 1711 imperialium

960 1708 1129 1745 tribunorum
1153 1708 1353 1744 inquisitionem
1381 1708 1611 1745 p'er'miraculum
1636 1709 1754 1745 evasisse

960 1743 1133 1780 arbitremur,
1156 1743 1238 1773 dubio
1258 1746 1350 1780 procul
1365 1743 1446 1780 2'29
1460 1746 1537 1773 fateri
1558 1748 1663 1780 oportet
1683 1744 1754 1772 hunc

959 1779 1071 1820 ejusque
1082 1779 1165 1820 lilium
1182 1779 1337 1820 Dictiniuin,
1359 1779 1474 1820 Hii—xime
1495 1786 1610 1820 tyranno
1625 1779 1713 1820 adhuc
1727 1780 1753 1807 in

958 1815 1027 1850 vivis
1051 1816 1207 1850 superstite,
1233 1816 1393 1845 catholicam
1417 1815 1635 1844 lidein'exterius
1658 1815 1753 1842 saltem

958 1849 1109 1886 simulasse.
1135 1851 1189 1879 Sed
1203 1852 1347 1880 Maximum
1362 1853 1416 1879 vita
1439 1851 1559 1879 functum
1580 1851 1650 1886 apud
1667 1851 1753 1885 Aqui-

957 1885 1037 1923 leiam
1051 1893 1112 1923 cum
1131 1887 1344 1923 intellexissent.
1364 1888 1419 1923 jam
1442 1890 1659 1923 praeconceptum
1680 1886 1753 1912 necis

957 1920 1105 1959 subeunth
1118 1922 1241 1959 timorem
1254 1920 1431 1959 Symphosius
1444 1920 1471 1950 et
1483 1922 1614 1950 Dictinius
1626 1928 1752 1959 excusse—

957 1961 1031 1995 runt,
1046 1961 1074 1984 et
1087 1956 1251 1995 Priscilliana
1266 1955 1311 1985 iila
1322 1955 1461 1995 dogmata,
1484 1965 1548 1995 qusi
1558 1956 1665 1984 occulto
1679 1955 1752 1995 forte

958 1991 1087 2027 hactenus
1102 1993 1350 2027 prosequebantur,
1364 1991 1460 2027 ‘palam
1475 1992 1565 2019 verbis
1580 1995 1608 2018 et
1633 1991 1751 2025 scriptis,

958 2031 986 2053 ut
996 2026 1082 2068 istius
1093 2026 1284 2068 propagarent,
1296 2026 1400 2068 docere
1406 2031 1558 2068 coeperunt.
1606 2065 1625 2068 Ar
1639 2067 1656 2068 η
1732 2060 1738 2066 ι

994 2061 1021 2089 6.
1037 2061 1077 2098 De
1090 2061 1199 2089 Dictinii
1221 2070 1303 2098 porro
1321 2062 1461 2098 Operibus
1474 2062 1676 2098 interrcaateros
1686 2061 1752 2098 aagit

958 2096 1038 2138 etiam
1056 2095 1307 2138 Augustinus'_libro
1319 2095 1608 2138 _contra_Meii_daciuui
1628 2095 1662 2138 ad

958 2132 1088 2168 sentiunt,
1102 2130 1131 2159 iu
1142 2140 1195 2167 quo
1208 2133 1307 2168 ubique
1319 2131 1527 2160 Priscillianistis
1540 2130 1663 2168 excitatis
1676 2130 1752 2158 illum

959 2167 1067 2194 Dictinii
1083 2165 1181 2195 librum
1197 2165 1334 2199 describit,
1349 2168 1426 2202 cujus
1442 2174 1539 2194 nomen
1555 2170 1597 2193 est
1609 2165 1704 2197 Libra;
1722 2174 1752 2193 eo

958 2203 1026 2238 quod
1045 2204 1207 2238 pertractatio
1224 2203 1358 2230 duodecim
1377 2201 1574 2238 quwstionibus,
1589 2201 1751 2238 ueiut‘uucit's

958 2236 1110 2271 explicatur,
1123 2239 1201 2266 tantis
1216 2236 1536 2274 (intelligitur'Dietinius)
1552 2236 1672 2274 exinterit
1692 2236 1751 2274 lau-

920 2289 946 2320 n
958 2274 1048 2320 ἀίδιέθ»
1072 2278 1100 2320 ’ξι
1122 2271 1342 2320 ιαιεηξριξρῖανίι-
1363 2282 1413 2309 σθαι
1433 2271 1752 2320 crassissima

958 2309 1128 2341 continentur,
1144 2309 1231 2336 multis
1243 2308 1373 2337 librarum
1381 2309 1439 2336 auri
1449 2308 1561 2335 millibus
1576 2308 1751 2344 pretiosiorem

958 2352 1011 2372 esse
1026 2349 1130 2372 testetur
1144 2344 1193 2380 (a).
1212 2345 1250 2372 Eo
1262 2352 1327 2380 ergo
1342 2345 1369 2372 in
1386 2344 1454 2371 libro
1474 2344 1604 2372 Dictinius
1619 2343 1751 2380 dogmati—

958 2380 1035 2407 zabat
1059 2389 1064 2407 :
1087 2379 1323 2416 ad'bccultandam
1343 2380 1491 2416 religionem
1506 2380 1644 2416 religiosos_
1660 2379 1750 2416 debere

958 2416 1068 2443 mentiri.
1086 2415 1162 2449 Quod
1176 2417 1325 2451 argumenti
1341 2413 1436 2451 genus,
1453 2423 1513 2442 cttm
1529 2413 1563 2443 ei
1577 2414 1660 2442 sacris
1669 2413 1747 2451 ,εει-λι

958 2451 1042 2489 pluris
1054 2456 1081 2479 et
1094 2451 1189 2489 harum
1204 2449 1336 2489 exemplis
1344 2449 1549 2489 deduciauctor
1561 2449 1744 2489 contenderet,

958 2488 1016 2520 ipse
1031 2487 1204 2522 Augustinus,
1222 2492 1251 2515 ut.
1263 2487 1415 2514 divinarum
1436 2486 1635 2522 Scripturarum
1650 2486 1745 2511 sanctis

959 2519 1012 2559 tati
1024 2519 1230 2559 aucioritatique
1251 2523 1431 2559 consuleret,
1441 2519 1535 2548 omnes
1542 2554 1549 2559 _
1557 2519 1681 2559 excelsae.
1693 2526 1750 2559 suae.

958 2558 1096 2591 sapientia:
1115 2554 1214 2585 nervos
1234 2558 1267 2585 ad
1289 2558 1385 2585 librum
1406 2556 1479 2582 illum
1497 2554 1637 2591 catholica:
1656 2554 1750 2591 pietati

957 2588 1078 2630 méxims
1093 2593 1252 2630 ieiunos“!!!
1267 2591 1447 2630 relsllsndum
1459 2588 1750 2630 μιαρθβιεξξὲτυθηιὲυιιι

957 2628 1088 2656 adhibuit.
1104 2624 1157 2656 sed
1172 2632 1200 2656 et
1214 2628 1281 2656 alios
1297 2625 1486 2664 Dictiniuinhiu
1498 2624 1686 2664 ’Priscilliame'
1697 2624 1750 2664 has

958 2671 1050 2692 reseas
1064 2664 1174 2692 tutelam
1185 2668 1212 2692 et
1227 2662 1379 2698 praesidium
1394 2661 1511 2689 edidisse
1525 2665 1665 2700 tractatus,
1679 2661 1751 2700 inter

957 2703 1071 2728 caeteros
1091 2700 1146 2728 Leo
1165 2694 1257 2728 noster
1275 2701 1424 2732 asseverat,
1443 2701 1472 2725 ut
1492 2704 1542 2725 nos
1560 2695 1612 2732 ipsi
1626 2701 1675 2723 suo
1690 2694 1750 2723 loco

957 2736 1089 2764 dicemus.

961 2804 1208 2840 prosequebantur;
1224 2803 1410 2840 verumﬂetiam
1420 2802 1454 2831 de
1464 2802 1544 2840 rebus
1558 2800 1599 2840 ad
1609 2799 1750 2840 biclinium

958 2835 1160 2869 Asturicensem
1176 2835 1385 2875 pertinentibus,
1406 2845 1435 2866 ut
1457 2838 1560 2870 erudite
1581 2835 1681 2865 ibidem
1697 2835 1748 2864 PP.

958 2876 1173 2912 congregationis
1188 2875 1217 2905 S.
1233 2875 1315 2905 Mauri
1331 2878 1499 2903 annotarunt.
