3968 6310
536 282 677 337 1015

1135 276 1194 330 Ρ.
1237 274 1550 330 CACCIARI
1592 270 2190 329 EXEBCITATIONES
2228 270 2292 325 IN
2330 272 2386 326 S.
2429 269 2673 325 LEONIS
2713 268 2927 325 MAGNI
2966 271 3196 325 OPERA

3654 272 3770 329 1016

535 407 595 453 ιη
640 398 755 464 ipse
798 402 850 449 ει
898 391 986 447 am
1017 390 1199 464 clerici
1248 388 1466 464 aqualis
1504 388 1586 464 χει
1620 384 1901 464 _iuf_erioris
1923 384 2126 439 ordinis
2153 384 2209 443 Α
2230 379 2475 464 [audibus
2502 378 2736 435 fraudari
2764 379 3000 449 iniquum
3032 378 3189 441 foret.
3214 377 3617 464 qui,_laudntum
3646 380 3770 437 ldatii

534 456 925 538 numquamad
952 461 1259 538 superiores
1286 456 1480 528 gradus
1508 456 1765 538 Ecclesiae
1791 465 2126 538 possent'asf

533 530 789 595 cendere.
818 534 925 591 Sed
953 533 1061 588 duo
1095 546 1225 587 sane
1248 540 1359 585 tum
1385 530 1744 598 contigerunt,
1777 543 1897 596 quae
1924 530 2039 596 paci
2075 535 2129 582 et

538 608 921 664 ecclesiastica:
980 601 1402 658 reconciliationi
1455 614 1679 669 prorsus
1737 599 2124 666 repugnabant.

537 682 919 736 Detrectarunt
942 673 1206 743 imprimis
1228 680 1492 741 quotquot
1513 670 1856 743 Ambrosium
1884 669 2130 743 adierant

537 766 719 806 coram
750 740 1106 815 Hispanorum
1133 740 1503 815 episcoporum
1534 741 1742 815 synodo
1768 740 2129 815 condemnare

534 838 652 891 qua:
674 812 936 891 perperam
957 812 1183 891 egerant,
1208 822 1266 891 ut
1285 814 1429 891 idem
1450 812 1857 891 Med_iol_ane_nsis
1878 812 2124 891 antistes,

537 882 849 960 apostolicae
878 882 1023 943 sedi's
1050 886 1265 960 statutis
1284 884 1520 960 innixus,
1551 882 1852 938 faciendum
1882 883 2131 960 praescri-

534 954 718 1033 pserat
742 1002 757 1026 ,
784 969 915 1033 tum
962 972 1010 1033 a_
1039 956 1412 1025 ptenitentium
1457 962 1600 1010 statu
1618 962 1809 1033 tatque
1827 954 2130 1033 .proposito

536 1024 929 1090 contra'iidem
980 1024 1159 1082 datam
1204 1034 1567 1081 recesserunt.
1618 1024 1750 1079 Nam
1788 1024 1893 1079 vita
1945 1024 2130 1083 functo

536 1102 877 1158 Asturicensi‘
923 1100 1215 1168 episcopo,
1265 1097 1619 1166 Symphosius
1670 1095 1737 1150 ad
1778 1110 1896 1149 eam
1945 1096 2127 1168 sedem

535 1175 825 1228 Dictinium
857 1170 1025 1224 ﬁlium
1052 1167 1247 1232 evexit,
1272 1177 1327 1222 et
1352 1168 1660 1237 episcopum
1692 1167 2045 1237 consecravit,
2075 1177 2130 1223 et

532 1245 802 1301 Dictinius
833 1242 983 1311 ipse,
1018 1253 1138 1293 cum
1180 1236 1729 1311 eodem’Symphosio
1770 1236 1968 1311 multos
1996 1238 2131 1311 alios

534 1316 593 1372 in
614 1307 1171 1380 Gallicim'provincia.
1196 1324 1422 1379 quorum
1448 1307 1581 1380 ﬁdes
1609 1323 1713 1363 non
1746 1309 1877 1366 satis
1902 1309 2128 1377 probata

536 1396 678 1453 erat,
702 1387 753 1439 in
784 1385 1067 1452 episcopos
1085 1380 1421 1453 ordinaruntj
1447 1379 1649 1453 Horum
1680 1389 1856 1453 autem
1888 1381 2128 1436 omnium

535 1450 831 1528 gestorum
860 1450 1055 1528 seriem
1105 1452 1345 1528 c_ontinet
1372 1450 1500 1505 illud
1520 1450 1820 1528 definitiva:
1849 1454 2131 1528 sententiae

536 1519 813 1598 Exemplar
838 1524 981 1596 quod
1011 1523 1067 1577 in
1107 1522 1367 1579 Toletana
1408 1521 1534 1576 anni
1562 1519 1667 1576 400
1696 1521 1902 1593 synodo
1929 1522 2131 1579 editum

534 1598 656 1654 fuit.

607 1671 663 1725 6.
707 1668 964 1736 Superest
1001 1680 1141 1719 nunc
1181 1679 1311 1731 ergo
1351 1672 1414 1736 ut
1448 1663 1592 1717 illius
1629 1663 1826 1736 habitae
1856 1663 2130 1736 Toletanae

537 1739 732 1813 synodi
776 1735 985 1813 tempus
1029 1736 1360 1813 inquit-amns
1407 1735 1459 1789 in
1489 1749 1590 1813 qua
1618 1735 1830 1813 ,_leetis
1860 1735 2127 1813 Ambrosii

534 1805 754 1875 litteris,
784 1805 1117 1878 poenitentes’
1138 1806 1213 1861 illi
1235 1807 1301 1859 ad
1330 1805 1781 1878 reconciliationis
1813 1820 1999 1874 pacem
2032 1806 2128 1860 ad-

533 1883 676 1938 mitti
709 1875 979 1935 debebant
1008 1919 1021 1942 ,
1066 1893 1095 1931 a
1137 1892 1237 1947 qua
1268 1885 1446 1947 tamen
1479 1875 1832 1947 Syniphosius
1861 1887 1912 1929 et
1945 1878 2125 1932 caeteri

533 1967 596 2009 se
617 1953 1015 2007 subtraxerunt.
1042 1945 1174 2003 Eam
1194 1959 1369 2001 autem
1392 1945 1627 2000 habitam
1656 1945 1821 2000 fuisse
1847 1954 1970 2001 ante
2001 1949 2129 2003 Am-

532 2023 705 2079 brosii
736 2031 965 2076 mortem
995 2018 1325 2089 probabilius
1354 2026 1457 2072 est.
1492 2016 1750 2089 Paulinus
1775 2017 1916 2070 enim
1948 2018 1998 2070 in
2030 2018 2129 2073 hu-

532 2094 621 2165 jus
669 2094 787 2147 Vita
833 2092 907 2144 ait
958 2086 1303 2165 {Theodosio
1329 2088 1644 2165 imper-mori
1690 2086 2127 2165 Citristidnissimo

534 2158 812 2218 triennium
843 2165 947 2232 fere
985 2158 1601 2232 supervixituAmbrosius
1624 2199 1640 2224 ,
1681 2160 1776 2232 qui
1805 2168 1851 2212 et
1893 2159 2007 2228 ipso
2047 2162 2129 2215 die

533 2234 733 2288 sabbati
781 2228 941 2286 sancti
984 2230 1131 2283 illum
1179 2230 1387 2282 desiisse
1428 2229 1590 2282 vivere
1627 2228 1799 2281 scribit
1848 2245 1865 2281 :
1916 2246 2127 2295 prorsus

537 2304 811 2377 (Petavius
839 2299 1042 2377 subdit)
1072 2299 1265 2377 Aprilis
1294 2299 1349 2364 4,
1377 2298 1577 2377 Christi
1593 2314 1727 2377 anno
1752 2298 1875 2377 59'],
1902 2300 2129 2356 Camerio

536 2368 585 2429 et
613 2376 780 2427 Attico
810 2388 943 2425 coss.
991 2368 1329 2426 Marcellinus
1358 2380 1535 2424 autem
1564 2368 1723 2429 huius
1752 2370 1955 2424 obitum
1985 2388 2128 2428 anno

535 2445 781 2515 sequenti
823 2442 928 2499 598
968 2441 1213 2515 ascribit,
1242 2439 1492 2515 AHonerio
1518 2450 1568 2515 et
1611 2439 1936 2511 Eutychiano
1975 2458 2124 2515 coss.

534 2510 655 2570 Non
682 2515 770 2569 diu
802 2515 963 2585 igitur
993 2520 1129 2585 ante,
1148 2511 1254 2565 divi
1283 2510 1553 2566 Ambrosii
1582 2520 1812 2585 mortem
1840 2513 2013 2581 potuit
2038 2514 2127 2585 illa

534 2586 775 2656 synodus
823 2580 1132 2656 congregari
1160 2624 1173 2645 ,
1220 2597 1343 2636 nam
1392 2595 1583 2656 omnes
1632 2580 2126 2656 illihnovtemdecim

533 2652 809 2726 episcopi,
842 2652 1022 2726 quiin
1063 2662 1410 2726 contumaces
1441 2652 1692 2707 absentes
1722 2652 2018 2709 libellarem
2049 2655 2129 2710 di-

532 2722 740 2783 rexere
757 2722 1098 2793 sententiam,
1121 2724 1295 2778 adhuc
1316 2722 1421 2777 400
1444 2737 1586 2777 anno
1607 2732 1763 2777 erant
1789 2726 2124 2793 superstites,

535 2797 680 2868 quod
709 2796 929 2852 difficile
956 2792 1182 2861 fuisset,
1217 2796 1261 2849 si
1287 2795 1428 2849 inter
1471 2792 1620 2848 illam
1659 2804 1714 2848 et
1740 2792 2127 2868 hanct'l‘oleta-

531 2866 661 2924 nam
702 2868 964 2940 synodum
995 2868 1583 2940 tnultornm_a_nnor_um
1627 2866 1857 2940 spatium
1886 2866 2131 2940 interﬂu-

532 2935 967 2995 xisset.’Nu|lum
1000 2951 1220 3004 prorsus
1246 2936 1311 2989 ad
1346 2936 1459 2989 haec
1487 2935 1786 3005 horumque
1815 2937 2009 2992 similia
2041 2954 2129 2993 re-

532 3022 776 3079 spectum
802 3008 988 3062 habuit
1008 3007 1330 3079 Paschasius
1347 3005 1688 3079 Quesnellus_.
1711 3007 1828 3074 sed,
1854 3023 1953 3079 pro
1975 3024 2128 3065 more

531 3076 588 3136 et
612 3081 971 3151 ingeniosuo,
999 3077 1419 3133 divinationibus
1445 3076 1808 3151 usus,tplures
1836 3076 2125 3134 Toletanas

2230 451 2554 507 Chronicum
2602 447 2955 520 percurrens,
3003 447 3278 504 memoria:
3313 447 3661 504 defectionem
3695 467 3770 508 seu

2228 522 2664 578 allucinationem
2695 521 2749 576 in
2777 522 2947 589 prima
2976 520 3213 577 editione
3242 534 3301 576 se
3327 533 3545 590 passum
3576 535 3684 576 esse
3707 523 3768 575 fa-

2229 602 2400 661 tetur,
2438 609 2505 649 ex
2532 594 2683 664 cujus
2724 591 2977 649 Chronici
3016 591 3247 648 lectione
3284 591 3578 664 sapientior
3611 592 3765 659 factus,

2228 680 2347 735 qua
2381 666 2491 735 jam
2522 661 2732 720 dixerat
2765 664 2819 718 in
2868 664 3037 719 altera
3067 662 3375 718 retractavit
3398 661 3670 735 editione,
3698 667 3766 719 sed

2230 733 2393 791 nimis
2421 736 2668 792 subdole.
2714 735 2962 791 Hominis
2993 735 3286 804 ingenium,
3319 734 3408 801 qui
3440 733 3611 804 quoad
3635 748 3767 801 usque

2226 806 2362 862 vixit
2381 822 2409 861 a
2430 807 2542 878 jam
2570 807 2730 863 dictis
2757 817 2943 861 contra
2968 804 3248 878 catholicae
3275 805 3397 878 fidei
3413 804 3660 878 articulos
3678 820 3767 878 pro-

2230 878 2350 932 latis
2375 876 2445 934 et'
2457 878 2672 947 scriptis
2698 892 2988 947 numquam
3012 876 3263 932 recedere
3281 876 3472 942 voluit,
3499 876 3612 944 quis
3632 877 3766 945 profe-

2229 956 2318 1004 cto
2335 949 2515 1004 mirari
2536 946 2779 1004 desinet?
2800 946 2908 1004 sed
2929 948 3301 1002 haereticorum
3325 946 3765 1002 schismaticorum-

2276 1035 2340 1075 ue
2365 1019 2631 1090 ejusmodi
2659 1020 2826 1075 fuisse
2854 1019 3044 1087 agendi
3087 1018 3352 1090 rationem
3396 1032 3558 1090 nemo
3584 1019 3759 1090 ignorat.

2276 1035 2340 1075 ue
2365 1034 2631 1090 ejusmom
2659 1034 2826 1075 tuisse
2854 1034 3044 1087 agenut
3087 1034 3352 1072 rationem
3396 1034 3558 1071 nemo
3584 1034 3759 1087 ignorat.

2231 1034 2297 1145 ﬂi
2319 1105 2549 1160 namque
2569 1106 2727 1158 quam
2751 1091 3066 1158 sepissime,
3092 1091 3135 1143 si
3160 1089 3211 1143 in
3236 1087 3513 1144 historicis
3533 1088 3763 1144 similibus-

2231 1177 2338 1230 que
2363 1163 2545 1226 rebus,
2578 1176 2765 1229 parum
2792 1161 3089 1216 nihilumve
3117 1160 3184 1214 ad
3214 1174 3403 1215 eorum
3434 1167 3651 1230 systema
3671 1174 3761 1213 con-

2232 1231 2550 1287 ducentibus
2581 1231 2900 1302 quandoque
2927 1247 3024 1302 per
3053 1230 3318 1286 inscitiam
3336 1273 3350 1295 ,
3395 1231 3703 1302 oscitantiam
3724 1240 3758 1285 et

2232 1301 2608 1373 arrogantiam
2641 1302 2993 1366 defecerunt,
3038 1302 3179 1356 haud
3225 1302 3451 1357 difficile
3481 1301 3757 1369 postmodum

2233 1385 2409 1428 errata
2441 1383 2759 1429 revocarunt
2785 1417 2799 1441 ,
2841 1382 3229 1438 correxerunt,
3255 1382 3310 1427 et
3334 1373 3644 1441 quibusdam
3663 1373 3758 1425 veri-

2232 1445 2358 1499 tatis
2387 1445 2710 1499 umbraculis
2740 1454 3093 1499 contexerunt
3116 1486 3132 1511 ,
3177 1453 3235 1497 ut
3272 1444 3529 1499 videlicet
3551 1445 3757 1498 veracium

2231 1514 2695 1585 ingenuorumque
2715 1516 3013 1570 animorum
3034 1516 3339 1584 opinionem
3362 1513 3510 1582 apud
3532 1529 3643 1568 suos
3655 1528 3757 1568 asse~

2234 1586 2367 1654 clas,
2403 1602 2537 1656 quos
2566 1587 2618 1640 in
2644 1586 2768 1641 ﬁdei
2797 1601 3114 1655 morumque
3141 1586 3341 1656 regulis
3367 1586 3614 1655 decipere
3632 1587 3757 1639 volue-

2234 1666 2360 1711 runt
2385 1699 2400 1721 ,
2432 1658 2532 1711 sibi
2570 1657 2859 1712 vindicent.
2911 1656 3019 1712 Sed
3049 1672 3172 1713 eum
3198 1671 3447 1711 errorem
3474 1658 3526 1711 in
3554 1666 3756 1725 postrema

2234 1741 2331 1782 sua
2360 1729 2598 1783 editione
2626 1743 2721 1783 nec
2747 1729 2952 1798 integre
2977 1727 3198 1782 omnino
3224 1727 3534 1782 emendavit
3555 1728 3756 1794 Quesuel-

2234 1799 2337 1853 lus.
2384 1799 2555 1855 Verba
2590 1800 2673 1853 illa
2702 1799 2917 1869 quidem
2954 1800 3007 1853 in
3046 1798 3285 1853 ldatiano
3310 1798 3580 1854 Chronico
3601 1800 3754 1854 deside-

2232 1870 2341 1923 rari
2365 1910 2381 1932 ,
2418 1884 2518 1924 nec
2546 1884 2645 1924 suo
2671 1869 2836 1925 fuisse
2872 1870 3048 1924 studio
3075 1870 3305 1925 conﬁcta
3345 1870 3557 1925 sincere
3580 1879 3628 1924 et
3649 1876 3750 1933 quasi

2228 1940 2581 2010 jurejurando
2618 1939 2791 1995 fassus
2821 1951 2922 1995 est.
2954 1939 3219 1995 Cancrum
3265 1940 3613 2010 fragmentum
3649 1942 3755 2008 illud,

2231 2026 2357 2065 cum
2388 2012 2638 2066 omnibus
2664 2012 3003 2075 substructis,
3038 2027 3145 2066 non
3170 2012 3535 2067 abradcndum
3560 2027 3587 2066 a
3606 2022 3755 2081 postreo

2232 2097 2316 2135 ma
2342 2081 2579 2137 editione
2598 2083 2826 2147 censuit,
2848 2082 2904 2136 in
2925 2096 3073 2151 spem
3095 2082 3351 2137 nimirum
3375 2083 3622 2137 adductus
3643 2099 3754 2151 passo

2231 2151 2523 2223 aliquando
2548 2152 2771 2207 eruditis
2800 2153 2970 2207 oculis
3028 2153 3166 2208 inter
3189 2153 3481 2223 legendum
3510 2168 3755 2223 occurrere,

2230 2230 2286 2296 e_t
2306 2222 2373 2278 ad
2401 2224 2788 2296 typographum
2808 2223 3028 2289 deferri,
3048 2224 3172 2296 huic
3193 2224 3435 2280 historia:
3454 2225 3755 2280 inserendum.

2230 2293 2329 2348 Cui
2366 2293 2584 2365 quidem
2611 2294 2849 2363 Opinioni
2897 2310 3017 2350 cum
3067 2295 3377 2360 insisteret,
3429 2312 3528 2351 non
3568 2297 3756 2365 spurium

2230 2378 2353 2420 esse
2375 2364 2505 2420 illud
2536 2364 2891 2437 fragmentum
2923 2366 3021 2437 sibi
3052 2366 3361 2435 persuadet,
3387 2367 3476 2423 sed
3506 2364 3665 2437 ignoto
3685 2383 3758 2437 po-

2231 2437 2342 2508 tius
2370 2437 2577 2508 parenti
2602 2436 3029 2508 ‘adjudicandum
3056 2476 3071 2502 ,
3102 2445 3157 2491 et
3204 2446 3470 2508 tamquam
3511 2436 3758 2494 somniatur

2231 2505 2403 2578 multa
2434 2507 2563 2561 falsa
2607 2507 3080 2576 commentitiaque
3108 2505 3444 2578 imaginatur,
3474 2524 3580 2577 qua:
3604 2510 3757 2565 catho-

2230 2576 2347 2631 licas
2368 2577 2623 2633 EcheSire
2645 2588 2699 2634 et
2720 2576 3242 2633 Priscilliauistaruui
3264 2576 3499 2634 historias
3511 2580 3749 2647 dejiciunt,

2232 2647 2616 2704 Toletanorum
2654 2649 3006 2705 conciliorum
3038 2649 3198 2705 fidem
3230 2652 3651 2718 auctoritatemque
3670 2654 3747 2703 ni-

2228 2718 2333 2791 mis
2360 2719 2593 2791 reddunt
2618 2729 2957 2789 suspectam;
2997 2730 3086 2788 et,
3119 2721 3257 2791 quod
3276 2721 3464 2790 gravius
3492 2727 3582 2786 est,
3608 2719 3739 2775 ldatii

2229 2788 2554 2845 Chronicum
2581 2832 2596 2857 ,
2626 2788 2768 2860 quod
2807 2802 2862 2845 et
2906 2792 3021 2859 ipse
3069 2788 3297 2847 summis
3324 2791 3543 2846 laudibus
3581 2800 3745 2855 ornat,

2232 2862 2416 2929 pravis
2443 2861 2558 2916 suis
2589 2862 3123 2931 interpretationibus
3157 2863 3390 2931 mutilat,
3414 2862 3673 2929 corrumpit
3704 2870 3754 2916 et

2232 2930 2287 2985 in
2318 2932 2647 2987 contrariam
2678 2933 2965 3000 detorquet
2994 2934 3446 3004 significationem.
3482 2932 3580 2988 Sed
3617 2950 3680 3004 ne
3704 2932 3761 2988 de

2231 3016 2349 3076 mea
2378 3005 2645 3076 sententia
2670 3005 3004 3060 comminisci
3032 3003 3216 3076 videar
3233 3050 3247 3074 ,
3279 3005 3477 3076 singula
3494 3018 3602 3076 quas
3618 3003 3762 3071 Ques-

2230 3072 2404 3145 nel‘lus
2424 3074 2661 3141 adducit,
2690 3075 2798 3145 jam
2825 3077 3003 3129 statim
3035 3072 3295 3131 refellam.

530 3136 768 3223 synodos
797 3136 1065 3223 disti_n:x_it,
1096 3164 1319 3223 qliarum
1348 3136 1747 3223 primam'inter
1778 3150 2125 3223 Caesaraugu-
2151 3136 2201 3201 (Ξ
2285 3143 2355 3223 ’9.
2409 3145 2475 3200 Et
2510 3136 2708 3223 Aprim'o'
2737 3145 3051 3223 rogouunde
3099 3148 3145 3201 is
3190 3148 3420 3217 scriptor
3460 3147 3650 3223 hauriat
3696 3146 3745 3200 Di

530 3218 740 3278 sianam
768 3222 890 3275 anni
913 3218 1010 3274 ‘58l
1041 3231 1096 3273 et
1116 3220 1430 3273 Toletanam
1454 3218 1578 3271 anni
1609 3218 2121 3289 quadringentesimi

530 3294 752 3358 statuit,
788 3291 931 3346 nulla
960 3290 1171 3346 interim
1205 3305 1425 3357 prorsus
1462 3288 1639 3343 habita
1681 3288 1909 3353 ratione,
1940 3292 2023 3345 vel
2053 3293 2122 3347 ad

529 3363 971 3430 Burdigalensem
996 3402 1012 3427 ,
1046 3361 1134 3414 vel
1177 3360 1245 3414 ad
1290 3359 1663 3414 Trevirensem
1688 3401 1703 3423 ,
1740 3363 1820 3416 vel
1859 3362 1925 3415 ad
1963 3362 2121 3417 aliam

528 3433 671 3504 forte
697 3432 858 3504 235
884 3433 1439 3501 Caesaraugustauam.
1468 3446 1585 3498 qua:
1607 3431 1910 3504 certissime
1935 3448 2123 3488 omnes

528 3501 847 3560 Toletﬁios'
875 3510 1171 3557 conventus
1225 3510 1633 3568 praecesserunt.
1694 3501 1889 3556 Verum
1937 3504 2123 3559 isthazc

529 3582 950 3643 praetereamus,
989 3573 1141 3643 netin
1172 3572 1407 3626 minimis
1432 3586 1554 3625 cum
1584 3571 1871 3637 Quesnello
1899 3586 2126 3630 conten-

531 3642 721 3699 dentes
748 3685 764 3711 ,
814 3642 1013 3697 nodum
1060 3642 1115 3696 in
1154 3644 1332 3711 scirpo
1377 3656 1621 3710 quaerere
1659 3643 1893 3699 voluisse
1934 3645 2123 3701 videa-

531 3729 674 3769 mur.

611 3786 663 3839 7.
710 3784 840 3838 Illuc
870 3784 1031 3850 igitur
1068 3791 1247 3837 nostra
1276 3782 1456 3853 potius
1493 3796 1553 3837 se
1579 3792 1753 3837 vertat
1782 3787 1986 3850 oratio,
2030 3786 2123 3842 ubi

530 3856 810 3927 graviores
839 3853 1110 3927 Quesnelli
1140 3852 1686 3927 lapsusoffendimus.
1718 3853 1884 3924 Cujus
1908 3857 2121 3925 quidem

528 3924 745 3996 generis
765 3939 885 3980 esse
906 3924 1231 3996 arbitramur
1257 3925 1521 3992 palmares
1542 3924 1665 3996 illos
1688 3939 1902 3979 errores
1926 3924 2124 3996 quibus

532 3994 674 4052 nota:
701 4005 758 4052 et
786 3994 1191 4067 observationes
1220 3996 1271 4049 in
1298 3995 1578 4067 epistolam
1610 3995 1679 4067 15
1714 3996 1772 4051 S.
1807 3994 2001 4051 Leonis
2031 4015 2121 4053 re-

530 4070 684 4124 fertae
711 4075 855 4122 sunt.
885 4067 942 4121 In
974 4065 1137 4135 priori
1167 4068 1364 4136 quippe
1391 4065 1580 4120 horum
1602 4066 1835 4133 Operum
1864 4068 2122 4134 editione,

531 4140 685 4209 quasi
734 4153 802 4193 ex
831 4145 1107 4207 suggestu,
1158 4136 1477 4192 Paschasius
1507 4138 1827 4209 Quesnellus
1868 4139 2124 4195 docuerat

533 4208 819 4264 Dictinium
866 4224 933 4263 ex
980 4209 1270 4277 episcopali
1315 4221 1410 4262 sua
1458 4210 1586 4263 sede
1634 4208 1704 4262 ob
1734 4209 2123 4266 Priscillianam

531 4279 780 4336 haeresim
833 4279 1061 4348 ejectum
1102 4278 1305 4345 fuisse,
1348 4278 1431 4332 cui
1472 4280 1816 4348 postmodum
1845 4280 2124 4338 Turribius

530 4359 885 4405 successerat.
920 4352 1051 4405 Huic
1077 4360 1254 4405 autem
1287 4350 1458 4404 errori
1488 4364 1703 4404 causam
1736 4350 1935 4405 dedere
1960 4353 2124 4408 verba

528 4424 808 4489 sequentia
836 4464 852 4488 ,
900 4437 1017 4488 quae
1059 4436 1124 4475 ex
1173 4421 1325 4475 ldatii
1366 4420 1632 4475 Chronico
1675 4420 1903 4475 recitare
1940 4422 2121 4478 dixit:

538 4491 792 4545 Dictinius
843 4492 1181 4545 Asturicensis
1226 4491 1531 4561 episcopus,
1583 4492 1666 4545 cui
1715 4493 1775 4544 ob
1810 4491 2125 4549 Priscilliani

534 4561 789 4628 heresim,
818 4576 970 4627 quam
999 4561 1351 4633 proﬁtebamr,
1386 4560 1717 4633 ejecto,cum
1742 4560 1861 4617 aliis
1896 4565 2124 4633 ejusdem

531 4638 683 4684 εει-ιω
702 4633 970 4700 episcOpis,
996 4634 1231 4685 successit
1258 4631 1547 4686 Turribius.
1575 4632 1792 4688 Incaute
1816 4631 1977 4688 etiam
2009 4651 2125 4691 mo-

533 4701 735 4775 nachus
756 4701 1183 4775 congregationis
1208 4703 1378 4757 sancti
1402 4703 1567 4758 Mauri
1588 4704 1767 4775 lapsos
1787 4719 1906 4759 esse
1932 4705 2126 4775 depre-

534 4771 821 4826 hendimus
851 4773 950 4844 (α),
968 4772 1066 4841 qui
1100 4772 1169 4844 _in
1213 4774 1382 4827 sancti
1433 4774 1713 4844 Augustini
1748 4775 1979 4842 Operum
2003 4771 2124 4831 edi-

535 4845 700 4907 tione,
731 4844 893 4897 nimia
925 4842 1063 4898 forte
1085 4842 1368 4909 Quesuello
1409 4846 1495 4898 vel
1526 4842 1686 4900 alteri
1718 4846 1962 4901 mendaci
1988 4850 2123 4903 scri-

527 4916 694 4982 ptori,
730 4914 833 4969 fide
862 4915 1118 4978 adhibita,
1150 4913 1280 4969 illud
1312 4914 1449 4969 idem
1488 4917 1850 4971 testimonium
1884 4917 2121 4976 ldatiano

529 4995 879 5059 asseruerunt
906 4986 1211 5059 Chronico,
1242 4987 1659 5059 repugnantibus
1694 4988 1907 5059 aliunde
1931 4990 2115 5059 Augu-

528 5056 657 5128 stini
684 5059 884 5120 verbis,
910 5057 1103 5128 quibus
1133 5055 1417 5111 Dictinium
1449 5059 1587 5128 inter
1613 5058 1905 5113 catholicos
1936 5055 2117 5116 Eccle-

528 5127 623 5203 siae
647 5127 1093 5203 episcopos’diem
1114 5128 1370 5203 clausisse
1391 5127 1653 5194 afﬁrmat;
1679 5140 1730 5184 et
1752 5130 2002 5186 Ferrario
2023 5132 2119 5203 (ὃ),

528 5199 618 5264 qui
653 5198 869 5263 scripsit
905 5200 1186 5254 Dictinium
1220 5199 1465 5267 cata10go
1492 5209 1807 5271 sanctorum
1836 5198 2121 5271 episcopo?-

530 5282 650 5321 rum
684 5272 1043 5343 Asturicensis
1077 5272 1332 5343 Ecclesiae
1361 5268 1671 5343 ascriptum
1699 5268 1943 5341 reperiri,
1977 5268 2123 5343 ejus-

527 5352 633 5406 que
682 5341 994 5395 memoriam
1026 5341 1313 5410 quotannis
1342 5340 1431 5397 die
1468 5338 1677 5396 {Junii
1705 5338 1775 5398 ea
1793 5343 1848 5399 in
1876 5338 2121 5402 ECclesia

525 5410 691 5463 recoli
732 5420 1043 5466 consuetum
1073 5412 1255 5467 fuisse.

600 5481 654 5535 8.
708 5480 925 5537 Interim
982 5490 1162 5539 autem
1219 5482 1566 5540 Paschasium
1615 5484 1960 5555 Quesnellum
2003 5488 2119 5546 suis

626 5616 682 5697 ᾳ)
716 5618 878 5697 rom.
908 5618 974 5697 _V|
1004 5619 1239 5697 Operum
1265 5622 1570 5697 Augustini,
1599 5641 1721 5697 pag.
1753 5627 1879 5684 550.

626 5617 682 5686 α)
720 5618 878 5674 Tom.
908 5618 974 5674 Vl
1004 5619 1239 5690 Operum
1265 5622 1570 5695 Augustini,
1599 5641 1721 5697 pag.
1753 5627 1879 5684 550.

589 5617 677 5816 ἑὸ)
698 5689 995 5773 Ferrarius
1017 5733 1031 5758 ,
1081 5692 1133 5746 in
1173 5696 1411 5775 generali
1440 5698 1681 5768 catalogo
1709 5698 1838 5763 SS.,
1872 5698 1937 5754 ad
1970 5697 2113 5754 diem

624 5772 752 5816 unn.
796 5760 1009 5816 Videltﬂ
1043 5762 1318 5816 Franctsci
1355 5764 1602 5816 Gervesii
1651 5768 2106 5816 iliades-tationem-

526 5754 565 5813 2
589 5754 752 5817 Junii.
796 5754 1318 5823 Videsis'Frau'cisci
1355 5754 2108 5834 Gervesiivdisser'tatiouem.

2226 3214 2452 3270 ctinium
2502 3220 2612 3283 jam
2672 3214 2824 3272 ante'
2858 3216 2963 3272 400
3018 3233 3216 3272 annum
3272 3214 3318 3272 e'
3341 3234 3435 3273 sua
3484 3219 3750 3272 Asturiceus

2227 3285 2357 3358 sede
2400 3286 2669 3358 dejectum
2696 3329 2711 3352 ,
2760 3286 2992 3358 huicque
3049 3290 3230 3343 statim
3271 3289 3333 3345 S.
3370 3288 3659 3344 Turribiutn
3682 3287 3769 3342 suf-

2226 3356 2466 3412 fectum?
2517 3357 2709 3424 Unde,
2757 3356 2979 3428 qumso,
3025 3359 3241 3414 deducit
3290 3361 3484 3416 iterum
3531 3360 3767 3414 Dictinium

2226 3428 2402 3498 ipsum
2431 3468 2446 3493 ,
2488 3428 2764 3500 Toletanis
2802 3428 2906 3484 PP.
2950 3431 3308 3486 annueutibus
3334 3473 3349 3495 ,
3393 3446 3543 3486 suam
3587 3431 3764 3500 primam

2226 3499 2799 3571 uoenpassetsedem,
2859 3515 2978 3571 qua:
3040 3500 3346 3559 disserendi
3402 3499 3769 3570 ratio,'contrs

2227 3568 2386 3645 235
2437 3570 2689 3645 Ecclesite
2738 3568 2998 3645 canones,
3044 3572 3178 3627 duos
3226 3574 3486 3645 conﬁngit
3533 3568 3765 3645 episcopos

2225 3644 2471 3716 eamdem
2500 3643 2682 3716 sedem
2722 3641 3204 3716 administrantes?
3236 3641 3444 3699 Horum
3488 3641 3643 3716 poi-ro
3668 3642 3768 3698 nihil

2227 3710 2392 3784 habet
2415 3711 2614 3784 Idalios
2655 3714 2707 3767 in
2738 3711 3027 3779 Chronico,
3061 3714 3194 3769 nihil
3222 3716 3471 3772 Toletani
3491 3710 3684 3779 Patres.
3707 3716 3769 3784 qui

2227 3781 2297 3853 de
2322 3780 2421 3837 hac
2451 3782 2669 3838 Dictinii
2714 3784 3082 3853 restitutione,
3118 3796 3207 3839 aut
3236 3786 3306 3841 de
3336 3786 3574 3843 Turribii
3601 3780 3769 3840 ordiris:

2230 3852 2374 3908 tione
2400 3868 2501 3907 nec
2525 3869 2691 3908 unum
2723 3854 2943 3909 verbum
2974 3852 3333 3923 protulerunt.
3375 3858 3553 3914 Immo
3584 3855 3769 3913 Chroni-

2227 3937 2350 3977 cum
2375 3923 2507 3979 illud
2543 3933 2598 3980 et
2622 3924 2781 3995 hujus
2808 3927 3021 3980 concilii
3055 3930 3187 3981 Acta
3213 3929 3349 3983 mire
3382 3930 3532 3985 inter
3556 3944 3612 3984 se
3633 3928 3769 3984 conci-

2229 4002 2423 4071 nunt;_
2449 3996 2502 4049 in
2547 4012 2610 4051 ea
2659 3996 2912 4071 videlicet
2954 3996 3236 4071 indicanda
3288 3999 3656 4071 indulgentia,
3695 4011 3768 4068 qua

2230 4064 2462 4142 pictinio
2491 4076 2547 4122 et
2590 4066 2798 4142 caeteris
2841 4068 3226 4142 paenitentibus
3271 4064 3553 4142 episcopis
3596 4064 3774 4139 benigne

2229 4135 2328 4189 fuit
2355 4150 2673 4193 concessum
2708 4140 2761 4191 in
2792 4135 2904 4192 suis
2930 4139 3151 4194 sedibus
3178 4135 3558 4209 perseverare,
3586 4150 3636 4197 et
3656 4135 3774 4196 dum-

2228 4213 2379 4283 taxat
2419 4218 2632 4283 cautum
2679 4208 2779 4283 fuit
2828 4218 2897 4283 ut
2933 4210 3001 4264 ab
3042 4208 3314 4283 initiandis
3342 4208 3643 4283 episcopis.
3686 4225 3776 4281 pre-

2231 4276 2465 4353 sbyteris
2489 4278 2985 4353 atque_diaconibus
3006 4296 3066 4353 se
3085 4276 3444 4353 abstinerent,
3475 4276 3779 4353 quoadusque

2200 4347 2455 4403 .ROmani
2487 4349 2756 4419 pontificis
2794 4349 3061 4406 Anastasii
3093 4362 3149 4407 et
3185 4347 3530 4418 Simplici—atii
3568 4347 3780 4410 Mediola-

2230 4419 2413 4492 ttensis
2442 4420 2701 4490 episcopi,
2736 4422 3005 4477 Ambrosii
3035 4425 3385 4492 successoris,
3420 4424 3782 4483 communionis

2230 4488 2434 4569 litteras
2463 4488 2763 4569 reciperent
2788 4511 2801 4545 :
2837 4492 3179 4569 Symphosius
3200 4488 3380 4569 autem
3397 4498 3581 4569 (aiunt
3608 4498 3781 4553 Toleta-

2227 4562 2281 4613 ni
2314 4561 2769 4641 przesules)_sen_ex
2792 4561 3095 4641 religiosus,
3126 4568 3214 4641 qui
3252 4561 3597 4641 quod'egerat
3622 4610 3635 4633 ,
3659 4580 3781 4641 supra

2226 4632 2552 4707 scripsimus,
2583 4633 2637 4685 in
2679 4632 2913 4707 Ecclesid
2939 4651 3034 4689 sua
3071 4632 3346 4707 consistat,
3402 4632 3786 4707 circumspectius

2228 4703 2365 4756 circa
2391 4719 2626 4779 eostquos
2667 4705 2713 4758 ei
2755 4706 3024 4779 reddemus
3067 4706 3301 4779 futurus;
3345 4710 3481 4765 inde
3518 4703 3785 4779 exspectabit

2229 4774 2636 4852 {ommuuionem
2658 4776 2793 4852 unde
2815 4779 2956 4852 prius
2985 4793 3125 4852 {pem
3150 4776 3336 4852 futura
3364 4784 3515 4848 pacis
3534 4774 3784 4852 acceperat.

2230 4843 2379 4909 Quod
2398 4845 2767 4900 observandum
2792 4847 2946 4900 etiam
2972 4843 3198 4903 Dictinio
3221 4859 3268 4904 et
3299 4843 3557 4907 Anthea-ia
3588 4843 3691 4906 esse
3714 4853 3785 4902 de-

2225 4916 2473 4969 crevimus
2524 4916 2618 4986 (c).
2648 4918 2780 4971 Cum
2831 4919 3009 4987 itaque
3047 4918 3286 4975 Toletani
3317 4920 3515 4979 Patres
3544 4924 3786 4978 decrevis-

2231 4995 2352 5042 sent
2378 4987 2791 5058 Symphosium,
2829 4988 3112 5045 Dictinium
3153 5001 3207 5046 et
3240 4992 3573 5049 Antherium
3612 4995 3662 5048 in
3702 4992 3791 5046 suis

2230 5059 2484 5114 Ecclesiis
2513 5058 2763 5114 debuisse
2786 5060 3101 5127 consistere,
3133 5077 3197 5115 an
3221 5077 3327 5117 non
3351 5064 3625 5120 confinxit
3652 5066 3791 5130 Ques-

2174 5174 2179 5179 .
2228 5130 2401 5185 uellus
2451 5130 2736 5185 Dictinium
2780 5141 2905 5186 ante
2952 5132 3084 5186 illud
3129 5133 3416 5189 concilium
3463 5152 3501 5191 e
3553 5152 3647 5190 sua
3689 5134 3790 5187 sedc

2227 5201 2497 5271 ejectumi,
2555 5204 2713 5271 eique
2760 5200 3066 5257 Turribinm
3121 5202 3453 5259 suﬂ‘ectum?
3510 5207 3794 5261 Consistaut

2226 5275 2375 5327 aiunt
2403 5270 2534 5337 PP.,
2564 5287 2668 5326 non
2691 5287 2817 5327 suas
2841 5272 2999 5329 sedes
3033 5274 3322 5343 recipiant,
3346 5285 3407 5331 ut
3426 5289 3627 5332 noster
3653 5291 3796 5330 anui}-

2229 5353 2368 5417 tator
2387 5345 2705 5417 somniatur,
2729 5358 2857 5417 qua:
2899 5358 3061 5417 voces
3086 5360 3189 5399 non
3223 5346 3365 5401 idem
3403 5348 3705 5417 importare
3730 5344 3796 5397 vel

2227 5414 2418 5489 leviter
2443 5414 2740 5489 attendenti
2769 5414 3228 5489 ﬁt_tnanifestum_.
3256 5417 3372 5473 Non
3414 5414 3561 5489 ergo
3592 5431 3675 5475 est
3702 5432 3798 5471 cre-

2226 5486 2463 5543 dendum
2486 5526 2504 5554 ,
2528 5484 2761 5542 Dictinio
2787 5484 2965 5545 adhuc
2990 5486 3281 5558 superstite
3352 5489 3411 5546 in
3442 5484 3620 5561 hujus
3645 5491 3796 5547 locum

2218 5641 2284 5697 pa
2324 5667 2339 5681 .
2371 5625 2463 5683 65.

2287 5642 2366 5767 ἵε)
2396 5696 2688 5767 Exemplar
2726 5696 3017 5756 deﬁnitiva:
3062 5696 3349 5757 sententia
3389 5695 3584 5760 Tolet.
3629 5709 3799 5763 om;

2217 5778 2346 5828 tom.
2372 5768 2439 5840 ll,
2461 5782 2583 5841 pas.
2608 5768 2771 5831 “79.
