3968 6310
506 336 639 403 103i
692 330 697 337 ’

1096 332 1157 389 P.
1196 330 1517 390 CACCIARI
1557 326 2158 386 EXERCITATIONES
2202 327 2266 384 IN
2306 327 2363 384 S.
2406 326 2647 385 LEONIS
2684 326 2897 385 MAGNI
2936 326 3192 405 OPERA.

3612 334 3720 395 I059

584 460 637 514 5.
666 451 1131 525 Quemadmodum
1161 465 1291 525 vero
1319 449 1613 525 barbarica
1644 448 1732 503 illa
1764 445 1997 525 incursio
2036 448 2169 519 eu
2195 445 2403 525 primus
2429 444 2526 499 fuit
2557 444 2924 525 Hermericns.
2960 444 3081 525 qui,
3123 455 3246 514 post
3274 443 3487 515 imperii
3509 460 3649 525 annos
3667 450 3721 508 5?.

508 519 717 586 invasio
753 525 1086 595 contigisset,
1134 522 1362 578 eruditis
1409 521 1657 595 omnibus
1703 519 1833 573 satis
1867 534 2084 595 perspe—

488 594 653 658 ’ctum
684 590 935 655 arbitror:
969 596 1076 651 Nec
1106 595 1247 650 enim
1278 594 1474 663 estqui
1508 594 1718 662 ignoret
1745 606 1847 663 eos
1881 590 2085 663 laedere

510 688 637 730 cum
684 670 862 726 Attalo
885 667 1122 739 junctos,
1156 666 1317 739 veluti
1358 660 1562 718 amicos
1601 662 1996 739 et_auxiliares_,
2030 660 2082 739 i_n

510 731 905 815 Aquitanorum
952 740 1071 815 sinu
1099 738 1333 815 primum
1380 745 1634 815 exceptos
1663 733 1858 815 fuisse;
1892 731 1997 814 sed
2019 732 2088 815 de

510 803 757 886 repente,
782 821 965 886 spreto
988 803 1188 886 Attalo,
1216 807 1411 886 divina:
1443 805 1661 861 ultionis
1682 803 1900 886 eli'ectos
1929 804 2085 886 minif

508 876 671 953 siros,
699 876 754 939 in
787 876 1003 953 rapinas
1026 889 1082 937 et
1109 876 1360 953 incendia
1383 886 1613 953 se_tot_os
1642 876 2012 953 convertisse,_
2030 883 2087 928 ut

505 946 669 1012 etiam
710 946 964 1011 Paulinus
1006 949 1304 1008 consularis
1347 949 1401 1003 in
1433 946 1801 1003 Eucharistico
1846 947 2087 1000 carmine

506 1026 763 1083 narravit.
811 1024 1009 1080 Verum
1052 1021 1305 1077 Paulinus
1346 1020 1449 1075 iSte
1500 1036 1564 1074 ex
1608 1017 1774 1073 nobili
1815 1016 2086 1072 consulari

508 1098 748 1154 Ausonia
790 1106 950 1167 gente
990 1094 1324 1167 progenitus,
1365 1091 1472 1167 duo
1510 1091 1579 1145 de
1607 1105 1665 1144 se
1694 1088 1812 1158 ipso
1841 1086 2080 1167 exponit,

507 1185 734 1241 quorum
760 1160 1119 1241 postremum:
1137 1162 1381 1241 mire__ad
1410 1176 1523 1241 rem
1552 1168 1789 1241 nestram
1819 1160 2086 1241 pertinere

505 1231 708 1312 judico.
736 1231 911 1294 A'ttalo
934 1238 986 1291 in
1027 1235 1214 1312 primis
1235 1232 1571 1312 dissensisse
1597 1233 1811 1300 fatetur,
1840 1231 1931 1300 qui
1963 1244 2085 1312 eum

506 1300 758 1368 comitem
786 1300 1091 1365 curatorem
1120 1304 1461 1374 largitionum
1499 1312 1796 1369 creaverat,
1828 1316 1949 1374 eum
1972 1300 2080 1370 jam

506 1385 670 1439 sciret
707 1380 845 1436 istud
891 1393 1085 1434 munus
1128 1372 1275 1431 nullo
1319 1390 1536 1444 prorsus
1586 1388 1747 1429 sensu
1790 1372 2083 1444 subsistere

509 1469 687 1533 posse.-
712 1453 1079 1533 Tansquiwe
1108 1442 1381 1533 Ρεξυιίπιιίεν
1413 1442 2087 1533 W'F_EYF?P.'!‘,_P§"EPP§

507 1515 723 1594 spretis,
754 1515 1034 1594 Gothicam
1063 1526 1512 1594 partem_secutns
1542 1515 1645 1571 est.
1675 1515 1918 1594 Alterum
1953 1528 2083 1568 vero

507 1585 766 1659 deterius,
801 1592 941 1663 quod
968 1585 1246 1663 perperam
1269 1589 1501 1663 factum,_
1516 1602 1695 1641 amara
1727 1585 1946 1663 deﬂevit
1974 1598 2087 1652 pm-

513 1657 768 1731 nitentiai
792 1657 1029 1733 illudque
1056 1657 1174 1733 fuit,
1200 1663 1282 1733 ait
1314 1659 1593 1733 Baronius,
1618 1657 1760 1733 quod
1790 1658 1856 1710 ad
1887 1658 2085 1733 impro:

510 1738 633 1793 bata
664 1726 784 1791 ﬁdei
808 1726 1054 1805 dogmata
1082 1731 1421 1805 Christianus
1455 1731 1615 1805 homo
1633 1726 1965 1805 diverterat‘:
1990 1726 2085 1805 sed

509 1809 766 1881 improbis
812 1798 1104 1889 adhaesisse
1146 1802 1749 1889 degmatibusintegre
1772 1798 2083 1889 qeind‘eeirn
2120 1828 2170 1889 Β

509 1870 771 1935 annorum
801 1879 999 1947 spatio,
1031 1874 1399 1947 non_obscure
1421 1873 1698 1947 sequentia
1722 1870 1955 1940 produnt
1974 1883 2094 1947 ear:

511 1951 677 2014 mina,
719 1940 913 2020 quibus
957 1940 1018 2003 se
1059 1944 1343 2002 catholica
1382 1942 1686 1999 restitutum
1726 1940 2095 1996 communioni

506 2028 897 2078 commemorat
926 2034 942 2071 Ξ

633 2131 752 2181 Post
773 2135 961 2190 autem,
980 2131 1155 2177 exacta
1176 2127 1273 2189 jam
1295 2124 1559 2190 trieteride
1581 2126 1770 2190 quinta,

630 2193 746 2242 Rite
767 2187 1059 2241 recurrente
1075 2187 1257 2239 statuto
1281 2196 1501 2249 tempore
1524 2187 1725 2244 Pascha,

631 2255 705 2304 Ad
731 2260 832 2315 tua,
858 2252 1049 2303 Christe
1072 2251 1227 2310 Deus,
1251 2249 1417 2315 altaria
1443 2261 1578 2299 sacra
1598 2261 1847 2305 reversus,

632 2317 705 2367 Te
729 2310 1017 2377 miserante,
1041 2320 1121 2363 tua
1144 2314 1368 2374 gaudens
1382 2317 1686 2361 sacramenta
1709 2310 1894 2372 recepi.

508 2419 616 2479 Sed
643 2418 964 2491 quibusnam
1011 2416 1287 2491 haereseos:
1320 2415 1565 2491 vinculis
1596 2414 1795 2491 tamdiu
1840 2413 2098 2491 Paulinus

508 2485 801 2549 obstrictus
841 2488 1223 2559 permanserit,
1255 2487 1515 2541 Baronius
1552 2485 1774 2559 inquirit
1804 2494 1857 2538 et
1899 2486 2096 2559 proba-

510 2564 620 2619 bile
649 2556 921 2616 existimat
964 2556 1493 2614 Priscillianistarum
1526 2556 1769 2625 turpibus
1818 2557 2097 2610 erroribus

510 2634 769 2705 pollutum
792 2640 848 2686 et
864 2629 1184 2705 implicitum
1205 2628 1392 2705 fuisse.
1416 2628 1635 2705 Etenim
1659 2626 1846 2681 Severi
1874 2626 2095 2705 Sulpicii

506 2698 561 2762 et
590 2704 817 2759 aliorum
850 2701 1171 2769 testimonio
1197 2698 1308 2769 jam
1342 2699 1575 2769 vidimus
1618 2698 1672 2751 in
1722 2712 1783 2752 ea
1820 2698 2095 2769 provincia

505 2776 840 2832 clarissimos
868 2774 1014 2826 viros
1063 2786 1127 2825 ac
1154 2767 1382 2825 feininas
1414 2785 1444 2823 a
1488 2767 1827 2823 Priscilliano
1874 2777 1930 2823 et
1980 2768 2097 2837 ejus

506 2845 862 2905 sectatoribus
882 2843 1107 2896 Romam
1141 2841 1603 2910 proficiscentibus
1628 2840 1793 2894 fuisse
1810 2840 2094 2910 seductos;

505 2933 643 2988 quos
680 2916 875 2972 merito
904 2913 1085 2988 divine
1110 2909 1280 2988 ultio-
1316 2921 1498 2988 secuta
1545 2919 1653 2981 est,
1683 2924 1807 2965 cum
1838 2914 1903 2963 ad
1952 2909 2097 2965 illius

508 2982 778 3046 haereseos
808 2984 1187 3055 vimpudicitias
1233 2982 1549 3055 abolendas,
1602 2996 1715 3055 nec
1752 2995 1942 3055 sacrae,
1995 2996 2098 3055 nec

508 3052 921 3127 ecclesiasticae,
937 3070 1038 3111 nec
1052 3055 1237 3110 civiles
1267 3056 1413 3124 leges
1440 3053 1606 3108 ullum
1639 3052 1803 3108 robur
1830 3052 2095 3107 obtinuis-

506 3140 629 3189 sent

2194 518 2484 581 decedens,
2534 531 2675 572 anno
2703 516 2812 572 440
2844 516 3121 571 Rechilam
3166 531 3528 573 successorem
3563 521 3717 578 habuit.

2192 588 2243 643 Is
2282 597 2486 659 autem,
2516 597 2732 659 ,septem
2787 588 3069 643 dumtaxat
3107 589 3264 643 annis
3312 588 3365 644 in
3398 588 3605 659 imperio
3626 608 3702 650 con

2188 661 2439 726 sumptis,
2473 660 2933 731 Recciarioiregni
2962 659 3197 731 habenas
3228 659 3469 731 reliquit,
3491 662 3569 730 qui
3594 663 3720 718 incs-

2191 731 2385 785 tbolica
2429 731 2651 785 edoctus
2696 730 2981 799 religione,
3027 730 3423 787 ecclesiasticas
3457 746 3538 787 res
3569 737 3719 791 sanctis

2192 800 2459 871 episcopis
2484 801 2624 856 haud
2646 800 2867 856 difﬁcile
2893 802 3299 871 componendas
3322 802 3573 873 permisit.

2789 917 3015 975 CAPUT
3053 916 3189 975 XIII.

2195 1033 2269 1090 De
2300 1034 2537 1108 Turribio
2582 1034 2906 1108 Asturicensi
2941 1034 3201 1108 episcopo,
3225 1034 3394 1108 ipsius
3434 1035 3508 1108 ad
3532 1039 3720 1108 apostoli-

2260 1123 2394 1180 ca_m_
2419 1106 2587 1180 sedem
2629 1104 3112 1180 consultationibus,
3139 1105 3409 1180 rebusque
3460 1106 3519 1160 ab
3544 1104 3593 1161 eo
3611 1111 3719 1180 gestis

2260 1178 2329 1230 ad
2354 1176 2743 1230 Priscillianam
2772 1177 3005 1247 haeresim
3034 1176 3235 1246 penitus
3262 1176 3720 1247 exstinguendain,d

2264 1249 2661 1302 ecclesiasticam
2688 1246 3021 1319 disciplinam
3046 1247 3414 1316 reparandum.

2263 1364 2316 1416 l.
2345 1360 2914 1431 Quadringentesimus
2950 1362 3393 1431 quadragesimus
3444 1371 3628 1427 sextus,
3660 1372 3721 1418 aut

2189 1434 2452 1499 septimus
2479 1430 2680 1486 Christi
2703 1447 2875 1487 annus
2905 1430 3016 1486 tum
3041 1430 3317 1500 agebatur,
3348 1448 3476 1489 cum
3505 1434 3719 1488 Turribius

2190 1502 2557 1560 Asturicensis
2592 1503 2849 1559 Ecclesiae
2888 1504 2940 1557 in
2970 1502 3193 1559 Gallicia
3229 1505 3539 1573 episcopus,
3565 1504 3716 1559 modica

2191 1576 2577 1645 tranquillitate
2646 1575 2955 1629 illucescere
3007 1574 3333 1642 incipiente,
3390 1573 3719 1630 Priscillianam

2192 1644 2337 1699 luem
2368 1659 2589 1714 prorsus
2614 1658 2845 1715 purgare
2870 1654 2925 1699 et
2957 1645 3173 1700 Dictinii
3197 1645 3367 1700 libros
3390 1646 3617 1713 aliasque
3632 1660 3715 1713 apo

2190 1717 2423 1787 crypbas
2455 1716 2772 1786 scripturas,
2794 1729 2931 1787 quae
2958 1725 3049 1787 aut
3079 1717 3129 1769 in
3159 1717 3380 1785 privatis
3420 1716 3642 1787 domibus
3662 1730 3703 1768 as

2194 1786 2577 1851 servabantur,
2604 1796 2698 1841 aut
2726 1786 2899 1854 palam
2923 1786 2977 1841 in
3013 1786 3269 1841 Ecclesiis
3296 1786 3611 1856 legebantur,
3638 1800 3718 1853 pro-

2200 1857 2459 1925 scribere,
2491 1857 2823 1927 disperdere,
2842 1865 2934 1913 aut
2955 1860 3174 1913 omnino
3194 1857 3449 1913 incendio
3467 1870 3718 1912 consumere

2202 1929 2354 1983 nisus
2381 1939 2485 1983 est.
2512 1926 2641 1996 Quae
2669 1926 2850 1982 omnia
2878 1942 3002 1983 cum
3030 1928 3263 1983 maxime
3293 1930 3349 1983 in
3370 1932 3510 1982 votis
3534 1929 3721 1990 haberet,

2199 2008 2520 2054 caeterorum
2569 1998 2955 2054 catholicorum
2998 1999 3215 2053 Patrum
3258 2002 3504 2069 exempla
3537 2009 3720 2069 secutus,

2200 2078 2437 2125 actutum
2468 2085 2573 2125 non
2631 2070 2793 2124 alium
2839 2069 3073 2139 judicem
3115 2080 3170 2125 et
3212 2066 3520 2140 magistrum
3565 2068 3722 2140 censuit

2199 2156 2321 2196 esse
2358 2140 2805 2209 interpellandum
2842 2155 3000 2209 quam
3044 2149 3286 2195 sanctum
3313 2139 3547 2195 Leonem
3572 2139 3724 2193 Roma-

2200 2226 2327 2265 num
2360 2210 2690 2281 pontiﬁcem,
2724 2210 2789 2265 ad
2825 2226 2981 2279 quem
3032 2226 3126 2265 sua
3172 2211 3374 2280 scripta
3402 2212 3598 2265 direxit.
3627 2209 3722 2281 Per-

2199 2279 2376 2337 vincio
2404 2282 2583 2352 itaque
2612 2297 2723 2335 sua:
2750 2282 3114 2337 Asturicensis
3142 2279 3400 2337 Ecclesiae
3421 2284 3621 2338 diacono
3642 2279 3721 2352 lio-

2201 2367 2345 2407 mam
2377 2350 2643 2421 proficisci
2674 2364 2727 2406 et
2752 2352 2818 2405 atl
2839 2351 2896 2406 S.
2924 2353 3158 2407 Leonem
3182 2352 3446 2422 ejusmodi
3467 2354 3637 2419 scripta
3653 2350 3723 2404 de-

2200 2422 2419 2495 ferenda
2444 2425 2559 2492 ipse
2599 2422 2879 2477 Turribius
2908 2422 3201 2495 commisit.
3234 2422 3466 2495 Quorum
3490 2436 3627 2495 porro
3648 2434 3722 2495 ge-

2200 2493 2388 2564 nerum
2427 2496 2623 2563 scripta
2667 2495 2732 2547 ad
2782 2493 3133 2564 apostolicam
3179 2493 3365 2564 sedem
3393 2493 3719 2564 transmiserit,

2199 2563 2310 2619 Leo
2332 2565 2448 2633 ipse
2491 2561 2551 2620 in
2573 2561 2832 2619 exordiis'
2853 2580 2965 2618 sua:
3003 2563 3246 2632 epistolae
3290 2566 3356 2620 15
3383 2563 3621 2625 indicavit,
3650 2561 3718 2613 di-

2198 2650 2328 2689 cens
2351 2652 2413 2690 ea:
2440 2637 2669 2703 epistolw
2694 2651 2945 2698 sermone,
2988 2644 3035 2688 et
3063 2635 3422 2688 commonitorii
3440 2633 3635 2703 seriae!
3656 2644 3713 2683 es

2197 2705 2358 2760 libelli
2409 2701 2548 2761 testu
2594 2706 2835 2760 didicisse
2866 2704 3363 2760 Priscillianistarum
3402 2701 3707 2773 [uidissime

2198 2778 2340 2840 apud
2366 2794 2451 2832 eas
2492 2778 2726 2847 regiones
2761 2776 3036 2830 recaluisse
3062 2769 3453 2847 sentinamdsed
3478 2769 3707 2847 ejusmodi

2200 2847 2433 2903 Turribii
2462 2842 2685 2915 scripta,
2709 2864 2775 2903 ex
2801 2847 2995 2917 quibus
3020 2847 3228 2901 facilius
3251 2845 3465 2902 Gallicia:
3483 2853 3531 2899 et
3550 2842 3715 2917 llispa-

2199 2921 2405 2973 uiarum
2460 2914 2833 2974 Ecclesiarum'
2867 2930 3228 2973 aerumnosum
3272 2924 3455 2971 statum
3488 2914 3727 2984 potuisse-

2200 3004 2319 3044 mus
2359 2991 2839 3059 comprehendere,
2885 2990 2994 3058 jam
3033 2989 3125 3044 diu
3171 2988 3557 3059 interciderunt.
3590 2984 3731 3052 Cujus

2197 3059 2412 3129 quidem
2457 3061 2683 3130 jactura:
2737 3060 3111 3130 gravissimum
3160 3059 3414 3130 damnum
3464 3058 3622 3130 aliqua
3662 3066 3733 3130 ra—

2199 3126 2347 3186 tione
2375 3126 2655 3186 dumtaxat
2681 3126 2877 3185 litteris
2908 3132 2973 3201 ad
3005 3130 3230 3185 ldatium
3259 3140 3313 3184 et
3342 3127 3616 3201 Coponium
3645 3126 3738 3201 epi-

577 3204 633 3259 4.
672 3201 736 3257 Et
762 3200 977 3272 quidem
1006 3198 1104 3267 ipsi
1123 3196 1298 3272 “etiem
1336 3194 1630 3272 Christiani
1663 3195 1809 3250 orbis
1854 3195 2085 3272 impera-

2197 3215 2411 3271 scopos,
2454 3218 2575 3269 quae
2614 3203 2715 3256 sub
2747 3200 2979 3256 Turribii
3019 3201 3385 3257 Asturicensis
3418 3194 3623 3272 nomine
3650 3199 3739 3272 cir-

507 3283 673 3339 tores,
700 3281 759 3328 ut
780 3267 1083 3327 'catholicce
1115 3268 1238 3321 tidei
1270 3267 1432 3339 rebus
1461 3269 1661 3339 Optime
1690 3267 2083 3339 prospicerent,

507 3336 669 3417 paulo
698 3351 987 3417 antequam
1019 3339 1268 3417 Vandali,
1296 3336 1686 3417 Gothi,.elani,
1720 3336 1917 3417 aliique
1958 3339 2085 3417 Bar-

508 3409 761 3472 barorum
790 3409 991 3468 Gallias
1035 3418 1091 3465 et
1132 3409 1415 3477 Hispanias
1444 3409 1762 3477 diriperent,
1807 3409 1984 3463 varias
2013 3409 2088 3461 le-

507 3501 602 3557 ges
632 3487 691 3557 in
708 3482 1261 3557 hujusPriseilliana:
1302 3481 1573 3557 haereseos
1605 3480 1787 3533 odium
1831 3480 2090 3557 condide-

509 3550 653 3612 runt.
682 3550 947 3610 Honorius
975 3551 1117 3606 enim
1146 3554 1421 3619 Augustus
1450 3550 1623 3620 legem
1652 3560 1837 3604 contra
1864 3550 2085 3604 eosdem

508 3628 564 3682 in
591 3626 881 3682 Occidente
921 3624 1063 3685 tulit,
1098 3636 1199 3690 qua
1246 3619 1793 3689 Senatori’praafecto
1836 3620 2090 3688 praetorio

508 3698 661 3767 jubet
687 3698 741 3751 in
769 3695 1109 3767 Manicliaeos,
1135 3701 1189 3746 et
1218 3690 1513 3767 Pltrigias,“
1534 3706 1628 3745 seu
1657 3690 2090 3767 Priscillianistas

508 3762 794 3838 diligenter
823 3765 1112 3838 inquirere,
1146 3762 1363 3838 eosdem
1384 3762 1551 3838 variie
1568 3775 1848 3838 ptenarum
1878 3762 2092 3838 generi-

508 3831 911 3895 bus'coercerel
940 3834 1046 3890 Sed
1082 3843 1137 3886 ut
1157 3833 1191 3887 ii
1216 3846 1425 3901 quoque
1452 3831 1614 3903 250
1640 3832 1692 3886 in
1715 3831 1950 3903 Orientis
1971 3847 2092 3901 par-

509 3911 652 3967 tibus
702 3909 1033 3972 delerentur,
1089 3903 1427 3959 Theodosius
1471 3902 1764 3971 imperator
1822 3902 2093 3971 Augustus

507 3981 741 4037 studium
772 3976 1046 4041 adhibuit;
1077 3974 1291 4045 quando
1328 3973 1580 4029 videlicet
1614 3974 1824 4029 duobus
1853 3974 1993 4028 datis
2021 3974 2090 4029 ad

510 4054 829 4108 Antherium
860 4045 1462 4119 prtefectumipraatorio
1495 4046 1789 4119 rescriptis,
1824 4045 2089 4100 Montani-

508 4124 628 4193 stis,
689 4115 1130 4193 Priscillianistis,
1182 4115 1601 4193 Eunominianis
1627 4128 1836 4193 praeter
1903 4131 2090 4193 necem

508 4186 685 4249 omnia
735 4191 995 4262 supplicia
1045 4188 1309 4262 decrevit.
1358 4186 1470 4262 Sed
1513 4186 1678 4262 quid?
1731 4188 2091 4262 Imperialium

509 4264 647 4321 forte
673 4259 1331 4320 ministrorumsocordia,
1357 4259 1692 4327 improbitas,
1726 4259 1971 4324 avaritia,
2001 4266 2095 4312 aut

509 4338 637 4390 falsa
684 4335 891 4403 religio,
937 4347 1057 4387 cum
1087 4333 1150 4403 iis
1177 4330 1388 4403 legibus
1415 4331 1791 4403 obtemperare
1829 4329 2094 4403 neglexis-

509 4416 612 4471 set,
641 4400 821 4460 divina
861 4413 1051 4473 agente
1094 4401 1319 4473 ultione,
1368 4400 1421 4453 in
1452 4400 1516 4473 iis
1546 4400 1857 4473 regionibus
1896 4401 2095 4473 Buma-

510 4470 637 4531 num
661 4470 943 4544 imperium
976 4486 1193 4541 prorsus
1220 4471 1453 4544 deletum
1482 4470 1603 4534 fuit,
1656 4479 1711 4544 et
1754 4472 1935 4544 populi
1968 4471 2090 4544 ipsi,

512 4548 699 4611 bonis,
743 4542 1000 4599 libertate
1028 4550 1120 4596 aut
1165 4542 1326 4595 etiam
1362 4543 1468 4595 vita
1501 4542 1713 4609 privati,
1744 4543 1951 4596 debitas
1988 4543 2095 4594 ha:-

511 4632 695 4673 reseos
740 4625 793 4671 et
821 4628 1040 4670 suarum
1084 4612 1538 4682 impudicitiarum
1586 4626 1771 4681 ptenas
1820 4614 2093 4683 persolve-

509 4698 656 4746 ιἰΙΙΙῐ.

581 4761 634 4816 5.
669 4758 801 4815 Cum
829 4758 1007 4827 itaque
1037 4754 1403 4824 Hispaniarum
1426 4762 1481 4808 et
1506 4754 1774 4811 Callaeciae
1804 4768 2091 4825 regnorum

509 4832 697 4889 civiles
722 4841 883 4899 atque
911 4827 1304 4899 ecclesiasticas
1345 4840 1434 4899 res
1482 4836 1566 4899 tot
1586 4834 1853 4895 tantaeque
1884 4836 2093 4895 pertur-

512 4905 754 4958 bationes
783 4896 1061 4965 vexarent,
1103 4896 1481 4951 Innocentiana
1515 4898 1606 4951 illa
1637 4905 1835 4952 statuta
1865 4912 2091 4952 exsecu-

510 4974 640 5028 tioni
663 4972 975 5029 demandari
998 4968 1148 5024 nullo
1172 4967 1330 5022 modo
1354 4976 1619 5036 poterant,
1652 4970 1948 5037 praesertim
1965 4968 2088 5035 quia

513 5046 779 5115 Hispania:
805 5054 858 5099 et
894 5042 1161 5115 Callaeciae
1191 5039 1370 5115 populi
1409 5054 1515 5115 non
1546 5054 1652 5115 uno
1676 5048 1902 5115 _tantum
1921 5038 2088 5115 Prin-

509 5110 635 5186 cipi',
661 5116 756 5171 sed
781 5114 991 5186 duobus
1013 5112 1330 5186 Aria_nor_ut_n
1358 5111 1476 5186 labe
1507 5110 1719 5186 pollutis
1740 5120 1859 5186 tum
1882 5111 2091 5186 obtem-

512 5180 703 5256 perare
741 5185 1089 5256 cogebantur.
1131 5180 1187 5256 In
1241 5181 1514 5256 Hispaniie
1547 5184 1691 5256 enim
1723 5181 2084 5249 Athaulphus,

509 5250 712 5313 Christi
748 5250 894 5312 anno
925 5255 1053 5319 M4,
1103 5254 1310 5322 primus
1340 5250 1433 5307 ex
1475 5250 1777 5307 Gothorum
1808 5262 1968 5322 gente
1996 5268 2087 5308 re-

510 5330 713 5399 gnavit.
740 5328 849 5384 Sed
877 5327 965 5381 vix
994 5324 1375 5399 imperiianno
1396 5323 1641 5378 absoluto
1665 5325 1952 5399 a_quodam
1982 5323 2092 5379 (ἔοι

511 5393 605 5456 ibo
647 5407 867 5455 necatus
898 5407 1002 5462 est,
1052 5396 1140 5449 cui
1182 5394 1468 5464 Segericus
1513 5393 1811 5450 succedens
1840 5402 1963 5463 post
1996 5409 2092 5450 sex

512 5486 726 5528 menses
756 5473 871 5541 ipse
913 5469 1073 5541 etiam
1104 5465 1437 5541 interficitur.
1461 5465 1684 5541 ‘Quibus
1736 5476 1791 5521 et
1832 5467 1922 5541 alii
1958 5480 2094 5536 qua-

514 5536 811 5600 tuordecim
841 5556 910 5598 ex
948 5539 1139 5595 eadem
1180 5538 1346 5608 stirpe
1382 5536 1567 5592 Ariani
1607 5550 1760 5608 reges
1785 5537 1853 5600 ad
1893 5552 2092 5591 annum

517 5614 621 5671 568
646 5628 815 5685 usque
838 5622 1174 5685 successere.
1198 5607 1257 5661 ln
1283 5607 1507 5685 Gallicia
1531 5607 1709 5665 autem
1736 5620 1792 5665 et
1818 5608 2094 5663 Lusitania

520 5680 784 5753 principes
837 5698 903 5738 ex
952 5682 1248 5737 Succorum
1297 5680 1464 5748 stirpe
1508 5690 1823 5751 regnarunt,
1866 5692 2094 5749 quorum

2127 4582 2177 4645 D

2192 3265 2584 3339 cunilerun'tur,
2641 3282 2753 3327 tum
2811 3272 3018 3326 sincera
3076 3272 3389 3339 celebrique
3435 3286 3497 3326 ea
3551 3265 3744 3337 epistola

2191 3360 2348 3413 quam
2369 3344 2421 3397 in
2456 3344 2558 3398 hac
2587 3358 2745 3398 causa
2767 3343 2832 3396 ad
2858 3342 3165 3398 Turribium
3194 3342 3302 3398 Leo
3331 3341 3617 3413 rescripsit,
3640 3351 3742 3407 pos-

2193 3411 2383 3469 sumus
2413 3429 2683 3484 reparare.
2715 3413 2967 3484 Utrisque
2992 3429 3121 3483 ergo
3152 3430 3249 3468 nos
3283 3414 3531 3468 insistere
3557 3411 3605 3465 in
3630 3422 3741 3484 pra-

2192 3501 2317 3540 sens
2342 3482 2599 3554 ‘opoitet,
2640 3492 2701 3539 ut
2740 3482 3269 3539 PriscillianiStarutn
3311 3485 3451 3539 hanc
3478 3482 3743 3542 historiam,

2191 3571 2350 3625 quam
2381 3556 2652 3610 illustrare
2678 3556 2915 3625 aggressi
2942 3570 3147 3625 sumus,
3180 3556 3546 3611 absolvanius.

2263 3628 2317 3680 2.
2358 3626 2421 3680 Et
2466 3636 2614 3681 certe
2653 3624 2868 3696 quidem
2920 3624 3131 3680 illarum
3179 3626 3745 3696 Ecclesiarumstatutn

2193 3697 2583 3766 deplorandum
2635 3692 2915 3750 Turribius
2952 3696 3088 3765 ipse,
3122 3697 3216 3767 vel
3266 3697 3357 3767 qui
3391 3695 3623 3751 Turribii
3663 3692 3749 3767 agit

2198 3763 2501 3839 personam,
2532 3782 2594 3823 ea
2628 3768 2679 3821 in
2707 3767 2929 3839 epistola
2959 3763 3263 3839 descripsit,
3284 3763 3419 3821 cum
3446 3768 3603 3839 251
3627 3763 3731 3839 ride

2198 3834 2325 3893 licet
2369 3838 2435 3892 de
2474 3838 2691 3892 molesta
2717 3834 2771 3891 et
2807 3838 3099 3910 injucunda
3139 3834 3751 3910 pcregrinatt—ohe—disse

2196 3924 2343 3981 rens,
2377 3924 2535 3979 quam
2568 3922 2790 3981 semper
2805 3904 2944 3963 inier
2964 3909 3103 3981 _duos
3135 3904 3351 3981 labores
3382 3904 3751 3981 etilaerymabi.

2195 3979 2274 4035 les
2300 3977 2650 4035 necessitates
2674 3978 2931 4034 subierat.
2962 3978 3101 4034 Inter
3135 3977 3231 4033 has
3258 3980 3465 4049 aliquid
3494 3977 3751 4049 adjumeuli

2197 4051 2449 4105 habuisse
2474 4059 2768 4117 asseverat,
2814 4065 2930 4105 cum
2969 4049 3209 4104 adeundo
3250 4048 3546 4121 incognita,
3578 4057 3622 4102 et
3644 4048 3742 4121 ἰριΑο

2200 4132 2318 4175 rata
2350 4123 2614 4187 discendo,
2647 4121 2871 4191 quodam
2904 4121 3131 4191 profectu
3170 4122 3353 4175 mentis
3372 4117 3653 4192 augentur,
3677 4117 3743 4184 ple

2195 4209 2407 4262 rumque
2438 4208 2497 4246 ea
2519 4208 2633 4260 qua:
2662 4193 2804 4262 apud
2826 4208 2920 4245 nos
2948 4198 3138 4262 optima
3166 4192 3479 4262 uidebantur
3508 4204 3659 4262 prava
3680 4199 3761 4239 esu

2195 4261 2346 4331 atque
2374 4262 2649 4316 deterrima
2678 4261 2881 4315 reddita
2908 4261 3051 4315 nobis
3077 4261 3281 4315 meliori
3316 4261 3549 4326 ratione,
3584 4273 3765 4331 nosces}

2200 4326 2294 4388 tes.
2342 4334 2518 4402 Super
2564 4342 2742 4387 autem
2791 4332 2987 4402 quibus
3041 4332 3200 4387 rebus
3236 4333 3536 4389 Turribius
3568 4326 3768 4400 peregri

2198 4404 2378 4459 nando
2425 4404 2735 4459 instructior
2761 4404 3015 4470 evaserit,
3059 4410 3117 4458 ut
3146 4402 3301 4457 facile
3330 4418 3579 4459 noscere
3614 4409 3768 4471 pome-

2202 4477 2292 4543 rit,
2327 4490 2486 4544 prava
2506 4483 2675 4547 atque
2697 4475 2970 4547 deterrima
2996 4474 3198 4547 reddita
3227 4489 3375 4537 esse,
3406 4491 3538 4544 qua:
3565 4474 3614 4528 ei
3635 4484 3775 4547 quau-

2203 4547 2379 4615 doque
2409 4546 2601 4615 optima
2628 4545 2971 4609 videbantur,
3003 4546 3183 4599 statim
3214 4548 3502 4614 patefacit,
3536 4558 3653 4600 eam
3678 4545 3769 4615 uni-

2203 4612 2364 4671 tatem
2418 4612 2651 4671 maxime
2705 4615 3167 4679 commendando,
3216 4612 3386 4683 quam
3447 4617 3505 4671 in
3557 4612 3777 4671 omnibus

2200 4687 2456 4758 Ecclesiis
2479 4702 2665 4741 earum
2694 4687 3087 4756 provinciarum
3117 4700 3251 4758 quas
3278 4694 3696 4758 peragraverat,
3715 4695 3770 4734 re

2203 4759 2381 4828 periit.
2414 4756 2471 4811 In
2497 4759 2561 4811 iis
2587 4773 2822 4824 namque
2851 4773 3061 4812 summa
3088 4757 3393 4812 animorum
3422 4756 3782 4828 'consensmnt

2200 4824 2256 4883 et
2293 4830 2410 4884 sine
2454 4829 2563 4883 ullo
2611 4828 2901 4883 schismate
2946 4842 3136 4883 omnes
3166 4829 3397 4883 invicem
3432 4824 3787 4885 communica~

2203 4899 2354 4965 bant,
2380 4909 2455 4963 et,
2501 4898 2850 4953 condemnatis
2896 4900 3129 4952 omnibus
3160 4915 3397 4952 errorum
3431 4901 3619 4964 sectis,
3648 4908 3789 4963 reperi

2203 4970 2327 5043 (ait)
2358 4987 2517 5024 unum
2546 4981 2700 5043 atque
2743 4968 2999 5043 eumdem
3031 4969 3299 5043 catholica:
3338 4971 3477 5043 fidei
3511 4973 3774 5043 sensumte

2204 5037 2340 5105 neri,
2380 5057 2444 5096 ea:
2488 5037 2760 5110 purissimo
2807 5041 3029 5095 veritatis
3072 5041 3211 5110 fonte
3254 5042 3594 5107 venientem,
3634 5040 3717 5107 qui
3757 5037 3799 5086 is

2201 5115 2347 5167 nulla
2393 5113 2613 5167 divortia
2677 5110 2943 5179 multiﬁdis
2993 5112 3173 5166 rivulis
3212 5112 3450 5178 scissus,
3516 5122 3797 5179 compara!

2198 5184 2360 5254 plana
2404 5185 2457 5237 in
2502 5198 2728 5237 caenosas
2759 5176 3025 5254 voragines
3070 5183 3254 5248 solvat,
3292 5198 3409 5252 qum
3434 5176 3444 5178 ἡ
3472 5176 3806 5250 νεειιιὶιιρἁεὶ

2198 5255 2296 5307 iter
2320 5254 2607 5324 impediant
2632 5254 2739 5324 (α).
2770 5253 2894 5320 Qua
2917 5255 3225 5308 narratione
3247 5268 3356 5308 non
3382 5254 3556 5309 aliud
3586 5256 3645 5308 in
3673 5264 3807 5305 men-

2200 5334 2307 5381 tem
2338 5340 2527 5380 eorum
2559 5328 2938 5396 episcoporum
2981 5338 3238 5380 revocare
3279 5324 3462 5379 voluit
3494 5339 3671 5396 quam
3711 5330 3808 5375 sub

2199 5397 2347 5451 dium
2378 5396 2658 5451 catholicae
2688 5394 2847 5464 hujus
2887 5396 3108 5450 unitatis
3139 5404 3193 5450 et
3235 5394 3670 5451 communionis
3706 5406 3816 5463 pro—

2198 5470 2472 5523 curandae.
2499 5467 2649 5522 Hanc
2673 5468 2824 5539 enim
2849 5467 2917 5521 ab
2940 5467 3316 5539 Hispaniarum
3341 5476 3395 5521 et
3418 5466 3704 5539 Gallicia:
3728 5464 3813 5539 Eq-

2200 5538 2381 5595 clesiis
2412 5539 2614 5593 dudum
2656 5536 2973 5610 pestiferum
3018 5535 3372 5610 Priscilliana:
3416 5535 3819 5610 hereseossij

2202 5624 2295 5665 rus
2324 5612 2560 5680 ejecerat
2594 5607 2758 5680 atque
2801 5608 3147 5680 exsulaverat
3196 5608 3514 5680 Propterea
3538 5648 3557 5673 ,
3593 5620 3659 5664 ut
3690 5607 3821 5661 ldatii

2210 5689 2266 5737 et
2286 5678 2509 5752 Coponii
2552 5678 2764 5736 animos
2785 5678 2851 5735 ad
2874 5678 3152 5749 religionis
3189 5678 3436 5737 Studium
3475 5680 3819 5739 incenderet:

597 5819 674 5879 (al
702 5819 981 5874 Turribius
1012 5817 1392 5880 Asturicensis.
1417 5820 1641 5877 cpistola
1672 5822 1737 5878 ad
1778 5820 2005 5878 ldatium
2035 5827 2090 5881 et
2110 5821 2427 5890 Coponium.
2458 5836 2577 5890 cap.
2612 5821 2664 5885 l.
2698 5820 2753 5877 2.
