3968 6310
533 305 672 365 1055

1126 294 1193 354 Ρ.
1227 292 1542 355 CACCIARI
1585 292 2177 355 EXERCITATIONES
2214 295 2281 352 IN
2321 298 2378 353 S.
2420 295 2667 355 LEONB
2709 298 2927 356 MAGNI
2966 294 3220 355 OPERA.

3653 296 3774 360 1056

531 417 1005 482 ιιίτιεροηοὶιίοιιιιω
1019 412 1330 474 collectore,
1358 425 1460 466 nec
1484 426 1514 465 a
1545 424 1810 479 quoquam
1829 410 1931 466 alio
1948 424 2100 465 anno

2218 407 2440 465 Actibus
2464 410 2705 479 iteratur,
2729 421 2783 467 et
2814 411 2867 467 id
2895 427 3065 481 genus
3086 411 3215 476 alia,
3236 426 3353 481 (μηδὲ
3374 418 3530 469 certe
3553 421 3642 469 aut
3662 415 3777 472 scri-

530 507 643 553 tata
674 492 844 548 fuere.
873 484 1181 554 Cujusmodi
1227 482 1365 537 enim
1394 482 1520 536 illud
1552 482 1829 554 exordium
1851 490 2070 549 apparet
2096 521 2110 545 ,

532 570 586 623 in
621 581 727 634 quo
755 553 1032 617 Turribins
1064 556 1130 634 de
1167 554 1343 634 seipse
1368 595 1382 615 ,
1433 564 1695 634 tamquam
1727 553 1793 608 de
1830 555 2111 623 loogiuqua

530 624 968 709 peregrinatione
1011 629 1273 709 veniente,
1330 624 1381 679 in
1411 642 1537 709 “qua
1586 626 1798 709 longum
1849 642 2110 707 annorum

531 696 762 779 spatium
796 705 1175 779 insumpserat,
1198 696 1469 779 disseruit:
1504 698 1581 750 An
1611 698 1725 778 hanc
1755 696 1821 751 de
1860 696 2112 779 episeopo

530 768 826 844 disciplina:
881 769 1259 826 ecclesiasticae
1313 768 1521 844 tuendae
1571 769 1811 844 apprime
1845 769 2113 844 _smdio_so

534 839 819 904 vora'esse
853 845 1086 909 possint,
1128 844 1246 907 quis
1288 840 1484 904 poterit
1510 840 1813 905 SttSpicari?
1844 839 1945 893 Tot
1969 840 2111 893 enim

536 918 943 989 ροιοιιιίβθηιίὺιιε
966 912 1357 989 calamitatibus
1383 953 1397 977 ,
1430 910 1528 964 sub
1558 909 1648 964 Dei
1674 921 1727 965 et
1756 911 2007 964 Ecclesiae
2033 912 2110 965 in-

532 982 841 1061 dignatione
867 1028 887 1061 ,ν
913 985 1172 1061 optimum
1221 982 1368 1061 hunc
1408 991 1675 1061 pastorem
1700 996 1920 1061 gregem
1943 997 2109 1061 suum

532 1052 785 1120 deserere
814 1056 1043 1110 voluisse
1088 1063 1179 1107 aut
1230 1054 1463 1121 potuisse
1491 1052 1908 1107 arbitrabimur?
1941 1052 2111 1107 Nemo

529 1138 580 1190 id
614 1134 740 1187 milii
787 1129 967 1193 nugari
1002 1126 1235 1194 poterit,
1273 1124 1573 1193 praesertim
1603 1140 1723 1177 cum
1756 1124 1813 1178 S.
1866 1122 1992 1189 Leo,
2027 1126 2112 1179 cui

528 1204 809 1261 Turribius
856 1200 1204 1253 deterrimum
1254 1196 1462 1248 illarum
1504 1194 1861 1248 Ecclesiarum
1913 1204 2108 1249 statum

526 1276 799 1346 exposuit,
826 1270 1049 1346 summis
1076 1266 1324 1346 laudibus
1354 1266 1496 1319 hunc
1522 1274 1694 1346 ornet,
1727 1265 1867 1346 quod
1899 1282 2111 1346 semper

526 1336 755 1417 vigilans
787 1336 1036 1417 sollicite
1062 1338 1353 1417 Pominico
1392 1340 1539 1417 gregi
1581 1336 1918 1417 (ιρνοιξρηφηι
1941 1338 2107 1417 me“

526 1407 811 1491 pastoralis
836 1410 1231 1491 _itnpen_disset.
1286 1407 1625 1491 l’rol‘ectorsi
1673 1407 1894 1491 arbitrio
1922 1409 2110 1491 doctus

527 1479 804 1547 Buttitaxat
835 1479 1115 1538 Turribius
1144 1479 1509 1548 peregrinatUs
1542 1479 1757 1541 fuisset,
1784 1495 1905 1533 eum
1936 1483 2109 1549 potius

526 1572 746 1618 sanctus
775 1556 1013 1625 pontil’ex
1038 1567 1259 1625 carpere
1277 1561 1328 1604 ct
1354 1553 1625 1619 corripere
1650 1550 1945 1625 debuisset,
1970 1553 2108 1621 quod

526 1649 559 1687 a
610 1620 878 1685 Dominico
923 1639 1082 1693 grege
1131 1621 1429 1687 diﬁugerat,
1477 1620 1811 1693 concreditas
1847 1623 1947 1677 sibi
1978 1620 2109 1677 oves

525 1705 775 1773 luporum
820 1692 980 1752 t‘uro’ri
1025 1693 1357 1773 dilaniand‘as
1406 1692 1997 1773 subjicienda..Dupli_ci
2028 1695 2108 1773 _de

526 1763 1001 1853 causa'dntutaxat
1032 1766 1128 1853 litis
1165 1763 1471 1853 similesque
1511 1764 1910 1853 tibjtirgationes
1952 1764 2105 1848 inde-
2145 1795 2187 1853 Β

526 1846 639 1901 hite
687 1841 914 1899 evadere
964 1837 1251 1905 potuisset,
1300 1835 1472 1890 exsilii
1530 1834 1779 1889 videlicet
1822 1838 2011 1901 altera,
2055 1838 2108 1892 in

527 1916 669 1987 quod
695 1957 709 1979 ,
743 1910 954 1987 Arianis
996 1906 1324 1987 principibus
1350 1906 1632 1973 agentibus
1658 1947 1671 1971 ,
1698 1906 1975 1987 Turribius
1997 1911 2109 1987 epi-

528 1977 727 2053 scopus
774 1982 958 2052 pulsus
1000 1978 1224 2041 fuisset;
1267 1977 1432 2053 altera
1474 1992 1631 2038 vero,
1666 1977 1841 2045 quod,
1877 1980 2109 2034 nondum

528 2059 596 2112 ad
629 2046 993 2126 episcopatum
1036 2055 1342 2126 assumptus
1366 2087 1381 2112 ,
1416 2046 1577 2126 longo
1630 2062 1888 2102 annorum
1938 2053 2111 2126 spatio

566 2118 751 2195 eregre
802 2118 902 2179 iter
948 2120 1114 2175 fuerit
1156 2119 1443 2195 proiectus.
1476 2118 1578 2195 S_ed
1620 2126 1843 2195 utraque
1875 2121 2106 2177 vacillat.

566 2144 751 2195 eregre
802 2144 902 2179 lter
948 2144 1114 2175 luent
1156 2144 1443 2187 pt'umuua.
1476 2144 1578 2172 σευ
1622 2144 1843 2186 υιηιψιυ
1876 2144 2106 2177 vacrttztt.

524 2144 659 2254 ﬁam
706 2197 751 2250 si
791 2194 1108 2248 Arianorum
1148 2188 1449 2257 principum
1497 2191 1644 2243 luror
1686 2190 1736 2243 in
1767 2204 1887 2244 eum
1916 2207 2110 2246 excan-

524 2271 661 2324 dens
691 2266 936 2321 exsilium
970 2261 1223 2316 subiisset
1249 2301 1262 2325 ,
1298 2274 1402 2315 non
1428 2260 1869 2330 peregrinationis
1898 2263 2107 2318 labores

525 2351 581 2395 et
625 2334 957 2392 incommoda
996 2339 1345 2400 exaggerarct
1370 2373 1383 2395 ,
1423 2331 1518 2385 sed
1555 2332 1761 2396 exsilii;
1811 2342 1863 2387 et
1893 2334 2108 2389 aliunde

524 2421 647 2478 post
697 2410 855 2462 latam
898 2405 949 2458 in
992 2419 1112 2460 eum
1159 2404 1476 2478 sententiam
1522 2402 1728 2478 jam_iu
1774 2403 2107 2478 Asturicensi

524 2473 721 2535 throno
757 2479 891 2531 alius
921 2478 1155 2529 introsus
1184 2473 1407 2539 fuisset,
1440 2473 1889 2540 quemadmodum
1919 2488 2107 2543 quarto

524 2551 782 2608 Ecclesiae
826 2548 1022 2604 sarculo
1064 2546 1385 2614 praecedenti
1417 2545 1600 2599 Ariani
1649 2546 1748 2613 ipsi
1779 2545 1954 2602 tacere
1980 2562 2107 2601 con-

524 2630 838 2679 sueverunt.
877 2617 1051 2686 Quid?
1091 2616 1145 2671 Si
1185 2616 1461 2670 Turribius
1510 2614 1563 2669 in
1618 2618 1715 2670 bac
1756 2618 1981 2683 epistola
2039 2620 2103 2672 ad

522 2696 659 2750 alios
688 2693 825 2747 duos
858 2687 1094 2745 Gallicis:
1120 2687 1467 2756 coepiscopos
1488 2686 1624 2741 hanc
1651 2688 1824 2742 exsilii
1858 2704 2067 2756 pinnam
2088 2733 2101 2753 ,

522 2776 712 2835 utpote
735 2763 872 2835 ipsis
890 2759 1221 2835 notissimam
1239 2798 1253 2821 ,
1286 2772 1713 2813 commemorare
1734 2761 1987 2835 praeteriit
2013 2762 2104 2835 ,_id

522 2828 662 2891 forte
697 2828 767 2888 ἱιι⁷
793 2832 1015 2901 epistola
1044 2830 1109 2883 ad
1136 2828 1370 2883 Leonem
1398 2844 1642 2901 narrare
1682 2830 1987 2886 omisisset?
2014 2831 2105 2886 Vel

522 2908 636 2962 Leo
677 2908 789 2974 ipse
824 2899 876 2957 in
925 2917 1024 2956 suo
1065 2903 1346 2974 rescripto,
1393 2899 1724 2974 inApaternac
1762 2904 2105 2974 commisera-

522 2970 924 3045 tionis'signum
961 2974 1015 3027 id
1045 2986 1149 3026 non
1174 2970 1630 3045 ind_icaret?_Quid
1664 2971 1849 3045 plura?
1874 2973 1955 3028 An
1991 2973 2105 3028 ldi-

521 3050 630 3105 tius
674 3051 725 3103 in
770 3042 1065 3105 Chronico,
1096 3044 1186 3112 qui
1229 3043 1361 3096 alias
1398 3042 1767 3109 episcoporum
1799 3043 1979 3099 clades
2009 3045 2103 3099 de-

520 3122 779 3188 scripsit,
814 3116 954 3172 hanc
988 3130 1147 3169 unam
1179 3114 1248 3168 de
1279 3113 1511 3188 Turribii
1542 3114 1734 3188 exsilio
1766 3116 2101 3188 reticuisset?

523 3184 783 3260 Denique,
814 3203 909 3243 cur
948 3196 1001 3241 et
1037 3188 1216 3260 caeteri
1248 3198 1435 3260 omnes
1460 3184 1725 3260 Hispania:
1756 3185 2100 3260 Galliciteque

520 3254 815 3328 scriptores
843 3268 989 3312 tanto
1018 3258 1232 3311 silentio
1268 3254 1613 3328 laborassem
1647 3258 1698 3309 in
1733 3257 1951 3311 maximi
1992 3254 2105 3311 mo-

520 3326 689 3388 menti
743 3330 831 3385 re?
871 3329 983 3384 Non
1015 3331 1193 3396 itaque
1216 3326 1283 3382 ad
1325 3326 1491 3380 hocce
1528 3327 1781 3398 eﬁugium
1823 3342 2103 3384 recurren-

519 3405 645 3458 dtttn
664 3411 767 3458 est.

594 3476 647 3529 9.
683 3476 862 3542 Neque
900 3471 1114 3541 quidem
1159 3479 1265 3522 tam
1312 3469 1520 3542 longam
1563 3468 1794 3542 plurium
1839 3484 2100 3525 annorum

521 3539 1008 3614 peregrinationem
1032 3583 1046 3607 ,
1082 3548 1363 3605 antequam
1403 3539 1468 3614 ad
1506 3540 1873 3614 episcopatum
1902 3543 2100 3597 evehe-

518 3610 691 3679 retur,
718 3614 994 3668 Tttrribins
1024 3612 1486 3681 peragerepotuit.
1518 3610 1643 3681 Post
1665 3610 1876 3664 Dietinii
1903 3615 2100 3681 quippe

518 3678 773 3750 mortem,
804 3700 919 3751 quae
948 3678 1073 3737 ante
1102 3678 1296 3751 tiliristi
1321 3694 1516 3751 annum
1542 3678 1646 3734 420
1675 3678 2011 3749 contigit,'ut
2034 3678 2101 3739 ex

519 3750 829 3825 Augustino
849 3751 1011 3824 255
1053 3750 1283 3805 vidimus
1306 3792 1318 3814 ,
1346 3753 1456 3818 jam
1484 3750 1889 3825 A_stt_iricensem
1918 3754 2103 3809 Eccle-

519 3820 656 3879 siain
708 3820 1001 3879 TurriTii'us—
1037 3832 1121 3878 est
1167 3831 1461 3876 assecutus.
1509 3820 1613 3875 Sed
1663 3831 1791 3877 tunc
1840 3840 1947 3878 non
1993 3826 2101 3881 Leo

518 3897 776 3968 Magnus,
829 3897 924 3952 sed
976 3894 1258 3968 Zosimus,
1301 3904 1392 3946 aut
1443 3892 1783 3968 Bonifacius,
1822 3896 2101 3951 catholicae

517 3963 775 4024 Ecclesia:
826 3976 1073 4035 praeerat.
1122 3966 1299 4035 Quare
1339 3978 1458 4017 cum
1505 3963 1557 4016 in
1601 3965 1824 4019 exordio
1875 3968 2096 4022 secundi

516 4041 707 4119 capitis
736 4034 877 4119 illius
904 4036 1157 4119 epistola:
1193 4034 1794 4119 Turribiusﬁejseipso
1830 4044 2096 4119 tamquam

515 4106 600 4165 de'
644 4110 860 4165 homine
898 4109 1114 4178 jamjatn
1164 4122 1232 4162 ex
1290 4106 1719 4175 peregrinatione
1780 4106 2097 4164 adveniente

513 4181 766 4251 loquatur
789 4222 805 4246 ,
838 4182 961 4235 inde
993 4182 1049 4234 tit
1083 4180 1227 4249 quod
1254 4193 1377 4251 quas
1410 4179 1476 4233 de
1514 4179 1845 4251 Asturicensi
1864 4182 2097 4251 concilio

512 4249 761 4309 exildatii
796 4252 1069 4307 Chronico
1101 4261 1321 4305 narrant
1361 4249 1608 4304 Baluzius
1646 4258 1701 4304 et
1737 4249 1967 4316 Aguirre
1998 4252 2096 4306 mi-

512 4323 659 4381 nimc
689 4327 740 4377 in
770 4322 965 4378 Leonis
984 4338 1179 4387 terum,
1203 4320 1455 4376 videlicet
1486 4322 1537 4375 in
1564 4335 1763 4374 annum
1788 4319 1916 4388 446,
1946 4324 2095 4391 rejici

511 4397 741 4465 possint.
787 4394 941 4460 Quod
987 4393 1032 4447 si
1080 4393 1291 4447 tandem
1342 4392 1861 4465 conﬁngamusnon
1904 4394 2091 4465 statim

514 4463 639 4533 post
664 4465 913 4532 adeptum
945 4465 1311 4532 episcopatum
1340 4464 1643 4516 Turribium
1676 4463 1740 4516 ad
1784 4464 2010 4521 ldatimn
2042 4477 2093 4520 et

514 4534 809 4602 Coponium
854 4534 1153 4601 scripsisse,
1198 4548 1296 4587 nec
1330 4533 1563 4588 Leonem
1594 4534 1755 4588 veluti
1784 4548 2094 4604 supremum

514 4606 828 4671 magistrum
872 4617 920 4658 et
954 4604 1187 4671 judicem
1231 4606 1621 4673 interpellasse,
1645 4606 1739 4659 sed
1769 4614 1934 4659 totum
1966 4608 2093 4662 illud

512 4676 585 4731 S7
616 4684 705 4729 aut
726 4675 793 4730 9.3
814 4690 1075 4747 annorum
1105 4676 1333 4747 spatium
1350 4675 1647 4739 efﬁnxisse,
1670 4676 1852 4730 statim
1875 4677 2094 4747 culpan-

510 4747 615 4805 dus
643 4754 786 4801 esset
815 4745 1091 4801 'i‘urribius
1116 4786 1131 4809 ,
1166 4745 1307 4814 quod
1352 4754 1456 4799 tam
1484 4760 1612 4800 sero
1633 4745 2093 4816 gravissimis‘illis

511 4817 668 4875 malis
696 4816 1216 4881 recrudescentibus,
1241 4817 1561 4872 medicinam
1581 4832 1825 4886 quaerere
1837 4818 2094 4875 ctat'ferre

509 4889 810 4953 dismlerit,
838 4895 893 4943 et
912 4898 1099 4944 contra
1128 4903 1403 4943 sacrorum
1436 4902 1700 4960 canonum
1733 4897 1930 4960 statuta
1950 4933 1965 4960 ,
1997 4907 2092 4946 sua

508 4962 700 5019 relicta
744 4960 1022 5025 Ecclesia,
1073 4960 1400 5028 peregrinari
1447 4959 1692 5014 voluerit.
1736 4959 1916 5015 Fateri
1962 4977 2091 5031 ergo

505 5040 719 5102 oportet
747 5047 807 5087 ea
839 5032 891 5085 in
921 5032 1147 5093 epistola
1176 5030 1298 5086 talia
1328 5031 1518 5086 saltem
1545 5031 1772 5086 obscura
1798 5030 2084 5101 contineri,

503 5119 627 5173 quae
652 5118 774 5158 cum
802 5102 1034 5158 Turribii
1064 5104 1259 5171 pietate
1278 5112 1333 5157 et
1360 5103 1659 5173 sanctitate,
1684 5117 1805 5157 cum
1836 5103 2090 5159 Ecclesiae

504 5171 787 5243 disciplina
813 5214 828 5239 ,
862 5173 1030 5229 sacris
1057 5175 1350 5230 canonibus
1371 5182 1426 5228 et
1448 5171 1767 5228 Christianis
1795 5174 1959 5230 rebus
1989 5177 2089 5229 mi-

505 5246 653 5300 nime
697 5244 972 5301 concrete
1015 5254 1069 5300 et
1117 5245 1392 5301 conciliari
1435 5255 1677 5315 possunt.
1728 5245 1805 5299 lta
1849 5247 2089 5313 profecto

504 5331 715 5388 gnecutn
742 5318 1003 5388 reputavi,
1027 5326 1304 5388 postquam
1331 5319 1529 5383 saepius
1550 5317 1832 5385 epistolam
1862 5319 2083 5388 perlegi.

503 5386 563 5459 In
589 5403 690 5456 qua
722 5396 777 5440 et
798 5389 898 5440 alia
921 5386 1115 5442 offendi
1139 5404 1258 5459 qua:
1286 5400 1524 5459 apertam
1545 5389 1825 5457 scriptoris
1854 5386 2088 5445 oscitan-

502 5457 635 5513 tiatn
682 5459 871 5531 saltem
915 5456 1177 5531 redolent}
1234 5456 1511 5527 Ejusmodi
1539 5456 1753 5531 quidem
1804 5460 1933 5513 mihi
1972 5462 2086 5515 visa

503 5538 664 5601 sunt,
696 5530 775 5583 vel
806 5544 923 5595 quas
950 5532 1124 5595 capite
1152 5530 1183 5583 ι
1205 5572 1220 5596 ,
1251 5531 1497 5601 leguntur
1518 5572 1534 5598 ,
1562 5530 1707 5600 quod
1736 5547 1796 5584 ne
1822 5531 1955 5585 ultra
1976 5533 2087 5601 jam

505 5600 696 5671 faciant
729 5616 896 5668 usque
934 5600 999 5654 ad
1056 5604 1245 5667 linem,
1280 5600 1332 5655 iu
1361 5605 1553 5671 quibus
1585 5603 1724 5655 nulla
1759 5600 2087 5670 ratione’ge-

501 5672 700 5727 nuinus
738 5687 926 5726 sensus
968 5672 1115 5739 juxta
1149 5684 1440 5744 syntaxeos
1480 5674 1841 5743 grammatice
1874 5675 2087 5741 regulas

500 5744 651 5813 argui
700 5753 909 5809 potest;
950 5744 1030 5796 vel
1069 5748 1209 5813 quod
1245 5747 1294 5798 in
1326 5747 1665 5811 subsequcnti
1699 5746 1870 5811 capite
1903 5746 1936 5797 5
1960 5761 2090 5799 cou-

500 5810 751 5877 Inicitur,
771 5813 859 5864 ubi
881 5813 1066 5867 eadem
1087 5810 1328 5870 narratio
1355 5816 1417 5871 de
1440 5810 1837 5886 apocrypltisS.
1866 5814 2088 5874 Thomas

2220 482 2388 550 ptoris
2434 482 2821 547 indiligentiam
2868 493 3137 553 arguunt,
3187 492 3279 538 aut
3315 483 3461 537 illius
3488 485 3696 551 codicis,
3728 489 3773 542 in

2216 569 2321 621 quo
2350 553 2447 609 sub
2496 554 2726 609 Turribii
2770 557 2987 609 nomine
3023 555 3245 622 epistola
3280 555 3370 608 illa
3399 556 3494 610 fuit
3525 557 3711 611 inventa
3736 568 3775 613 et

2214 625 2436 692 ﬁdeliter
2456 636 2621 685 eruta.
2649 625 3007 691 praestantiam
3032 628 3263 680 maxime
3287 626 3519 681 elevant.

2288 694 2376 750 10.
2435 696 2540 752 Sed
2581 699 2824 766 quamvis
2874 712 2935 751 ea
2982 698 3037 751 in
3081 696 3302 762 θιιὶιυιιει
3348 699 3513 751 multa
3558 698 3774 756 eluceant

2214 782 2331 835 qua:
2362 782 2391 820 a
2421 768 2660 832 veritate,
2696 776 2788 821 aut
2831 770 3023 823 saltem
3053 785 3083 822 a
3109 769 3598 832 verisimilitudine.
3631 772 3775 838 pluri-

2216 854 2361 893 mum
2386 838 2678 902 di~sident,
2710 840 2851 892 illam
2884 848 3063 895 tamen
3092 840 3466 907 rejiciendam,
3510 851 3603 895 aut
3634 845 3771 898 veluti

2218 910 2614 979 supposititiam
2639 910 2939 965 habendam
2967 926 3108 974 esse,
3136 927 3326 965 vereor
3342 911 3608 979 judicare.
3635 913 3775 969 Immo

2216 995 2426 1049 egomet
2458 982 2508 1035 in
2547 981 2655 1035 divi
2686 980 2881 1037 Lectus
2911 981 3081 1051 Magni
3116 980 3383 1050 Operibus
3405 983 3713 1052 colligendis
3735 996 3775 1040 et

2213 1053 2492 1114 Oroandis.
2524 1054 2971 1121 quemadmodum
3009 1054 3329 1122 Quesnellns
3373 1054 3429 1108 in
3460 1070 3613 1109 suam
3633 1069 3775 1111 trans-

2216 1123 2335 1193 t_ulit
2382 1123 2704 1185 editionem,
2751 1124 2819 1177 ita
2861 1132 2915 1177 et
2962 1124 3015 1178 in
3046 1126 3148 1179 alia
3179 1141 3313 1179 nova
3351 1141 3511 1192 quam
3544 1136 3660 1193 post
3699 1130 3773 1183 bas

2215 1190 2641 1249 Exercitationes
2671 1194 2847 1251 facere
2874 1195 3189 1259 deliberavi,
3217 1190 3683 1253 servandam'esse
3700 1215 3771 1255 ne-

2214 1267 2503 1320 cessarium
2534 1266 2697 1323 duco.
2727 1267 2801 1321 Ea
2841 1278 3055 1336 propter
3086 1267 3245 1323 variis
3274 1269 3701 1324 annotationibus
3720 1287 3769 1325 ex

2214 1336 2606 1405 probatissimis
2647 1337 2997 1405 scriptoribus
3053 1340 3255 1393 haustis
3286 1380 3301 1402 ,
3362 1354 3481 1394 eam
3536 1340 3767 1396 adornare

2214 1421 2313 1475 pro
2340 1408 2541 1462 viribus
2566 1408 2772 1471 curavi,
2804 1420 2859 1463 ut
2886 1409 3133 1465 videlicet
3153 1410 3609 1479 tequivoeationes
3628 1423 3677 1466 et
3697 1415 3769 1467 οδ-

2214 1492 2401 1533 scuros
2450 1495 2639 1536 sensus
2677 1480 2871 1550 quibus
2911 1488 3116 1549 scatet,
3157 1483 3361 1537 amicus
3391 1482 3565 1538 lector
3604 1498 3766 1553 preca-

2214 1564 2339 1603 vere
2380 1554 2568 1617 possit.

2284 1620 2505 1677 Interim
2555 1636 2702 1689 vero,
2736 1632 3022 1687 antequam
3047 1623 3116 1678 de
3157 1623 3335 1678 tabula
3370 1638 3587 1679 nanum
3623 1641 3763 1681 reuo-

2216 1706 2391 1765 veam,
2418 1692 2915 1765 atratimprobanda
2936 1709 3057 1750 esse
3077 1694 3327 1749 existimo
3351 1710 3473 1765 quin
3494 1696 3564 1751 de
3581 1697 3755 1751 illarum

2215 1762 2450 1835 Gallicize
2477 1774 2531 1820 et
2577 1763 2841 1834 Hispania:
2868 1765 3228 1820 Ecclesiarnm
3273 1762 3417 1820 statu
3461 1767 3653 1822 ibidem
3685 1768 3754 1823 de

2213 1836 2411 1907 scripta
2436 1844 2582 1890 sunt.
2611 1836 3049 1907 Cumulatissime
3089 1837 3286 1907 quippe
3326 1852 3450 1891 cum
3484 1838 3550 1891 iis
3584 1854 3759 1905 respon-

2213 1905 2345 1960 dent
2373 1922 2493 1979 quae.
2520 1910 2571 1979 in
2598 1907 2664 1962 l5
2690 1906 2751 1979 SA.
2778 1906 2975 1962 Leonis
3000 1905 3180 1978 Magni
3208 1905 3435 1977 epistola
3464 1911 3760 1979 conspiciun-

2214 1984 2336 2041 tur,
2370 1978 2437 2032 de
2481 1978 2633 2048 cujus
2678 1977 2781 2032 ﬁde
2824 1988 2879 2033 et
2928 1977 3250 2035 auctoritate
3301 1981 3498 2035 saltem
3544 1977 3761 2047 sutspicari

2214 2049 2504 2120 niaximum
2531 2051 2735 2120 crimen
2776 2048 2933 2105 (oret.
2963 2049 3093 2103 Nam
3133 2060 3186 2105 et
3225 2052 3387 2105 veluti
3418 2054 3695 2120 genuinum
3718 2052 3761 2107 S.

2214 2119 2501 2193 pontificis
2530 2119 2733 2193 fetum,
2790 2137 2908 2175 cum
2962 2130 3185 2189 vetera,
3233 2131 3347 2176 tum
3398 2119 3615 2193 antiqua
3659 2139 3760 2176 ss.

2211 2192 2545 2259 exemplaria
2610 2192 2754 2247 illam
2802 2192 3126 2257 continent,
3185 2193 3403 2247 concilii
3452 2195 3759 2249 Bracarcnsis

2212 2259 2318 2334 PP.
2346 2272 2402 2317 et
2432 2274 2619 2328 quarta
2650 2264 2916 2332 generalis
2954 2264 3191 2334 synodus
3231 2279 3351 2319 eam
3381 2264 3443 2319 S.
3492 2265 3652 2319 Leoni
3687 2266 3762 2318 ad.

2207 2333 2544 2400 iudicarunt;
2593 2348 2782 2390 omnes
2836 2333 3145 2401 scriptores,
3200 2339 3418 2391 nemine
3466 2338 3763 2405 refragante,

2210 2420 2330 2457 cum
2365 2406 2500 2459 lianc
2525 2406 2768 2460 eamdem
2800 2414 3125 2460 testarentur
3152 2407 3463 2473 veritatem,
3497 2407 3767 2462 editoribus

2208 2476 2599 2543 amplissimum
2630 2487 2953 2546 apemerunt
2988 2492 3236 2546 campum
3267 2486 3327 2531 nt
3349 2520 3365 2543 ,
3403 2479 3548 2532 omni
3580 2489 3766 2533 remoto

2208 2548 2493 2671 SCI‘Uj‘liUIO,
2549 2549 2601 2603 in
2658 2548 2905 2603 omnibus
2949 2550 3179 2620 vulgatis
3226 2550 3615 2620 exemplaribus
3666 2566 3770 2606 eam

2210 2632 2343 2671 ειαυ
2384 2629 2553 2671 erent.

2210 2629 2553 2673 ειαυαειύηι.

2708 2690 2867 2763 255
2897 2690 3121 2746 CAPUT
3162 2690 3287 2746 xw.

2210 2782 2287 2837 De
2310 2784 2525 2855 epistola
2560 2783 2623 2838 l5
2655 2782 2715 2836 S.
2749 2781 2932 2855 Legitis
2967 2782 3146 2853 Magni
3176 2784 3236 2837 ad
3258 2782 3531 2837 Tttrribtum
3563 2785 3753 2839 Asturi-

2280 2852 2474 2908 ceitrem
2520 2856 2747 2923 scripta,
2804 2852 3149 2909 Priscillianw
3204 2854 3429 2909 litercsco:
3488 2856 3761 2911 occasione.

2281 2925 2487 2997 Nouum
2510 2926 2735 2997 ejusdem
2748 2925 3097 2997 fragmentum
3122 2927 3186 2980 de
3209 2926 3451 2981 canonicis
3475 2924 3772 2997 Scripturis,

2278 3013 2339 3051 ea:
2368 2995 2545 3050 Palat}
2592 2996 2707 3049 Vat.
2737 2995 2929 3050 bibliot.
2961 2997 3077 3050 cod.
3110 3008 3328 3051 erutum.

2279 3115 2329 3169 1.
2373 3112 2479 3167 Nos
2519 3113 2717 3181 itaque,
2767 3119 2846 3166 tot
2885 3113 3151 3182 tantisque
3198 3122 3627 3182 przeccuenttnux
3672 3113 3774 3168 sui-

2128 3170 2172 3233 C
2206 3184 2328 3240 fulti
2357 3170 2851 3255 testimoniis,'cutn
2881 3182 2949 3255 de
2979 3170 3656 3255 veritate'auctoritateqnc
3677 3187 3777 3252 cpi-

2210 3258 2361 3310 stula:
2390 3257 2450 3311 15
2472 3254 2527 3310 8.
2555 3254 2749 3308 Leonis
2772 3253 2945 3324 Magni
2968 3255 3185 3309 minime
3203 3256 3477 3325 ambigere
3492 3253 3777 3326 possemus,

2210 3326 2582 3382 tantummodo
2610 3341 2728 3379 eam
2769 3340 2798 3378 a
2847 3326 3053 3397 mendis
3084 3341 3334 3395 purgare,
3364 3329 3409 3381 si
3441 3344 3561 3397 quze
3593 3329 3645 3381 in
3673 3344 3776 3383 eam

2209 3399 2563 3468 irrepserunt,
2593 3397 2916 3451 curavimus.
2950 3396 3055 3451 Pro
3085 3413 3190 3468 quo
3219 3398 3440 3467 quidem
3462 3396 3467 3397 “
3492 3399 3675 3453 tab-ire
3713 3399 3776 3451 te-

2209 3467 2364 3524 licins
2388 3470 2723 3524 absolvenda
2748 3468 3015 3522 necessari
3034 3486 3046 3518 I
3068 3467 3224 3521 nobis
3249 3484 3361 3522 non
3382 3469 3609 3524 defuere
3629 3470 3780 3525 subsi-

2206 3541 2328 3605 dia;
2384 3556 2529 3605 nam,
2582 3549 2778 3609 praeter
2826 3540 3003 3592 Varios
3055 3540 3463 3607 antiquissimos
3517 3541 3780 3596 Vaticanos

2207 3612 2389 3675 codd.,
2435 3625 2568 3680 quos
2600 3612 2797 3664 nostris
2826 3610 2998 3664 oculis
3038 3609 3416 3675 lustravimus;
3453 3621 3652 3680 praeter
3674 3612 3776 3666 Gri-

2208 3698 2458 3737 maneum
2496 3683 2846 3752 archetypum
2879 3680 3095 3736 Parisiis
3124 3692 3491 3752 asservatum,
3521 3683 3670 3752 juxta
3699 3698 3777 3736 cu-

2200 3754 2290 3823 jus
2322 3754 2577 3808 lectiones
2624 3751 2938 3807 Pascbasins
2966 3751 3283 3818 Quesnellus
3314 3766 3469 3807 suam
3498 3751 3778 3809 adornasse

2204 3825 2494 3879 editionem
2526 3824 2757 3879 maxime
2784 3823 3061 3891 gloriatur,
3100 3839 3260 3891 quem
3313 3839 3413 3879 nos
3462 3826 3567 3893 ipsi
3596 3826 3779 3880 amico-

2204 3910 2323 3952 rum
2356 3910 2459 3964 ope
2486 3896 2654 3964 adjuti
2688 3894 2919 3950 ﬁdeliter
2940 3894 3253 3949 exscribere
3280 3897 3616 3960 curavimus,
3649 3897 3777 3951 illam

2203 3968 2445 4024 eamdem
2496 3967 2777 4036 epistolam
2819 3976 2929 4019 tum
2974 3965 3042 4018 ad
3090 3965 3529 4029 Vallicellanum,
3573 3978 3686 4022 tnta
3724 3967 3782 4020 ad

2202 4037 2310 4094 duo
2340 4038 2648 4093 Florentina
2668 4037 2991 4105 exemplaria
3014 4037 3309 4109 exegimus.
3335 4046 3395 4092 ut
3416 4039 3606 4093 divino
3631 4054 3783 4109 quatt-

2205 4109 2381 4179 doque
2412 4110 2639 4163 Numine
2668 4109 2985 4176 Opitulante,
3031 4109 3209 4161 omnia
3251 4108 3450 4163 Leonis
3489 4108 3666 4179 Opera
3699 4125 3783 4179 pn-

2202 4180 2653 4252 riora,nitidiora
2680 4180 3027 4252 auctioraque
3056 4180 3206 4233 novis
3237 4181 3379 4251 typis
3411 4183 3638 4250 prodire
3669 4196 3783 4252 pos-

2205 4253 2336 4307 sint.
2365 4251 2472 4307 Sed
2498 4252 2608 4321 jam
2636 4252 2704 4306 ad
2732 4251 3032 4305 institutum
3058 4259 3413 4306 revertamur.

2272 4323 2509 4377 Landata
2538 4323 2695 4393 igitur
2739 4322 2793 4377 S.
2836 4322 3114 4394 pontiﬁcis
3138 4321 3210 4394 ad
3241 4325 3655 4379 Asturicensem
3684 4323 3787 4394 epi-

2198 4407 2421 4459 scopum
2449 4392 2673 4462 epistola
2717 4393 2987 4465 sexdecim
3031 4392 3273 4463 subjecta
3318 4394 3481 4449 habet
3531 4392 3782 4465 capitnia.

2198 4467 2324 4533 quia
2374 4466 2595 4520 totidem
2649 4464 2982 4520 discutienda
3040 4472 3096 4517 et
3146 4464 3447 4520 deﬁnienda
3506 4464 3784 4520 Tui-tibias

2126 4552 2176 4614 ι)
2200 4536 2372 4614 Leoni
2397 4546 2763 4614 proposuerat.
2799 4537 2853 4590 ld
2882 4552 2945 4589 ca
2977 4534 3140 4614 verba
3188 4536 3465 4614 iunuunt‘:
3504 4538 3645 4614 Quia
3674 4552 3784 4606 ago

2198 4608 2403 4662 dilectio
2431 4617 2520 4661 tua
2548 4608 2690 4675 ﬁdeli
2718 4616 2961 4677 quantum
2998 4608 3158 4671 potuit
3205 4608 3474 4677 diligentia
3518 4612 3783 4661 damnatas

2197 4681 2320 4732 olim
2352 4680 2612 4748 Opinione:
2646 4680 2899 4732 sexdecim
2934 4678 3184 4750 capitulis
3224 4680 3633 4750 comprehendit.
3685 4678 3782 4733 Sed

2199 4755 2569 4818 perantiquom
2622 4750 2931 4804 Vaticanum
2982 4749 3257 4813 exemplar
3312 4749 3434 4802 cum
3497 4750 3780 4805 Grimanw

2195 4822 2382 4877 Codice
2415 4822 2589 4874 decem
2624 4831 2670 4874 et
2715 4832 2903 4889 septem
2952 4834 3073 4873 esse
3117 4820 3399 4887 legendum
3448 4822 3701 4889 probans.
3732 4820 3779 4873 id

2196 4896 2365 4961 magis
2394 4893 2678 4946 conﬁrmat
2706 4892 2819 4961 ipsa
2850 4889 3084 4960 capitum
3113 4889 3326 4953 divisio,
3360 4906 3483 4960 quae
3509 4903 3777 4961 postremo

2195 4963 2316 5019 loco
2343 4964 2485 5018 hunc
2530 4966 2826 5018 ltomanum
2860 4976 3155 5033 numerum
3180 4976 3300 5015 cuin
3347 4966 3601 5033 sequenti
3636 4964 3779 5016 titulo

2193 5035 2413 5089 exhibet
2439 5052 2453 5087 :
2483 5033 2613 5102 Cap.
2660 5049 2792 5088 xvu.
2832 5034 2909 5087 An
2938 5049 3056 5105 caro
3096 5029 3293 5105 Christi
3323 5029 3441 5105 rere
3486 5035 3781 5105 requieverit

2190 5106 2246 5159 in
2271 5107 2533 5177 sepulcra.
2564 5106 2666 5170 Qui
2696 5104 2966 5177 Quesnclli
2991 5103 3250 5177 studium,
3282 5103 3527 5177 laborem
3555 5103 3780 5174 diligen-

2195 5174 2390 5231 tiamve
2434 5180 2486 5231 in
2528 5178 2636 5231 divi
2677 5177 2871 5231 Leonis
2913 5174 3179 5243 Operibns
3213 5176 3474 5231 ornandis
3518 5180 3777 5243 castigan-

2192 5247 2343 5302 disve
2371 5248 2487 5317 plus
2508 5263 2663 5318 aequo
2686 5247 3067 5302 commendare
3088 5258 3508 5314 consueverunt,
3544 5244 3782 5318 animati:

2192 5313 2427 5389 vertant,
2470 5313 2675 5389 quaeso,
2717 5319 2771 5373 in
2818 5319 3029 5387 qualem
3064 5318 3252 5389 lapsus
3292 5320 3364 5372 sit
3403 5313 3779 5374 oscitantiam?

2193 5388 2420 5445 Videant
2445 5388 2514 5444 an
2546 5391 2660 5445 haec
2684 5398 3002 5459 argumento
3031 5388 3139 5443 sint
3160 5388 3514 5445 Grimaneum
3542 5391 3778 5444 codicem

2193 5470 2461 5530 tamquam
2499 5462 2727 5531 lapidem
2770 5461 2974 5531 lydium
3022 5462 3380 5531 assumpsisse
3426 5461 3489 5516 iu
3533 5462 3781 5529 religiose

2194 5532 2483 5601 probandis
2513 5532 2736 5587 Leonini
2767 5542 2944 5586 textus
2989 5532 3327 5586 lectionibus.
3378 5532 3577 5588 Dicant
3610 5548 3678 5586 an
3707 5544 3785 5584 se-

2193 5605 2318 5659 dulo
2349 5606 2405 5660 ὃ.
2438 5604 2707 5673 pontiﬁcis
2735 5604 2911 5673 Opera
2938 5603 3264 5670 lustraverit,
3297 5605 3387 5672 qui
3414 5606 3468 5659 in
3500 5606 3646 5660 male
3666 5617 3783 5658 coo-

2191 5677 2403 5730 cinnata
2435 5676 2653 5744 svnopsi
2685 5676 2955 5730 sexdecim
2982 5674 3263 5729 dumtaxat
3291 5674 3516 5745 subjicit
3544 5678 3786 5745 capitum

2194 5748 2397 5815 titulos,
2432 5748 2626 5802 ultimo
2662 5746 3050 5816 pmtermisso,
3086 5760 3208 5801 cum
3253 5745 3365 5815 jam
3401 5748 3643 5817 cpistola
3681 5747 3792 5815 ipsa

2191 5817 2248 5875 in
2277 5819 2467 5877 dccem
2496 5830 2556 5876 et
2594 5828 2805 5889 septem
2846 5817 3127 5884 dividitur.
3169 5832 3406 5888 quorum
3454 5828 3801 5889 partem
