3968 6310
554 267 692 330 1059

1151 269 1210 324 Ρ.
1251 267 1566 325 CACCIARI
1602 266 2199 325 EXERCITATIONES
2238 267 2303 324 IN
2343 268 2399 324 S.
2445 267 2689 327 LEONIS
2732 268 2949 328 MAGNI
2990 245 3239 327 OPERA.

3689 272 3820 330 10ιο

551 366 886 455 apostolatus
912 378 1222 455 dignitate,
1281 379 1457 455 den_uo
1487 382 1897 455 _tractavit,__ne
1938 381 2132 455 aliquid
2160 382 2211 443 Α
2239 382 2429 438 noxios
2469 398 2588 451 quae
2638 383 2690 437 in
2743 383 2949 453 prolem
2996 383 3185 440 Adami
3230 385 3384 454 primi
3428 386 3665 455 parentis
3693 388 3816 445 vitio

552 451 846 511 earumdem
872 451 1296 523 blasphemiarum
1318 451 1577 507 tolerabile
1597 461 1683 506 aut
1706 452 1915 507 dubium
1938 453 2135 507 videre-

553 534 636 579 tur
670 527 723 579 in
751 532 1029 590 posterum.

622 597 677 651 5.
709 594 815 650 Nos
842 596 1053 651 interim
1075 595 1264 651 horum
1286 594 1639 666 capitulorum
1660 611 1925 652 summam
1949 596 2137 652 stricte

549 677 604 723 et
633 667 797 722 veluti
826 670 879 724 in
920 668 1237 736 compendio
1286 667 1371 721 hic
1402 667 1666 736 subjicere
1698 669 1986 724 lectoribus
2030 684 2136 725 non

548 740 813 807 ingratum
846 738 1079 794 futurum
1111 739 1453 794 arbitramur.
1489 738 1570 793 Ad
1597 740 1736 809 quod
1769 739 2132 809 praestandum

547 826 705 879 opus,
737 813 835 865 etsi
861 811 972 878 jam
1016 809 1222 878 pridem
1268 810 1447 881 plures
1479 809 1799 878 insigniores
1828 812 2061 881 theologi
2086 813 2137 865 in

547 881 929 937 ecclesiasticis
969 880 1375 936 conscribendis
1422 882 1658 936 historiis
1704 899 1920 937 manum
1952 880 2138 936 admo-

545 953 753 1019 verint,
801 953 983 1007 nescio
1034 962 1212 1006 tamen
1265 967 1331 1005 an
1382 953 1590 1007 felicius
1639 953 1828 1008 saltem
1875 954 2139 1021 paltnares

545 1038 736 1077 omnes
764 1023 921 1092 hujus
952 1032 1114 1077 sectae
1141 1038 1377 1090 errores,
1403 1041 1471 1079 ex
1497 1022 1690 1091 quibus
1715 1033 1771 1079 et
1789 1024 1879 1078 alii
1916 1026 2137 1079 minoris

546 1094 808 1148 momenti
837 1094 1099 1157 originem
1126 1093 1414 1159 ducebant,
1443 1096 1837 1150 annotaverint.
1869 1094 1979 1150 Nec
2011 1111 2137 1150 vero

543 1165 784 1236 idplcne
818 1165 877 1218 P.
912 1164 1114 1220 Natalis
1143 1165 1738 1221 Alexanderassecutus
1768 1175 1870 1231 est,
1907 1168 2017 1236 qui,
2049 1182 2140 1221 ca-

545 1235 782 1308 talogum
811 1236 1095 1305 quemdam
1124 1252 1217 1289 seu
1261 1238 1538 1308 synopsim
1571 1240 1810 1291 omnium
1841 1235 2135 1292 Priscillia-

544 1307 809 1378 nistarum
859 1323 1103 1362 errorum
1136 1307 1424 1363 contexere
1470 1308 1791 1376 instituens,
1824 1311 2006 1364 nescio
2032 1324 2139 1378 quo

542 1377 655 1432 fato
682 1380 998 1433 allucinatos
1020 1421 1033 1445 ,
1079 1378 1483 1447 quattuordecim
1524 1380 1801 1435 dumtaxat
1835 1382 2134 1445 annotavit,

545 1450 719 1503 tribus
770 1452 915 1513 aliis,
946 1461 999 1504 et
1028 1465 1094 1503 ex
1140 1448 1611 1519 principalioribus
1632 1452 1882 1518 quidem,
1918 1453 2137 1505 omnino

545 1522 945 1589 praetermissis.
976 1519 1175 1575 Verum
1204 1535 1268 1574 ex
1297 1522 1409 1574 sola
1441 1521 1539 1575 hac
1564 1522 1757 1577 Leonis
1779 1523 1999 1591 epistola
2020 1524 2139 1576 luce

544 1594 741 1646 clarius
771 1593 1020 1647 omnibus
1060 1592 1347 1646 innotescit
1378 1592 1562 1648 decem
1614 1604 1667 1647 et
1694 1603 1899 1663 septem
1949 1595 2134 1659 luisse,

547 1672 605 1716 ut
633 1678 761 1718 mox
786 1663 1202 1717 enuntiabimus.

616 1734 845 1824 Sanetus
892 1734 1127 1816 pontifex
1176 1748 1350 1824 ergo,
1398 1734 1857 1824 utAstttr‘icensisl
1894 1735 2130 1817 episcopi
2165 1764 2213 1824 Β

544 1805 778 1860 Turribii
825 1805 1062 1859 animum
1113 1805 1388 1875 expleret,
1424 1804 1733 1874 singillatim
1763 1807 1947 1860 eadem
1989 1809 2137 1875 capi-

548 1877 656 1931 tula
698 1886 952 1931 retractat
1004 1890 1123 1944 quae
1163 1890 1229 1928 ex
1271 1875 1489 1929 Gallicia
1536 1876 1826 1931 Pervincus
1876 1877 2135 1931 diaconus

542 1948 828 2017 judicanda
874 1946 1159 2001 detulerat.
1201 1945 1382 2017 Primo
1414 1946 1832 2001 Priscillianistaa
1877 1948 2039 2017 impie
2067 1949 2136 2002 de

545 2015 826 2073 Trinitatis
869 2018 1125 2089 mysterio
1173 2015 1509 2089 sentiebant,
1554 2032 1709 2070 unam
1760 2015 2135 2089 dumtaxatin

545 2089 660 2144 Deo
684 2087 1025 2143 trinominem
1058 2100 1338 2155 personam
1369 2087 1750 2155 praedicantes,
1785 2096 1841 2142 ut
1871 2088 2137 2143 Sabellius

546 2169 603 2214 et
633 2159 1013 2228 Patripassiani
1035 2158 1352 2212 docuerunt.
1370 2158 1528 2229 llunc
1549 2174 1786 2213 errorem
1812 2159 1869 2214 S.
1896 2161 2135 2229 pontifex

547 2245 656 2284 non
709 2240 913 2285 tantum
946 2228 1176 2284 Nicaenaa
1210 2228 1399 2299 synodi
1432 2230 1662 2284 decretis
1706 2228 1933 2296 refellit,
1962 2231 2057 2286 sed
2084 2245 2139 2287 et

550 2300 863 2371 theologicis
894 2301 1223 2371 rationibus,
1254 2315 1395 2371 quae,
1418 2302 1764 2371 Athanasiani
1793 2304 2021 2371 symboli
2055 2304 2137 2358 lo-

548 2369 754 2442 quendi
779 2372 1036 2427 formulas
1066 2369 1318 2425 redolere
1346 2370 1621 2426 videntur.

619 2442 1008 2511 Confingebant
1052 2442 1290 2496 secundo
1333 2444 1595 2511 quasdam
1645 2442 1867 2498 virtutes
1915 2459 1978 2498 ex
2024 2445 2136 2499 Deo

548 2514 861 2583 procedere,
906 2528 1040 2583 quas
1085 2527 1192 2567 non
1221 2527 1436 2581 semper
1476 2514 1647 2568 Deum
1680 2514 1730 2567 in
1764 2528 1859 2568 sua
1901 2517 2134 2569 essentia

548 2584 803 2641 habuisse
826 2584 1187 2649 afﬁrmabant,
1231 2584 1327 2638 sed
1354 2583 1643 2654 aliquando
1674 2599 1766 2638 eas
1791 2585 1989 2640 habere
2021 2601 2136 2641 caa-

546 2656 711 2725 piSSe,
741 2666 793 2711 ut
825 2656 1056 2725 pessime
1076 2654 1260 2709 Ariani
1290 2654 1773 2709 ratiocinabantur.

620 2727 802 2783 Tertio
834 2728 956 2782 ideo
985 2725 1318 2795 unigenitum
1348 2725 1456 2780 dici
1490 2726 1581 2781 Dei
1612 2726 1807 2780 Filium
1844 2738 2140 2783 contende-

546 2798 707 2863 bant,
736 2797 864 2868 quia
904 2799 1049 2853 solus
1092 2797 1161 2851 sit
1186 2797 1349 2868 258
1374 2806 1533 2852 natus
1581 2812 1647 2851 ex
1691 2797 1920 2867 Virgine.
1963 2799 2138 2865 Quare

547 2870 633 2923 vel
660 2870 980 2939 principium
1021 2868 1090 2923 de
1131 2880 1302 2922 matre
1331 2868 1547 2923 Christo
1577 2868 1777 2923 dabant
1805 2884 1923 2923 cum
1974 2870 2138 2924 Paulo

546 2940 800 3011 episcOpo
831 2941 1187 3011 Samosateno
1208 2949 1261 2994 et
1288 2939 1546 3011 Photino,
1578 2941 1662 2994 vel
1694 2955 1798 2994 non
1822 2956 1989 2995 unum
2016 2956 2139 2995 esse

549 3012 642 3066 Dei
674 3012 867 3067 Filium
921 3010 1249 3075 credebant,
1299 3010 1393 3066 sed
1424 3011 1560 3065 alios
1589 3026 1805 3080 quoque
1831 3026 1895 3066 ex
1927 3028 2138 3065 summo

548 3082 707 3137 Patre
733 3084 943 3150 genitos
963 3122 978 3149 ,
1013 3096 1242 3151 quorum
1270 3081 1356 3140 hic
1382 3095 1520 3136 unus
1557 3082 1627 3135 sit
1654 3092 1809 3135 natus
1841 3097 1903 3136 ex
1938 3082 2136 3138 femina

2243 460 2637 509 transcurrunt.

2314 526 2532 581 Decimo
2552 534 2727 581 autem
2752 525 3019 582 docebant
3046 527 3274 593 animas,
3304 542 3426 597 qua:
3474 528 3715 585 humanis
3745 534 3818 587 in.

2240 597 2855 670 serunturicorporibus
2880 641 2894 665 ,
2942 597 3067 670 olim
3102 600 3155 652 in
3203 600 3354 654 ccelis
3381 601 3527 654 omni
3567 615 3813 670 corporea

2240 668 2384 723 mole
2411 669 2664 737 spoliatas
2687 683 2959 737 peccasse,
2987 668 3056 723 ob
3086 670 3245 739 idque
3270 686 3300 724 a
3332 668 3733 726 sublimioribus
3760 679 3815 725 ad

2242 739 2500 811 inferiora
2546 741 2834 808 delapsas,
2876 741 2926 793 in
2978 739 3204 811 diversa.-
3244 742 3515 811 qualitatis
3566 745 3816 811 principes

2242 810 2516 882 incidisse,
2545 820 2598 865 et
2623 826 2719 879 per
2748 826 2937 865 aereas
2969 810 3315 881 sidereasque
3352 810 3671 882 potestates,
3701 817 3816 868 alias

2242 881 2571 945 durioribus,
2605 882 2737 935 alias
2763 882 3066 935 mitioribus
3094 881 3409 950 corporibus
3431 899 3552 937 esse
3576 885 3812 946 inclusas,

2240 961 2386 1023 sorte
2413 952 2622 1007 diversa
2650 961 2704 1006 et
2730 953 3040 1007 conditione
3072 953 3358 1019 dissimili,
3390 964 3448 1007 ut
3475 953 3729 1023 quidquid
3769 960 3809 1007 in

2243 1022 2345 1078 hac
2371 1026 2519 1077 varie
2545 1032 2599 1076 et
2631 1024 2962 1093 intequaliter
2994 1026 3259 1092 provenit,
3292 1040 3359 1079 ex
3407 1022 3810 1093 praecedentibus

2240 1094 2417 1149 causis
2449 1095 2691 1149 videatur
2716 1095 2980 1149 accidere.

2319 1165 2609 1221 Undecima
2643 1168 2881 1234 ipsorum
2912 1165 3262 1234 blasphemia,
3297 1166 3551 1221 fatalibus
3585 1169 3745 1222 stellis
3766 1181 3807 1224 ct

2236 1237 2449 1309 tanimas
2491 1236 2763 1290 hominum
2810 1246 2863 1309 et
2891 1252 3115 1303 corpora
3149 1238 3508 1309 opinabantur
3552 1239 3806 1309 obstringi,

2241 1318 2296 1361 et
2321 1308 2521 1362 idcirco
2541 1321 2662 1360 cum
2693 1308 2982 1376 gentilibus
3012 1316 3099 1361 aut
3146 1308 3377 1363 faventia
3401 1309 3504 1363 sibi
3535 1310 3705 1365 sidera
3737 1308 3806 1366 co-

2242 1378 2377 1443 lere,
2404 1392 2492 1432 aut
2517 1378 2741 1432 adversa
2776 1380 3020 1445 mitigare
3041 1377 3346 1433 studebant.

2314 1449 2644 1503 Duodecimn
2689 1451 2788 1504 sub
2833 1450 2949 1503 aliis
2998 1450 3349 1517 potestatibus
3398 1460 3583 1519 partes
3607 1451 3801 1516 animai,

2242 1519 2344 1573 sub
2370 1520 2489 1574 aliis
2516 1521 2757 1588 corporis
2786 1521 3027 1575 membra
3052 1521 3452 1587 describebant,
3474 1530 3529 1575 ct
3549 1524 3800 1590 qualitates

2244 1591 2561 1645 interiorum
2585 1591 2897 1660 praesulum,
2923 1593 3177 1645 virtutum
3203 1591 3433 1656 scilicet,
3454 1608 3587 1660 quas
3600 1595 3799 1647 animam

2245 1677 2435 1729 regere
2467 1662 2760 1729 fingebant,
2789 1663 2841 1716 in
2875 1662 3296 1731 patriarcharum
3328 1663 3636 1717 statuebant
3661 1668 3801 1719 nomi-

2246 1734 2425 1797 nibus,
2451 1734 2643 1803 quibus
2674 1749 2705 1787 e
2736 1735 2957 1801 regione
2984 1734 3131 1805 signa
3160 1735 3506 1802 opponebam
3534 1750 3797 1805 corporea,

2244 1820 2473 1874 quorum
2498 1805 2679 1858 virtuti
2700 1818 2927 1874 corpora
2958 1804 3369 1872 subjicerentur.
3404 1804 3684 1860 Addebam
3706 1822 3796 1861 cor-

2244 1877 2391 1944 poris
2414 1875 2633 1929 humani
2657 1882 2834 1941 partes
2847 1874 3127 1929 duodecim
3150 1876 3273 1930 caeli
3292 1877 3461 1945 signis
3486 1877 3795 1946 respondere,

2248 1955 2301 2001 et
2322 1946 2612 2000 secundum
2647 1948 2756 2015 ipsa
2798 1947 3123 2015 compositas
3168 1961 3323 2009 esse,
3361 1950 3732 2003 constituentes
3756 1950 3797 2002 in

2242 2018 2419 2085 capite
2448 2019 2706 2084 Arietem,
2738 2016 2973 2071 Taurum
3007 2018 3061 2070 in
3091 2018 3319 2080 cervice,
3363 2016 3617 2074 Geminos
3647 2022 3691 2074 in
3718 2020 3797 2074 hu—

2244 2089 2429 2152 meris,
2461 2086 2724 2142 Cancrum
2755 2088 2810 2142 in
2844 2097 3079 2157 pectore,
3101 2097 3206 2143 etc.

2318 2159 2697 2214 Decimotertio
2744 2160 2887 2213 circa
2920 2160 3318 2229 Scripturarum
3363 2161 3636 2215 scientiam
3676 2176 3800 2216 erra~

2243 2240 2403 2295 runt,
2453 2246 2574 2284 cum
2619 2231 2998 2285 canonicarum
3043 2231 3441 2298 Scripturarum
3492 2247 3673 2299 corpus
3712 2236 3798 2286 sub

2247 2301 2669 2367 patriarcharum
2696 2302 3003 2355 nominibus
3034 2301 3388 2371 accipiebant.
3429 2301 3797 2356 Fabulahautur

2243 2372 2386 2427 enim
2436 2373 2717 2427 duodecim
2778 2372 2897 2427 illas
2945 2372 3171 2427 virtutes
3225 2386 3347 2442 quae
3394 2372 3799 2427 reformationem

2245 2442 2478 2497 hominis
2524 2443 2795 2498 interioris
2840 2455 3164 2512 operantur,
3217 2444 3270 2497 in
3321 2443 3507 2498 borum
3556 2445 3803 2499 vocabulis

2245 2513 2493 2568 indicari.

2318 2585 2726 2655 Decimoquarto
2747 2626 2761 2649 ,
2796 2585 2865 2639 ita
2922 2584 3157 2639 siderum
3185 2594 3238 2639 et
3277 2600 3534 2652 signorum
3560 2589 3802 2654 potestati

2244 2654 2518 2710 hominem
2558 2654 2963 2725 subiiciebant,
3014 2664 3074 2709 ut
3121 2656 3487 2710 contenderent
3540 2657 3693 2708 multa
3740 2660 3798 2711 in

2244 2728 2445 2781 sanctis
2476 2727 2627 2781 libris
2666 2727 2922 2795 reperiri,
2954 2741 3071 2794 qua:
3115 2726 3181 2781 ad
3205 2728 3500 2780 exteriorem
3525 2725 3787 2780 hominem

2246 2798 2599 2865 pertinerent,
2635 2806 2691 2851 ut
2714 2798 2766 2851 in
2791 2799 2921 2865 ipsis
2962 2798 3245 2867 Scriptnris
3270 2796 3489 2850 divinam
3519 2797 3651 2851 inter
3686 2806 3797 2851 tero

2245 2883 2540 2939 renamque
2563 2878 2803 2922 naturam
2827 2869 3074 2939 quredam
3098 2870 3198 2923 sibi
3227 2878 3470 2937 repugnet
3487 2868 3801 2933 adversitas,

2244 2947 2299 2991 et
2338 2941 2553 2994 aliunde
2592 2941 2661 2994 sit
2701 2939 2844 3009 quod
2888 2940 2988 2994 sihi
3037 2940 3307 2994 vindicent
3343 2939 3499 2992 animi
3536 2941 3805 3009 praesules,

2244 3010 2461 3065 aliunde
2490 3026 2704 3081 quoque
2733 3011 2977 3080 corporis
2999 3011 3328 3065 conditores.

2317 3081 2369 3136 6.
2406 3080 2833 3151 Decimoquinto,
2858 3082 3004 3136 veris
3032 3082 3323 3151 Scripturis
3353 3082 3658 3135 adulteratis
3679 3124 3691 3145 ,
3722 3081 3805 3134 fai-

548 3155 637 3223 qui
668 3157 736 3209 ub
765 3155 864 3209 hoc
886 3154 1186 3222 appellatur
1211 3154 1537 3223 unigenitus,
1562 3153 1685 3221 quia
1710 3153 1848 3207 hanc
1880 3154 2134 3208 nascendi
2165 3151 2212 3214 C
2242 3166 2331 3223 sas
2386 3153 2743 3219 inducebant,
2801 3167 2933 3223 quas
2986 3155 3275 3207 canonicas
3317 3154 3679 3221 appellabant;
3732 3154 3809 3206 cui

547 3226 909 3279 conditionem
936 3226 1071 3279 alius
1104 3225 1336 3279 filiorum
1369 3225 1460 3278 Dei
1488 3239 1646 3279 nemo
1676 3226 1991 3292 susceperit.

618 3299 818 3363 Quarto
846 3295 1116 3350 Christum
1148 3295 1433 3349 Dominum
1461 3296 1514 3349 in
1541 3311 1663 3350 vera
1684 3295 1917 3349 hominis
1941 3306 2130 3350 natura

546 3380 727 3421 natum
760 3382 879 3421 esse
906 3383 1011 3420 non
1040 3368 1350 3431 credebant,
1379 3375 1434 3420 et
1456 3365 1655 3420 idcirco
1680 3382 1800 3420 cum
1849 3367 2097 3421 Cerdone
2119 3412 2132 3436 ,

546 3438 818 3492 Marciane
848 3449 1006 3507 atque
1030 3438 1240 3492 Manete
1266 3449 1613 3506 apparentem
1639 3438 1917 3491 dumtaxat
1937 3449 1990 3491 et
2017 3440 2139 3491 illu-

548 3509 746 3562 soriam
774 3506 989 3563 carnem
1021 3508 1120 3561 sibi
1151 3509 1433 3578 copulasse
1462 3506 1820 3561 affirmabant.
1854 3510 1969 3575 Quo
2014 3510 2135 3578 qui-

548 3579 670 3633 dem
703 3594 886 3633 errove
931 3578 1156 3643 seducti,
1199 3580 1339 3632 diem
1368 3577 1569 3631 Natalis
1613 3589 1662 3632 et
1706 3577 2171 3645 ltesurrectionis

549 3650 761 3703 Domini
802 3650 855 3703 in
889 3663 1122 3703 interere
1156 3660 1211 3704 et
1254 3649 1398 3703 luctu
1431 3649 1727 3712 ducebant,
1769 3664 1863 3702 sua
1908 3666 2135 3718 corpora

544 3720 764 3789 jejuniis
792 3721 1112 3789 aflligentes.

620 3791 817 3858 Quinto
847 3791 1042 3845 deinde
1068 3790 1299 3845 animam
1332 3789 1566 3844 hominis
1601 3790 1793 3843 divinae
1821 3790 2137 3845 asserebant

549 3876 671 3917 esse
698 3864 1033 3925 substantiae,
1064 3878 1164 3917 nec
1196 3878 1225 3915 a
1268 3870 1453 3915 natura
1475 3862 1733 3916 creatoris
1764 3864 1843 3915 sui
1872 3863 2137 3917 conditio-

551 3936 632 3987 nis
666 3946 863 3989 nostra:
894 3934 1094 3988 distare
1124 3941 1387 3987 naturam.

618 4006 782 4059 Sexto
824 4006 1040 4059 aiebant
1078 4004 1350 4059 diabolum
1387 4019 1675 4073 numquam
1704 4003 1870 4058 fuisse
1909 4003 2129 4069 bonum,

547 4092 722 4147 neque
766 4089 1010 4131 naturam
1044 4076 1159 4144 ejus
1191 4077 1287 4130 Dei
1314 4074 1583 4142 Opiﬁciutn
1608 4094 1611 4103 Α
1635 4076 1821 4139 fuisse,
1858 4075 1948 4129 sed
1985 4076 2131 4129 illum

546 4164 610 4203 ex
648 4151 881 4203 tenebris
919 4158 973 4202 et
1000 4148 1136 4202 chao
1166 4149 1454 4203 emersisse
1474 4191 1488 4215 ,
1537 4148 1663 4216 quia
1694 4148 1900 4202 scilicet
1929 4149 2131 4200 nullum

545 4221 629 4273 sui
659 4219 852 4275 habeat
880 4227 1176 4285 auctorem,
1200 4218 1295 4274 sed
1320 4222 1496 4273 omnis
1524 4218 1645 4271 mali
1672 4220 1784 4287 ipse
1814 4219 2132 4288 principium

550 4292 622 4345 sit
643 4302 802 4359 atque
828 4290 1151 4344 substantia.

618 4364 857 4430 Septimo
912 4363 1216 4430 nuptiarum
1240 4370 1294 4416 et
1324 4360 1653 4415 matrimonii
1675 4375 1828 4415 usum
1870 4374 1991 4414 cum
2020 4360 2135 4414 Ma-

548 4432 768 4502 nichteis
792 4447 1005 4502 quoque
1033 4432 1357 4485 damnabant
1384 4450 1397 4486 :
1430 4448 1492 4486 ea
1523 4432 1748 4496 ratione,
1777 4430 2048 4493 videlicet,
2081 4440 2140 4485 tit

547 4501 820 4582 legitimae
850 4504 1019 4593 prolis
1051 4506 1482 4593 procreatipnem-
1525 4502 2137 4593 perhorrescerelntp-m-
2167 4532 2219 4593 ὓ

549 4574 806 4642 niumque
850 4574 1235 4642 turpitudinum
1275 4573 1577 4629 libertatem
1625 4572 1832 4627 facilius
1877 4573 2134 4628 admitte-

548 4654 691 4699 rent.

620 4714 719 4770 Cui
764 4715 936 4770 errori
976 4729 1032 4769 et
1059 4724 1279 4772 octavus
1318 4718 1550 4771 maxime
1581 4716 1758 4771 fuerat
1787 4715 1985 4781 affinis,
2011 4730 2135 4770 cum

549 4787 790 4843 dicerent
821 4786 1053 4841 humana
1084 4802 1307 4857 corpora
1329 4789 1524 4843 diaboli
1548 4803 1669 4843 esse
1698 4789 1947 4857 figmenta
1967 4829 1980 4852 ,
2007 4802 2136 4856 qua-

548 4868 705 4914 tenus
740 4858 1150 4928 conceptionum
1178 4860 1382 4914 semina
1413 4860 1465 4913 in
1495 4861 1775 4913 mulierum
1816 4858 1981 4912 uteris
2008 4873 2137 4912 con-

547 4931 929 5002 figurarentur,
961 4941 1015 4985 et
1039 4945 1263 5000 corpora
1296 4933 1407 5001 ipsa
1440 4931 1631 4985 anima:
1655 4929 1920 4999 dignitati,
1952 4938 2135 4998 utpote

548 5002 813 5057 diabolica
835 5004 1034 5058 virtute
1059 5002 1306 5068 formata,
1332 5003 1553 5057 minime
1574 5016 1870 5069 congruere
1892 5012 2130 5071 possent.

548 5074 685 5128 llinc
722 5075 886 5129 semel
936 5074 1112 5128 soluto
1141 5089 1388 5144 corpore,
1422 5076 1616 5128 iterum
1665 5088 1757 5140 per
1786 5072 2135 5144 resurrectio-

546 5148 632 5271 gis
664 5146 981 5217 mysterium
1001 5142 1321 5202 reviviscere
1340 5161 1497 5216 posse
1522 5157 1681 5214 atque
1708 5144 1905 5199 debere
1930 5142 2135 5197 inficia-

586 5228 763 5271 antur.

586 5228 763 5271 antur.

620 5290 737 5342 Non
768 5291 945 5345 minus
979 5298 1290 5359 portentosa
1320 5288 1414 5344 fuit
1445 5302 1586 5342 nona
1626 5286 1937 5342 eorumdem
1967 5301 2135 5359 anno-

551 5361 700 5426 tatio,
727 5376 827 5430 qua
863 5362 1230 5430 promissionis
1261 5360 1423 5426 filios,
1456 5374 1561 5413 non
1593 5374 1658 5412 ex
1690 5360 1881 5430 carnis,
1906 5358 2134 5422 semine,

549 5433 642 5487 sed
675 5429 760 5485 ex
787 5429 990 5502 Spiritu
1025 5446 1211 5488 sancto
1238 5447 1358 5488 esse
1402 5440 1695 5502 conceptos
1744 5429 2134 5502 praedicabant,

550 5502 755 5573 hosque
813 5501 1035 5559 minime
1096 5513 1313 5573 peccato
1369 5501 1690 5572 mortalique
1750 5502 1996 5571 contagio
2044 5501 2189 5555 ob--

585 5640 877 5719 _(a)_Vi_de
906 5657 1024 5711 qum
1054 5639 1288 5697 diximus
1328 5655 1447 5711 cap.
1482 5640 1515 5695 6
1536 5637 1757 5695 secundi
1791 5638 1913 5693 libri
1958 5635 2139 5692 Histo-

554 5714 651 5766 ria
679 5714 1113 5768 Manichaeorum.

631 5781 709 5846 (bl
748 5784 1070 5848 Beausobrc,
1109 5792 1246 5851 part.
1282 5800 1301 5839 t
1337 5783 1533 5839 Hister.
1569 5781 2005 5847 Manichaaorum,
2039 5779 2135 5837 lib.

2242 3222 2441 3294 quippe
2486 3222 2823 3294 gravissimo
2852 3224 2993 3279 malo
3047 3235 3102 3277 ut
3148 3224 3204 3296 S.
3242 3224 3483 3291 pontifex
3530 3224 3683 3296 259
3713 3239 3809 3296 pc-

2242 3308 2510 3362 curreret,
2557 3296 2863 3366 generalem
2910 3296 3049 3349 illam
3093 3295 3284 3349 indidit
3328 3296 3499 3365 legem
3519 3294 3673 3363 ,Ἶμιίι
3712 3294 3810 3348 Ec-

2242 3366 2525 3420 clesiarum
2604 3368 2912 3421 sacerdotes
2985 3366 3144 3434 jussit
3220 3382 3437 3420 omnem
3508 3367 3809 3435 diligentiam

2247 3437 2527 3502 adhibere,
2560 3453 2628 3491 nc
2658 3447 2749 3491 aut
2777 3437 2952 3491 falsati
2974 3438 3189 3491 codices
3216 3438 3267 3491 in
3294 3453 3393 3493 usu
3416 3439 3644 3491 lectionis
3671 3437 3811 3491 habe-

2243 3518 2451 3572 rentur,
2486 3520 2576 3562 attt
2619 3508 2940 3578 apocrypha:
2964 3507 3247 3576 scripturae
3275 3521 3625 3565 servarentur
3650 3526 3675 3562 a
3701 3523 3811 3576 quo-

2243 3581 2406 3647 piam.
2429 3579 2503 3633 De
2525 3581 2603 3633 his
2627 3591 2803 3650 autem
2823 3580 2899 3633 sic
2915 3580 3129 3647 scripsit
3156 3598 3167 3631 ε
3193 3579 3524 3650 Apocrypltce
3552 3582 3806 3649 scriptam.

2240 3667 2356 3718 qua:
2379 3652 2471 3704 sub
2495 3649 2782 3704 nominibus
2805 3649 3155 3721 apostolorum
3177 3649 3462 3703 multarum
3487 3652 3810 3705 habentsemi-

2242 3722 2445 3774 narium
2475 3722 2777 3791 falsitatum,
2806 3738 2907 3774 non
2930 3723 3094 3793 solum
3112 3722 3505 3785 interdicendw,
3531 3724 3617 3776 sed
3637 3723 3811 3793 penitus

2241 3796 2539 3863 auferenda:
2562 3807 2699 3854 sunt,
2728 3803 2881 3862 atque
2908 3791 3110 3863 ignibus
3137 3794 3531 3847 concremanda:
3562 3791 3654 3863 (α).
3676 3792 3811 3846 Nullo

2241 3878 2371 3931 ergo
2396 3864 2644 3931 prarsidio
2675 3864 2910 3918 literetici
2937 3874 3028 3919 aut
3055 3876 3339 3918 novatores
3373 3866 3514 3933 septi
3545 3874 3679 3928 sunt,
3704 3878 3810 3917 cum

2243 3935 2426 3987 multis
2469 3935 2677 4003 injuriis
2722 3936 3050 3988 recentiores
3081 3934 3353 3989 Romanos
3396 3935 3669 4004 pontifices
3707 3934 3814 3986 affi-

2244 4005 2423 4065 ciunt.
2457 4007 2596 4074 quod
2640 4020 2732 4059 sua
2760 4008 2932 4073 Opera
2968 4006 3337 4074 proscribunt,
3385 4016 3439 4060 et
3471 4006 3673 4075 ignibus
3693 4019 3811 4058 enn-

2242 4078 2468 4129 cremari
2489 4078 2730 4143 jubeant.
2754 4076 2922 4131 Nimis
2948 4088 3152 4130 vetusta
3180 4086 3263 4131 est
3285 4079 3553 4145 ejusmodi
3578 4078 3627 4131 in
3649 4076 3813 4130 catho-

2244 4147 2344 4200 lica
2374 4146 2611 4201 Ecclesia
2640 4147 2944 4214 disciplina,
2982 4163 3079 4202 nec
3111 4148 3282 4201 solum
3325 4163 3355 4200 a
3402 4147 3621 4203 Gelasio
3663 4161 3811 4215 papa,

2242 4218 2386 4273 vela
2418 4220 2646 4272 concilio
2689 4222 3023 4289 septuaginta
3064 4220 3443 4289 episc0porum
3495 4230 3604 4273 tum
3652 4219 3815 4289 habito

2242 4290 2571 4357 repetenda,
2613 4289 2706 4343 sed
2745 4306 2773 4342 a
2813 4287 2993 4343 Leone
3022 4287 3379 4359 Magno,'qui
3425 4305 3549 4344 eam
3588 4288 3820 4343 omnibus

2243 4360 2523 4414 catholicis
2576 4359 2844 4429 episcopis
2891 4361 3282 4414 observandam
3350 4362 3604 4415 inculcat.
3657 4360 3821 4426 Quare

2242 4431 2522 4499 Splendide
2568 4432 2705 4485 inter
2752 4440 2978 4485 caeteros
3029 4432 3357 4485 acatholicos
3403 4430 3519 4485 Van
3566 4432 3735 4500 Espen
3777 4438 3823 4483 et

2245 4503 2549 4556 Beausobre
2583 4500 2680 4572 (ὁ)
2711 4502 3027 4555 allucinatos
3055 4516 3205 4568 esse,
3242 4502 3441 4557 Leonis
3485 4501 3600 4557 haec
3644 4501 3821 4570 agendi

2246 4573 2381 4627 ratio
2412 4572 2602 4628 suadet
2639 4573 3017 4642 patefacitque.
3051 4573 3181 4626 Nam
3210 4573 3319 4625 Van
3357 4574 3572 4641 ESpeu,
3616 4588 3735 4627 cum
3782 4574 3824 4623 in

2245 4644 2408 4714 priori
2436 4658 2655 4698 suorum
2679 4645 2912 4711 Operam
2942 4653 3115 4714 parte,
3148 4659 3269 4713 quae
3294 4642 3443 4699 Juris
3474 4642 3826 4699 Ecclesiastici

2244 4715 2482 4770 universi
2528 4716 2856 4783 inscribitur,
2907 4716 3313 4784 haudquaquam
3348 4715 3412 4768 ad
3449 4716 3617 4770 hocce
3642 4715 3829 4768 Leonis

2245 4787 2519 4841 decretum
2536 4786 3007 4850 animadverteret,
3026 4801 3253 4854 cumque
3272 4801 3432 4854 agere
3449 4788 3751 4840 institueret
3774 4784 3831 4835 de

2245 4859 2502 4913 Ecclesiae
2516 4858 2794 4926 disciplina
2824 4859 2873 4909 in
2902 4856 3444 4911 lt.i-reticorumlibris
3468 4856 3831 4927 prohibendis,

2247 4926 2533 4984 Gelasiauo
2565 4931 2780 4984 decreto
2810 4929 3085 4983 dumtaxat
3104 4930 3317 4993 insistit,
3344 4926 3501 4998 cujus
3527 4929 3709 4983 verbis
3732 4930 3833 4977 vim

2246 5015 2460 5055 omnem
2494 5000 2758 5069 roburque
2793 5015 3009 5068 prorsus
3038 5000 3275 5053 adimere
3303 5015 3405 5053 con
3425 5012 3552 5069 itur,
3584 5000 3741 5068 quasi
3772 5012 3829 5049 ex

2245 5083 2497 5142 suggestu
2524 5072 2800 5125 affirmans
2822 5072 3111 5125 Ecclesiain
3142 5072 3515 5125 tantummodo
3546 5071 3834 5135 publicam,

2246 5160 2351 5197 non
2382 5146 2662 5210 privatam,
2692 5142 3110 5211 proscriptorum
3145 5142 3405 5196 librorum
3433 5143 3727 5197 lectionem
3760 5154 3839 5193 ca-

2242 5229 2373 5268 vere
2402 5214 2655 5268 voluisse.
2682 5213 2992 5281 Splendida,
3023 5214 3262 5282 inquam,
3290 5213 3402 5267 Van
3439 5215 3613 5282 Espen
3648 5211 3839 5265 alluci-

2244 5296 2421 5339 natur.
2447 5286 2598 5351 Quod
2648 5293 2704 5339 ut
2743 5286 3063 5351 innotescat,
3117 5285 3339 5339 minime
3372 5300 3508 5352 opus
3549 5286 3656 5339 erit
3694 5294 3778 5345 ut.
3818 5297 3841 5333 ι

2246 5365 2432 5410 nostro
2458 5359 2735 5425 proposito
2774 5356 3111 5419 recedentes,
3146 5371 3284 5409 nunc
3310 5356 3378 5410 de
3408 5355 3712 5411 Gelasimo
3741 5355 3843 5407 dis-

2246 5442 2429 5483 serere
2456 5428 2772 5497 incipiamus
2798 5427 3034 5481 decreto.
3074 5427 3217 5481 istud
3249 5428 3451 5496 quippe
3495 5428 3689 5482 multis
3733 5440 3847 5481 eru-

2247 5499 2479 5570 ditisque
2503 5500 2645 5553 notis
2676 5500 2991 5555 adornatum
3025 5499 3243 5568 prodiit,
3278 5497 3521 5554 Chilletii
3574 5498 3842 5554 ilolsteii

2251 5652 2328 5702 ni,
2357 5646 2411 5692 et
2442 5636 2566 5691 aiibi
2590 5637 2810 5707 passim,
2836 5635 2990 5706 cujus
3016 5649 3203 5705 nugas,
3236 5642 3463 5707 agentes
3485 5633 3554 5695 de
3577 5635 3855 5693 veteribus

2252 5708 2583 5776 Manichaais,
2613 5707 2825 5765 abunde
2853 5707 3157 5779 rejecimus.
