3968 6310
204 298 315 355 1041

738 297 824 353 DE
866 294 1591 354 PRISCILLIANISTARUM
1632 292 1907 353 HERESI
1949 294 2037 350 ET
2076 294 2392 353 HISTORIA
2430 298 2630 355 LIBER
2666 299 2849 358 UNUS

3303 301 3442 359 1οη

202 419 251 466 et
269 412 327 488 _P.
359 410 574 488 .losepbi
608 410 900 488 ‘Biancbini
944 412 1117 488 studio
1153 420 1207 466 et
1246 411 1449 477 labore,
1503 417 1561 464 ut
1600 410 1751 464 novis
1778 414 1831 471 Α
1857 410 2317 488 niczedisciplinas
2347 414 2523 488 rigore
2552 427 2813 484 spectato,
2842 416 3027 488 quinto
3046 417 3154 488 jam
3183 413 3438 473 Ecclesia:

205 482 723 537 auirnadversionibus
787 484 1105 551 locupletare
1156 498 1372 551 prorsus
1434 496 1748 551 supervaca-

205 569 340 609 neum
362 554 449 607 sit.
488 554 567 607 Ad
615 554 722 607 Van
757 555 930 622 Espen
978 555 1136 623 igitur
1182 554 1385 621 lapsum
1427 568 1745 621 praecaven-

200 624 327 691 dum,
349 639 404 679 ea
433 640 551 694 qua:
591 624 649 678 S.
690 625 796 680 Leo
832 626 1056 693 subjecit
1084 626 1368 680 advertere
1399 623 1647 678 sufficiet.
1700 624 1748 678 ls

199 696 351 766 itaque
392 712 496 748 non
528 695 795 765 publicum
832 706 1035 750 tantum
1078 706 1475 765 corruptorum,
1526 709 1751 766 apocry-

199 765 394 834 phorutn
433 766 796 837 falsorumque
826 769 1068 822 codicum
1115 781 1269 821 usum
1311 766 1611 826 Catholicis,
1655 765 1748 820 sed

198 848 246 892 et
272 838 469 906 privatis
514 838 701 891 horum
744 840 1063 893 lectionibus
1091 852 1303 903 vacare,
1340 838 1421 891 vel
1458 838 1619 889 atiam
1656 838 1752 890 litt-

192 909 396 977 jusntodi
428 909 749 977 exemplaria
782 910 831 963 in
863 910 1110 964 domibus
1144 909 1395 973 retinere,
1438 909 1538 962 sub
1576 908 1749 963 luere-

195 995 302 1033 seos
331 988 445 1032 nota
483 982 747 1048 episcopis
800 982 886 1049 qui
932 981 981 1034 id
1034 981 1405 1050 permitterent
1453 978 1750 1033 interdixit.

193 1051 346 1115 Quare
372 1051 629 1120 subjecit:
664 1050 813 1105 Unde
840 1054 883 1104 si
914 1052 1026 1121 quis
1049 1051 1405 1121 episcoporum
1428 1050 1505 1103 vel
1535 1066 1753 1120 apocry-

192 1122 282 1187 plta
303 1121 466 1174 haberi
489 1139 578 1193 per
604 1122 783 1175 domos
812 1139 912 1175 non
944 1121 1282 1193 prohibuerit,
1310 1120 1391 1173 vel
1416 1123 1509 1174 sub
1541 1122 1753 1193 canoni-

191 1208 346 1245 corttm
379 1191 583 1247 nomine
612 1209 697 1248 eos
728 1194 925 1246 codices
955 1194 1008 1245 in
1046 1191 1279 1246 Ecclesia
1310 1192 1593 1259 permiserit
1629 1193 1746 1261 legi,

189 1264 267 1331 qui
297 1263 605 1317 Priscilliani
646 1273 765 1318 sunt
791 1264 1140 1317 emendatione
1177 1264 1426 1331 corrupti,
1458 1262 1751 1315 hiereticum

188 1351 234 1387 se
261 1336 437 1388 noverit
455 1335 819 1405 judicandum,
849 1336 1091 1403 quoniam
1116 1336 1200 1404 qui
1221 1334 1351 1387 alios
1376 1333 1439 1387 ab
1454 1348 1623 1387 errore
1650 1351 1751 1388 non

187 1417 389 1469 revocat,
424 1407 644 1476 seipsum
670 1421 841 1459 errare
862 1406 1193 1476 demonstrat.

255 1476 623 1546 l’erantiquum
671 1476 898 1530 Palatia.
948 1475 1117 1530 Vatic.
1157 1491 1256 1529 ms.
1303 1475 1598 1542 exemplar,
1633 1484 1752 1543 post

188 1546 293 1601 hate
320 1548 495 1611 verba,
521 1548 734 1602 celebre
758 1547 913 1615 hujus
945 1548 1187 1614 epistola:
1212 1547 1563 1614 fragmentum
1597 1547 1749 1599 nobis

187 1619 409 1681 exhibet,
437 1618 693 1672 hactenus
717 1634 745 1672 a
771 1617 1190 1687 praecedentibus
1213 1618 1442 1685 Operttm
1469 1615 1749 1687 S.7Lconis

187 1689 469 1744 editoribus
498 1704 597 1744 nec
615 1686 946 1754 annotatum,
981 1704 1080 1743 nec
1110 1690 1302 1757 publici
1334 1689 1474 1755 juris
1524 1686 1742 1741 factum.

189 1760 293 1814 Hoc
328 1772 500 1816 autem
556 1761 795 1830 quamvis
846 1759 1135 1813 Leoninam
1184 1762 1480 1813 orationem
1524 1758 1743 1813 omnino

187 1831 417 1886 redolere
440 1848 540 1887 non
570 1832 827 1897 videatur,
854 1842 1029 1883 tamen
1065 1830 1262 1883 laudati
1291 1830 1491 1883 codicis
1517 1836 1753 1884 vetustas

188 1910 241 1955 et
280 1905 577 1967 auctoritas,
624 1912 729 1955 tum
780 1901 1075 1970 argumenti
1114 1903 1271 1965 ratio,
1321 1900 1750 1969 praecedentibus

184 1971 236 2025 S.
266 1973 520 2039 pontificis
556 1974 713 2027 dictis
744 1975 983 2041 apprime
1029 1973 1341 2037 concinens,
1378 1986 1473 2024 uos
1523 1972 1576 2025 in
1622 1971 1751 2026 illud

183 2045 447 2096 consilium
470 2043 759 2104 adducunt,
786 2052 839 2095 ιιι
868 2043 919 2095 in
952 2041 1124 2097 altero
1155 2050 1300 2095 torno
1341 2042 1552 2096 lineolis
1583 2042 1752 2097 inter-

179 2112 373 2183 clusum
419 2115 554 2183 typis
585 2114 1003 2168 committamus.
1054 2114 1118 2168 Et
1149 2114 1322 2183 quoad
1360 2112 1561 2167 codicis
1607 2114 1749 2167 auti-

177 2180 420 2250 quitatem
441 2180 675 2254 spectat,
708 2201 906 2239 nonum
939 2180 1205 2255 attingere
1227 2188 1479 2239 smculum
1507 2186 1753 2254 antiquo-

177 2268 288 2306 rum
316 2255 683 2310 characterum
719 2257 1075 2311 aaStimatores
1107 2255 1384 2310 nobiscum
1422 2255 1749 2323 judicarunt.

177 2326 480 2393 Argumenti
504 2328 640 2381 ratio
672 2328 829 2396 plane
858 2326 1150 2394 respondet
1187 2328 1360 2381 sancti
1392 2326 1588 2381 Leonis
1618 2326 1753 2381 scri-

176 2397 325 2469 bendi
357 2413 541 2465 scopo.
578 2397 710 2451 Nam
740 2407 858 2469 post
888 2399 1116 2467 rejectas
1151 2397 1484 2469 apocryphas
1524 2398 1752 2466 scriptu-

176 2482 260 2520 ras
294 2468 365 2522 illi
413 2469 673 2524 interesse
712 2468 993 2524 videbatur
1022 2468 1651 2538 designare'canonicas,
1699 2477 1754 2523 et

174 2539 533 2608 quoordiuein
556 2541 791 2596 Ecclesia
816 2540 1056 2611 legenda:
1081 2550 1448 2605 occurrerent,
1468 2550 1523 2594 ut
1543 2552 1752 2593 summa

174 2611 451 2665 concordia
486 2614 536 2665 in
582 2613 775 2667 divinis
805 2612 1051 2666 laudibus
1080 2612 1427 2667 concinendis
1454 2620 1508 2666 et
1555 2620 1754 2681 myste-

175 2682 267 2735 riis
306 2683 636 2738 celebrandis
681 2686 817 2737 sacri
864 2683 1051 2737 altaris
1099 2683 1327 2738 ministri
1379 2686 1748 2737 convenirent.

174 2752 429 2826 Prteterea
450 2754 609 2825 hujus
633 2753 913 2826 fragmenti
936 2756 1267 2817 accessione,
1281 2754 1556 2823 aptissime
1576 2754 1752 2822 priora

177 2825 553 2891 posterioribus
581 2825 1005 2897 conjungnntur;
1035 2827 1171 2897 et_in
1196 2826 1380 2880 codice
1402 2840 1520 2879 eam
1546 2826 1755 2893 epigra-

172 2898 327 2964 pltem
368 2895 714 2962 offendimus,
743 2895 996 2953 videlicet
1030 2918 1041 2951 :
1078 2895 1269 2965 Incipit
1318 2898 1565 2949 sententia
1607 2911 1756 2963 papa:

172 2966 355 3041 Leonis
383 2970 443 3022 de
473 2970 782 3041 apocryphis
813 2968 1102 3040 scripturis.
1130 2968 1263 3041 Qua:
1286 2966 1563 3041 exordium
1596 2966 1757 3041 habet

169 3040 237 3091 ab
270 3041 369 3094 illis
407 3037 857 3095 vocibus'laudati
885 3037 1075 3109 capitis
1122 3039 1189 3095 15
1233 3038 1389 3105 hujus
1420 3038 1660 3109 epistola:
1688 3037 1755 3092 ad

170 3110 470 3166 Turribium
496 3130 507 3164 :
539 3111 838 3166 Curandum
855 3107 974 3181 ergo
1000 3119 1071 3164 est
1090 3119 1133 3163 et
1152 3107 1458 3164 sacerdotali
1489 3108 1757 3181 diligentia

1855 482 2080 558 _s:e_culo,
2114 484 2312 558 nemini
2347 482 2667 558 licebatper
2694 482 2882 542 domos
2912 482 3091 543 sacras
3130 487 3435 558 Scripturas

1852 551 2054 629 habere
2094 554 2159 608 ab
2204 554 2470 608 haereticis
2517 556 2725 611 vitiatas
2778 569 2935 628 atque
2978 551 3291 629 corruptas,
3344 559 3435 629 qui

1857 623 1971 677 fieri
1996 640 2136 679 nunc
2166 634 2431 700 potestur.
2454 637 2727 700 tantopere
2758 623 3065 684 heterodoxi
3099 623 3437 700 cantm'n.

1853 702 1959 770 tur,
1996 711 2117 770 cum
2149 712 2273 770 suos
2304 697 2470 770 libros
2490 698 2589 751 Sub
2610 702 2962 755 anathematis
2993 718 3146 770 praua
3178 697 3434 765 legendos

1854 768 2134 841 catholicis
2159 769 2224 819 ab
2245 768 2538 841 apostolica
2564 770 2691 823 sede
2724 768 3054 825 interdictum
3089 774 3429 841 intelligunt?

1855 837 1960 890 Sed
2004 838 2053 889 in
2090 841 2188 892 hac
2215 855 2273 892 re
2303 839 2729 905 exploratissima
2768 842 2964 895 diutius
3004 837 3282 897 immorari
3306 846 3433 895 vitio

1857 908 1985 961 mihi
2010 908 2247 975 daretur,
2280 921 2333 964 et
2371 922 2649 979 pr0pterea
2679 912 2742 964 ad
2788 927 2995 967 sextum
3044 913 3309 966 decimum
3345 929 3433 967 ra-

1860 989 1949 1046 put
1974 980 2195 1047 gradum
2232 980 2474 1047 facimus,
2517 984 2565 1034 in
2604 997 2709 1051 quo
2739 982 2805 1035 de
2833 983 2951 1036 aliis
2978 984 3123 1037 libris
3152 984 3432 1039 hairelico-

1858 1066 1974 1103 rum
2006 1052 2181 1105 studio
2207 1052 2525 1119 conscriptis
2554 1053 2611 1109 S.
2646 1054 2880 1118 pontifex
2904 1055 3059 1108 verba
3093 1054 3232 1108 fecit.

1927 1122 1978 1174 7.
2024 1122 2134 1196 Hoc
2170 1123 2349 1196 itaque
2378 1132 2586 1177 sextum
2622 1125 2887 1179 decimum
2918 1136 3093 1193 caput,
3128 1136 3435 1196 postremum

1855 1202 2071 1245 sanctus
2102 1193 2209 1248 Leo
2248 1194 2466 1263 Magnus
2500 1196 2751 1263 appellat.
2782 1212 2847 1249 eo
2882 1210 3042 1250 sensu
3073 1193 3342 1257 videlicet,
3377 1204 3435 1249 ut

1854 1265 2125 1317 sexdecim
2154 1266 2324 1330 capita
2357 1266 2685 1319 discutienda
2711 1266 2939 1320 Turribii
2974 1266 3185 1320 libellus
3214 1266 3279 1320 ad
3304 1280 3433 1333 apo-

1858 1334 2105 1405 stolicam
2151 1336 2331 1390 sedem
2365 1337 2711 1391 transmissus
2741 1338 3061 1391 contineret.
3100 1338 3204 1393 Sed
3235 1337 3355 1405 quia
3384 1346 3438 1389 ct

1855 1404 2000 1459 aliud
2050 1408 2101 1458 in
2161 1419 2384 1461 extrema
2412 1408 2685 1477 familiaris
2713 1424 2818 1462 sua:
2849 1411 3072 1477 episton
3109 1404 3261 1475 parte
3297 1408 3434 1477 idem

1858 1479 2219 1531 Aslttriccltsis
2250 1476 2532 1545 episcopus
2563 1476 2884 1547 subjecerat,
2911 1480 3053 1547 quod
3082 1488 3165 1533 est
3198 1479 3264 1533 de
3285 1476 3438 1532 Chri-

1855 1548 1921 1601 sti
1954 1562 2150 1601 carne:
2190 1551 2264 1601 An
2288 1565 2400 1603 vere
2428 1551 2723 1616 requieverit
2746 1551 2796 1602 in
2824 1550 3076 1617 sepulcro,
3107 1550 3305 1603 idcirco
3329 1563 3438 1603 nte-

1856 1618 1959 1671 rito
1980 1618 2339 1687 judicavimus
2371 1622 2640 1688 antiquam
2674 1621 2938 1689 vulgatam
2989 1621 3293 1682 lectionem,
3324 1636 3439 1674 sea:-

1865 1690 2025 1761 decim
2056 1692 2327 1756 nimirum,
2358 1706 2475 1746 csse
2503 1691 2936 1761 cxpungendam,
2965 1702 3018 1746 et
3053 1692 3296 1746 codicum
3326 1692 3440 1744 suf-

1862 1760 2051 1829 fragio,
2077 1774 2129 1815 ut
2154 1763 2405 1823 diximus,
2434 1778 2644 1827 novam,
2670 1764 2854 1817 decem
2883 1771 3153 1831 etseptem
3171 1764 3436 1824 videlicet,

1862 1846 1982 1887 esse
2000 1836 2347 1901 sequendam.
2365 1833 2741 1888 Sextodecimo
2765 1834 2922 1903 igitur
2943 1834 3244 1888 Turribiaui
3274 1833 3438 1887 libelli

1859 1902 2021 1971 capiti
2049 1903 2107 1958 S.
2144 1907 2375 1971 pontifex
2410 1920 2717 1970 occurrens,
2751 1905 2990 1972 ejusdem
3026 1906 3284 1974 imprimis
3307 1904 3441 1957 Tur-

1857 1974 1977 2029 ribii
2015 1976 2277 2043 approbat
2308 1977 2719 2044 qtterimoniam,
2756 1992 2872 2030 eam
2902 1976 3107 2031 scilicet
3135 1992 3253 2043 qua:
3292 1976 3434 2028 circa

1858 2044 2071 2099 Dictinii
2104 2047 2369 2113 quondam
2402 2046 2455 2099 in
2504 2047 2832 2101 Asturii-ensi
2863 2047 2992 2102 sede
3025 2049 3107 2101 sui
3142 2046 3441 2115 praedeces-

1857 2117 1993 2170 soris
2021 2119 2216 2186 scripta
2236 2128 2287 2171 et
2312 2127 2566 2173 tractatus
2594 2118 2925 2171 versabatur.
2953 2118 3234 2171 Dictiniunt
3260 2126 3439 2171 autem

1858 2202 1952 2242 eos
1984 2188 2151 2242 libros
2178 2189 2378 2257 scripto
2412 2191 2757 2258 consignassc
2788 2204 2908 2242 cum
2950 2188 3282 2243 Priscilliana
3323 2187 3443 2242 labe

1860 2268 2003 2313 esset
2042 2259 2299 2328 pollutus,
2334 2259 2445 2329 jam
2475 2260 2719 2315 Toletani
2750 2260 2961 2314 concilii
3006 2262 3157 2323 Acta,
3186 2258 3294 2329 jam
3334 2260 3444 2312 Au-

1853 2331 2103 2398 gustinus
2125 2331 2321 2400 aliique
2338 2331 2507 2385 coaevi
2528 2332 2839 2400 scriptores,
2871 2338 2927 2385 ut
2953 2330 3204 2398 vidimus,
3233 2339 3443 2385 etnunc

1860 2401 1974 2469 ipse
2007 2402 2062 2457 S.
2103 2400 2211 2457 Leo
2240 2402 2481 2472 apprime
2511 2403 2689 2457 testati
2734 2410 2874 2455 sunt.
2928 2401 3035 2457 llos
3066 2411 3242 2456 autem
3275 2400 3443 2457 libros

1860 2472 2010 2527 tuttlti
2064 2487 2185 2526 cum
2221 2473 2564 2528 veneratione
2613 2474 2881 2543 legebant,
2927 2475 3015 2543 qui
3071 2472 3442 2544 reparationem

1857 2546 1965 2615 ejus
2006 2545 2166 2614 magis
2216 2544 2459 2598 debebant
2491 2562 2663 2599 amare
2690 2560 2847 2615 quant
2892 2544 3112 2613 lapsum.
3158 2544 3271 2598 Non
3314 2556 3444 2613 ergo

1908 2612 2145 2685 ictinium
2180 2615 2278 2685 (ait
2307 2615 2365 2673 S.
2393 2615 2655 2685 pontifex)
2694 2612 2781 2669 sed
2816 2612 3205 2667 Priscillianum
3232 2615 3440 2685 legunt,

1857 2696 1903 2739 et
1944 2684 2077 2738 illud
2105 2684 2323 2754 prabant
2351 2688 2486 2756 quod
2526 2684 2703 2740 errans
2743 2686 2935 2750 docuit,
2966 2702 3065 2739 non
3101 2684 3237 2753 quod
3273 2700 3446 2737 corre-

1857 2766 1965 2809 ctus
1981 2758 2150 2825 elegit.
2177 2755 2525 2821 Quareexlra
2549 2755 2972 2813 ecclesiasticum
2996 2765 3191 2810 coetum
3207 2768 3298 2809 eos
3321 2768 3444 2808 esse

1860 2827 2097 2880 declarat
2142 2828 2395 2896 qui_ejus
2432 2829 2645 2894 scriptis
2693 2828 2995 2880 utebantur.
3047 2826 3324 2896 Neminem
3372 2825 3447 2880 ibi

1861 2899 2101 2967 profecto
2131 2894 2372 2953 summus
2418 2900 2651 2966 pontifex
2688 2899 2926 2964 excepit,
2959 2897 3053 2951 sed
3092 2906 3146 2949 ut
3186 2895 3448 2967 cujusque

1860 2964 2063 3021 ordinis
2094 2982 2156 3021 ac
2178 2976 2345 3022 status
2378 2964 2625 3023 homines
2653 2967 3156 3037 comprehenderet,
3183 2983 3249 3020 ex
3273 2964 3446 3020 sancti

1859 3039 2088 3107 apostoli
2112 3038 2255 3093 Petri
2280 3038 2547 3094 subselliis
2572 3037 2880 3108 pronuntiat
2900 3057 2912 3093 :
2932 3039 3036 3094 Sed
3060 3055 3203 3091 nemo
3226 3038 3319 3090 hoc
3347 3038 3447 3089 im-

1863 3125 1997 3177 pune
2023 3120 2320 3179 pra’sumat,
2354 3127 2444 3163 nec
2472 3111 2603 3163 inter
2632 3108 2907 3163 catholicos
2942 3119 3201 3163 censeatur
3222 3109 3449 3179 quisquis

170 3184 387 3236 maxime
408 3184 775 3253 providendum
806 3193 859 3235 ut
891 3172 1071 3251 falsati
1103 3182 1479 3253 codices,‘ctc.,
1504 3172 1673 3253 usque
1692 3180 1759 3253 ad
1784 3172 1830 3236 C
1864 3172 2033 3253 "utitur.
2070 3182 2272 3250 scriptis
2308 3172 2417 3235 non
2463 3182 2525 3234 ab
2564 3180 2796 3253 Ecclesia
2835 3182 3000 3253 solum
3034 3172 3323 3253 catholica,
3346 3172 3451 3253 sed

169 3256 279 3317 illa,
310 3250 427 3323 quas
456 3256 505 3309 in
531 3255 779 3310 omnibus
807 3250 965 3309 editis
991 3255 1092 3307 hoc
1116 3261 1275 3322 caput
1297 3250 1574 3323 claudunt,
1598 3250 1757 3304 nimi-

166 3342 285 3379 rum
314 3322 337 3379 :7
360 3327 613 3391 Quoniam
642 3327 730 3397 qui
770 3325 898 3379 alios
931 3323 1192 3397 ab_errore
1220 3340 1319 3397 non
1362 3322 1523 3397 260
1558 3331 1759 3397 revocat

166 3399 391 3469 seipsum
418 3415 593 3452 errare
623 3394 956 3469 demonstrat.
983 3394 1111 3449 Post
1132 3410 1270 3462 quae,
1307 3394 1422 3448 haec
1444 3395 1545 3469 alia
1570 3394 1760 3469 imme-

164 3465 310 3522 diate
367 3469 704 3523 subduntnr:
745 3468 1216 3539 chunturautem
1255 3481 1425 3518 omnes
1474 3465 1760 3539 Scriptura:

164 3540 356 3593 divina:
384 3542 548 3596 sancti
578 3541 786 3593 canonis
818 3536 880 3592 ab
913 3538 1059 3590 initio
1090 3537 1211 3590 anni
1240 3553 1392 3605 usque
1420 3536 1487 3589 ad
1521 3537 1674 3601 linem
1706 3536 1758 3589 in

162 3610 404 3665 Ecclesia
438 3613 602 3665 sancti
638 3610 781 3664 Petri
812 3612 905 3664 hoc
945 3608 1142 3661 ordine.
1176 3606 1424 3676 Tempore
1468 3607 1618 3673 veris,
1666 3605 1761 3660 hoc

164 3693 241 3737 est
268 3693 455 3752 septem
486 3682 657 3736 diebus
685 3693 801 3735 ante
824 3681 1028 3752 initium
1065 3680 1483 3752 Quadragesimfc
1509 3693 1667 3752 usque
1689 3677 1759 3730 ad

162 3748 399 3807 octavam
427 3755 560 3807 diem
590 3762 705 3807 ante
738 3751 962 3815 Pascha,
996 3752 1231 3820 leguntur
1257 3748 1371 3804 libri
1415 3748 1610 3819 Moysi:
1642 3764 1759 3801 cum

158 3826 295 3880 Iesu
322 3824 464 3879 Nare
478 3835 522 3877 et
540 3824 803 3888 Iudicum,
834 3832 937 3877 etc.
969 3821 1084 3876 Duo
1111 3822 1288 3891 itaque
1310 3821 1587 3874 dumtaxat
1611 3820 1758 3874 brevi

160 3899 280 3951 otio
314 3896 401 3951 hic
432 3897 860 3951 animadvertere
884 3904 938 3949 et
964 3902 1223 3948 annotare
1258 3894 1395 3945 haud
1432 3892 1757 3959 prietermit-

159 3968 589 4042 tam._Alterum,
615 3968 857 4042 ordinem
890 3967 943 4020 in
968 3964 1067 4042 hoc
1098 3962 1397 4042 fragmento
1426 3962 1759 4042 descriptum

157 4056 266 4108 pro
300 4040 541 4107 legendis
567 4032 817 4093 omnibus
848 4032 1559 4108 sacri;canonisScripturis
1592 4033 1647 4108 in
1680 4042 1761 4086 to-

156 4102 272 4165 iius
300 4102 428 4182 atini
460 4111 725 4164 curriculo
756 4106 1124 4182 nongdilferre
1147 4104 1337 4182 abﬁilla
1378 4102 1760 4182 distributione

151 4193 211 4238 et
249 4180 594 4236 ordinatione
624 4196 743 4251 qua:
768 4180 931 4253 modo
955 4180 1112 4253 etiam
1146 4175 1201 4253 in_
1222 4172 1763 4253 Romano-Breviario

150 4254 521 4321 conSpicitur.
556 4246 665 4307 lloc
684 4252 873 4322 probat
896 4250 1036 4304 enim
1064 4247 1203 4322 sacri
1221 4246 1387 4322 hujus
1417 4246 1554 4322 ritus
1580 4252 1765 4297 aucto-

148 4315 386 4380 ritatem
408 4315 837 4396 vetuStatemque
861 4338 889 4375 a
905 4319 1107 4396 nostris
1130 4317 1421 4387 majoribus
1444 4315 1762 4396 derivatam,

147 4396 251 4465 qui
282 4396 572 4449 consilium
605 4394 839 4450 habuere
872 4389 1098 4466 singulis
1128 4397 1358 4466 quatuor
1391 4389 1517 4466 anni
1548 4394 1762 4466 tempo-

144 4456 345 4531 ribus,
392 4475 448 4522 et
488 4468 681 4520 divinis
723 4456 994 4537 mysteriis
1044 4461 1097 4537 in
1144 4456 1380 4537 Ecclesia
1427 4456 1763 4537 celebrandis

144 4529 431 4608 aptiores,
465 4539 716 4607 etmagis
749 4529 1014 4609 consonus
1058 4531 1456 4609 Scripturarum
1505 4529 1765 4609 lectiones

142 4603 499 4665 distribuere
527 4606 581 4663 et
610 4603 1037 4671 accommodare,
1085 4612 1141 4657 ut
1179 4603 1346 4670 magis
1387 4603 1765 4669 mysteriorum

143 4681 424 4749 dignitati
456 4689 509 4735 et
540 4680 860 4751 populorum
893 4674 1217 4751 institutioni
1244 4672 1767 4751 consulerentatque

144 4741 567 4822 proeliicercnt.
601 4741 843 4806 Alterum
877 4758 977 4823 est.
1010 4747 1063 4801 in
1096 4745 1311 4823 laudato
1342 4741 1767 4823 fragmentode-

141 4812 409 4893 scriptos
442 4824 664 4893 reperiri
697 4834 884 4876 omnes
911 4819 1074 4874 libros
1108 4817 1159 4870 in
1193 4830 1399 4894 canone
1430 4812 1767 4894 Tridentino,

138 4887 308 4950 sess'.
343 4896 398 4957 4.
433 4887 753 4963 descriptos,
787 4895 829 4946 si
864 4906 1024 4945 unutn
1054 4897 1239 4963 tamen
1269 4887 1605 4963 alterumque
1626 4887 1772 4963 exci-

138 4955 408 5037 piamus.
440 4967 568 5034 Quae
595 4955 700 5019 duo
729 4955 857 5037 sane
888 4976 1161 5016 sacrarum
1184 4957 1541 5037 Liturgiarum
1565 4955 1771 5037 studio-

135 5026 230 5093 sis
263 5026 543 5107 νὶτίε,ἷιιιὶ
576 5036 766 5091 merito
802 5033 948 5109 hisce
988 5031 1318 5109 temporibus
1350 5030 1403 5082 in
1457 5028 1558 5081 hoc
1590 5026 1771 5109 labore

136 5124 370 5178 magna
404 5102 524 5162 cuin
558 5122 727 5162 sacra:
750 5108 983 5179 antiquas
1007 5105 1084 5179 rei
1116 5102 1342 5156 utilitate
1370 5112 1584 5179 operam
1618 5102 1769 5151 insu-

136 5170 357 5243 ιιιιιῖιῑ,
390 5180 722 5233 eruditarum
756 5170 1192 5250 dissertatiouum
1239 5170 1631 5250 supellectilem
1674 5184 1773 5222 ex-

132 5242 462 5304 hibebunt.
486 5250 595 5304 Nos
626 5250 890 5318 integrum
918 5245 1045 5300 illud
1079 5246 1163 5318 hic
1190 5258 1296 5297 non
1334 5242 1669 5318 subjicim-us,
1703 5253 1772 5295 ne

130 5321 390 5389 longius
417 5337 575 5392 quain
601 5336 695 5390 par
714 5312 795 5375 est
826 5334 854 5371 a
887 5317 1161 5392 proposito
1198 5328 1362 5392 scapo
1388 5312 1769 5392 abscedamus.

129 5382 305 5447 ιιιιιῖι
347 5382 530 5447 tamen
556 5382 911 5458 proutcxstat
946 5382 1001 5442 in
1032 5402 1135 5441 ms.
1160 5384 1283 5439 cod.
1314 5383 1514 5458 publici
1543 5383 1676 5458 juris
1700 5382 1775 5458 fa-

129 5466 387 5519 ciemus
430 5465 483 5518 in
520 5453 688 5519 altero
726 5470 873 5517 tomo
922 5464 1160 5515 omnium
1200 5458 1435 5523 Operum
1483 5453 1539 5507 S.
1576 5453 1774 5507 Leonis

130 5535 476 5605 pontificis,
502 5534 860 5605 brevibusque
883 5532 1023 5607 notis
1045 5528 1447 5607 adornabimus.
1485 5524 1565 5578 Ad
1594 5533 1777 5579 nostra

122 5598 361 5679 itaque
407 5598 881 5669 revertentes-ita
921 5602 1322 5659 ratiocinantur.
1362 5598 1417 5655 Si
1444 5610 1591 5666 ergo,
1616 5609 1778 5651 cano-

1863 3252 2013 3303 etiam
2035 3268 2066 3304 a
2094 3269 2186 3305 suo
2203 3263 2410 3306 auctore
2430 3252 2707 3305 damnatis.
2737 3252 2864 3306 Post
2892 3251 3005 3306 haec
3027 3250 3084 3307 S.
3106 3251 3215 3305 Leo
3237 3249 3454 3304 Priscil-

1863 3321 2199 3393 lianistarum
2256 3333 2306 3378 ct
2364 3324 2776 3377 Manichmorum
2818 3332 2964 3378 artes
2994 3329 3300 3393 exaggerat,
3337 3318 3454 3393 qui-

1865 3392 1963 3447 bus
1994 3394 2059 3447 ad
2091 3394 2444 3463 imperialium
2475 3395 2650 3464 legum
2676 3394 3013 3449 severitatem
3044 3392 3453 3463 prtecavendam

1863 3465 2092 3519 stilerter
2118 3465 2423 3519 utebantur.
2459 3466 2693 3531 Quarqu
2724 3480 2851 3520 vero
2880 3475 3147 3521 sectarum
3180 3464 3450 3531 homines,

1863 3550 1983 3590 cum
2014 3537 2079 3590 ad
2109 3536 2265 3607 261
2292 3537 2516 3591 invicem
2549 3536 2713 3591 corda
2764 3536 3042 3603 haberent,
3077 3534 3264 3589 eadem
3298 3534 3456 3589 sacri-

1867 3608 2005 3677 legia
2044 3613 2455 3675 profitebantur,
2489 3608 2732 3678 quamvis
2778 3607 3008 3663 diversis
3053 3607 3454 3678 appellarentur

1866 3676 2195 3733 numinibus.
2220 3678 2416 3745 Quare,
2448 3676 2540 3733 etsi
2568 3687 2708 3733 vetus
2733 3676 3139 3744 Testamentum,
3170 3678 3311 3747 quod
3339 3676 3458 3730 Prl~

1864 3750 2189 3805 scillianistze
2225 3751 2499 3818 suscipere
2536 3750 2883 3813 simulabant,
2910 3750 3323 3804 Maniclueorum
3366 3762 3455 3801 so-

1865 3820 2013 3876 boles
2042 3821 2322 3887 refutaret,
2358 3822 2423 3875 ad
2465 3837 2625 3875 unum
2656 3831 2835 3874 tamen
2874 3821 3037 3875 finem
3065 3823 3163 3890 (ait
3190 3821 3246 3873 S.
3281 3817 3458 3890 ponti-

1865 3891 1976 3961 fex)
2006 3902 2353 3961 utrorumque
2377 3894 2547 3946 tendit
2577 3892 2826 3958 intentio,
2858 3908 2995 3956 cum,
3027 3887 3163 3959 quod
3194 3890 3280 3942 isti
3311 3887 3459 3940 abdi-

1865 3966 2026 4033 cando
2040 3965 2362 4033 impugnant,
2385 3962 2791 4015 Priscillianistw
2802 3963 3090 4033 recipiendo
3104 3965 3455 4033 corrumpunt.

1866 4027 2128 4087 Caeterum
2162 4027 2214 4085 in
2247 4033 2672 4086 cxsecrahilibus
2706 4027 2999 4101 mysteriis,
3032 4032 3086 4083 in
3112 4027 3460 4101 obscenitati-

1870 4104 1966 4156 bus
2010 4105 2260 4172 omnique
2304 4097 2931 4172 turpitudinumgenere
2980 4114 3101 4154 cum
3148 4097 3457 4172 Manicbaais

1870 4167 2305 4228 Priscillianistas
2333 4167 2674 4239 convenisse,
2703 4167 2813 4239 jam
2843 4186 2911 4225 ex
2949 4179 3057 4224 tota
3090 4169 3247 4237 hujus
3292 4167 3461 4239 bisti)-

1872 4246 1963 4298 ria)
1995 4245 2136 4298 serie
2179 4243 2413 4296 arbitror
2446 4236 2875 4311 c0tnprobatum.
2909 4240 3062 4309 Quod
3106 4236 3339 4311 maxime
3374 4236 3461 4311 hic

1871 4314 1981 4369 Leo
2006 4313 2259 4369 Turribio
2283 4308 2667 4376 inculcans,ad
2686 4327 2804 4367 eam
2828 4308 3268 4367 sollicitissimaut
3294 4308 3462 4378 inqui-

1872 4385 2119 4439 sitionem
2147 4385 2331 4438 Roma:
2353 4392 2543 4439 contra
2567 4384 2891 4438 Manicbeeos
2917 4382 3152 4436 habitam
3179 4387 3460 4450 provocat,

1872 4457 2022 4526 cujus
2066 4455 2254 4523 judicii
2310 4465 2361 4509 et
2412 4455 2670 4509 Actorum
2716 4454 3045 4526 exemplaria
3097 4452 3163 4507 ad
3214 4450 3463 4508 eumdem

1794 4564 1847 4625 D
1873 4527 2275 4625 ASIouri'censem
2307 4527 2591 4596 prazsulem
2624 4525 2821 4579 direxit
2846 4525 2943 4625 (α).

2117 4598 2302 4625 Ιεηὶιιηι
2347 4607 2511 4625 -Ax‘lnl
2554 4606 2704 4625 Ann-II
2778 4613 2879 4625 nlln

1945 4599 2001 4654 8.
2046 4592 2325 4652 Ultimum'
2347 4607 2517 4652 restat
2554 4606 2743 4667 eaput,
2776 4592 2918 4666 quod
2949 4598 3005 4651 in
3036 4605 3277 4651 extrema
3298 4592 3462 4667 fami:

1873 4670 2018 4724 liaris
2063 4686 2174 4723 suae
2206 4668 2449 4739 epistolae
2481 4664 2664 4737 parte,
2721 4664 2931 4737 utjam
2980 4664 3465 4739 dixintusLLeoni

1873 4736 2543 4796 deﬁniendum'Turribius
2570 4736 2954 4809 proposuerat:
2983 4740 3062 4793 An
3091 4754 3211 4791 caro
3238 4736 3461 4801 Christi,

1874 4812 2156 4881 videlicet,
2201 4829 2315 4866 vere
2344 4812 2645 4881 requieverit
2674 4813 2727 4864 in
2754 4813 3009 4882 sepulcro.
3059 4810 3465 4882 Hocceuquippe

1876 4894 2075 4938 nostra:
2110 4879 2388 4953 religionis
2413 4879 2734 4954 mysterium
2777 4879 3461 4954 plerisquecatholicorum

1875 4956 2037 5027 etiam
2068 4956 2121 5009 in
2152 4945 2373 5027 du'bium
2405 4945 2660 5027 venerat,
2710 4945 2887 5027 ex'eo
2932 4945 3071 5027 quod
3112 4945 3467 5027 Christusnad

1880 5026 2084 5099 inferna
2135 5026 2510 5099 descenderat.
2539 5017 2679 5099 Qua
2731 5025 2872 5079 enim
2924 5017 3133 5099 ratione
3179 5019 3287 5073 duo
3318 5017 3462 5099 .illa,

1882 5098 2151 5151 descensus
2192 5097 2441 5152 videlicet
2488 5097 2553 5150 ad
2590 5090 2796 5165 inferos
2838 5102 2892 5167 et
2932 5090 3133 5145 Christi
3184 5090 3361 5143 carnis
3390 5090 3466 5167 _in

1881 5169 2128 5237 sepulcro
2157 5170 2374 5237 requies,
2417 5183 2537 5223 cum
2570 5164 2698 5220 vera
2729 5164 3188 5237 conjungerentur
3221 5164 3467 5228 pr0prie-

1885 5231 2014 5307 taie,
2048 5231 2427 5307 Hispaniarum
2460 5237 2644 5308 populi
2680 5231 2987 5308 intelligere
3012 5231 3161 5308 haud
3192 5239 3463 5299 poterant.

1884 5303 2445 5381 Duo'haac'apostolici
2464 5303 2709 5381 'Sy'mboli
2739 5306 2989 5381 dogmata
3010 5303 3152 5381 inter
3177 5316 3236 5356 se
3266 5315 3467 5381 nequa-

1888 5396 2044 5451 quam
2079 5375 2377 5451 repu'gnare
2407 5382 2465 5436 S.
2496 5375 2739 5451 pontifex
2765 5376 2928 5429 variis
2958 5375 3354 5451 _Scripturarum
3389 5377 3467 5422 te-

1887 5446 2155 5507 stimoniis
2183 5446 2536 5507 demonstrat.
2590 5448 2695 5504 Sed
2738 5446 3064 5500 contrarium
3108 5454 3368 5498 assertum
3401 5454 3469 5493 ex

1888 5522 2205 5577 Priscilliani
2246 5532 2299 5578 et
2329 5520 2606 5593 blatticltmi
2633 5516 2973 5593 dogmatibus
3002 5514 3279 5593 derivasse
3298 5556 3332 5593 ,.
3361 5526 3470 5593 non

1888 5594 2105 5651 dubium
2135 5603 2246 5661 est,
2279 5596 2374 5664 ,qui
2406 5592 2653 5663 sacrilego
2685 5584 2802 5661 (ait)
2831 5605 2981 5642 sensu
3020 5591 3093 5640 ita
3134 5602 3185 5641 se
3212 5584 3469 5637 Christum

214 5750 322 5817 (α)
361 5746 597 5802 Consule
627 5760 677 5800 c.
706 5742 772 5799 10
801 5744 921 5800 libri
954 5760 988 5798 ιι
1029 5742 1279 5798 Historiae
1317 5734 1767 5802 Manicbazorum,
1796 5734 1852 5789 iu
1883 5751 1988 5809 quo
2029 5734 2097 5791 de
2138 5733 2379 5789 Romana
2421 5730 2619 5786 Leonis
2666 5732 2717 5785 in
2762 5730 2893 5783 istos
2926 5726 3209 5780 haereticos
3254 5719 3467 5795 iuquisi~

119 5820 319 5879 tione
356 5817 526 5874 verba
558 5818 797 5874 fecimus.
