3968 6310
233 229 350 312 tots

741 229 829 288 DE
865 225 1588 298 PRISCILLIANISTABUH
1628 223 1784 282 ΗΕΒ

1890 223 1903 280 l
1941 223 2028 282 ΕΤ
2066 226 2385 286 Ηιετυκιλ
2423 227 2630 288 LIBER
2667 227 2872 294 UNDE.

3296 235 3440 298 to“

237 360 420 420 causam
447 355 820 420 convenerant.
836 418 847 420 ῃ
865 347 1192 420 Subscripsit
1229 353 1481 420 prseterea
1510 343 1763 420 Ottigitts,
1793 345 1840 404 Δ
1869 343 2130 420 Quinctio;
2149 353 2324 400 contra
2345 360 2514 404 asina
2534 347 2837 420 hcet-ossi,“
2856 363 3010 420 qm
3028 351 3249 408 maxime
3261 366 3444 410 ωπινα

235 417 440 473 Gallicia:
469 418 768 488 episcopus,
819 418 883 474 de
913 415 1103 485 quibus
1141 415 1256 488 jam
1306 419 1364 488 in
1403 415 1764 488 superioribus

239 489 342 540 satis
367 503 628 557 superque
652 485 1018 544 disseruimus.
1047 485 1159 543 Sed
1183 503 1275 544 eos
1303 487 1478 541 adhuc
1500 500 1641 557 anno
1663 485 1764 538 447

237 558 444 624 potuisse
472 555 589 612 esse
625 559 958 627 superstites,
999 561 1078 612 vel
1118 560 1316 626 Ortigio
1348 558 1572 611 liberum
1605 555 1770 610 fuisse

238 644 336 679 cum
365 627 726 697 Hispaniarum
757 631 1018 698 episcopis
1059 629 1124 683 ad
1157 630 1296 684 hunc
1321 627 1500 698 venire
1532 641 1768 681 conven-

237 705 574 766 tuiu,prorsus
603 697 948 754 inverisimile
968 709 1070 756 est.
1089 698 1230 754 Luce
1252 698 1447 753 clarius
1472 697 1648 766 itaque
1676 711 1769 766 ap-

235 779 357 836 paret
387 768 636 822 l'larduini
685 771 1078 826 anuotationem
1126 785 1245 824 esse
1298 769 1640 835 probandam,
1681 766 1770 834 qui

164 842 167 843 ⁷
235 839 424 912 scripsit
449 841 500 891 in
531 839 746 912 editione
771 842 921 912 hujus
943 839 1151 912 Acon_cilii
1171 858 1203 893 a
1224 838 1443 912 Loaysia
1469 846 1646 890 curata
1665 837 1773 891 hac

234 908 358 960 verba
378 910 473 980 legi
497 924 514 962 :
537 907 762 980 Explicit
789 907 990 980 concilii
1023 909 1296 980 Toletani,
1317 907 1435 980 quin
1463 919 1774 980 argumento

232 988 336 1030 sunt
363 977 769 1049 subsequentem
810 979 930 1035 fidei
976 980 1206 1050 regulam
1239 979 1302 1050 ad
1351 978 1476 1050 illud
1508 977 1773 1050 haudqua-

236 1063 372 1117 quam
404 1047 688 1116 pertiiiere,
725 1051 816 1103 sed
849 1051 911 1104 ad
949 1047 1228 1104 concilium
1255 1048 1402 1120 jussu
1449 1047 1642 1104 Leonis
1686 1063 1777 1103 co-

231 1129 386 1172 aetum
417 1133 534 1173 esse
559 1120 909 1175 referendam.
1413 1140 1416 1146 '

229 1195 234 1205 ‘
289 1187 334 1241 2.
364 1190 476 1243 Non
507 1189 662 1260 aliter
701 1191 936 1259 profecto
962 1205 1021 1244 ea
1052 1187 1117 1244 de
1149 1205 1207 1245 re
1231 1206 1258 1243 a
1285 1189 1447 1260 Pagio
1474 1199 1556 1243 cst
1574 1186 1777 1258 judica-

231 1265 348 1324 tum,
381 1260 469 1329 qui
497 1259 684 1314 sedulo
710 1269 864 1329 atque
892 1264 1150 1314 maturius
1177 1275 1355 1315 secum
1373 1259 1636 1329 reputans
1658 1273 1776 1327 quae

227 1329 285 1382 ad
306 1329 686 1385 ecclesiasticas
714 1330 1016 1385 sanctiones
1037 1339 1090 1384 et
1117 1331 1180 1384 ad
1206 1340 1664 1385 monumentorum
1683 1344 1770 1382 or-

226 1400 404 1471 dinem
429 1402 697 1469 pertinere
739 1400 1001 1460 vidcntur.
1043 1411 1097 1454 ttt
1139 1410 1404 1471 gestarum
1451 1415 1625 1471 rerum
1657 1414 1777 1469 per-

231 1470 572 1523 turbationem
607 1481 952 1536 prmcaveret,
1004 1472 1122 1525 ﬁdei
1151 1470 1544 1539 professionem
1583 1470 1649 1524 de
1675 1482 1778 1538 qua

237 1539 430 1610 agimus
447 1539 638 1593 Leonis
653 1555 765 1594 :evo
786 1540 1135 1610 conscriptam
1155 1541 1316 1597 fuisse
1333 1551 1652 1596 asseveravit
1673 1540 1772 1610 (α).

239 1608 390 1675 Cujus
429 1613 623 1680 quippe
664 1611 866 1666 veritati
915 1608 1129 1665 minime
1167 1611 1380 1666 ofﬁcere
1427 1621 1597 1679 potest
1633 1608 1776 1663 tanta

231 1679 312 1749 illa
343 1679 470 1734 mss.
499 1690 551 1734 et
590 1682 851 1734 editorum
896 1682 1274 1748 exemplarium
1322 1681 1616 1744 diversitas,
1661 1694 1778 1749 qua:

231 1747 372 1801 nobis
419 1751 471 1801 in
517 1751 580 1802 iis
616 1747 1066 1806 anatbetnatismis
1105 1751 1474 1815 CODSIliCiCndﬂ
1523 1747 1771 1813 occurrit,

231 1820 345 1872 dum
368 1817 612 1875 videlicet
635 1821 791 1890 aliqui
813 1835 876 1874 ex
906 1820 1176 1874 codicibus
1198 1820 1476 1874 duodecim
1498 1820 1776 1890 dumtaxat

231 1890 687 1959 anathematismos
715 1889 1039 1959 contineant,
1075 1891 1211 1944 edita
1234 1891 1557 1959 exemplaria
1589 1889 1773 1944 decem

232 1968 285 2031 et
304 1968 439 2031 octo,
464 1957 516 2031 in
534 1960 808 2026 Augustini
827 1957 1084 2028 Operibtts
1112 1960 1300 2013 borttm
1332 1957 1584 2016 numerus
1609 1977 1775 2031 usque

226 2027 286 2079 ad
292 2027 497 2099 _viginti
523 2041 613 2082 sex
641 2027 912 2099 augeatur.

292 2094 507 2150 Tantam
552 2094 734 2166 porro'
753 2100 1110 2153 diversitatem
1165 2113 1281 2154 curn
1329 2101 1777 2156 animadverteret

223 2165 564 2233 Quesnellus,
585 2168 720 2242 _sui_s_
771 2169 958 2223 studiis
987 2169 1147 2242 265
1174 2179 1226 2224 et
1257 2171 1492 2240 partibus
1525 2171 1776 2240 prodesse

221 2249 386 2316 posse
416 2236 622 2291 censuit
652 2238 754 2308 (ὁ).
808 2242 893 2316 lit_
920 2236 1197 2310 pro—pierea
1243 2236 1358 2295 etim
1411 2236 1568 2316 modo
1613 2242 1775 2316 Leoni

220 2306 498 2378 adjudicat,
548 2306 706 2378 quain
752 2325 816 2363 ex
858 2306 1100 2364 Romano
1127 2327 1386 2365 canonum
1417 2314 1597 2368 codice
1627 2312 1776 2366 avul-

222 2376 352 2456 sisse
366 2376 688 2446 suspicatur,
702 2379 860 2433 modo
873 2383 1290 2456 eamltugustino
1304 2383 1586 2456 asserenda
1595 2397 1778 2456 messe

218 2450 476 2520 conjicere
504 2459 749 2514 conatur,
797 2453 947 2519 quasi
992 2453 1131 2520 quod
1175 2451 1456 2520 aliquando
1483 2454 1562 2507 vel
1593 2453 1655 2504 ad
1690 2453 1781 2506 lli—

220 2517 518 2580 spauiarum
566 2517 846 2591 episcoiios
890 2517 1277 2591 misérit,vel'
1309 2522 1452 2575 illam
1498 2537 1560 2577 ex
1607 2525 1776 2576 Africa

218 2597 529 2653 asportatam
557 2605 587 2641 a
614 2589 803 2650 Lectie.
834 2606 951 2644 cum
985 2593 1072 2646 ille
1101 2589 1272 2645 adhuc
1301 2592 1566 2645 acoluthus
1589 2591 1780 2647 Zosimi

219 2654 468 2735 decretum
497 2660 738 2735 adversus
765 2659 1068 2731 Pelagianos
1100 2661 1294 2735 detulit,
1327 2673 1429 2717 etc.
1458 2664 1694 2735 ﬂectene
1717 2678 1780 2718 ac

219 2730 484 2798 sapienter
515 2730 614 2784 hoc
643 2731 760 2784 loco
790 2739 842 2786 et
879 2730 1218 2798 Sequentibus
1244 2733 1586 2798 Quesncllum
1617 2736 1778 2786 ratio-

216 2797 384 2872 cinari
412 2799 817 2856 arbitrabimur?
849 2797 1116 2856 Frivolum
1144 2814 1423 2872 utrumque
1445 2813 1496 2857 et
1527 2805 1640 2858 sine
1663 2803 1779 2857 futt-

219 2867 469 2940 gamento
504 2885 621 2925 esse
662 2872 772 2940 jam
819 2872 946 2926 olim
996 2873 1294 2927 Harduinus
1340 2867 1640 2927 annotavit.
1675 2872 1778 2926 Sed

220 2935 578 2995 Parisiensem
611 2935 748 2996 hunc
765 2942 957 2997 Leonis
974 2941 1206 3010 Operuin
1235 2943 1492 2997 editorem
1519 2958 1613 3010 pro
1631 2957 1781 2998 more

218 3011 548 3093 comminisci
571 3013 1094 3095 etnugartvoluisse,
1115 3014 1148 3066 ii
1166 3015 1443 3095 perspicue
1463 3013 1778 3095 intelligent,

1867 495 2007 550 runt,
2055 496 2103 539 et
2142 502 2255 539 cum
2302 495 2554 551 prec-cpta

1874 414 2251 479 Priscillianos,
2295 429 2446 484 quam
2474 417 2693 488 episcopi
2720 414 3121 477 Tarraconenses
3155 463 3169 478 .
3189 463 3203 476 .
3225 461 3239 478 .
3257 463 3274 480 .
3307 428 3444 491 {ece-

2069 496 2103 566 ςι
2142 502 2270 566 ειη.
2302 495 2554 566 precept}!
2590 504 2744 566 papa
2788 491 2926 547 urbis
2955 491 3131 566 Roma
3156 491 3343 550 laenis
3369 498 3439 550 ad

1869 556 2166 627 Balconituu
2191 557 2479 627 episcopum
2501 553 2736 612 Gallicis:
2761 565 3161 621 transmiserunt.

1882 672 1890 678 .
1939 629 1992 682 5.
2025 625 2132 682 Nec
2174 625 2367 681 errore
2399 637 2490 682 aut
2535 629 2811 683 oscitantia
2853 646 3233 691 amanuensem
3279 637 3441 691 liceat

1870 707 2056 754 notare
2095 712 2240 761 nam,
2287 695 2630 752 Braearensis
2671 700 2876 755 concilii
2909 696 3012 758 PP.
3057 720 3195 760 anno
3235 704 3439 762 Christi

1873 769 1976 825 563
2003 769 2208 823 sincere
2234 767 2285 821 id
2314 767 2438 821 fassi
2463 777 2607 834 sunt,
2654 770 2866 836 quando
2894 772 3134 829 videlicet
3158 775 3438 832 Lucretius

1873 840 2151 907 episcOpus
2175 839 2314 894 illius
2333 839 2792 908 sacriconventus
2816 855 3032 908 praises,
3056 855 3276 900 caeteros
3305 848 3441 901 allo-

1873 924 2043 985 quens
2085 910 2385 978 episcOpos,
2433 907 2499 961 ad
2527 908 2839 985 Toletanam
2888 925 3136 985 provocat
3173 917 3436 985 synodum

1875 979 2070 1052 Leonis
2097 995 2212 1034 ωηο
2241 990 2311 1052 et_
2340 990 2605 1052 praecepto
2652 978 2908 1052 habitam,
2960 982 3011 1036 in
3050 995 3152 1052 qua
3203 978 3436 1046 regulam

1877 1051 2230 1121 fideicontra
2283 1048 2969 1121 Priscilliananrbairesim
3018 1048 3138 1106 cum
3180 1054 3440 1121 aliquibus

1876 1120 2138 1189 capitibus
2173 1119 2592 1181 conscribeutes.
2638 1119 2704 1174 ad
2741 1121 3043 1177 Balconium
3094 1134 3218 1176 tunc
3249 1119 3442 1177 Braca-

1877 1191 2052 1245 rensis
2082 1189 2341 1245 Ecclesia:
2388 1190 2670 1260 praesulem
2715 1189 3027 1246 direxerunt
3065 1193 3156 1260 (ο).
3205 1193 3364 1260 Igitur
3396 1194 3439 1247 si

1875 1260 2322 1327 Tarraconenses,
2373 1258 2838 1326 Cartltaginenses,
2889 1258 3122 1316 Lusitani
3169 1258 3443 1316 et'Ba‘tici

1877 1332 2300 1401 episcOpiauno
2329 1327 2525 1384 Chrisd
2553 1329 2656 1401 447
2701 1331 2828 1401 ﬁdei
2871 1333 3256 1401 professionem
3300 1333 3443 1387 illam

1877 1399 1996 1456 cum
2028 1400 2280 1471 subjectis
2327 1399 2818 1471 anathematisnﬁs,
2870 1399 2963 1458 scit
3003 1404 3271 1471 capitulis.
3317 1417 3444 1456 con-

1879 1471 2225 1543 scripserunt,
2264 1470 2372 1539 jam
2405 1469 2492 1524 illa
2521 1469 2812 1543 Augustini
2841 1474 3018 1528 studio
3049 1469 3098 1526 in
3127 1475 3296 1528 lui-em
3323 1487 3446 1543 pro-

1878 1541 1994 1596 dire
2044 1557 2146 1595 non
2184 1543 2376 1610 potuit,
2404 1555 2523 1596 cum
2546 1542 2653 1610 jam
2688 1542 2746 1599 S.
2774 1543 3054 1612 episcopus
3083 1543 3221 1611 apud
3251 1541 3445 1612 Hippo-

1880 1627 1999 1666 nam
2045 1613 2222 1667 sedem
2272 1627 2421 1665 suam
2469 1623 2760 1668 extremam
2809 1615 2949 1668 diem
2997 1614 3272 1669 clausisset
3306 1629 3448 1667 anno

1880 1682 2001 1737 450.
2057 1684 2113 1737 Si
2143 1683 2370 1752 denique
2398 1698 2461 1737 ex
2492 1684 2770 1747 Augustini
2801 1684 3083 1753 Operibus,
3135 1683 3216 1738 vel
3246 1700 3311 1737 ex
3342 1684 3449 1737 Ro-

1883 1767 2156 1808 manorum
2200 1769 2460 1808 canonum
2508 1753 2820 1810 collectione
2867 1755 2966 1810 PP.
2997 1754 3072 1808 illi
3115 1755 3336 1807 mutuati
3364 1770 3449 1808 es-

1878 1832 2016 1886 Scnt,
2070 1839 2400 1893 nequaquam
2433 1823 2710 1878 Lucretius
2753 1824 3284 1892 dixisset:Regulant
3329 1825 3449 1892 ﬁdei

1877 1903 2055 1947 contra
2089 1893 2467 1964 Priscillianum
2511 1894 2740 1948 haeresim
2767 1912 2882 1948 cum
2922 1895 3173 1964 aliquibus
3203 1896 3448 1964 capitibus

1877 1966 2262 2024 conscribentes.
2293 1962 2384 2018 sed
2419 1966 2593 2033 potius
2622 1965 2723 2018 alia
2752 1981 2878 2019 usus
2909 1962 3155 2020 familiari
3196 1962 3447 2033 loquendi

1876 2033 2099 2106 formula
2128 2034 2346 2106 dixisset
2377 2053 2388 2086 :
2421 2032 2513 2086 Vel
2543 2036 2750 2106 recitata
2777 2037 2872 2106 [uit
2894 2035 3011 2104 ﬁdei
3043 2032 3327 2106 professio;
3357 2046 3446 2088 aut

1877 2120 1940 2177 ea:
1973 2103 2144 2158 codice
2173 2104 2293 2177 ﬁdei
2337 2105 2716 2177 professionem,
2772 2103 2900 2177 cum
2934 2103 3168 2177 subjectis
3213 2106 3449 2177 capitulis

1878 2175 2125 2244 legerunt,
2155 2176 2228 2229 vel
2258 2175 2536 2231 exscribere
2567 2175 2808 2246 fecerant.
2863 2175 3092 2230 Levibus
3118 2183 3292 2229 autetu
3317 2175 3450 2228 divi-

1882 2246 2186 2300 nzitiouibus
2217 2261 2312 2298 nos
2355 2247 2572 2300 minime
2599 2247 2844 2300 insistere
2876 2246 3182 2313 plenissime
3230 2257 3445 2311 norunt,

1932 2314 2038 2386 65
2059 2317 2150 2383 qui
2173 2315 2519 2370 conciliorum
2537 2319 2670 2386 Acta
2692 2315 3018 2386 ethistorias
3044 2323 3444 2386 percurrerunt.

1921 2385 1983 2439 ed
2015 2387 2064 2440 id
2087 2387 2197 2455 jam
2220 2397 2272 2440 et
2297 2385 2616 2450 Quesnellus
2647 2385 2902 2453 novisset,
2931 2385 3058 2450 nisi,
3085 2386 3305 2440 nimium
3328 2400 3451 2438 suo-

1879 2471 1996 2510 rum
2043 2457 2337 2510 studiorum
2385 2457 2625 2526 partibus
2659 2457 2936 2521 adductus,
2988 2456 3225 2526 ejusdem
3260 2458 3453 2509 Braca-

1881 2527 2053 2580 rensis
2078 2527 2283 2581 concilii
2312 2535 2477 2592 gesta,
2512 2525 2576 2580 ad
2621 2542 2736 2596 qua:
2767 2525 3040 2596 provocat,
3087 2527 3333 2581 evolvere
3361 2535 3452 2580 aut

1880 2597 2177 2667 intelligere
2223 2599 2556 2668 neglexisset.
2611 2595 2799 2668 Annon
2841 2597 2980 2668 idem
3017 2595 3298 2668 Lucretius
3340 2597 3454 2668 epi-

1878 2665 2090 2737 scopus,
2136 2681 2255 2737 p05t
2301 2665 2386 2721 illa
2417 2667 2579 2722 verba
2608 2665 2818 2722 anubis
2864 2667 3107 2737 laudata,
3148 2675 3199 2720 et
3240 2665 3310 2737 ab
3339 2665 3454 2737 ipso

1878 2733 2164 2806 Quesnello
2209 2739 2492 2806 exscripta,
2545 2737 2849 2806 immediate
2904 2738 3016 2790 hiEC
3064 2736 3165 2789 alia
3195 2733 3454 2806 subjecit?

1885 2805 2034 2861 Unde
2058 2811 2178 2877 quia
2205 2817 2250 2860 et
2276 2805 2440 2877 ipsum
2462 2807 2774 2877 prmerith
2790 2805 2912 2877 ﬁdei
2939 2807 3193 2877 exemplar
3214 2820 3325 2857 cum
3349 2805 3454 2877 suis

1881 2874 2119 2949 capitulis
2158 2893 2266 2949 pra:
2298 2874 2541 2949 inanibus
2583 2874 2682 2949 hic
2719 2874 2961 2949 habemus
2983 2874 3088 2947 pro
3120 2874 3457 2949 instrttct_ionc

1879 2941 2249 3018 ignorantium,
2276 2947 2320 3000 si
2343 2957 2514 3000 vestra:
2539 2947 2700 3018 placet
2722 2941 3010 3018 reverentia;
3031 2941 3457 3018 recitetur._Tunc

1881 3013 2048 3069 autem
2096 3033 2264 3070 omnes
2290 3019 2510 3086 episcOpi
2541 3017 2779 3070 dixerunt
2814 3032 2831 3068 :
2867 3014 3030 3070 Valde
3057 3014 3339 3086 necessaria
3365 3013 3459 3067 ho-

261 3080 308 3131 tii
339 3095 456 3134 cum
488 3082 540 3135 in
567 3083 688 3138 ﬁdei
717 3075 1124 3156 professionem,
1154 3075 1263 3136 tum
1289 3075 1342 3137 in
1366 3084 1485 3138 illos
1516 3075 1781 3156 subjectos
1806 3075 1852 3138 C
1883 3102 1999 3139 rum
2040 3075 2378 3156 capitutroru'm
2417 3075 2491 3140 eat
2539 3086 2716 3156 lectio.
2751 3086 2859 3140 Nec
2887 3086 3044 3140 aliam
3075 3085 3343 3138 adducunt
3373 3098 3457 3156 ra-
3489 3101 3492 3103 ν

258 3163 402 3221 eccm
451 3161 507 3205 et
549 3162 670 3206 octo
722 3155 1192 3208 auatltematismus
1237 3157 1418 3207 oculos
1470 3155 1776 3221 cOujIciant.

219 3219 351 3294 Nam
403 3224 522 3294 quis
566 3223 668 3278 sibi
715 3224 1017 3278 adulabitur
1063 3223 1348 3294 eamgrﬁdei
1394 3219 1628 3294 regulam
1660 3239 1782 3278 cum

219 3291 477 3357 subjectis
523 3294 980 3349 anathematismis
1019 3294 1125 3363 jam
1173 3293 1265 3349 diu
1301 3291 1786 3349 fuisse—concinna-

218 3371 328 3412 tam
350 3402 364 3425 ,
395 3372 698 3433 textamque
727 3377 1007 3436 antequam
1031 3379 1225 3436 omnes
1264 3363 1781 3436 Priscillianistarum

215 3446 455 3503 errores,
495 3450 542 3487 ai
560 3445 639 3488 tes
675 3433 973 3503 horumque
1023 3434 1196 3489 fontes
1240 3433 1380 3488 unde
1421 3435 1782 3500 dimanabant,

215 3501 429 3569 plenius
455 3501 957 3560 innotescereuttsi
979 3507 1087 3572 jam
1112 3505 1473 3560 Romanorum
1501 3504 1778 3560 Canonum

214 3572 393 3626 codici
437 3589 552 3628 eam
615 3576 738 3629 ﬁdei
795 3577 1176 3644 professionem
1215 3585 1495 3641 antequam
1525 3576 1780 3630 'l‘arraco-

217 3657 440 3708 netiscs,
489 3646 950 3714 Carthagiueuses,
997 3645 1232 3700 Lusitani
1265 3653 1318 3699 et
1348 3645 1524 3700 Baetici
1552 3647 1785 3714 episcopi

215 3715 597 3786 convenissent
624 3717 872 3771 insertam
905 3716 1284 3785 couﬁngamus,
1326 3717 1406 3770 vel
1430 3718 1474 3770 si
1505 3727 1784 3786 antequam

216 3783 504 3856 Turribius
532 3787 878 3854 apostolicam
919 3783 1103 3841 sedem
1127 3787 1448 3852 consuleret,
1482 3797 1535 3840 et
1563 3787 1620 3842 S.
1646 3783 1786 3856 pon-

217 3853 354 3908 tifex
393 3853 867 3911 consultationibus
915 3859 1279 3924 responderet,
1329 3853 1673 3926 Augustinus,
1707 3859 1789 3913 vel

214 3925 508 3994 quisquam
547 3929 684 3981 alius
726 3941 842 3982 eam
873 3928 1148 3990 edidisset,
1189 3929 1348 3993 dicat,
1393 3925 1603 3993 amabo,
1652 3928 1792 3994 Que-

213 3997 448 4067 snellus
473 4011 560 4067 an,
585 3998 887 4051 'l‘urribium
929 4007 984 4052 et
1013 3997 1242 4051 Leonem
1289 3998 1453 4067 latere
1496 3999 1790 4067 potuisset?

217 4067 280 4120 ld
306 4066 566 4134 suspicari
599 4067 735 4121 haud
769 4069 907 4122 licet.
940 4069 1139 4122 Anibos
1164 4067 1304 4120 enim
1332 4066 1400 4121 de
1422 4066 1581 4122 rebus
1609 4070 1659 4120 in
1694 4068 1785 4120 Ec‘

213 4137 388 4190 clesia
419 4139 584 4206 gestis
613 4139 899 4194 instructos
927 4152 1047 4193 esse
1089 4137 1396 4204 oportebat,
1444 4146 1492 4191 et
1527 4139 1793 4191 Romanus

218 4206 469 4275 pontifex
517 4210 842 4275 potissimum
890 4210 940 4263 id
988 4208 1250 4273 novisset,
1299 4209 1342 4260 si
1391 4207 1475 4260 vel
1513 4222 1579 4262 ex
1616 4206 1794 4261 Africa

217 4277 373 4331 istud
427 4289 823 4334 monumentum
857 4280 1077 4333 Romam
1125 4291 1304 4331 secum
1348 4287 1693 4346 asportasset,
1725 4277 1791 4330 il-

221 4349 433 4416 ludque
462 4350 541 4403 sui
570 4350 1015 4420 praedecessores,
1062 4351 1147 4420 vel
1184 4347 1496 4420 ipseetiam,
1531 4347 1797 4420 Itomano-

214 4433 354 4505 [tam
386 4416 644 4505 canonum
661 4419 1240 4505 .cudici‘inseruissent.
1266 4416 1372 4472 Cur
1393 4432 1520 4482 ergo
1542 4418 1600 4472 S.
1625 4418 1798 4505 ponti;
1827 4448 1874 4505 Β

220 4490 320 4542 fex
354 4488 418 4542 sd
445 4489 580 4544 hanc
608 4489 726 4544 fidei
754 4491 1132 4559 professionem
1157 4502 1438 4553 numquam
1459 4490 1798 4559 provocavit?

211 4560 342 4613 Cur
365 4560 669 4629 singillatim
694 4558 1206 4615 Priscillianistarum
1230 4558 1797 4629 articulis_auathema-

218 4629 429 4684 tismos
447 4627 756 4698 professioni
774 4632 1042 4701 subjectos
1064 4644 1167 4684 non
1183 4629 1433 4701 opponit?
1453 4627 1563 4701 Cur
1575 4630 1802 4701 denique

213 4701 514 4755 Turribius
545 4703 657 4771 ipse
695 4699 1040 4770 apestolicam
1069 4699 1337 4754 consuluit
1373 4699 1575 4771 sedem,
1624 4701 1668 4753 si
1692 4700 1799 4768 jam

213 4773 321 4826 diu
357 4769 740 4842 Hispaniarum
771 4772 1005 4841 episcopi
1051 4784 1117 4824 ex
1148 4771 1443 4840 Augustino
1485 4769 1605 4823 ﬁdei
1634 4779 1800 4824 tessa-

216 4859 350 4898 ram
381 4843 730 4909 acceperant?
774 4843 967 4897 IBII'HEC
993 4855 1120 4909 ergo
1148 4856 1262 4894 mea
1295 4844 1567 4909 persuasio
1595 4852 1696 4901 est,
1719 4843 1799 4894 vi-

214 4913 456 4976 delicet,
488 4914 828 4980 Quesuellum
859 4923 1072 4967 versute
1091 4912 1309 4965 omnino
1338 4922 1586 4979 uugatum
1614 4910 1798 4972 fuisse.

217 5000 360 5037 eam
394 4985 511 5038 lidei
546 4988 923 5052 protessionem
953 4983 1246 5051 Augustino
1273 4981 1640 5050 adjudicando.
1669 4983 1798 5035 Tar-

221 5067 566 5108 raconenses
613 5056 776 5123 enim,
825 5065 876 5108 et
912 5056 1090 5108 caeteri
1139 5054 1241 5107 PP.
1283 5053 1374 5122 qui
1423 5054 1470 5105 in
1519 5053 1802 5106 concilium

217 5134 633 5187 cmweuerunt.
658 5127 702 5178 si
722 5140 788 5180 ea
809 5125 923 5191 ejus
940 5125 1195 5191 Uperihus
1219 5139 1335 5177 eam
1357 5125 1577 5178 mutuati
1601 5132 1802 5186 essent,

217 5196 362 5263 ejus
393 5211 582 5249 nomen
626 5211 730 5250 non
775 5197 1129 5257 reticuissem,
1176 5194 1338 5248 immo
1376 5208 1474 5249 nec
1501 5193 1807 5247 omisissent

217 5266 484 5320 indicare
516 5267 766 5321 Romana:
787 5277 839 5320 et
865 5265 1170 5334 apostolicae
1194 5263 1337 5317 sedis
1357 5279 1590 5320 canones
1616 5274 1672 5318 et
1699 5273 1804 5318 sta-

220 5347 379 5399 tuta,
428 5338 472 5390 si
521 5336 641 5391 ﬁdei
674 5337 907 5406 regulam
936 5351 1002 5390 ex
1039 5335 1129 5406 illo
1155 5334 1336 5406 codice
1364 5335 1806 5406 desumpsisscnt.

215 5409 407 5476 Atqui
433 5406 484 5460 in
514 5408 599 5461 illa
619 5404 905 5476 epigrapbe
932 5422 1039 5460 non
1064 5405 1202 5458 aliud
1224 5419 1379 5476 qu_am
1400 5404 1591 5459 Leonis
1615 5420 1805 5458 nomen

214 5472 531 5549 legendum
562 5472 822 5535 occnfriti
866 5478 1025 5533 habet
1051 5477 1190 5531 enim
1227 5472 1254 5528 ί
1273 5472 1462 5545 Incipit
1487 5476 1664 5545 regula
1687 5476 1810 5545 ﬁdei

315 5614 401 5683 ((1)
431 5613 618 5683 Pagina
646 5612 711 5666 ad
735 5611 932 5683 Christi
961 5625 1154 5683 annum
1183 5609 1341 5683 4305,”
1361 5625 1503 5683 num.
1530 5610 1609 5683 _16
1638 5617 1690 5664 et
1710 5610 1807 5683 _i7.

315 5628 376 5679 tu
431 5614 618 5683 Pagina
646 5614 711 5666 ad
735 5614 932 5668 Christi
961 5625 1154 5666 annum
1183 5614 1309 5674 405,
1361 5625 1503 5664 num.
1543 5614 1609 5664 16
1638 5617 1690 5664 et
1722 5614 1807 5665 17.

308 5614 401 5758 (bi
431 5683 766 5752 Quesuellus,
809 5682 1020 5738 dissert.
1071 5682 1134 5736 lt
1182 5680 1246 5736 de
1289 5680 1479 5738 libellis
1527 5679 1579 5734 in
1629 5679 1810 5734 codice

1885 3154 2112 3222 tionem,
2144 3155 2245 3211 nisi
2275 3157 2440 3220 hanc,
2485 3163 2543 3210 ut
2570 3155 3004 3222 simplicioribus,
3037 3156 3309 3217 videlicet,
3343 3154 3457 3220 qui-

1885 3229 2072 3296 busque
2099 3229 2310 3296 pristina
2331 3235 2620 3280 sanctorum
2637 3224 2852 3279 Patrum
2875 3235 3064 3296 statuta
3086 3225 3457 3296 pandebantur,

1885 3293 2194 3368 abominata_
2206 3299 2320 3368 jam
2348 3298 2468 3350 olim
2497 3313 2529 3349 a
2555 3297 2669 3368 sedc
2698 3297 2968 3368 beatissimi
2998 3293 3139 3349 Petri
3165 3294 3385 3363 apostoli
3412 3301 3461 3348 et

1886 3369 2128 3420 daumata
2167 3366 2510 3421 P'riscilliana:
2550 3367 2753 3421 hwresis
2801 3367 3042 3437 [igiiienta
3080 3370 3458 3437 cognoscerent.

1885 3440 1965 3492 An
1995 3452 2121 3492 vero
2152 3437 2692 3506 istlttecQuesnelluin
2733 3436 2999 3506 juguleut,
3042 3451 3244 3505 quieso,
3293 3436 3460 3506 lec_tor

1886 3508 2306 3563 animadvertat?
2352 3505 2582 3561 Pristina
2630 3504 2980 3574 profectoilla
3026 3504 3329 3560 sanctorum
3361 3504 3462 3559 Pa-

1890 3587 2026 3632 trum
2059 3589 2278 3644 statuta,
2325 3578 2517 3647 quibus
2547 3577 2889 3632 Priscilliauee
2919 3576 3186 3632 haereseos
3220 3586 3462 3647 portenta

1888 3647 2137 3703 damnata
2165 3644 2671 3717 funera—apostolica
2713 3648 3002 3703 beatissimi
3045 3648 3186 3701 Petri
3223 3644 3334 3700 sedi
3369 3644 3464 3700 tri-

1889 3719 2141 3773 buuntur.
2173 3718 2288 3776 Non
2327 3720 2483 3786 igitur
2524 3719 2664 3772 illius
2695 3719 3038 3787 professionis
3068 3718 3189 3770 fidei
3219 3717 3462 3787 illorum-

1890 3804 1992 3858 que
2016 3791 2369 3858 capitulorum
2401 3797 2587 3842 auctor
2626 3786 2944 3856 Augustinus
2974 3789 3234 3842 dicendus
3273 3798 3396 3858 est;
3417 3786 3462 3838 is

1891 3857 2054 3928 enim,
2087 3857 2330 3929 quamvis
2361 3861 2584 3922 meritis,
2635 3859 2899 3929 laboribus
2937 3858 3331 3929 honoribusque
3353 3857 3463 3909 cla-

1891 3944 2004 3992 rus,
2043 3927 2389 3999 'quandonam
2438 3929 2787 3997 apostolicum
2833 3927 2970 3980 Petri
3023 3928 3269 3980 thronum
3311 3939 3462 3978 asse-

1891 4011 2043 4055 cutus
2072 4001 2189 4052 est?

1963 4069 2018 4123 4.
2063 4068 2244 4136 Neque
2280 4065 2474 4119 deinde
2513 4073 2658 4120 tanta
2706 4065 2797 4119 illa
2845 4074 3058 4136 tamque
3102 4079 3129 4115 a
3171 4061 3461 4130 Quesnello

1895 4133 2172 4193 decantata
2230 4137 2513 4191 diversitas
2570 4139 2618 4188 in
2646 4133 3209 4188 auathematismorum
3239 4145 3464 4186 numero

1895 4218 2108 4276 reperta
2133 4208 2252 4261 huic
2273 4205 2477 4259 veritati
2498 4206 2759 4276 tenebras
2786 4203 3022 4276 obducit.
3042 4202 3178 4276 Nam
3204 4201 3464 4276 imprimis

1897 4271 2259 4346 manuscripta
2303 4273 2730 4343 exemplariaex
2774 4275 2962 4346 quibus
2996 4272 3344 4346 potissimum
3378 4271 3467 4346 il_l_a

1898 4339 2184 4402 diversitas
2205 4347 2392 4400 hausta
2419 4339 2520 4413 est,
2554 4339 2956 4397 amanuensium
2984 4339 3302 4413 quandoque
3334 4339 3468 4413 indi:

1901 4419 2111 4488 ligentia
2142 4424 2196 4488 et
2222 4409 2743 4488 oscitantia'fuerunt
2765 4409 3035 4488 corrupta,
3065 4411 3150 4465 vel
3174 4409 3359 4488 aucta;
3383 4409 3468 4488 vel

1901 4479 2056 4559 quia,
2105 4487 2222 4559 aliis
2282 4485 2686 4559 occurrentibus
2731 4479 2940 4550 causis,
2999 4483 3186 4537 Patres
3235 4482 3369 4559 ipsi,
3401 4479 3469 4534 ad

1903 4552 2274 4628 pracedentia
2299 4556 2552 4628 Ecclesiae
2583 4565 2777 4628 statuta
2814 4561 3198 4628 provocantes,
3229 4566 3290 4606 ea
3315 4552 3472 4628 dum-

1905 4621 2050 4684 iaxat
2078 4630 2130 4683 in
2160 4626 2390 4683 medium
2419 4626 2754 4681 adducebant
2780 4621 2899 4694 qiire
2927 4621 2993 4678 ad
3022 4637 3184 4678 novas
3213 4624 3472 4694 excitatas

1903 4702 2225 4771 qumstiones
2253 4697 2569 4771 videbantur
2602 4692 2902 4771 pertinere;
2930 4695 3016 4771 vel
3042 4703 3094 4748 et
3118 4694 3218 4746 alia
3247 4692 3471 4771 addide-

1904 4761 2026 4825 runt
2055 4785 2174 4840 qua:
2214 4768 2374 4840 rebus
2396 4782 2527 4836 quas
2563 4761 2789 4835 agebant
2811 4766 2977 4840 magis
3005 4777 3300 4840 congruere
3327 4761 3473 4840 arbi-

1906 4831 2196 4896 trabantur.
2231 4837 2365 4907 Quid
2395 4831 2520 4907 ergo
2552 4831 2742 4892 mirum
2786 4837 2830 4890 si
2861 4831 3179 4907 qnandoqiie
3226 4834 3277 4886 in
3320 4831 3473 4886 evol-

1903 4912 2090 4967 vendis
2133 4905 2368 4965 ve'terum
2400 4905 2614 4976 scriptis
2656 4921 2818 4961 unum
2867 4905 3118 4972 idemque
3157 4914 3473 4976 monumen-

1907 4991 2058 5054 tum,
2091 4981 2250 5054 modo
2290 4971 2660 5054 interpolatum
2688 4986 2742 5032 et
2769 4971 3088 5054 diminutum
3110 5014 3126 5054 ε
3146 4971 3315 5053 .modo
3345 4982 3475 5054 vero

1910 5043 2168 5123 prolixius
2194 5062 2248 5106 et
2279 5043 2484 5123 auctius
2513 5051 2666 5105 nobis
2700 5045 2979 5123 occurrat?
3015 5043 3072 5096 ln
3109 5043 3254 5123 hisce
3269 5043 3476 5123 quippe

1911 5113 2072 5194 rebus
2093 5137 2211 5194 quae
2231 5123 2296 5175 ab
2316 5121 2658 5194 scribentium
2683 5126 2738 5173 et
2764 5115 3026 5171 utentium
3045 5113 3318 5194 voluntate
3346 5124 3476 5194 pen-

1911 5193 2059 5260 dent,
2084 5188 2188 5247 n'isi
2204 5206 2389 5248 eorum
2417 5194 2623 5246 animus
2646 5191 2967 5260 innatescat,
2990 5197 3095 5237 non
3122 5188 3238 5260 sine
3261 5188 3475 5249 negotio

1907 5254 2132 5333 judicari
2173 5269 2380 5332 potest,
2423 5259 2714 5331 prmsertim
2757 5270 2879 5310 cum
2927 5254 3253 5323 autographa
3284 5262 3474 5303 exem-

1913 5335 2076 5404 plaria
2104 5333 2491 5404 desiderantur.
2947 5395 2979 5404 __
3234 5391 3246 5403 .

1985 5404 2038 5458 5.
2070 5405 2125 5458 In
2155 5388 2260 5458 hoc
2293 5402 2502 5473 negotio
2520 5408 2706 5473 tamen
2728 5410 2832 5473 no_n_
2853 5391 3278 5473 multumpperis
3306 5388 3474 5473 Quies:-

1915 5475 2060 5531 nello
2108 5463 2480 5530 insumendum
2512 5471 2676 5525 fuisse
2722 5469 2973 5523 arbitror.
3027 5463 3188 5520 Iidem
3244 5469 3473 5528 namque

1917 5597 2200 5674 contentis,
2233 5621 2376 5663 num.
2409 5607 2463 5660 8.

1988 5680 2058 5750 (ε)
2091 5671 2413 5735 Βι-εέδτοηεθ
2441 5687 2619 5738 conc.,
2653 5681 2782 5729 tom.
2810 5673 2876 5732 Vl
2901 5672 3101 5730 Concil.
3126 5687 3247 5742 pag.
3283 5671 3408 5731 551.
