3968 6310
512 261 646 323 l0"

1090 255 1152 311 P.
1193 250 1506 310 CACCIARI
1550 243 2162 307 EXEBCITATIONES
2202 244 2267 300 1N
2304 244 2361 301 S.
2404 243 2645 301 LEONIS
2682 244 2899 303 MAGNI
2935 244 3187 302 OPERA.

3623 248 3740 307 {Ml

512 373 751 443 ejusdem
784 369 980 443 laudati
1013 367 1357 443 Bracarensis
1390 364 1602 443 concilii
1627 363 1812 443 Patres
1835 361 2093 443 .Acta.eo-
2116 362 2172 421 Α
2196 361 2283 443 qu_i
2318 360 2491 443 istlioc
2518 368 2943 443 monumentum
2970 402 2985 427 ,
3020 368 3113 415 aut
3141 360 3438 443 Augustino
3480 362 3738 443 adjudiw,

510 432 628 500 rum
650 445 739 514 qui
762 442 1036 514 Toletanaa
1057 438 1261 510 synodo
1287 451 1426 514 anno
1458 436 1561 491 447
1593 442 1808 514 coactae
1834 432 2090 514 interfue-

511 525 635 571 runt
667 502 718 569 in
754 513 986 584 genuino
1012 502 1273 584 contenta
1292 506 1478 561 codice
1507 521 1617 584 pra;
1650 502 2090 584 manibus_habe-

510 587 658 642 bant.
690 575 931 648 Idcirco,
965 583 1106 637 lecto
1154 580 1274 634 ﬁdei
1326 575 1618 646 exemplari
1661 589 1781 629 cum
1830 575 2090 648 subjectis

511 657 761 726 capitulis
784 698 799 721 ,
833 645 1193 726 necessarium
1224 645 1496 726 duxerunt
1530 657 1650 726 post
1675 660 1845 700 annos
1870 645 1972 700 ll6
1998 660 2090 700 ea-

512 720 635 784 dem
674 720 902 795 capitula
936 721 1232 791 simplicius
1272 730 1326 775 et
1359 720 1960 795 evidentius_expon_ere
1986 761 1999 783 ,
2032 727 2089 795 ut

511 799 689 854 minus
715 788 957 853 eruditis
996 788 1397 849 innotescerent
1433 804 1553 861 quae
1594 789 1694 861 sub
1731 788 2089 861 anathemati:

511 871 777 925 sententia
798 868 924 923 olim
952 880 1016 919 ex
1061 862 1378 917 Priscilliani
1412 860 1750 931 degmatibus
1770 860 1838 913 ab
1866 868 2087 931 aposto-

511 941 614 995 lica
638 942 741 994 divi
773 939 909 993 Petri
932 938 1058 991 sede
1082 935 1293 989 fuerant
1322 930 1590 997 damnata,
1625 933 1739 985 licet
1770 932 1939 1001 (aiunt
1961 930 2089 984 Bra-

512 1024 759 1066 carcnses
789 1008 917 1078 PP.)
946 1008 1127 1060 horum
1149 1005 1485 1078 capitulorum
1512 1004 1658 1078 lectio
1694 1002 1980 1055 necessaria
2010 1018 2089 1056 re-

512 1084 702 1136 censita
728 1082 822 1145 sit,
856 1076 1023 1133 tamen
1051 1078 1330 1131 evidentius
1363 1086 1410 1128 et
1440 1076 1717 1144 simplicius
1743 1090 1803 1126 ea
1831 1088 1944 1141 qua:
1971 1081 2088 1126 sunt

510 1144 856 1215 exsecrabilia,
877 1153 947 1203 ita
974 1150 1258 1219 pra’positis
1285 1148 1438 1199 etiam
1460 1146 1715 1219 capitulis,
1745 1144 1895 1197 modo
1912 1144 2087 1219 decla-

510 1233 685 1277 rentur
705 1270 717 1290 ,
742 1234 794 1275 ut
818 1223 905 1293 qui
936 1215 1103 1274 minus
1144 1230 1215 1273 est
1242 1219 1471 1293 eruditus
1506 1218 1863 1293 intelligatket
1894 1215 2088 1293 sic__sub_

509 1285 848 1348 anathematis
893 1293 1142 1347 sententia
1192 1290 1405 1359 explosa
1446 1292 1557 1359 jam
1596 1285 1726 1359 alim
1772 1285 2089 1359 Priscilliani

510 1367 695 1419 erroris
724 1365 965 1437 ﬁgmenta
986 1356 1313 1437 damnentur,
1335 1356 1636 1437 etchobis
1666 1372 1795 1427 ergo
1824 1356 2088 1437 gratulari

508 1429 888 1503 Oportet'q'uod
929 1435 1115 1489 Patres
1156 1432 1241 1486 isti
1272 1430 1459 1486 eadem
1491 1430 1899 1503 retractaverint
1940 1429 2088 1496 capi-

510 1500 653 1575 tula,
688 1500 845 1561 latam
889 1506 1030 1560 enim
1077 1502 1605 1575 apertamqueiviam
1651 1500 1802 1575 nobis
1836 1506 2089 1567 pararunt

509 1586 567 1631 ut
597 1571 843 1632 securius
866 1576 931 1631 ad
961 1585 1195 1629 noStram
1224 1574 1573 1643 perVenirent
1603 1571 1845 1643 notitiam
1874 1578 2001 1639 quot
2030 1576 2086 1625 et

510 1648 701 1716 quales
732 1640 1681 1716 anathematismoszarraconenscs,
1704 1640 2089 1716 Gartliaginenf

510 1712 620 1784 ses,
655 1720 889 1773 Lusitani
922 1727 975 1773 et
995 1716 1177 1771 Baetici
1206 1715 1393 1769 Patres
1420 1728 1561 1767 anno
1584 1713 1709 1777 447,
1738 1713 1886 1784 jussu
1910 1712 2085 1780 Magni

509 1782 707 1846 Leonis
727 1830 741 1855 ,
774 1790 1037 1845 ediderint
1066 1788 1131 1841 ad
1160 1786 1375 1840 noxium
1418 1785 1766 1840 Priscilliana:
1812 1782 2084 1837 haereseos

507 1860 653 1915 virus
680 1865 888 1930 penitus
929 1856 1401 1930 exstinguendum.
1436 1855 1879 1930 Anathematismi
1923 1868 2083 1930 porro

508 1932 618 1995 isti,
651 1926 694 1987 si
717 1933 901 1987 oculos
944 1932 993 1985 in
1026 1926 1495 1997 etisconjiciamus
1521 1968 1535 1992 ,
1582 1926 1843 1997 Leonince
1864 1928 2084 1997 omnino

508 2003 748 2072 epistola:
787 2003 853 2057 ad
885 2000 1200 2072 Turribium
1229 1995 1586 2072 respondent.
1633 1997 1747 2050 Non
1779 1995 1938 2072 igitur
1970 1995 2084 2072 ﬁeri

506 2064 684 2140 potest
707 2083 782 2141 ut,
813 2072 1112 2127 rationabili
1140 2064 1352 2123 adducti
1383 2068 1753 2141 fundamento,
1772 2064 1853 2141 vel
1878 2080 1970 2120 eos
1993 2064 2085 2119 nni

506 2135 803 2211 Augustino
834 2142 1230 2212 adjudicemus,
1260 2141 1346 2212 δἐι
1380 2140 1432 2193 in
1460 2138 1762 2212 Romanum
1808 2135 2083 2212 Canonum

508 2209 745 2269 codicem
781 2209 977 2268 relatos
1004 2221 1127 2267 ante
1167 2212 1224 2265 S.
1256 2210 1492 2265 Leonem
1536 2209 1921 2278 conﬁngamus.
1970 2209 2083 2275 Qua

506 2284 561 2337 in
594 2300 652 2338 re
682 2300 748 2338 ne
774 2284 910 2354 apud
937 2282 1210 2349 Qucsnelli
1242 2282 1510 2354 studiosos
1551 2280 1602 2334 in
1638 2278 1930 2354 commenti
1970 2282 2085 2334 sive

510 2355 771 2410 mendacii
809 2350 1172 2423 suspicionem
1224 2352 1573 2415 addueamur,
1620 2350 1781 2423 nobis
1829 2358 2085 2423 opusiest

506 2438 719 2487 causam
766 2421 967 2481 referre
1016 2440 1111 2479 cur
1158 2424 1513 2478 Bracarenses
1558 2422 1633 2477 illi
1677 2421 1862 2475 Patres
1896 2422 2081 2475 eadem

507 2498 725 2551 omnino
748 2498 977 2567 capitula
1007 2495 1434 2567 retractaverint,
1454 2494 1881 2567 luculentiusque
1907 2492 2083 2567 expli-f

505 2581 630 2622 care
658 2562 920 2623 voluerint
949 2566 1131 2637 266.
1160 2565 1228 2620 Ut
1257 2566 1465 2635 quisque
1497 2564 1513 2636 (
1538 2562 1720 2637 aiunt)
1754 2564 1965 2637 clericus
2006 2562 2087 2616 vel

505 2642 813 2703 monachus,
862 2633 1196 2699 sive—laicus,
1242 2633 1345 2689 tale
1383 2633 1583 2704 aliquid
1635 2633 1913 2705 (intellige
1962 2650 2083 2688 cum

503 2708 864 2778 Priscilliano)
895 2709 1077 2762 sentire
1119 2708 1287 2761 adhuc
1318 2709 1391 2761 vel
1422 2706 1693 2778 defendere
1724 2705 2083 2778 fuerit_dcpre-

504 2778 707 2845 hensus,
728 2776 985 2850 tamquam
1013 2795 1124 2833 vere
1144 2777 1733 2850 putriduntniembrum,
1764 2776 2002 2850 continuo
2023 2776 2085 2829 de

503 2866 716 2918 corpore
744 2846 1074 2905 abscindatur
1095 2846 1358 2903 catholica:
1388 2846 1653 2911 Ecclesice,
1676 2863 1738 2900 ne
1760 2856 1845 2897 aut
1866 2847 2087 2900 societa-

502 2922 567 2974 tis
598 2933 689 2975 aut
718 2922 981 2992 pravitatis
1002 2924 1115 2992 ejus
1146 2920 1403 2992 maculata
1428 2920 1585 2992 corda
1614 2927 1743 2992 recte
1766 2918 2082 2972 credentibus

503 2992 565 3045 de
585 2989 921 3062 permixtione
950 2989 1129 3045 talium
1158 2990 1367 3061 aliquod
1399 2989 1673 3042 orthodoxi
1695 2996 1959 3062 reputetur
1993 3005 2085 3062 op-

506 3060 788 3126 probrium.
818 3064 1088 3132 Ejusmodi
1121 3060 1300 3117 autem
1331 3062 1593 3132 sententia
1625 3060 1939 3132 a_Lucretio
1969 3061 2083 3127 epi-

2194 432 2276 485 νει
2293 432 2381 501 qui
2405 432 2531 486 illud
2554 447 2618 486 ex
2644 432 2885 487 Romano
2901 432 3179 487 Canonum
3197 432 3379 487 codice
3398 443 3519 489 ante
3534 432 3738 495 Leonem

2196 502 2343 558 edito
2373 512 2666 557 mutuatum
2700 503 2975 558 conﬁnxit.
3017 504 3124 558 Sed
3156 503 3298 559 hunc
3328 506 3555 559 maxima
3589 509 3736 562 eccle-

2195 574 2424 646 siastica:
2454 574 2691 629 historia:
2712 583 2767 629 et
2793 574 3156 629 Leoninorum
3176 574 3413 643 Operum
3434 576 3734 646 potissimum

2194 645 2403 699 inscitia
2459 646 2734 711 laborare,
2786 654 3103 715 argumento
3139 656 3298 701 esset.
3334 645 3475 714 Quid
3517 650 3646 701 enim
3685 652 3731 705 S.

2194 716 2281 771 hic
2306 716 2544 785 pontifex.
2569 716 2636 771 de
2660 716 2986 772 Priscilliana
3017 717 3115 771 hac
3141 718 3333 772 haeresi
3368 718 3660 787 praedicavit
3685 738 3734 777 ac

2192 789 2406 855 scripsit
2430 788 2453 841 ’ἒ
2479 790 2671 843 Annon
2700 789 2814 859 ipse
2842 804 2958 843 eam
2991 788 3235 844 haeresim
3258 803 3325 843 ex
3351 791 3731 856 praecedentium

2192 860 2429 913 omnium
2488 860 2764 913 lia-resecti
2816 860 3049 913 fontibus
3096 870 3149 929 et
3199 859 3511 914 auctoribus
3550 863 3728 929 εςνίρείί

2191 944 2313 984 esse
2337 930 2655 998 derivatam,
2681 932 2747 983 ita
2774 939 2829 984 ut
2855 930 2963 983 suis
2989 930 3053 983 ad
3078 928 3380 985 Turribium
3415 928 3732 999 responsibili-

2191 1000 2289 1055 bus
2322 1002 2599 1070 perspicue
2623 1001 2868 1057 ostendat
2896 1000 3293 1063 Gnosticorum,
3314 1001 3592 1066 Cerdonis,
3622 1002 3729 1057 Pho-

2192 1073 2286 1125 tini
2308 1114 2321 1133 ,
2354 1073 2679 1141 Apollinaris
2699 1114 2712 1138 ,
2741 1073 2956 1128 Sabellii
2977 1113 2992 1138 ,
3028 1072 3549 1141 Patripassianorum
3574 1112 3588 1137 ,
3618 1075 3726 1141 Arii,

2192 1143 2469 1197 Maniclnei
2496 1145 2831 1212 aliorumque
2863 1144 3230 1212 improborum
3256 1143 3535 1197 hominum
3557 1159 3726 1201 errores

2193 1213 2624 1269 Priscillianistas
2654 1215 2937 1269 admisisse
2968 1222 3021 1267 et
3060 1213 3469 1284 propuguasse?
3495 1215 3727 1281 Hispania-

2193 1301 2310 1339 rum
2342 1285 2578 1355 episcopi
2605 1285 2787 1355 igitur,
2815 1287 2858 1339 si
2891 1284 3142 1340 Leonina:
3164 1286 3431 1340 doctrina:
3462 1294 3514 1339 et
3533 1288 3724 1353 epistula

2192 1357 2440 1411 insistere
2482 1358 2799 1426 cupiebant,
2845 1372 2938 1411 eos
2975 1356 3039 1409 iis
3079 1356 3299 1411 vocibus
3329 1356 3409 1409 uti
3451 1358 3722 1423 oportebat:

2190 1438 2371 1480 contra
2388 1444 2556 1482 onmes
2574 1430 2807 1494 haereses,
2826 1438 2870 1481 et
2886 1444 3035 1498 quam
3053 1430 3270 1481 maxime
3283 1438 3469 1481 contra
3483 1428 3720 1481 Priscilla:-

2190 1514 2301 1551 nos.
2328 1499 2457 1551 Nam
2491 1499 2547 1554 S.
2574 1499 2812 1567 pontifex
2842 1500 3002 1553 variis
3034 1500 3084 1551 in
3118 1498 3265 1564 locis,
3300 1498 3401 1553 sed
3440 1499 3722 1567 potissimum

2191 1570 2243 1622 in
2266 1569 2486 1624 exordio
2516 1571 2757 1639 epistolae
2787 1570 2849 1623 ad
2896 1568 3201 1623 Turribium
3222 1612 3236 1636 ,
3268 1569 3337 1624 de
3366 1569 3474 1624 hac
3502 1570 3723 1626 disserens

2192 1640 2383 1694 hatresi
2408 1684 2421 1706 ,
2460 1642 2645 1695 scribit
2677 1658 2689 1693 :
2727 1639 2874 1694 Nihil
2905 1650 2975 1694 est
3005 1642 3137 1694 enim
3181 1641 3417 1694 sordium
3450 1642 3500 1693 in
3528 1658 3722 1711 quorum-

2192 1727 2402 1779 cumque
2431 1712 2658 1765 sensibus
2700 1712 2973 1783 impiorum
3004 1711 3141 1783 quod
3180 1712 3233 1764 in
3262 1712 3357 1765 hoc
3398 1712 3618 1783 dogmate
3648 1729 3723 1767 nos

2191 1784 2491 1851 con/luxerit
2518 1826 2531 1847 ,
2564 1785 2803 1850 quoniam
2849 1782 2911 1835 de
2950 1782 3088 1836 omni
3134 1794 3456 1835 terrenarum
3476 1782 3722 1853 'opiniansat

2188 1852 2296 1906 luto
2337 1853 2670 1921 multiplicem
2721 1852 2813 1907 sibi
2844 1853 3183 1923 fwculentiam
3218 1854 3567 1917 miscuerunt,
3594 1856 3721 1908 utsoli

2189 1924 2641 1993 (Priscillianistzc
2664 1926 2915 1979 nimirum
2936 1928 2952 1992 ι
2975 1934 3137 1978 totum
3157 1924 3377 1977 biberent
3410 1926 3635 1995 quidquid
3657 1926 3721 1979 alii

2187 2010 2250 2047 ea:
2276 2007 2417 2063 parte
2438 2005 2745 2065 gustassent.
2762 1996 2868 2050 Sed
2888 1995 3036 2049 hisce
3066 1995 3236 2049 verbis
3260 1996 3564 2051 immediate
3580 2008 3625 2051 et
3650 1998 3722 2050 ista

2186 2066 2310 2135 alia,
2336 2081 2455 2135 qua:
2482 2068 2532 2121 in
2562 2083 2676 2121 rem
2708 2076 2945 2121 nostram
2979 2067 3201 2120 mirifice
3246 2066 3472 2130 faciunt,
3495 2067 3717 2135 subjecit:

2186 2134 2415 2206 Denique
2460 2139 2500 2190 si
2548 2139 2793 2191 universa:
2841 2136 3054 2191 hwreses
3106 2152 3220 2207 quae
3271 2148 3394 2191 ante
3455 2134 3721 2191 Priscilliam

2189 2218 2383 2278 tempus
2405 2220 2593 2262 exorti:
2618 2218 2731 2262 sunt
2754 2209 3048 2278 diligentius
3072 2219 3428 2273 retractentur,
3448 2209 3601 2263 nullus
3623 2225 3721 2279 pene

2188 2281 2444 2333 invenitur
2473 2296 2617 2332 error
2648 2282 2709 2333 de
2731 2297 2830 2347 quo
2864 2296 2963 2332 non
3010 2280 3221 2333 traxerit
3260 2280 3495 2347 impietas
3518 2282 3601 2334 ista
3626 2296 3720 2332 coa-

2191 2351 2401 2419 tagium.
2431 2349 2615 2417 Neque
2642 2366 2770 2405 vero
2801 2352 3079 2419 quisquam
3107 2350 3209 2403 sibi
3231 2350 3524 2405 blandiatur
3543 2351 3593 2405 S.
3617 2367 3721 2419 pon-

2188 2421 2382 2491 tiﬁcem
2414 2423 2601 2475 istlimc
2623 2423 2915 2491 generatim
2947 2423 3223 2475 dumtaxat
3248 2421 3481 2476 indicare
3506 2421 3718 2475 voluisse.

2188 2490 2320 2544 Nam
2346 2507 2468 2547 com
2494 2490 2684 2546 iisdein
2717 2492 3051 2547 Turribianis
3098 2502 3400 2547 occurreret
3422 2493 3717 2547 consultatio-

2189 2562 2345 2616 nibus
2375 2573 2534 2632 atque
2562 2564 2947 2632 quaestionibus
2972 2606 2987 2628 ,
3030 2564 3335 2631 singillatim
3364 2564 3521 2619 fontes
3556 2573 3602 2617 et
3632 2578 3714 2615 au-

2188 2643 2365 2687 ctores
2406 2633 2649 2693 designat
2688 2635 2831 2689 unde
2876 2636 3235 2689 ilcrivaverint
3275 2649 3470 2690 errores
3512 2649 3629 2702 quos
3660 2634 3707 2687 in

2187 2704 2373 2758 decem
2393 2705 2549 2776 267
2572 2714 2627 2761 et
2655 2715 2881 2774 septem,
2902 2707 2985 2760 vel
3010 2709 3059 2759 in
3084 2705 3263 2759 decem
3287 2715 3335 2759 et
3354 2714 3476 2769 octo,
3492 2703 3701 2776 epistola:

2189 2790 2299 2829 sua:
2325 2773 2588 2845 capitibus
2612 2773 3011 2844 refellit.Quam
3039 2776 3226 2847 agendi
3241 2780 3476 2829 rationem
3490 2773 3700 2847 apprime

2190 2843 2573 2911 imitati'sunt,
2607 2858 2659 2901 et
2698 2843 3097 2916 Ilispaniarnuf
3122 2848 3346 2916 episcopi
3384 2847 3463 2915 qui
3499 2844 3557 2897 ad
3589 2843 3706 2898 illud

2189 2931 2490 2972 convenere
2525 2918 2833 2981 concilium,
2859 2928 2913 2973 et
2938 2918 3296 2973 Bracarenses
3324 2918 3510 2980 Patres,
3531 2916 3610 2983 qui
3630 2960 3643 2980 ,
3664 2923 3717 2970 ut

2189 2989 2444 3054 vidimus,
2478 2990 2686 3043 laudata
2721 2988 2998 3045 haereseon
3039 2991 3211 3057 capita
3242 2990 3414 3044 denuo
3440 2996 3719 3042 tractarunt.

2194 3058 2269 3114 De
2297 3061 2717 3115 Bracarensibus
2747 3071 2925 3115 autem
2954 3061 3200 3115 Patribus
3226 3060 3529 3127 Quesnellus
3555 3059 3601 3111 id
3629 3060 3723 3110 sin-

503 3148 667 3203 scopo
704 3127 941 3202 prolaia,
987 3150 1146 3203 quam
1193 3133 1353 3187 totius
1398 3131 1610 3186 concilii
1652 3129 1839 3203 Patres
1888 3132 2083 3198 proba-
2110 3127 2156 3190 Ο
2189 3144 2312 3184 cere
2338 3130 2507 3185 fassus
2532 3140 2637 3197 est,
2662 3131 2749 3199 qui
2774 3142 3032 3202 praeterea
3059 3134 3108 3185 in
3134 3133 3275 3185 notis
3303 3130 3371 3185 ad
3394 3129 3727 3203 epistolamle

503 3200 648 3269 runt,
677 3200 803 3259 olim
831 3200 1027 3259 statuta
1063 3214 1248 3259 contra
1283 3203 1669 3257 Priscillianam
1705 3200 1951 3255 hzeresim
1991 3218 2082 3255 ca-

506 3277 671 3343 pitula
697 3277 1024 3342 continebat,
1058 3287 1112 3330 ut
1135 3276 1408 3344 sequentia
1440 3271 1867 3344 verhagindicare
1897 3273 2086 3327 viden-

504 3342 607 3400 tur.
656 3346 930 3417 Proposita
955 3342 1561 3417 contraP’riscillianam
1597 3342 1831 3417 hwresim
1856 3345 2086 3413 capitula

502 3426 549 3471 et
578 3414 773 3471 relecta‘
790 3420 1115 3472 continentur
1139 3416 1265 3470 hwc.
1303 3417 1407 3471 Sed
1435 3431 1554 3470 cum
1586 3414 1773 3468 decem
1802 3424 1854 3467 et
1876 3424 2083 3483 septem

496 3490 934 3543 anathematismi
961 3489 1047 3542 illa
1067 3488 1245 3541 statim
1270 3488 1559 3554 excipiant,
1577 3500 1717 3553 quae,
1742 3495 1799 3538 ut
1827 3485 2082 3551 diximus,

503 3566 558 3611 et
578 3558 911 3613 Turribianis
950 3558 1429 3613 consultationibus
1459 3557 1701 3625 apprime
1730 3559 2083 3624 reSpoudent,

503 3638 557 3682 et
576 3628 829 3682 Leoninis
856 3628 1296 3695 responsionihus
1325 3628 1544 3681 omnino
1566 3628 1873 3692 concinunt,
1906 3638 1965 3680 ut
1993 3643 2086 3682 eo-

504 3714 623 3752 rum
674 3699 831 3753 lectio
863 3701 991 3753 satis
1027 3699 1307 3768 perspicue
1361 3697 1608 3766 patefacit
1634 3739 1647 3761 ,
1673 3766 1680 3768 Α
1704 3696 1903 3751 idcirco
1931 3710 2085 3753 etttra

506 3784 722 3823 omnem
754 3766 1102 3823 dubitationis
1133 3769 1304 3822 aleam
1339 3768 1567 3836 positum
1608 3766 1858 3830 arbitror,
1892 3768 2086 3822 Tarra-

503 3854 767 3895 conenses
806 3840 995 3895 Patres
1038 3855 1158 3894 cum
1201 3838 1320 3892 aliis
1359 3839 1515 3892 trium
1554 3838 1823 3906 Hispania:
1869 3842 2081 3906 provin-

502 3909 706 3965 ciarum
766 3912 1074 3981 episcopis,
1132 3909 1327 3964 Leonis
1384 3909 1651 3981 mendatis
1710 3910 2084 3981 obtemperare

502 3983 743 4037 volentes
767 4028 781 4051 ,
819 3979 1227 4051 tunc'primum,
1270 3996 1410 4035 anno
1441 3980 1690 4034 videlicet
1712 3979 1845 4043 447,
1880 3992 1929 4034 et
1961 3981 2084 4036 ﬁdei

502 4054 777 4122 regulam,
810 4063 863 4109 et
903 4052 1379 4108 anathematismos
1418 4052 1483 4105 de
1514 4051 1707 4120 quibus
1735 4052 1940 4119 agimus
1972 4054 2085 4107 edi-

501 4124 644 4179 disse
670 4135 723 4180 et
751 4125 1135 4194 promulgasse.
1171 4124 1224 4179 Si
1248 4124 1299 4177 id
1334 4132 1491 4191 neget
1516 4122 2085 4194 Quesnellustalteru-

457 4211 465 4220 ·
502 4202 640 4249 trum
672 4198 718 4250 ei
749 4193 1020 4250 afﬁrmare
1050 4210 1184 4265 opus
1224 4194 1361 4258 erit;
1394 4195 1673 4265 videlicet,
1726 4202 1820 4247 aut
1849 4193 2083 4265 Turribii

500 4266 568 4321 ad
594 4267 941 4333 apostolicam
967 4264 1149 4322 sedem
1166 4266 1592 4321 consultationes
1614 4264 1723 4333 jam
1741 4272 1865 4319 ante
1888 4264 2083 4320 Leonis

502 4339 867 4403 pontificatum
898 4338 1063 4392 fuisse
1090 4338 1361 4392 discussas
1390 4345 1443 4389 ct
1471 4335 1737 4401 delinitas,
1761 4344 1852 4388 aut
1880 4337 2083 4404 episto-

500 4407 605 4476 lam
663 4414 729 4462 ad
777 4408 1081 4464 Turribium
1131 4409 1284 4463 alteri
1340 4408 1581 4461 Romano
1630 4406 1863 4475 pontifici
1920 4423 2081 4476 quam

499 4475 667 4533 Leoni
697 4494 819 4534 esse
839 4480 1269 4547 adjudicandam,
1297 4493 1417 4547 quae
1443 4477 1550 4534 duo
1578 4479 1794 4532 nonnisi
1826 4475 1954 4546 pura
1984 4494 2080 4548 pu-

502 4554 661 4616 taque
690 4550 934 4603 redolent
963 4550 1235 4614 ﬁgmenta.

574 4618 626 4672 6.
658 4618 775 4673 Jam
807 4634 934 4672 vero
974 4620 1226 4689 cfl'ugium
1281 4620 1422 4689 quod
1450 4619 1553 4675 sibi
1595 4629 1875 4688 paraverat
1914 4620 2081 4686 Ques-

498 4688 672 4743 nellus
699 4704 1004 4759 prmcavere
1035 4688 1101 4743 et
1117 4688 1326 4759 eripere
1358 4700 1591 4759 oportet.
1641 4690 1775 4745 lllud
1830 4692 2079 4745 nimirum

498 4760 643 4829 quod
674 4760 777 4814 sibi
806 4760 1202 4829 suppeditatum
1236 4761 1530 4815 arbitratus
1562 4771 1644 4815 est
1672 4776 1740 4815 ex
1772 4761 1914 4816 illius
1956 4762 2081 4818 ﬁdei

496 4830 849 4900 professionis
890 4832 1212 4901 epigraplae,
1245 4846 1402 4899 quam
1456 4847 1577 4885 cum
1627 4831 1812 4885 decem
1868 4843 1920 4886 et
1960 4846 2081 4888 ueto

496 4902 962 4957 anathematismis
984 4902 1245 4957 Toletano
1269 4917 1285 4955 ι
1305 4902 1535 4957 concilio
1558 4911 1794 4957 assutam
1812 4902 2084 4958 Concilio-

495 4975 969 5046 rumgcollectores
998 4972 1382 5046 exhibuerunt.
1414 4974 1632 5046 Legitur
1662 4974 1804 5028 enim
1839 4991 1851 5026 :
1887 4972 2082 5046 Incipit

494 5044 671 5115 regula
716 5047 839 5114 ﬁdei
871 5044 1135 5099 catholica:
1163 5054 1341 5099 contra
1381 5062 1552 5099 omnis
1583 5044 1818 5112 Iurreses,
1850 5055 1897 5098 et
1926 5044 2080 5113 quam

492 5120 714 5171 maxime
744 5128 917 5170 contra
957 5116 1312 5171 Priscillianos
1332 5157 1347 5183 ,
1379 5133 1531 5186 quam
1576 5117 1796 5187 episcopi
1824 5115 2080 5171 Tarraco-

492 5204 691 5259 nenses,
725 5197 829 5241 etc.
858 5190 957 5259 (a).
992 5188 1048 5243 Si
1076 5203 1203 5257 ergo
1233 5191 1420 5244 istlimc
1451 5188 1574 5242 fidei
1606 5188 1872 5257 professio
1903 5205 2075 5242 omnes

490 5257 705 5312 licereses
752 5257 898 5312 taxat
934 5267 989 5315 et
1024 5260 1230 5327 rejicit,
1279 5276 1386 5314 non
1438 5270 1561 5313 tunc
1614 5261 1842 5327 primum
1886 5259 2082 5328 prodiit

489 5329 705 5401 quando
727 5330 803 5384 illi
836 5330 1206 5400 Hispaniarum
1227 5332 1465 5401 episcopi
1491 5333 1540 5385 in
1562 5346 1725 5384 unum
1750 5344 2075 5387 convenere.

489 5400 696 5455 Licebit
716 5416 844 5469 ergo
867 5403 1043 5471 potius
1073 5400 1273 5457 inferre
1304 5403 1400 5455 hos
1432 5402 1699 5471 Hispaniae
1732 5401 1920 5471 Patres
1943 5404 2079 5457 lianc

488 5472 543 5526 in
569 5486 723 5527 suum
750 5470 1087 5544 tranStulisse
1113 5490 1287 5540 nsum,
1305 5474 1428 5544 quia
1452 5470 1676 5528 miriﬁce
1708 5472 1758 5544 in
1784 5470 2080 5527 Priscillia-

496 5544 664 5599 nistas
693 5543 960 5614 quadrare
986 5554 1269 5599 noverunt.
1301 5543 1372 5598 Ita
1400 5544 1643 5614 profecto
1666 5543 1875 5599 cﬂ’utirc
1902 5552 2084 5615 posset

559 5683 635 5755 (ᾳ)
667 5683 822 5739 Tom.
854 5681 1087 5755 lliConc.
1125 5700 1240 5755 pag.
1270 5683 1426 5741 i475.

2115 4518 2166 4578 D

2191 3202 2572 3257 animadvertit
2628 3201 2786 3271 hujus
2839 3204 3049 3257 concilii
3090 3202 3589 3265 anatliematismos,
3634 3201 3727 3253 sive

2190 3272 2443 3341 capitula,
2474 3274 2646 3327 editos
2675 3288 2797 3328 esse
2822 3274 2888 3327 ad
2922 3289 3161 3328 normam
3189 3275 3589 3343 responsionum
3617 3284 3727 3341 quas

2190 3345 2317 3397 olim
2347 3355 2530 3397 noster
2558 3345 2665 3398 Leo
2693 3345 2758 3397 ad
2784 3345 3091 3400 Turribium
3118 3344 3336 3399 direxit.
3358 3345 3569 3399 Tantam
3598 3358 3731 3412 porro

2190 3415 2504 3486 affinitatem
2538 3417 2627 3485 illa
2660 3418 2797 3469 inter
2828 3431 2886 3470 se
2915 3417 3114 3470 habere
3137 3418 3421 3486 cognovit,
3454 3424 3512 3486 ut
3538 3428 3732 3482 scripse-

2191 3486 2259 3539 rit
2286 3505 2296 3537 :
2334 3485 2552 3539 Nullum
2584 3488 2715 3539 enim
2748 3490 2851 3553 fere
2879 3487 3083 3541 verbum
3114 3485 3219 3551 est,
3248 3488 3385 3555 quod
3418 3505 3450 3539 a
3474 3485 3627 3540 Leone
3652 3500 3732 3536 non

2188 3559 2322 3624 sint,
2357 3556 2535 3610 Patres
2568 3560 2821 3621 mutuati,
2854 3560 2997 3611 nulla
3046 3556 3229 3611 Leonis
3257 3559 3489 3628 capitula
3511 3573 3613 3627 qua:
3648 3556 3733 3628 suis

2190 3643 2292 3680 non
2330 3630 2823 3697 comprehenderint.
2860 3628 3066 3683 Priores
3110 3630 3260 3695 primi
3304 3625 3530 3697 quinque
3568 3625 3734 3680 concilii

2190 3699 2396 3752 articuli
2424 3702 2648 3769 quinque
2674 3699 2856 3755 Leonis
2886 3700 3137 3768 capitibus
3169 3700 3514 3765 respondent;
3539 3699 3621 3752 alii
3642 3712 3734 3749 csa

2188 3770 2330 3835 aliis,
2356 3773 2443 3824 etsi
2467 3788 2555 3825 nec
2572 3772 2749 3825 ordine
2768 3781 2963 3825 servato
2986 3772 3179 3832 eodem.
3197 3788 3287 3824 nec
3310 3788 3543 3838 numero,
3566 3772 3735 3824 omnino

2189 3842 2490 3895 conveniunt
2534 3842 2630 3911 (b).
2677 3843 2781 3911 Sed
2831 3842 2917 3896 hic
2957 3843 3301 3907 Quesnellum
3340 3858 3441 3896 suo
3496 3857 3555 3897 se
3593 3840 3735 3910 gladio

2184 3910 2428 3981 jugulare
2454 3910 2570 3979 quis
2594 3910 2697 3969 non
2734 3913 2911 3967 videt?
2939 3912 3228 3967 Nobiscum
3253 3914 3400 3968 enim
3429 3914 3620 3969 fatetur
3640 3912 3739 3965 Bra-

2188 3997 2437 4039 carenses
2484 3984 2671 4038 Patres
2708 4000 2772 4039 ex
2824 3984 3020 4039 Leonis
3061 3986 3344 4038 sententiis
3384 3995 3439 4039 et
3469 3986 3641 4039 verbis
3666 3995 3738 4035 sua

2188 4058 2415 4125 capitula
2435 4066 2487 4109 et
2508 4055 2980 4110 anathematismos
2996 4057 3368 4112 concinnasse.
3386 4056 3565 4125 Atque
3578 4051 3743 4125 laudati

2189 4124 2431 4180 Bracarze
2484 4127 2669 4181 Patres
2714 4127 2865 4181 aiunt
2913 4142 2972 4181 se
3020 4138 3332 4194 prosecutos
3378 4124 3504 4182 esse
3545 4124 3741 4195 capitula

2184 4198 2294 4262 jam
2326 4197 2529 4265 pridem
2557 4198 2608 4252 in
2643 4197 2912 4264 Hispania:
2939 4197 3165 4253 concilio
3189 4213 3216 4251 a
3247 4198 3736 4259 Tarraconensibus,

2189 4267 2702 4337 Carthaginiensibus
2735 4269 2983 4324 Patribus
3009 4268 3149 4323 edita
3175 4278 3229 4323 et
3257 4272 3586 4338 conscripta.
3611 4268 3744 4337 igitur

2192 4340 2465 4409 utriusque
2492 4341 2705 4395 concilii
2728 4340 2938 4407 Patres,
2958 4340 3265 4409 apostolica:
3297 4340 3441 4396 sedis
3468 4340 3743 4395 instructio-

2190 4410 2344 4463 nibus
2374 4427 2437 4465 ac
2479 4410 2883 4465 deﬁnitionibus
2913 4411 3247 4466 :idliterentes
3272 4457 3287 4479 ,
3320 4412 3516 4466 cadent
3555 4409 3743 4465 omnino

2193 4484 2420 4549 capitula
2445 4482 2726 4553 ediderunt
2749 4494 2799 4536 et
2823 4483 3280 4550 conscripserunt.
3305 4481 3424 4537 Non
3452 4483 3615 4553 igitur
3634 4494 3745 4553 opus

2190 4563 2272 4605 est
2303 4563 2359 4608 ut
2401 4552 2518 4607 ﬁdei
2554 4554 2938 4621 professionem
2970 4553 3111 4607 illam
3143 4568 3264 4608 cum
3295 4550 3559 4623 subjectis
3588 4550 3745 4620 capiti-

2191 4624 2288 4677 bus
2311 4664 2325 4687 ,
2358 4635 2448 4678 aut
2481 4626 2812 4693 Augustino,
2852 4634 2945 4679 aut
2973 4625 3179 4680 incerto
3211 4624 3583 4681 Romanorum
3606 4636 3746 4680 cano-

2189 4709 2313 4747 ntnn
2343 4698 2545 4749 auctori
2576 4695 2965 4764 adjudicemus.

2258 4765 2309 4818 7.
2342 4766 2446 4821 Sed
2477 4782 2593 4820 eam
2620 4768 2739 4821 lidei
2769 4768 3152 4835 professionem
3186 4784 3291 4824 non
3325 4770 3478 4824 omni
3506 4781 3655 4823 naevo
3675 4778 3747 4819 ca-

2186 4851 2304 4890 rere
2326 4876 2339 4901 ,
2370 4848 2475 4891 tam
2521 4838 2839 4905 Quesnellus
2886 4855 3043 4905 quam
3076 4840 3380 4895 Harduinus
3416 4836 3750 4894 contendunt.

2186 4908 2526 4963 Arbitrantur
2574 4910 2713 4963 enim
2772 4911 3066 4966 auctiorem
3119 4911 3278 4966 modo
3325 4909 3576 4965 exhiberi
3616 4920 3749 4977 quam

2186 4980 2320 5052 oliui
2343 4994 2374 5032 a
2400 4979 2512 5034 suis
2540 4980 2846 5052 auctoribus
2869 4982 3096 5049 primum
3120 4984 3171 5036 in
3198 4984 3367 5037 lucem
3394 4981 3624 5052 prodiit;
3646 4991 3748 5052 cura

2183 5050 2435 5123 videlicet
2463 5052 2665 5123 mentio
2684 5048 2943 5107 habeatur
2958 5054 3318 5123 processionis
3337 5048 3577 5118 spiritus
3602 5048 3753 5105 sancti

2188 5136 2249 5174 ex
2295 5120 2449 5175 Patre
2478 5121 2745 5190 Filioque,
2786 5140 2905 5191 qua:
2957 5120 3116 5179 verba
3161 5124 3516 5179 recentiorem
3563 5134 3751 5174 mansti!

2190 5194 2400 5260 prodere
2428 5210 2525 5246 non
2548 5204 2619 5247 est
2642 5195 2727 5263 qui
2744 5194 2973 5249 dubitare
2991 5198 3172 5266 possit.
3194 5196 3307 5250 Hoc
3330 5196 3471 5249 ultro
3494 5208 3627 5266 sane
3643 5194 3757 5266 dare

2187 5278 2432 5337 possem,
2491 5261 2699 5337 mecum
2731 5266 2939 5337 deinde
2988 5261 3193 5337 singula
3242 5276 3509 5337 reputans,
3550 5261 3755 5318 di~sidia

2188 5349 2328 5411 qum,
2358 5336 2604 5411 Ph_utiani
2629 5336 2945 5411 scliismatis
2961 5336 3142 5411 causa,
3175 5337 3469 5411 catholicos
3499 5336 3755 5411 Romanos

2189 5408 2326 5482 inter
2347 5415 2399 5460 et
2420 5406 2656 5482 Graecos,
2692 5419 2879 5482 octavo
2908 5408 3160 5482 Ecclesia:
3188 5410 3388 5482 sagculo
3414 5415 3469 5463 et
3493 5406 3760 5482 sequenti-

2187 5475 2288 5531 bus
2312 5478 2671 5548 contigerunt.
2718 5480 2788 5534 At
2816 5494 2884 5535 ne
2913 5481 3139 5535 duorum
3186 5479 3493 5535 criticorum
3522 5475 3758 5548 censuris

2190 5543 2541 5617 subscribain,
2576 5566 2679 5606 non
2708 5558 2912 5607 tantum
2940 5551 3297 5609 Leoninorum
3324 5549 3559 5623 Operam
3584 5543 3757 5605 lectio-

566 5753 638 5819 (ι)
669 5754 993 5819 Quesnellus
1021 5769 1057 5809 ιι
1084 5753 1231 5817 parte
1247 5756 1484 5817 Onerum
1516 5755 1569 5813 S.
1604 5755 1824 5823 Leonis,
1850 5755 1902 5810 in
1932 5754 2070 5810 nctis
2090 5754 2155 5813 ad
2186 5754 2343 5823 epist.
2382 5754 2467 5809 l5.
