3968 6310
233 276 373 336 1049

773 278 861 334 DE
900 273 1627 336 PRISCILLIANISTARUM
1665 268 1941 328 HAERESI
1981 270 2066 324 ΕΤ
2108 271 2424 331 HISTORIA
2463 274 2665 334 LIBER
2708 277 2912 336 UNUS.

3359 275 3512 338 108οί

231 413 351 465 nes,
382 398 474 453 sed
504 406 557 452 et
600 397 1082 469 manuscriptorum
1096 401 1353 469 _vetustas
1381 394 1451 469 ad
1476 406 1594 461 quae
1626 402 1807 469 exem-
1836 388 1889 446 Α
1915 395 2216 455 oporteret,
2268 388 2311 444 si
2360 391 2569 469 singuia
2619 393 3227 469 annotare,‘et_dei_nde
3272 396 3498 469 rejicere

229 461 399 540 plaria
431 470 673 537 ejusdem
700 468 757 523 S.
794 461 1059 540 pontiﬁcis
1084 466 1256 540 Opera
1300 464 1576 540 exegimus
1597 501 1611 526 ,
1638 461 1808 527 impe-

231 535 386 595 diunt
406 535 471 595 et
486 535 801 611 prohibent.
825 539 1035 594 Etenim
1065 538 1191 611 mihi
1224 538 1291 611 de
1332 536 1439 611 hoc
1467 535 1718 603 dogmate
1745 544 1813 611 ex

232 612 427 667 Leonis
454 608 667 680 scriptis
689 610 975 680 inquirenti
1000 609 1149 663 varia
1171 608 1475 680 testimonia
1499 610 1811 680 occurrunt,

232 698 350 753 quae
374 683 482 755 jam
510 672 845 753 postmodum
877 681 1164 755 excitatam
1208 678 1558 755 quaestionem
1605 672 1811 755 persoi:

230 743 391 809 vunt:
410 743 532 809 Hice
558 755 697 809 inter
724 764 901 807 autem
926 743 1238 821 principem'
1254 752 1427 821 locum
1463 747 1659 821 habere
1683 743 1813 799 mihi

228 825 531 893 persuadeo
553 840 669 891 qure
699 834 882 897 contra
901 816 1299 897 Priscillianam
1334 820 1581 897 h'eresim
1615 816 1689 897 de
1710 830 1813 897 quia

228 886 436 965 agimus
466 886 698 969 scripsit.
725 895 1001 969 Siquidem
1029 892 1281 969 Turribio
1304 886 1812 969 QEEr-ISIJHCIGHI'I-

227 961 325 1021 cia)
355 977 407 1022 et
439 961 816 1035 Hispaniarum
840 965 1107 1036 episcoiiis
1134 978 1251 1032 quae
1295 962 1360 1036 de
1390 961 1665 1036 Trinitatis
1696 974 1806 1028 my-

226 1038 393 1091 sterio
439 1031 564 1093 sunt
606 1031 1245 1099 credenda'describeits,
1280 1034 1395 1087 sine
1437 1031 1544 1085 ullo
1591 1044 1810 1098 prorsus

225 1111 513 1164 verborum
566 1110 846 1163 involucro
870 1115 926 1162 et
955 1106 1329 1174 ambiguitate.
1377 1103 1649 1174 Spiritum
1688 1116 1811 1155 san-

200 1189 368 1234 .ctum
415 1196 441 1232 a
484 1180 641 1235 Patre
670 1190 725 1235 et
791 1178 926 1233 Filio
976 1172 1265 1244 procedere
1302 1175 1480 1229 docuit
1523 1181 1577 1228 et
1622 1172 1810 1227 defini-

227 1251 303 1305 vit
329 1250 428 1323 (a).
446 1250 624 1323 Primo
646 1254 816 1320 itaque
844 1247 1071 1323 capitulo
1090 1249 1465 1323 demonstratur
1485 1261 1640 1323 quain
1651 1246 1810 1323 impie

228 1312 447 1376 sentiant
470 1322 533 1376 de
561 1312 810 1376 Trinitate
835 1312 1036 1383 diuina,
1067 1320 1154 1389 qui
1181 1329 1226 1372 et
1261 1317 1464 1382 Patris,
1496 1312 1541 1369 et
1574 1312 1737 1379 Filii,
1762 1327 1808 1369 et

226 1393 458 1464 Spiritus
480 1396 643 1447 sancti
683 1410 839 1447 unam
866 1401 1017 1464 atque
1057 1392 1284 1464 eamdem
1310 1397 1542 1443 asserunt
1563 1404 1811 1464 esseper-

223 1457 425 1529 sonam,
459 1473 719 1533 tamquam
742 1464 875 1517 idem
908 1461 1044 1515 Deus
1071 1478 1205 1515 nunc
1230 1461 1407 1523 Pater,
1446 1475 1579 1533 nunc
1616 1457 1804 1526 Filius,

224 1551 364 1588 nunc
388 1532 616 1599 Spiritus
643 1547 847 1589 sanctus
884 1534 1171 1587 nominetur
1190 1574 1204 1598 ,
1240 1549 1329 1586 nec
1358 1532 1489 1585 alius
1519 1532 1582 1583 sit
1609 1533 1694 1599 qui
1722 1547 1807 1600 ge-

223 1608 366 1678 nuit,
391 1607 523 1660 alius
553 1608 637 1674 qui
666 1608 861 1678 genitus
886 1614 991 1678 est,
1009 1603 1140 1678 alius
1167 1604 1253 1673 qui
1275 1605 1344 1678 de
1362 1612 1579 1678 utroque
1606 1618 1806 1668 proces-

225 1677 312 1729 sit.
347 1676 450 1732 Sed
494 1674 684 1731 locum'
715 1678 855 1732 hunc
902 1674 1131 1744 Spiritus
1178 1674 1345 1728 sancti
1373 1689 1401 1725 a
1426 1674 1559 1726 Filio
1596 1688 1805 1743 quoque

227 1748 627 1823 processionem
661 1757 1014 1823 nonhtantum
1058 1746 1357 1823 significare
1377 1785 1390 1806 ,
1422 1745 1514 1823 s_e_d
1543 1750 1597 1823 et
1626 1746 1806 1813 cxpri-

226 1832 397 1879 mere,
427 1820 693 1873 neminem
723 1818 932 1873 diffiteri
963 1831 1119 1884 posse
1162 1817 1409 1870 arbitror.
1446 1815 1654 1869 Etenim
1682 1831 1803 1871 cum

227 1887 485 1957 Spiritum
537 1900 774 1943 sanctum
828 1889 895 1943 de
940 1896 1166 1956 utroque
1217 1886 1486 1957 procedere
1538 1885 1801 1957 alﬁrmet,

228 1955 386 2027 hujus
416 1960 806 2027 processioncm
838 1973 989 2027 atque
1028 1974 1056 2009 ιι
1086 1958 1242 2013 Patre
1271 1968 1322 2011 et
1341 1955 1479 2011 Filio
1508 1955 1802 2014 derivatam

222 2042 343 2081 esse
370 2039 596 2097 oportet.

288 2098 365 2153 Ita
399 2099 666 2172 profecto,
701 2100 884 2172 hocce
908 2100 1129 2172 Leonis
1154 2102 1460 2154 testimonio
1511 2104 1799 2172 adductus,

220 2171 569 2224 ratiocinatus
594 2180 675 2225 est
707 2170 1091 2240 Theodulphus
1124 2171 1259 2226 libro
1280 2172 1346 2225 de
1370 2172 1570 2240 Spiritu
1595 2170 1800 2240 sancto,

216 2240 305 2307 qui
338 2255 432 2308 pro
482 2242 735 2309 prasteriti
770 2242 1027 2312 temporis
1072 2257 1206 2297 voce
1256 2245 1500 2311 processit
1524 2286 1536 2306 .
1576 2245 1674 2299 hac
1702 2246 1804 2300 alia

215 2313 518 2383 praesentis,
536 2313 786 2367 nimirum
803 2314 1049 2380 procedit,
1066 2328 1193 2367 usus
1215 2324 1318 2367 est.
1337 2313 1644 2383 lnsignioris
1666 2328 1806 2371 notae

214 2381 481 2451 theologis
511 2394 769 2452 praeterea
789 2385 951 2440 verba
970 2384 1058 2438 illa
1072 2385 1395 2438 recentiorem
1413 2381 1624 2439 manum
1652 2387 1807 2442 mini-

210 2468 305 2524 ine
335 2454 722 2524 subolueruut,
758 2457 878 2524 qui,
908 2454 974 2510 ad
1007 2456 1335 2523 probandum
1367 2466 1551 2511 contra
1589 2457 1805 2513 Graecos

206 2521 380 2596 hujus
405 2523 669 2595 dogmatis
693 2521 743 2580 in
774 2521 1457 2596 Ecclesiaperpetuitatem,
1478 2542 1581 2582 non
1598 2538 1801 2585 tantum

206 2594 282 2647 ad
314 2594 508 2666 Leonis
536 2598 897 2651 testimonium
930 2594 1251 2666 provocant,
1282 2598 1375 2653 sed
1407 2598 1473 2652 ad
1503 2601 1646 2654 illam
1680 2600 1804 2656 ﬁdei

204 2665 607 2741 professionem
636 2683 793 2737 quam
824 2665 1065 2723 Toletani
1098 2671 1349 2723 lt‘OthiIii
1388 2669 1491 2723 PP.
1533 2672 1804 2741 adjudica-

204 2746 371 2812 runt:
398 2737 592 2812 \icrum
619 2740 915 2812 enimvero
938 2741 1127 2810 dogma
1162 2742 1326 2812 268
1353 2742 1491 2795 istud
1523 2737 1804 2810 processio-

200 2808 298 2880 {13's
336 2808 588 2880 Spiritus
612 2811 780 2865 sancti
810 2826 837 2863 a
871 2808 1032 2867 Patre
1058 2821 1111 2865 et
1152 2808 1422 2880 Filio'jam
1466 2808 1530 2866 in
1566 2814 1804 2867 Romana

204 2877 462 2951 Ecclesia
492 2879 624 2934 satis
667 2882 1034 2951 provulgalum
1068 2882 1263 2947 l'uiSse,
1311 2877 1541 2951 produnt
1568 2885 1673 2938 duo
1702 2885 1802 2938 alia

194 2949 271 3003 S.
306 2951 575 3016 pentiﬁcis
620 2949 947 3020 testimonia,
984 2949 1325 3008 sermonibus
1369 2955 1435 3007 de
1487 2954 1805 3010 Pentecoste

196 3034 497 3094 exiiressa,
529 3038 648 3090 qua:
676 3023 762 3078 hic
794 3024 1059 3079 indicasse
1088 3024 1342 3078 sufﬁciat.
1380 3025 1455 3079 De
1484 3026 1678 3094 quibus
1709 3025 1806 3078 ali-

198 3107 317 3167 qua
346 3092 585 3167 dicemus
614 3094 665 3148 in
694 3096 840 3150 notis
863 3095 927 3149 ad
955 3096 1171 3150 eosdem
1203 3092 1515 3167 sermones,
1544 3112 1679 3167 quos
1710 3110 1806 3151 no-

201 3162 297 3217 vis
322 3164 459 3235 typis
488 3168 731 3235 sequenti
763 3177 906 3221 tomo
934 3167 1314 3221 adornabimus
1346 3166 1441 3238 (b).

820 3279 1045 3335 CAPUT
1084 3279 1221 3335 XVI.

197 3399 294 3449 An
322 3392 449 3467 ﬁdei
478 3393 568 3446 illa
596 3392 846 3461 professio
874 3392 1137 3467 Toletanis
1164 3393 1283 3467 PP.
1308 3395 1607 3460 adiudicata
1633 3397 1809 3467 Augw

291 3464 412 3517 stini
440 3467 624 3534 stylum
658 3472 704 3515 et
732 3474 935 3519 aetatem
960 3465 1207 3518 redoleat.
1233 3465 1415 3520 Adhuc
1445 3483 1696 3521 canonum
1716 3464 1807 3522 co-

290 3536 507 3588 dicema
538 3534 812 3600 Quesnello
856 3535 1045 3589 editum
1095 3536 1228 3603 falso
1275 3536 1516 3592 Ecclesia:
1557 3538 1807 3593 Romana:

285 3622 393 3660 esse
421 3606 777 3678 adjudicatum
808 3608 1114 3661 ostenditur.

287 3728 339 3779 1.
370 3724 476 3780 Sed
527 3725 736 3783 inﬁrma
780 3725 868 3780 illa
916 3737 1022 3779 tum
1061 3727 1333 3793 Quesnelli
1378 3737 1486 3781 tum
1542 3728 1803 3783 Iiarduini

187 3796 563 3868 annotatione
586 3806 792 3866 erepta.
818 3806 870 3851 et
897 3798 960 3850 iis
984 3798 1200 3868 rejectis
1222 3799 1412 3868 quibus
1439 3799 1559 3853 ﬁdei
1591 3800 1802 3856 laudata

186 3867 478 3939 professio
504 3884 626 3922 cum
666 3868 923 3936 subjectis
970 3867 1255 3939 capitulis,
1294 3885 1389 3925 seu
1440 3872 1800 3927 anathemati-

188 3940 347 3997 smis
371 3980 383 4002 ,
416 3940 533 4011 aliis
566 3954 845 4011 perperam
878 3956 1035 4009 quam
1086 3941 1247 3995 Leoni
1283 3952 1335 3995 et
1376 3942 1644 4011 llispanite
1689 3945 1802 4011 epi-

186 4011 391 4078 scopis
448 4010 881 4079 adjudicabatur,
932 4011 1107 4066 adhuc
1153 4012 1220 4066 de
1261 4010 1543 4082 Augustini
1585 4010 1800 4082 scriptis

187 4084 481 4139 disserere
511 4090 757 4151 oportet,
786 4083 925 4136 inter
964 4098 1082 4151 quae
1124 4082 1264 4137 istud
1297 4093 1701 4136 monumentum
1733 4085 1800 4140 de

186 4169 318 4225 quo
340 4154 553 4225 agimus
578 4153 787 4225 auctius
806 4152 1030 4225 quidem
1064 4154 1245 4225 locum
1269 4153 1466 4208 habere
1492 4169 1628 4208 unus
1659 4154 1800 4221 Que-

184 4224 419 4281 Snelltts
448 4224 742 4279 contendit.
776 4224 922 4280 Hanc
952 4224 1026 4278 ait
1055 4239 1082 4278 a
1116 4224 1366 4293 Magistro
1400 4225 1798 4281 Sententiarum

182 4296 305 4351 lib.
344 4310 424 4362 tu,
454 4295 575 4349 dist.
610 4295 700 4359 Ἣ,
733 4296 832 4350 sub
860 4298 1041 4358 linem,
1080 4296 1142 4348 iis
1175 4294 1351 4349 verbis
1386 4296 1624 4349 laudari:
1665 4314 1683 4346 ‹
1720 4313 1800 4349 se-

183 4366 436 4421 cundum
462 4383 615 4436 quant
647 4368 896 4420 rationem
936 4364 1156 4488 (inquii)
1199 4367 1321 4418 dicit
1357 4366 1702 4434 Augustinus,
1738 4366 1800 4423 Si

183 4438 324 4488 auis
356 4436 544 4488 dixerit
571 4483 584 4488 _
611 4447 761 4488 ataue
789 4439 1059 4488 crediderit
1146 4438 1291 4488 ilium
1325 4436 1438 4488 Dei.
1473 4436 1637 4488 Deum
1682 4455 1799 4488 nas-

181 4438 324 4507 quis
356 4436 544 4493 dixerit
571 4483 585 4505 ,
611 4447 761 4505 atque
789 4439 1059 4492 crediderit
1094 4436 1291 4490 Filium
1325 4436 1438 4503 Dei,
1473 4436 1637 4490 Deum
1679 4455 1799 4508 pas-

181 4526 345 4593 sum,
376 4508 644 4593 anathema
674 4509 964 4591 sit..Locus
996 4509 1094 4579 (ait
1121 4508 1258 4563 idem
1293 4508 1568 4590 Parisinus
1598 4509 1794 4580 editor)
1820 4533 1874 4593 Β

183 4579 497 4649 Augustini
530 4580 594 4633 ad
626 4580 916 4648 marginem
947 4588 1160 4633 notatus
1188 4580 1506 4644 recentiori,
1539 4589 1589 4632 ut
1625 4579 1789 4647 puto,

182 4666 375 4706 manu
407 4659 521 4704 est:
549 4650 729 4706 Sermo
757 4653 819 4704 de
851 4650 1000 4712 Fide,
1033 4652 1119 4719 qui
1149 4660 1219 4704 est
1241 4651 1275 4704 ὅ
1302 4652 1351 4703 in
1383 4652 1512 4719 feria
1540 4650 1573 4704 5
1602 4652 1654 4704 in
1682 4651 1794 4706 Cae-

180 4740 277 4778 na
307 4721 542 4776 Domini.
572 4722 795 4789 Revera,
826 4731 955 4776 tom.
988 4721 1034 4775 X
1061 4724 1292 4789 Operum
1324 4723 1437 4790 ejus
1464 4731 1639 4777 exstat
1681 4738 1795 4777 ser-

180 4808 297 4849 mo
333 4792 437 4847 129
465 4792 529 4847 de
563 4802 823 4861 tempore,
856 4792 923 4847 de
951 4792 1079 4848 Fide
1106 4801 1249 4847 recta
1292 4793 1601 4863 inscriptus,
1636 4809 1792 4864 quem

176 4869 259 4921 iu
284 4864 637 4933 appendicem
663 4880 769 4918 noti
802 4864 1104 4934 rejecerunt
1131 4864 1382 4919 doctores
1405 4866 1792 4930 Lovanienses,

178 4954 269 4991 ac
292 4935 518 5005 proinde
538 4936 981 5004 Augustinianum
1006 4935 1166 4991 fetmn
1184 4950 1304 4991 esse
1316 4946 1635 4991 censuerunt
1661 4936 1755 5007 (c).
1771 4956 1789 4989 ι

179 5008 485 5062 Hactenus
540 5007 891 5073 Quesnellus,
956 5008 1081 5076 qui,
1140 5009 1212 5062 ita
1278 5022 1494 5062 suarum
1565 5008 1794 5076 partium

176 5077 394 5134 studio
424 5079 710 5147 abreptus,
742 5078 941 5143 varias,
982 5080 1075 5132 sed
1116 5078 1417 5134 levissimas
1461 5088 1515 5133 et
1561 5081 1698 5134 inter
1737 5094 1797 5136 se

178 5156 537 5222 pugnantes,
572 5164 669 5222 nec
699 5148 764 5203 ad
789 5149 1117 5222 propositum
1149 5150 1425 5213 facientes.
1460 5150 1798 5219 conjecturas

172 5219 265 5293 in
290 5219 725 5293 medimnaﬁ'ert,
754 5233 812 5276 ut
838 5220 1287 5293 nugisdumtaxat
1308 5230 1364 5274 et
1387 5222 1586 5289 verbis,
1612 5238 1799 5293 quem-

166 5290 503 5349 admodum
537 5292 835 5360 legentibus
865 5290 1097 5361 patebit,
1127 5302 1336 5346 certare
1377 5294 1457 5347 vel
1511 5290 1695 5349 ludere
1722 5294 1801 5349 vi-

166 5367 424 5422 deatur.
461 5365 572 5430 Qua
602 5364 654 5418 in
686 5379 744 5419 re
771 5363 1109 5435 explicanda,
1145 5377 1243 5418 nos
1272 5372 1421 5420 certo
1462 5365 1655 5421 multos
1681 5380 1802 5422 esse

284 5499 364 5643 (ag
392 5500 591 5555 Leonis
622 5504 851 5572 epistola
878 5503 943 5557 ad
976 5504 1308 5573 Turribium,
1333 5520 1450 5575 cap.
1478 5505 1529 5560 1.

286 5574 338 5643 (b
396 5573 503 5626 Leo
536 5572 777 5643 Magnus,
813 5590 976 5631 serm.
1012 5578 1035 5630 1
1070 5576 1136 5631 de
1162 5575 1529 5643 Pentecoste“

286 5572 364 5643 (b)
396 5573 503 5646 Leo
536 5572 777 5643 Magnus,
813 5590 976 5631 serm.
1012 5578 1035 5630 1
1070 5576 1136 5631 de
1162 5572 1497 5643 Pentecoste,
1525 5590 1639 5646 cap.
1668 5579 1719 5644 3,
1749 5586 1803 5633 et

158 5658 381 5704 serm.
415 5645 473 5707 2,
506 5659 623 5713 cap.
652 5647 705 5700 2.

289 5714 363 5795 (c_)
392 5714 734 5795 Qtiestieiltts,
770 5720 898 5776 diss.
940 5721 1026 5791 Μ,
1069 5719 1135 5775 de
1174 5719 1393 5777 Libellis
1427 5720 1477 5776 in
1516 5720 1635 5777 cod.
1673 5734 1800 5778 con-

161 5788 399 5851 tentis,
434 5801 583 5842 num.
608 5788 655 5843 8.

1918 471 2268 525 cuperemus,
2302 478 2421 530 quae
2465 464 2658 517 ibidem
2691 465 3019 521 comminisci
3068 466 3218 520 nisus
3254 464 3355 521 est.
3390 467 3496 523 Sed

1916 531 2267 611 quiestionem
2301 534 2365 586 ad
2395 534 2637 611 qumdam
2691 536 2974 600 peculiaria
3018 539 3188 611 capita
3236 537 3493 593 reducere

1918 602 2091 675 satius
2106 602 2367 666 ducimus,
2401 613 2463 659 ut
2485 606 2607 661 inde
2629 615 2880 675 quantum
2911 621 2937 661 a
2960 602 3180 664 veritate
3208 613 3495 665 recesserit

1919 672 2197 745 perspicue
2228 676 2608 745 intelligamus.

1986 742 2040 819 2.
2074 742 2142 797 Et
2171 746 2342 813 primo
2370 742 2580 816 quidem
2616 750 2973 819 Augustinus,
3005 765 3144 805 anno
3174 752 3279 807 595
3302 794 3317 817 ,
3365 767 3486 807 cum

1916 812 2097 890 adhuc
2118 812 2261 890 esset
2292 812 2600 890 presbyter,
2632 812 2913 875 occasione
2945 812 3489 890 Hipponensis-gene-

1916 885 2042 937 ralis
2073 886 2267 940 Africte
2289 885 2501 943 concilii
2536 900 2642 943 tmn
2678 893 2728 944 in
2759 885 3058 947 secretario
3078 894 3306 948 basilice
3328 885 3489 951 Pacis

1917 955 2101 1036 babiti,
2130 972 2317 1036 contra
2372 961 2693 1036 Maniclta'os
2733 962 3041 1032 disputans,
3092 965 3160 1036 ita
3187 964 3254 1018 de
3297 966 3488 1020 divinis

1915 1026 2168 1104 disseruit
2192 1034 2458 1104 personis,
2492 1041 2549 1087 ut
2580 1048 2676 1088 nec
2720 1026 2878 1087 unam
2910 1026 3157 1104 loquendi
3205 1036 3486 1092 formulam

1916 1097 2145 1152 laudata:
2180 1097 2529 1170 profeSSionis
2580 1103 2749 1159 verbis
2800 1097 3013 1160 afﬁnem
3064 1105 3343 1173 adhibeat,
3391 1124 3489 1162 nec

1916 1184 2076 1246 unum
2109 1186 2171 1225 ex
2206 1174 2308 1246 illis
2336 1176 2641 1236 erroribus,
2675 1189 2763 1229 aut
2796 1191 3038 1230 errorum
3086 1176 3317 1231 fontibus
3352 1194 3488 1246 quos

1917 1239 2122 1294 laudata
2157 1245 2419 1318 professio
2448 1246 2644 1318 indicat
2682 1254 2734 1301 ct
2756 1250 3006 1318 exprimit
3037 1249 3238 1311 innuat,
3270 1239 3490 1315 impetat

1912 1319 2070 1380 atque
2097 1314 2299 1387 refellat
2330 1316 2431 1386 (ά).
2472 1317 2639 1373 Ιηιιηο
2670 1318 2712 1371 si
2740 1314 2929 1373 scdulo
2960 1333 3020 1374 ea
3050 1335 3168 1386 qua:
3194 1320 3259 1372 de
3288 1314 3489 1387 spiritu

1912 1394 2098 1435 saneto
2126 1385 2193 1438 ibi
2225 1385 2361 1439 dicta
2392 1385 2518 1443 Sunt
2539 1390 3050 1455 animadvertamus,
3076 1385 3490 1445 EcclesieAlri-

1913 1468 1990 1534 ξω
2020 1455 2317 1534 doctrinam
2345 1459 2655 1534 longissime
2678 1460 2744 1515 ab
2770 1462 3082 1534 apostolica:
3110 1463 3253 1534 sedis
3277 1460 3488 1515 institu-

1915 1526 2151 1600 ﬁonibus
2180 1538 2289 1600 tum
2319 1526 2573 1599 abfuisse,
2607 1526 2845 1586 veritatis
2873 1534 3108 1587 cultores
3152 1533 3484 1600 iudicabunt.

1913 1595 2063 1678 Tunc
2096 1599 2292 1652 ctenim
2326 1595 2693 1678 nondumtam
2722 1605 2938 1678 copiose
2956 1618 2983 1656 a
3009 1595 3181 1678 doctis
3202 1612 3257 1659 et
3282 1604 3488 1678 magnis

1911 1666 2214 1744 divinarum
2243 1686 2419 1725 rerum
2452 1674 2720 1743 magistris
2752 1666 2851 1728 hoc
2880 1675 3073 1744 dogma
3104 1676 3272 1729 fuerat
3300 1666 3486 1742 dis'pu-

1837 1776 1885 1835 Β
1913 1740 2367 1835 iant-uniiidcirco
2396 1761 2515 1799 cum
2547 1740 2660 1835 llei.
2683 1740 3035 1835 daitumnesse
3083 1740 3479 1827 priedicabant,

1912 1823 2017 1888 non
2030 1821 2225 1888 lumen
2252 1823 2518 1888 tamquam
2554 1813 2751 1869 Filium
2778 1817 2840 1870 de
2868 1816 3025 1870 Patre
3044 1813 3287 1888 genitum,
3314 1832 3487 1887 neque

1912 1880 1978 1960 de
2018 1879 2160 1935 Filio
2192 1879 2506 1953 productum
2558 1898 2828 1955 tamquam
2877 1879 3066 1943 l’atris'
3094 1879 3366 1960 nepotem,
3398 1879 3489 1942 aut

1910 1952 2165 2029 d_uo_esse
2196 1952 2381 2011 rerum
2431 1952 2882 2025 omnium'prima
2915 1952 3206 2029 principia,
3238 1970 3295 2013 ut.
3324 1959 3487 2014 Mani-

1913 2022 2046 2077 cltmi
2094 2040 2376 2100 perperam
2414 2022 2776 2097 opinabantur
2817 2022 2929 2100 (e).'
2956 2028 3033 2084 De
3076 2022 3277 2099 Spiritu
3314 2042 3487 2085 sancto

1909 2104 2076 2147 autem
2104 2098 2221 2168 (ait)
2258 2101 2489 2172 nondum
2521 2114 2625 2157 tam
2653 2098 2940 2172 copioseac
2964 2103 3232 2172 diligenter
3260 2102 3487 2172 disputa-

1911 2176 2015 2218 tum
2061 2176 2132 2221 εει
2172 2189 2203 2224 a
2233 2171 2391 2223 doctis
2424 2182 2472 2225 et
2524 2173 2719 2239 magnis
2767 2171 3068 2225 divinarum
3101 2171 3489 2243 Scripturarum

1911 2243 2296 2314 tractatoribus,
2320 2252 2372 2295 ut
2397 2243 2611 2313 intelligi
2638 2243 2791 2312 facile
2822 2244 2975 2314 possit
3007 2253 3052 2298 et
3081 2247 3191 2314 ejus
3225 2244 3489 2314 proprium

1910 2324 2010 2384 quo
2033 2315 2238 2380 proprio
2265 2313 2351 2380 lit,
2388 2325 2441 2366 ut
2467 2312 2581 2367 cunt
2613 2331 2773 2383 neque
2814 2312 3008 2367 Filium
3030 2357 3043 2378 ,
3088 2312 3245 2384 neque
3283 2313 3488 2367 Patrem

1912 2380 2079 2457 dicere
2105 2384 2373 2457 possimus,
2407 2385 2494 2457 sfd
2527 2380 2722 2438 tantum
2748 2385 2911 2457 269
2933 2380 3183 2457 Spiritum
3220 2394 3485 2451 sanctum,

1911 2450 2009 2504 nisi
2030 2450 2165 2518 quad
2197 2454 2389 2507 donum
2416 2453 2511 2510 Dei
2543 2471 2645 2510 esse
2676 2450 2991 2525 pra—dicant,
3037 2466 3089 2509 ut
3126 2455 3291 2510 Deum
3318 2458 3487 2510 creda-

1911 2538 2022 2575 mus
2058 2540 2157 2577 non
2196 2527 2359 2595 seipso
2384 2526 2595 2593 inferius
2635 2528 2822 2579 domtm
2865 2528 3007 2579 dare.
3041 2526 3255 2583 Servant
3284 2537 3449 2583 tamen
3472 2570 3485 2591 ,

1910 2602 1963 2667 ut
1991 2610 2091 2647 non
2120 2597 2346 2665 genitum
2374 2597 2628 2667 Spiritum
2659 2608 2892 2651 sanctum
2919 2608 3176 2666 tamquam
3202 2596 3397 2652 Filium
3428 2599 3488 2651 de

1911 2662 2069 2736 I_’atre
2100 2662 2623 2736 pi'a'diceitt,'urticus
2667 2671 2796 2722 enim
2825 2680 2897 2722 est
2924 2662 3176 2722 Christus.
3208 2668 3387 2736 Neque
3428 2670 3490 2721 de

1908 2731 2051 2787 Filio
2082 2731 2339 2806 tamquam
2382 2750 2610 2807 nepotem
2660 2742 2843 2793 summi
2882 2738 3054 2792 Patris
3076 2780 3090 2805 ,
3122 2754 3211 2791 nec
3242 2731 3407 2793 tamen
3439 2739 3491 2791 id

1908 2807 2043 2874 quod
2070 2818 2141 2861 est
2172 2811 2301 2862 nulli
2326 2810 2524 2873 debere,
2549 2812 2635 2863 sed
2670 2809 2818 2862 Patri
2841 2826 2902 2863 ex
2944 2825 3043 2878 quo
3082 2810 3272 2875 omnia,
3303 2826 3363 2862 ne
3390 2810 3490 2863 duo

1909 2878 2277 2931 constituamus
2300 2882 2553 2949 principia
2575 2883 2683 2934 sine
2701 2881 2976 2951 principio,
3001 2880 3136 2950 quod
3157 2879 3488 2949 falsissimum

1915 2958 2009 3008 est,
2044 2957 2088 3020 et
2116 2952 2612 3015 absurdissimtmt,et
2643 2950 2745 3003 nan
2773 2950 3037 3004 catholij
3062 2951 3184 3019 ﬁdei
3202 2993 3216 3016 ,
3242 2951 3331 3004 sed
3361 2967 3488 3020 quo-

1908 3018 2147 3072 rumdam
2172 3020 2526 3092 Itrcreticornm
2549 3024 2831 3092 proprium.
2857 3021 2990 3075 Cum
3024 3018 3204 3092 itaque
3232 3018 3483 3090 Augusti-

1910 3091 1965 3143 ni
1998 3100 2154 3143 zntatc
2182 3091 2246 3145 de
2268 3092 2497 3159 Spiritus
2520 3091 2687 3148 sancti
2714 3093 3054 3161 processione
3083 3092 3241 3145 nimis
3261 3094 3484 3146 obscura

1832 3158 1878 3221 C
1912 3162 2050 3229 apud
2079 3163 2235 3215 Atros
2266 3158 2491 3231 qumstio
2517 3176 2682 3228 esset,
2713 3158 2895 3218 l’atrcs
2928 3164 2978 3217 in
3010 3164 3176 3217 sacris
3200 3162 3489 3231 Scripturis

1916 3232 2145 3305 eruditi,
2182 3238 2303 3287 eum
2340 3233 2618 3305 dumtaxat
2658 3236 2851 3297 Deum,
2882 3234 3107 3295 donum,
3140 3234 3487 3305 dilectionem,

1914 3320 2017 3356 non
2058 3301 2281 3364 Filium,
2315 3321 2415 3375 non
2447 3303 2618 3375 Patris
2660 3315 2886 3375 nepotem
2924 3304 3283 3375 appellabant.
3329 3301 3488 3359 Num;

1952 3390 2069 3427 uani
2099 3390 2225 3429 vero
2254 3391 2281 3428 a
2308 3374 2465 3428 Patre
2492 3386 2535 3430 et
2564 3373 3006 3446 Filio‘tamquani
3036 3374 3103 3429 ab
3134 3375 3287 3431 unico
3310 3391 3473 3445 procc

1956 3455 2133 3499 cntem
2180 3446 2441 3515 principio
2485 3448 2861 3514 pra-dicarunt.
2909 3448 3024 3515 Qua
3076 3447 3283 3501 ratione
3331 3446 3488 3517 igitur

1913 3515 2026 3570 haec
2054 3517 2329 3572 cohaerere
2358 3529 2579 3586 possunt
2626 3534 2747 3573 cum
2780 3518 3089 3587 apostolicae
3129 3517 3274 3573 sedis
3300 3515 3489 3573 doctriv

1911 3602 1999 3653 na,
2034 3590 2166 3643 satis
2188 3603 2249 3643 ea
2274 3589 2327 3642 in
2358 3588 2701 3659 professione
2721 3604 2997 3657 exiiressa,
3029 3604 3146 3659 qua:
3187 3588 3344 3659 longe
3371 3589 3488 3644 aliis

1908 3659 2224 3731 clarioribus
2271 3662 2883 3731 congruentioribusque
2937 3659 3192 3725 loquendi
3246 3659 3489 3715 formulis

1908 3736 1963 3785 et
1988 3729 2271 3799 phrasibus
2295 3735 2491 3786 referta
2516 3732 2630 3787 est?
2653 3729 2900 3787 Profecto
2927 3733 2970 3787 si
2990 3731 3129 3801 apud
3148 3731 3307 3786 Afros
3330 3732 3488 3785 etiam

1909 3802 2222 3869 apostolica:
2253 3802 2396 3857 sedis
2428 3804 2676 3872 loquendi
2709 3803 2933 3873 phrases
2981 3806 3032 3857 in
3065 3817 3166 3873 usu
3196 3802 3486 3873 venissent,

1908 3874 2262 3939 Augustinum
2294 3876 2355 3927 iis
2381 3875 2457 3927 uti
2484 3872 2723 3929 maxime
2747 3875 2973 3929 decebat
3018 3874 3070 3927 in
3102 3872 3223 3926 ﬁdei
3251 3881 3305 3926 et
3330 3872 3488 3941 Sym-

1905 3942 2011 4013 boli
2041 3945 2397 4013 expositione.
2430 3947 2571 4009 Quas
2599 3960 2719 3999 cum
2759 3961 2865 3999 non
2910 3942 3238 4006 adhibuerit,
3261 3957 3381 4013 cum
3421 3942 3489 3996 do

1905 4012 2307 4078 Spiritusancto
2335 4016 2563 4067 nondum
2584 4026 2686 4068 tam
2710 4016 2918 4084 capiose
2934 4022 2980 4066 et
3010 4013 3277 4084 diligenier
3302 4012 3493 4083 dispu-v

1905 4092 2065 4137 totum
2092 4090 2316 4154 fuerata
2357 4087 2518 4138 doctis
2559 4096 2603 4137 et
2640 4080 2837 4153 magnis
2866 4080 3157 4136 divinarum
3191 4080 3489 4154 Scriptura-

1903 4170 2018 4207 rum
2048 4152 2433 4217 tractatoribus,
2464 4155 2515 4209 id
2548 4169 2678 4209 sane
2699 4152 3014 4223 argumento
3054 4161 3137 4205 est
3158 4191 3173 4215 ,
3221 4152 3486 4223 laudatam

1906 4226 2027 4279 fidei
2058 4226 2446 4295 professionem
2476 4241 2581 4279 non
2625 4223 2906 4294 Augustini
2956 4232 3201 4290 mtatem,
3254 4222 3486 4293 stylttm,

1902 4295 2199 4350 doctrinam
2234 4296 2476 4350 redolere
2520 4311 2699 4365 posse.

1976 4368 2024 4421 5.
2071 4367 2176 4422 Sed
2209 4381 2305 4420 nec
2347 4363 2738 4433 Quesn‘elliana:
2766 4364 3004 4435 opinioni
3036 4365 3186 4421 ﬁrma
3234 4363 3486 4433 suppedi-

1904 4448 2017 4494 tant
2045 4448 2356 4509 argumenta
2383 4478 2397 4501 ,
2430 4438 3016 4509 veliqum'AAugustinus
3040 4437 3149 4505 jam
3184 4436 3250 4492 ad
3279 4438 3486 4505 episco-

1904 4520 2081 4579 patum
2117 4507 2433 4577 assumptus
2463 4508 2530 4562 ad
2561 4507 2736 4563 Orosii
2778 4508 3228 4565 consultationem
3260 4522 3487 4574 resinat-

1904 4583 2017 4646 dit;
2051 4580 2133 4634 vel
2165 4596 2284 4650 qua:
2316 4581 2366 4633 in
2408 4580 2526 4635 aliis
2568 4579 2853 4647 Operibus,
2898 4588 2953 4634 et
2991 4580 3325 4649 potissimum
3356 4579 3487 4634 libro

1903 4652 1971 4708 de
2002 4653 2328 4723 liceresibus,
2362 4666 2504 4723 anno
2540 4650 2645 4705 428
2673 4652 3007 4723 conscripto,
3046 4652 3265 4723 legenda
3295 4666 3487 4706 occur-

1905 4732 2046 4779 runt.
2080 4722 2222 4777 Nihil
2254 4724 2447 4791 quippe
2479 4722 2678 4793 habent
2709 4722 2972 4790 ejusmodi
3002 4722 3286 4793 Augustini
3315 4725 3488 4792 Opera

1906 4811 1969 4850 ex
2014 4795 2205 4865 quibus
2234 4794 2429 4863 conjici
2464 4792 2631 4862 possit
2668 4809 2785 4865 eam
2832 4793 2957 4849 fidei
2990 4792 3378 4864 professionem
3424 4795 3488 4865 de

1906 4882 2007 4935 qua
2033 4864 2239 4935 agimus
2268 4866 2558 4933 genuinum
2588 4864 2829 4933 ejusdem
2861 4880 2979 4919 esse
3002 4866 3188 4921 fetum.
3225 4866 3277 4918 In
3306 4864 3490 4935 primis

1908 4934 2087 5007 itaque
2114 4935 2255 5006 quod
2286 4936 2352 4991 ad
2392 4936 2586 4991 librum
2613 4945 2799 4991 contra
2831 4936 3263 5007 Priscillianistas
3285 4934 3489 5007 etiOri;

1905 5003 2144 5079 genistas
2172 5008 2366 5079 Orosio
2404 5008 2718 5079 inscriptum
2751 5007 2979 5079 attinet,
3029 5006 3246 5060 minime
3290 5003 3489 5079 aliquid

1907 5075 2027 5135 huic
2057 5079 2181 5134 ﬁdei
2211 5078 2534 5149 professioni
2559 5079 2737 5133 simile
2762 5076 2853 5149 vel
2875 5086 3295 5132 consentaneum
3330 5075 3380 5128 in
3424 5089 3488 5149 eo

1904 5151 2170 5208 contineri
2212 5144 2623 5205 arbitrabuntur
2684 5148 2774 5217 qui
2842 5147 3006 5203 hocce
3071 5162 3205 5216 opus
3262 5144 3491 5215 propriis

1904 5224 2074 5280 oculis
2105 5222 2401 5277 lustrarunt
2444 5222 2542 5291 ff).
2577 5220 2633 5275 In
2683 5217 2919 5291 exordiis
2960 5218 3103 5271 enim
3149 5217 3352 5291 fatetur
3386 5231 3491 5269 non

1905 5294 2154 5350 omnibus
2182 5293 2236 5347 in
2268 5288 2893 5347 Orosiicommonitorio
2915 5288 3193 5358 expressis
3220 5302 3277 5342 se
3307 5302 3493 5358 occur-

1906 5381 2027 5423 rere
2056 5364 2195 5420 velle
2225 5380 2239 5423 ς
2271 5363 2409 5419 Nam
2439 5364 2493 5418 in
2530 5360 2831 5431 quibusdam
2866 5355 3128 5430 opusculis
3156 5361 3345 5413 nostris
3374 5355 3491 5430 (ait)

2010 5506 2065 5578 ά)
2092 5506 2172 5561 Ex
2207 5505 2299 5560 lib.
2331 5502 2885 5578 t,gRetr_actati_onum‘
2900 5516 3017 5578 cap.
3054 5500 3140 5578 17.

2010 5507 2065 5578 d)
2092 5507 2172 5561 Ex
2207 5507 2299 5560 lib.
2331 5522 2371 5571 ι,
2401 5507 2869 5559 Retractationum
2900 5516 3017 5572 cap.
3054 5507 3140 5554 17.

1986 5507 2058 5650 le)
2088 5580 2312 5650 August.
2341 5576 2479 5650 libro
2510 5574 2582 5650 de
2610 5573 2741 5629 Fide
2774 5580 2829 5628 et
2855 5571 3336 5650 Symbolo__t_:ap._9.

1986 5585 2036 5650 (e
2088 5585 2312 5647 August.
2342 5585 2479 5631 libro
2510 5585 2576 5629 de
2611 5585 2741 5629 Fide
2774 5585 2829 5628 et
2855 5585 3112 5643 Symboto
3142 5587 3259 5642 cap.
3283 5585 3336 5627 tr.

1978 5585 2058 5721 (fg
2098 5648 2259 5705 Libro
2308 5646 2375 5702 ad
2432 5646 2677 5721 Qrosium
2706 5654 2912 5721 contra
2962 5644 3392 5721 Priscillianistas
3442 5646 3495 5699 et

1910 5715 2265 5794 Orig'enistas,
2296 5734 2413 5791 cap.
2444 5718 2466 5773 1
2494 5760 2506 5787 ,
2542 5726 2670 5773 ιοπι.
2706 5715 2838 5783 Vill,
2865 5730 2984 5788 pag.
3015 5715 3142 5772 158.
