3968 6310
481 323 626 381 1055

1088 318 1146 373 Ρ.
1188 312 1509 372 CACCIARI
1546 303 2145 367 EXEBCITATIONI‘ZS

2186 305 2248 359 IN
2288 307 2344 362 s.
2388 306 2632 366 LEONIS
2672 308 2886 366 MAGNI
2924 290 3174 367 orena.’
3612 312 3725 374 was

487 435 610 504 bus,
641 443 751 486 tum
780 430 1041 504 in_sacris
1069 428 1295 504 vetustis
1342 424 1698 481 monumentis
1728 421 1949 491 legenda
1975 434 2069 504 (ξιξ-
2099 423 2159 479 A'
2179 418 2323 473 Iitico
2349 420 2470 504 jure
2512 422 2800 504 insignitis,
2837 424 3218 504 episcoporum
3266 432 3723 504 congregandorum

486 491 748 569 curiunt,
798 501 865 557 ad
914 500 1228 556 memoriam
1284 512 1637 560 revocemus,
1678 506 1937 569 nusquam
1986 491 2072 545 hic

490 565 922 630 Priscillianistas
966 572 1200 627 latitasse
1230 579 1321 624 aut
1357 569 1670 623 immoratos
1715 565 1877 619 fuisse
1907 577 2070 630 repe-

489 647 711 701 riemus.
758 645 865 700 Sed
908 641 1334 714 Manichaeos‘ex
1378 639 1557 714 Africa
1598 632 2072 714 adV'enientessuh

494 716 686 772 Siricio
726 730 858 784 papa
904 715 957 787 in
990 713 1185 769 Urbem
1214 711 1593 787 sihiconfugia
1625 708 1923 787 quassiisse,
1954 705 2073 787 lati-

496 787 617 840 bula
648 779 883 855 parasse,
914 784 1218 853 frequentes
1247 782 1497 855 habuisse
1521 779 1811 855 sacrilegus
1839 779 2069 855 turpitu-

491 849 676 911 dinum
709 849 1032 919 conventus,
1064 856 1128 906 ad
1157 869 1289 921 quos
1315 853 1538 906 Romani
1580 852 1677 905 viri
1708 859 1762 904 et
1797 849 2068 909 mulieres,

496 937 763 998 tamquam
802 927 945 981 electi
972 936 1017 979 et
1044 928 1233 991 electae,
1263 924 1739 998 acciti‘eonvenire
1778 932 2074 998 consueve-

495 992 639 1065 rant,
684 998 1111 1067 explorotissima
1138 1011 1230 1070 res
1258 1006 1358 1070 est.
1406 995 1515 1061 Qua
1549 994 1757 1070 ve_ro_in
1788 992 2071 1070 urhe_cnrn

492 1062 659 1139 usque
688 1062 1023 1138 ad'qttartum
1068 1067 1151 1122 vel
1188 1067 1429 1132 quintum
1460 1067 1629 1120 sancti
1670 1062 1866 1139 Leonis
1897 1062 2072 1129 Magni

492 1135 832 1208 pontificatus
886 1155 1082 1193 annum
1135 1140 1619 1208 permansisseut,
1656 1135 1840 1189 divino
1892 1141 2070 1208 tamen

491 1202 716 1266 consilio
748 1212 942 1265 factum
977 1220 1059 1263 est
1087 1202 1147 1262 ut
1170 1209 1395 1278 publicis
1422 1207 1673 1262 Ecclesiae
1711 1215 1765 1261 et
1789 1202 2070 1278 magistra-

494 1292 641 1336 tuum
699 1275 1184 1350 proscriptionibus
1242 1280 1455 1333 exsules
1512 1288 1662 1350 estra
1734 1275 1896 1350 Italiae
1949 1286 2072 1350 oras

492 1345 927 1407 amandarentur'.
965 1353 1017 1407 Id
1051 1353 1186 1405 forte
1223 1352 1447 1405 innuere
1473 1349 1705 1403 voluisse
1738 1349 1960 1403 Idatium
2003 1345 2072 1399 de

490 1423 774 1478 Pascentio
832 1425 1074 1478 Humano
1132 1422 1425 1475 Manichaee
1485 1422 1828 1487 loquentem,
1881 1418 2071 1471 saltem

492 1497 753 1565 giSpicari
782 1509 1087 1563 possumus,
1122 1509 1241 1547 cum
1271 1492 1482 1565 scripsit
1503 1510 1515 1545 :
1536 1491 1787 1565 Antonius
1808 1489 2073 1565 episcopus

490 1562 735 1619 Enterin
764 1562 1163 1635 comprehendit,
1192 1562 1705 1635 auditumqueietiam
1728 1562 1791 1635 de
1816 1562 2074 1635 provincia

487 1635 760 1690 Lusitania
791 1631 908 1707 fecit
938 1636 1146 1704 expelli.
1189 1635 1301 1689 Non
1333 1635 1499 1688 semel
1531 1633 1868 1707 Pascentium
1900 1631 2072 1707 exsilii

490 1722 701 1777 pinnam
730 1702 957 1762 subiisse
987 1702 1237 1776 particula
1266 1707 1417 1760 etiam
1443 1721 1562 1759 cum
1596 1705 1832 1777 indicare
1854 1702 2068 1777 habeat,

487 1775 997 1860 contmodeisthme
1018 1776 1403 1864 de‘ex‘silioah
1434 1775 1943 1864 llrbei'nter‘pretari
1976 1791 2071 1841 po—
2099 1804 2147 1864 Β

488 1858 612 1915 test,
655 1851 884 1905 maxime
911 1850 1034 1919 quia
1065 1848 1129 1903 de
1153 1848 1366 1903 Asturici
1392 1849 1512 1901 urbe
1538 1846 1774 1919 dilfugit,
1820 1860 1923 1899 non
1969 1860 2066 1899 ex-

485 1922 699 1976 sulavit.

555 1990 608 2045 2.
651 1992 986 2061 Conjecturan
1012 2001 1190 2046 autem
1223 1992 1481 2047 hactenus
1507 1987 1752 2043 adductae
1776 1989 2067 2061 maximum

485 2062 589 2117 sibi
640 2058 803 2119 robur
848 2064 1251 2127 naneiscuntur,
1297 2078 1415 2116 eum
1461 2076 1527 2114 ex
1558 2070 1798 2129 tempore
1845 2062 1894 2113 in
1928 2058 2069 2129 quod

484 2136 832 2190 Asturicense
874 2134 1161 2189 concilium
1216 2132 1568 2202 rejiciendmn
1620 2141 1722 2194 est,
1755 2129 1916 2202 274
1959 2140 2066 2183 ιιιιη

487 2219 553 2258 ex
588 2204 906 2274 praecedenti
937 2204 1147 2259 laudata
1185 2205 1353 2259 sancti
1378 2203 1574 2258 Leonis
1599 2202 1771 2270 Magni
1795 2204 1859 2256 ad
1879 2202 2070 2274 _’Ifurri-

489 2271 634 2328 hium
676 2276 919 2345 epistola.
949 2276 1248 2330 Concilium
1281 2275 1409 2329 illud
1437 2274 1805 2345 quippeanno
1830 2271 1933 2326 446
1974 2272 2071 2328 fuit.

488 2344 756 2414 coactum,
801 2355 854 2401 et
875 2346 1151 2401 Maniehaei
1178 2362 1243 2400 ex
1275 2345 1522 2400 omnibus
1545 2344 1711 2398 Italiae
1740 2345 1849 2414 oris
1878 2358 2068 2414 aman-

490 2415 600 2470 dati
629 2413 777 2473 fuere
806 2418 1129 2485 praecedenti
1152 2432 1292 2472 anno
1318 2418 1441 2480 445,
1476 2426 1533 2469 ιιι
1560 2416 1720 2470 etiam
1745 2430 1807 2469 ex
1834 2413 2069 2468 Valenti-

490 2487 635 2541 niani
666 2488 900 2559 novella
946 2490 1226 2559 perspicue
1277 2489 1693 2543 demonstratur.
1741 2486 1850 2559 Hos
1888 2494 2068 2559 autem

490 2566 616 2613 tunc
657 2558 713 2613 in
758 2557 1038 2627 Hispanias
1064 2569 1118 2615 et
1156 2558 1463 2615 Gallweiam
1489 2573 1547 2613 se
1578 2557 1850 2627 recepisse
1880 2557 2070 2611 verisi-

488 2629 613 2684 mile
638 2641 739 2695 est,
768 2626 889 2686 cum
917 2632 1094 2701 regnis
1137 2629 1241 2684 illis
1281 2628 1861 2701 acatholiciprineipes
1899 2626 2071 2682 domi-

488 2711 763 2772 narentur.
817 2699 996 2758 Anno_
1018 2710 1275 2772 praeterea
1313 2700 1418 2756 M7
1466 2700 1552 2772 ad_
1581 2699 1887 2772 Turrihium
1917 2714 2068 2754 suam

492 2771 770 2844 epistolam
803 2770 1037 2844 scripsit,
1089 2781 1143 2827 et
1189 2772 1415 2844 singulis
1456 2770 1557 2825 sibi
1605 2770 1894 2839 propositis
1925 2786 2069 2844 quae-

486 2842 750 2896 stionibus
805 2842 862 2898 S.
894 2841 1002 2899 Leo
1030 2841 1299 2898 oceurritf
1328 2843 1594 2897 Putantne
1623 2851 1865 2896 sanctum
1892 2841 2069 2910 ponti-

488 2911 641 2968 licem
684 2914 749 2968 de
780 2915 883 2969 hoc
910 2915 1241 2970 ASIuricensi
1273 2915 1503 2969 concilio
1539 2911 1669 2967 nihil
1700 2912 1866 2967 fuisse
1894 2912 2068 2967 dictu-

487 2998 628 3050 rum,
656 2985 701 3039 si
742 2986 793 3039 in
834 2986 1355 3041 Priscillianistarum
1383 3000 1540 3039 causa
1570 2984 1753 3039 fuisset
1787 2984 2069 3039 coactum?

487 3054 767 3111 Turribius
792 3059 932 3112 enim
958 3057 1189 3113 Leonem
1212 3057 1500 3123 consuluit,
1526 3072 1632 3110 non
1657 3055 1723 3110 de
1746 3055 2065 3109 Manichaeo-

486 3142 628 3190 rum,
660 3128 753 3181 sed
782 3128 846 3182 de
874 3127 1395 3184 Priscillianistarutu
1422 3127 1715 3182 erroribus.
1748 3125 1909 3195 Igitur
1931 3142 2064 3180 con-

486 3198 593 3252 cilii
618 3189 754 3253 Acta
782 3215 901 3255 cum
930 3215 1033 3254 una
1070 3200 1323 3271 synodica
1352 3199 1577 3269 epistola
1608 3197 1673 3251 ad
1716 3189 2067 3271 apostolicam
2098 3189 2145 3253 C

488 3272 872 3325 transmisisset
896 3268 1114 3338 sedem,
1133 3287 1252 3341 quae
1280 3268 1412 3325 Acta
1457 3278 1551 3324 aut
1574 3268 1955 3341 approbasset,
1978 3279 2073 3325 aut

486 3341 831 3410 reprobasset
882 3342 940 3397 S.
976 3342 1121 3406 Leo,
1154 3340 1271 3397 aut
1324 3341 1514 3396 saltem
1575 3340 1785 3393 illorum
1837 3340 2069 3409 aliquam

486 3413 814 3466 mentionem
847 3414 1058 3467 fecisset
1085 3454 1099 3478 ,
1132 3414 1425 3482 prmsertim
1456 3419 1712 3482 cumtatn
1747 3411 1799 3464 in
1831 3411 2069 3465 exordiis

483 3497 640 3550 quam
676 3482 727 3535 in
755 3483 994 3549 epistolae
1024 3481 1215 3539 tine’in
1246 3486 1301 3538 S.
1326 3481 1559 3537 Turribii
1583 3481 1768 3536 Iaudes
1795 3491 2065 3549 excurrat,

486 3566 715 3623 eumque
743 3555 1025 3609 admoneat
1055 3556 1121 3609 de
1153 3569 1259 3608 uno
1299 3552 1531 3623 generali
1563 3562 1652 3606 aut
1681 3552 1920 3623 pluribus
1950 3568 2072 3619 pro-

487 3621 807 3695 vincialibus
838 3625 1056 3695 synodis
1080 3621 1361 3691 habendis,
1389 3633 1497 3678 tum
1530 3623 1596 3676 ad
1625 3622 1925 3695 purgandas
1954 3623 2070 3677 Pri-

485 3691 921 3748 scillianistaruin
969 3695 1134 3762 Iabes,
1170 3703 1277 3749 tum
1328 3696 1394 3749 ad
1442 3696 1630 3746 horum
1678 3693 2067 3761 improbitatem

487 3762 980 3834 impudentiamque
1008 3765 1381 3821 coercendam.
1419 3764 1552 3820 Cum
1587 3762 1743 3832 igitur
1775 3778 1874 3818 nec
1906 3779 2068 3818 unum

488 3833 680 3887 saltem
727 3833 948 3890 verbum
980 3835 1049 3892 de
1089 3836 1420 3891 Asturicensi
1465 3850 1575 3904 jam
1631 3842 1817 3887 coacto
1843 3836 2070 3889 concilio

490 3906 761 3975 proferat,
791 3909 911 3976 quis
954 3907 1053 3961 sibi
1094 3903 1480 3962 rationabiliter
1512 3903 1804 3976 blanditum
1845 3905 2071 3960 voluerit

488 3976 630 4031 istud
677 3979 728 4031 in
779 3974 1215 4033 Priscillianistas
1244 3974 1724 4033 animadvertisse?
1754 3976 1912 4030 Iltsee
1942 3991 2069 4046 ergo

487 4047 831 4104 validissimis
859 4050 1158 4105 rationibus
1181 4049 1461 4114 adductus,
1494 4064 1609 4102 mea
1652 4048 1913 4102 sententia
1946 4063 2069 4114 pro-

487 4120 704 4192 pensior
742 4131 825 4177 est
856 4129 913 4176 ut
939 4122 1115 4192 potius
1143 4121 1425 4190 conjiciam
1465 4118 1754 4192 concilium
1795 4117 1861 4172 ab
1902 4117 2067 4192 ldatio

485 4190 757 4246 laudatum
799 4189 1045 4263 annoque
1086 4193 1195 4248 446
1236 4189 1480 4247 coactum
1525 4189 1846 4245 Manichaeos
1889 4191 2068 4260 exagi-

486 4271 651 4318 [8588.

556 4334 609 4388 5.
651 4333 775 4390 Sive
816 4342 993 4391 tamen
1032 4335 1085 4391 in
1115 4335 1529 4390 Manichaeorum
1566 4330 1829 4398 sobolem,
1858 4332 1973 4388 sive
2013 4332 2065 4387 in

485 4403 803 4477 Priscilliani
830 4407 1059 4462 asseclas
1104 4406 1341 4477 synodus
1380 4406 1467 4459 illa
1511 4402 1969 4477 animadverterit,
2012 4404 2064 4457 in

484 4474 703 4529 dubium
734 4475 955 4532 minime
985 4474 1283 4532 vocandum
1307 4484 1410 4541 est,
1438 4476 1609 4530 sancti
1641 4474 1836 4528 Leonis
1868 4488 2068 4541 praece-

484 4554 634 4617 ptum
672 4545 747 4617 ad
784 4546 939 4617 illam
987 4548 1394 4617 haudquaquam
1440 4561 1596 4616 posse
1624 4544 1829 4608 referri,
1876 4545 1969 4600 sed
2001 4544 2067 4599 ad

483 4616 641 4669 aliam
669 4616 722 4670 in
755 4616 1022 4673 Callaeciae
1052 4616 1219 4686 regno
1247 4616 1511 4681 eoactam,
1555 4625 1674 4685 post
1699 4625 2004 4685 susceptam
2032 4630 2060 4669 a

485 4686 735 4742 Turribio
784 4689 952 4742 sancti
1006 4689 1269 4757 pontitieis
1317 4688 1596 4759 epistolam
1646 4701 1767 4741 cum
1821 4686 2061 4741 omnium

484 4759 875 4830 propositarum
917 4761 1291 4830 quaestionum
1341 4759 1775 4815 resolutiouibus.
1828 4760 2061 4830 Accepta

482 4843 612 4899 ergo
641 4844 670 4883 a
717 4828 973 4885 Turribio
1012 4830 1112 4885 hae
1156 4830 1414 4900 epistola,
1466 4844 1754 4900 secumque
1802 4828 2063 4900 reputatis

479 4898 809 4970 gravissimis
858 4898 1275 4972 impedimentis,
1316 4917 1433 4972 quae
1485 4898 1751 4970 generalis
1808 4898 2061 4969 cogendae

478 4972 670 5042 synodi
703 4987 909 5027 moram
935 4971 945 4972 “
974 4972 1288 5040 aﬂ'erebaut,
1334 4971 1434 5041 ipsi
1484 4972 1747 5027 Callaeciae
1776 4971 2063 5041 provinciae

484 5043 721 5117 episcopi
750 5044 817 5099 de
841 5046 1144 5117 particulari
1176 5044 1407 5117 quodam
1433 5043 1678 5117 cogendo
1696 5042 1935 5117 concilio
1966 5043 2060 5117 ha:

479 5113 712 5169 buerunt
741 5115 1043 5171 consilium.
1076 5113 1398 5183 Qua'autem
1431 5114 1483 5168 in
1530 5114 1662 5168 urbe
1694 5114 1781 5167 isti
1824 5113 2060 5185 episc0pi

480 5187 846 5250 convenerint,
878 5196 1027 5241 certo
1064 5187 1319 5243 hactenus
1363 5184 1639 5241 definitum
1679 5198 1786 5238 non
1827 5193 1932 5239 est.
1968 5187 2063 5241 Se-

481 5258 700 5312 verinus
720 5257 907 5312 Binius
928 5258 1031 5313 sibi
1061 5260 1349 5328 persuadet
1369 5272 1490 5313 eum
1519 5266 1840 5328 conventum
1872 5256 1923 5309 in
1963 5256 2066 5328 Ce—

481 5328 686 5399 Ienensi
718 5328 1007 5399 municipio
1055 5326 1194 5399 apud
1245 5329 1541 5399 Lucensem
1585 5326 2065 5399 urbem,_pr_aeside

478 5398 733 5455 Balconio
761 5394 1105 5455 Braca'rensis'
1130 5401 1383 5457 Ecclesiae
1424 5398 1677 5468 episcopo
1717 5407 1771 5451 et
1798 5394 2064 5468 Callaeciae

476 5473 841 5542 metropolita,
870 5481 1249 5542 congregatum
1284 5467 1466 5542 fuisse.
1499 5468 1633 5523 Huic
1680 5467 1920 5542 opinioni
1954 5469 2065 5542 suf-

476 5539 671 5613 fragari
697 5543 927 5598 Lucretii
960 5539 1324 5613 praelationem
1356 5542 1410 5597 in
1438 5539 1752 5613 Bracarensi
1783 5555 1801 5592 ι
1830 5541 2061 5613 concilio

474 5611 687 5679 faciam,
716 5611 1054 5684 perspicuum
1077 5624 1176 5670 est.
1208 5614 1313 5671 Sed
1339 5614 1387 5668 ei
1410 5627 1515 5668 non
1538 5611 1811 5684 cohaerent
1839 5611 1897 5665 S.
1926 5612 2062 5667 Leo-

474 5683 558 5739 nis
583 5682 767 5751 verba,
800 5682 991 5755 quibus
1019 5684 1187 5741 ldatio
1212 5694 1268 5741 et
1292 5684 1561 5755 Coponio,
1596 5682 1761 5739 veluti
1792 5690 2062 5753 metmpo-

546 5819 623 5892 (a)
643 5820 977 5889 Quesnellus,
1003 5824 1056 5877 in
1088 5823 1227 5878 notis
1249 5831 1302 5879 ct
1324 5819 1785 5879 observationibus
1803 5817 1869 5875 ad
1891 5818 2047 5889 epist.
2080 5819 2116 5877 S

2178 506 2240 546 cu
2251 506 2358 573 ram
2377 502 2439 573 ἐι
2459 507 2596 573 onus
2623 494 2927 573 dentandat.
2958 495 3152 573 Quibus
3174 494 3544 573 congregandis
3566 510 3724 573 {raim

2178 564 2338 646 uestri
2369 562 2571 646 ldqtius
2602 574 2648 646 et
2669 562 3303 646 Ceponiusimmincbunt'.
3330 562 3409 633 Si,
3441 588 3503 646 ex
3535 562 3586 630 S'.
3615 562 3723 646 poli.

2178 633 2346 711 tilice,
2402 635 2582 711 igitur,
2628 633 2793 691 ldatio
2835 646 2887 711 et
2938 636 3175 707 Ceponio
3223 633 3719 711 metropolitanorum

2176 703 2406 780 dignitas
2448 715 2502 760 et
2548 708 2722 761 honor
2749 703 3195 780 attributa'sunt,
3239 712 3367 779 quid
3401 703 3580 771 'causae
3622 703 3721 780 esse

2178 776 2345 863 pqtruit
2394 787 2449 830 ut
2479 779 3039 863 'quatuor‘.Hispattiae
3081 776 3484 863 provinciarum
3520 776 3722 863 episcopi

2180 846 2301 920 fidei
2346 846 2581 917 regulam
2628 865 2657 902 a
2696 846 2887 917 seipsis
2926 846 3281 920 conscriptam
3341 854 3408 907 ad
3451 846 3718 918 Balconiuin

2180 918 2578 989 Bracarensem,
2615 936 2718 973 non
2750 921 2814 974 ad
2846 922 2984 986 illos,
3023 918 3353 979 direkerint?
3383 926 3540 982 Certe
3572 935 3609 985 si
3638 943 3722 989 ter-

2177 988 2306 1066 tium
2333 991 2507 1046 adhuc
2539 993 2929 1066 metropolitani
2960 994 3013 1047 in
3043 994 3305 1050 Callaecia:
3332 999 3596 1066 provincia
3620 988 3721 1061 cou-

2177 1060 2378 1143 fingere
2410 1077 2512 1143 non
2541 1062 2790 1143 velimus,
2819 1064 3135 1143 alterutrum
3172 1082 3238 1121 ex
3259 1060 3478 1143 duobus
3513 1072 3605 1127 illis
3629 1060 3717 1143 epi-

2175 1132 2353 1212 scopis
2399 1134 3045 1212 vitamufunctnm‘fuisse
3082 1137 3364 1192 dicendum
3417 1150 3516 1205 est,
3548 1132 3718 1212 quando

2178 1201 2520 1260 Bracarensis
2566 1205 2653 1259 illa
2703 1207 2938 1275 synodus
2984 1217 3166 1262 coacta
3212 1218 3328 1275 est,
3359 1212 3450 1265 cui
3480 1201 3717 1273 Baleniiius

2177 1287 2422 1345 praeerat.
2452 1275 2747 1345 Ceponium
2774 1288 2950 1331 autem
2986 1279 3107 1333 huic
3133 1280 3243 1335 sedi
3274 1291 3401 1337 ante
3455 1283 3715 1344 Balconium

2176 1344 2475 1421 praefuisse,
2513 1344 2616 1421 non
2652 1348 2907 1421 Idalium,
2930 1364 3046 1421 non
3088 1353 3406 1417 spernendis
3440 1358 3717 1421 coniecturis

2176 1418 2524 1489 ratiocinator
2550 1419 2892 1487 Quesnellus.
2919 1420 3026 1476 Sed
3056 1421 3183 1475 dum
3215 1422 3315 1477 hoc
3342 1418 3553 1489 damus,
3582 1432 3717 1486 adhuc

2176 1488 2421 1559 deIdatii
2459 1490 2587 1545 sede
2616 1491 2908 1546 dubitatur.
2939 1493 3086 1546 Hunc
3109 1493 3322 1559 quidem
3347 1488 3575 1551 Lemica:
3603 1502 3715 1557 urbis

2176 1558 2483 1630 episcopum
2512 1561 2888 1640 Sigibertnsjn
2919 1558 3365 1640 Chronieofacit,
3397 1568 3547 1634 cujus
3573 1586 3717 1640 causa,

2178 1640 2374 1698 praeter
2401 1633 2797 1707 metropolitam
2821 1632 3144 1707 Lucensem,
3166 1635 3441 1707 aliumque
3470 1632 3713 1698 Iit-aearenl

2175 1714 2309 1766 sem,
2367 1706 2579 1777 tertium
2625 1720 2839 1775 quoque
2887 1706 3171 1761 admittere
3215 1706 3552 1777 cogeremur.
3582 1714 3717 1768 Lemi-

2178 1786 2391 1846 censem
2423 1776 2693 1841 nimirum,
2736 1778 2800 1829 ad
2831 1792 2992 1846 quam
3024 1776 3465 1835 consecutionem
3494 1799 3601 1837 cum
3633 1787 3716 1839 ani-

2173 1844 2532 1921 madverteret
2582 1844 2930 1921 Quesnellus,
2978 1850 3191 1921 scripsit
3224 1867 3235 1901 :
3275 1850 3474 1921 «Igitur
3508 1853 3715 1910 Lucensis

2098 1958 2105 1963 .
2173 1918 2618 1994 metropolitanus
2649 1919 2810 1994 fuisse
2848 1919 3060 1994 videtur
3088 1919 3317 1994 ldatius,
3337 1918 3587 1992 quamvis
3610 1925 3717 1994 Sigi-

2172 1985 2354 2060 hertus
2395 2005 2514 2043 eum
2564 1990 2795 2045 Lemica:
2824 1992 3135 2060 episcopum
3182 1985 3379 2045 faciat:
3400 1994 3504 2049 Sed
3546 1985 3715 2051 videtvur

2172 2058 2501 2131 confundere
2528 2062 2663 2115 duos
2695 2058 2919 2128 Idalios,
2944 2058 3169 2130 quorum
3195 2079 3330 2116 unus
3356 2076 3585 2131 tempore
3611 2070 3711 2121 Leo-

2173 2129 2256 2182 nis
2297 2141 2350 2183 et
2395 2129 2647 2186 Chrenici
2699 2143 2885 2187 auctor
2937 2132 3055 2201 fuit,
3091 2134 3228 2187 alter
3270 2129 3579 2191 Priscilliani
3616 2141 3712 2192 olim

2171 2214 2471 2280 accusator,
2506 2204 2592 2271 qui
2624 2219 2810 2280 revera
2829 2204 3084 2280 lucanica:
3132 2206 3418 2280 episcopus
3442 2206 3554 2280 fuit.
3592 2228 3605 2280 ι
3636 2211 3715 2262 (Iu-

2168 2275 2257 2346 jtlS
2287 2275 2485 2327 erroris
2516 2290 2733 2330 causam
2775 2275 2933 2346 275
2974 2275 3165 2330 atferre
3194 2276 3404 2342 volens,
3438 2278 3562 2334 hanc
3583 2278 3714 2334 fuisse

2174 2342 2434 2416 affirmat,
2475 2346 2617 2413 quod
2662 2342 2930 2401 recentior
2978 2346 3173 2401 Idatius
3221 2348 3273 2400 in
3321 2350 3609 2416 praefatione
3648 2352 3714 2403 sui

2172 2411 2426 2471 Cltronici
2456 2411 2635 2471 natum
2668 2433 2725 2471 se
2755 2418 2805 2471 in
2834 2417 3048 2472 Lemica
3079 2417 3294 2473 civitate
3324 2411 3596 2476 assereret.
3624 2421 3712 2475 Sed

2173 2484 2216 2538 si
2246 2486 2385 2540 hunc
2414 2490 2776 2557 episcopatum
2806 2498 3082 2544 assecutus
3111 2488 3316 2551 fuisset,
3355 2506 3452 2545 non
3481 2492 3711 2547 omisisset

2173 2571 2239 2631 eo
2271 2558 2389 2631 loco
2419 2575 2863 2631 commemorare.
2892 2562 3076 2631 Atqui,
3102 2560 3318 2629 subjicit
3344 2562 3468 2616 idem
3488 2564 3709 2629 Quesnel-

2173 2626 2257 2682 lus
2288 2646 2299 2681 :
2334 2630 2771 2699 Metropoliticam
2825 2626 2994 2686 suam'
3020 2626 3329 2701 dignitatem
3375 2626 3555 2687 ridetur
3580 2634 3702 2685 indi-

2173 2714 2317 2765 care,
2349 2716 2468 2755 cum
2490 2702 2688 2756 ibidem
2718 2717 2777 2756 se
2803 2703 2995 2757 summi
3026 2702 3300 2771 praesulem
3327 2702 3469 2756 ofﬁcii
3484 2712 3692 2757 creatum

2173 2770 2317 2825 dicit.
2364 2772 2433 2826 Et
2461 2772 2514 2826 in
2544 2774 2768 2827 laudatae
2809 2770 3137 2841 praefatibnis
3163 2772 3258 2827 fine
3282 2775 3347 2825 ita
3372 2773 3691 2841 gemebundus

2172 2841 2469 2898 deformem
2526 2846 2667 2914 luget
2719 2845 3072 2899 ecclesiastici
3126 2844 3321 2898 ordinis
3365 2844 3415 2897 in
3460 2843 3697 2898 Gallnciaz

2174 2914 2444 2981 provincia
2474 2925 2692 2981 statum,
2728 2930 2790 2970 ae
2821 2915 2866 2970 si
2902 2916 2966 2969 ad
3014 2932 3135 2970 etnn
3167 2916 3423 2983 praecipue
3446 2916 3704 2983 pertinuis-

2171 2993 2273 3050 set,
2326 2986 2473 3041 velut
2504 2987 2790 3054 provinciae
2820 2996 2977 3057 caput
3010 3006 3020 3039 :
3051 2986 3398 3057 Creationibus
3438 2986 3709 3048 indiscretis,

2170 3064 2218 3108 et
2246 3058 2496 3112 universae
2537 3055 2903 3128 prepemoduni
2933 3060 2984 3110 in
3015 3058 3188 3111 divina
3219 3055 3483 3127 disciplina
3506 3057 3715 3123 occasui,

2175 3141 2242 3182 ex
2270 3128 2449 3183 officio
2474 3144 2761 3184 occurrere
2789 3145 2851 3181 ac
2882 3129 3188 3184 Subvenire.

2249 3198 2303 3253 4.
2354 3199 2444 3253 His
2472 3215 2621 3269 ergo,
2668 3199 3041 3270 similibusque
3083 3200 3204 3253 aliis
3252 3200 3564 3269 conjecturis
3600 3201 3645 3253 in
3672 3213 3721 3253 re

2178 3270 2429 3325 maximis
2456 3271 2706 3325 obvoluta
2732 3270 2983 3333 tenebris,
3004 3271 3321 3338 Quesnellus
3350 3273 3588 3327 insistens
3611 3270 3722 3325 duas

2178 3340 2230 3393 in
2261 3339 2527 3396 Callaeciae
2557 3342 2830 3410 provincia
2879 3342 2944 3395 ad
2978 3341 3500 3397 Priscillianistarum
3530 3344 3722 3397 exitium

2178 3410 2343 3465 factas
2376 3412 2543 3484 fuisse
2572 3411 2806 3484 synodus
2842 3429 2950 3467 non
2998 3413 3326 3480 dissimulat,
3357 3430 3571 3484 quarum
3613 3414 3722 3467 alte-

2177 3497 2290 3535 ram
2316 3485 2455 3552 apud
2487 3483 2710 3547 Lucum,
2750 3483 2971 3538 alteram
3020 3501 3146 3538 vero
3174 3484 3227 3538 in
3265 3483 3577 3540 BraCarensi
3617 3483 3727 3537 urbe

2176 3564 2553 3623 congregatum
2597 3554 2829 3608 affirmat
2865 3571 2879 3619 ;
2937 3554 3223 3623 felicemne
3279 3555 3611 3624 faustumque
3650 3556 3724 3608 ha-

2179 3624 2390 3678 buerint
2418 3627 2577 3679 linem
2618 3625 2724 3679 duo
2756 3627 3097 3695 provincialia
3124 3627 3350 3682 concilia
3381 3627 3573 3681 Leonis
3613 3641 3725 3696 prae.

2177 3707 2334 3763 cepto
2364 3696 2584 3762 indicta,
2616 3706 2824 3751 vetu5ta
2870 3707 3216 3752 monumenta
3255 3712 3361 3752 non
3421 3698 3659 3766 produnt,
3683 3704 3725 3752 et

2178 3766 2392 3820 aliunde
2440 3782 2623 3821 eorum
2657 3771 2785 3822 Acta
2817 3770 3076 3836 tetnporis
3115 3768 3467 3824 diuturnitate
3492 3780 3544 3824 et
3565 3768 3726 3837 injuria

2178 3837 2584 3892 interciderunt.
2615 3838 2814 3893 Verum
2845 3840 2887 3893 si
2931 3854 2997 3894 ex
3044 3838 3298 3894 Ecclesia:
3336 3841 3605 3895 memoriis
3634 3853 3729 3909 quae

2175 3920 2463 3974 supersunt
2493 3909 2653 3964 liceat
2700 3910 3029 3977 ratiocinari,
3073 3926 3191 3965 eam
3236 3911 3491 3966 haeresim
3544 3924 3643 3966 tutu
3686 3912 3727 3964 in

2176 3977 2443 4034 Callaeciae
2480 3996 2646 4051 regno
2674 3997 2779 4035 non
2807 3983 3016 4048 penitus
3059 3982 3378 4037 exstinctam
3411 3992 3467 4037 et
3509 3982 3726 4037 abolitam

2176 4052 2524 4115 remansisse,
2562 4052 2890 4107 credendum
2929 4063 3029 4106 e5t.
3067 4053 3276 4108 Etenim
3304 4055 3551 4119 quamvis
3578 4052 3731 4109 Turri-

2177 4120 2294 4176 hius
2317 4162 2332 4188 ,
2365 4121 2594 4195 Idalius,
2623 4123 2914 4193 Ceponius,
2938 4122 3248 4195 Balconius,
3294 4125 3497 4195 aliique
3526 4122 3729 4194 episcopi

2176 4193 2521 4266 synodalibus
2565 4195 2731 4263 gestis
2775 4210 2892 4249 eam
2946 4194 3307 4262 cohibuerint,
3364 4193 3459 4265 ut,
3522 4193 3730 4266 ipsisin

2176 4276 2339 4336 carne
2387 4264 2709 4336 viventibus,
2764 4277 2817 4319 et
2851 4267 3031 4319 Leone
3076 4268 3264 4336 Magno
3294 4264 3608 4333 superstite,
3640 4264 3733 4319 Pri-

2177 4334 2501 4390 scillianistae
2523 4336 2778 4391 audacius
2791 4346 2949 4406 caput
2980 4334 3238 4391 extollere
3256 4338 3373 4391 ausi
3407 4355 3515 4393 non
3543 4339 3728 4399 fuerint,

2179 4414 2354 4477 tamen
2389 4407 2509 4463 aliis
2530 4418 2689 4477 atque
2718 4408 2837 4461 aliis
2867 4408 3021 4461 anuis
3047 4408 3307 4473 decursis,
3338 4410 3407 4463 iis
3439 4411 3495 4464 in
3528 4406 3734 4477 regioni-

2176 4474 2476 4551 buseorum
2522 4474 2739 4551 errores
2778 4477 3047 4533 redivivos
3088 4479 3379 4551 pullulasse
3424 4474 3732 4551 compertum

2096 4578 2147 4639 Β
2176 4556 2277 4601 est.
2311 4548 2477 4617 Cujus
2507 4549 2583 4603 rei
2625 4564 2782 4604 causa
2809 4566 2907 4631 nos
2936 4561 3219 4631 antequam
3253 4550 3527 4639 delabula
3546 4548 3733 4639 :stylum

2170 4621 2821 4691 removeamus,sequenti
2851 4620 3025 4690 capite
3051 4636 3173 4675 mox
3198 4621 3383 4691 paucis
3405 4624 3735 4678 absolvemus

2168 4703 2288 4759 quae
2326 4691 2394 4746 de
2426 4690 2759 4746 Priscilliana
2793 4691 2986 4747 haeresi
3010 4690 3294 4761 supersunt
3323 4692 3577 4750 dicenda.

2740 4804 2965 4863 CAPUT
2991 4805 3175 4861 XVIII.

2170 4922 2462 4978 Novissima
2488 4921 2822 4976 Bracarensis
2850 4920 3096 4976 Ecclesia:
3134 4923 3259 4977 Acta
3304 4924 3373 4977 ad
3416 4924 3621 4991 aliqua:
3668 4938 3738 4977 tu-

2257 4997 2488 5063 perstites
2516 4993 2836 5048 Priscilliani
2862 4994 3051 5048 errori:
3082 4994 3327 5063 reliquias
3353 4996 3657 5051 abolendae.

2242 5112 2293 5165 1.
2327 5109 2852 5166 Priscillianistarum
2876 5109 3119 5165 sobolem
3139 5111 3248 5179 jam
3270 5119 3354 5165 tot
3379 5121 3433 5167 et
3461 5121 3573 5167 tam
3598 5110 3743 5165 variis

2169 5182 2343 5237 modis
2374 5197 2495 5237 cum
2525 5198 2554 5235 a
2586 5181 2842 5235 Romanis
2876 5181 3239 5249 pontificibus,
3268 5183 3501 5253 aliisque
3532 5182 3745 5237 sanctis-

2169 5254 2319 5308 simis
2342 5253 2633 5323 episeopis,
2661 5262 2769 5306 tum
2795 5268 2821 5304 a
2853 5254 3075 5323 synodis
3104 5253 3393 5323 saeculique
3422 5255 3745 5323 principibus

2168 5322 2510 5396 exagitatam,
2542 5325 2975 5396 quingentesimo
2997 5322 3196 5396 Christi
3220 5322 3362 5378 anno
3394 5322 3634 5379 nondum
3664 5339 3744 5396 ex:

2170 5394 2442 5461 stinetam,
2472 5410 2572 5451 nec
2600 5398 2811 5464 penitus
2842 5394 3009 5450 fuisse
3038 5395 3318 5460 abolitam,
3349 5406 3570 5451 vetusta
3604 5394 3749 5450 Chri-

2168 5469 2353 5522 stianae
2377 5466 2457 5521 rei
2480 5475 2819 5521 monumenta
2847 5475 2930 5520 sat
2953 5467 3231 5535 perspicue
3251 5466 3600 5536 patefaciunt.
3627 5467 3744 5521 Nam

2172 5539 2331 5607 hujus
2363 5538 2651 5608 impietatis
2670 5547 2724 5592 et
2745 5538 3085 5606 impudentiae
3100 5552 3326 5605 venena,
3350 5539 3593 5608 quaehuc
3610 5538 3748 5592 illuc-

2169 5626 2273 5681 que
2289 5610 2339 5664 in
2355 5609 2731 5679 Hispaniarum
2760 5619 2811 5663 et
2826 5608 3089 5681 Callaeciae
3103 5611 3280 5680 regnis
3293 5611 3590 5665 multorum
3610 5612 3747 5665 viro-

2172 5698 2289 5737 rum
2318 5692 2371 5737 et
2391 5681 2674 5737 mulierum
2693 5680 2877 5749 corda,
2906 5680 3063 5736 tidem
3083 5690 3136 5738 et
3167 5681 3477 5752 religionem
3495 5693 3748 5753 corrupe-

2125 5860 2134 5873 .
2167 5818 2362 5874 Leonis
2394 5816 2480 5871 I5.
