  <div class='ocr_page' id='page_1' title='image "/cluster/home/n/w/nwhite01/storage/ocr_20150623/55/hvd.32044015471592/535.png"; bbox 0 0 3968 6310; ppageno 0'>
   <div class='ocr_carea' id='block_1_1' title="bbox 449 269 594 333">
    <p class='ocr_par' dir='ltr' id='par_1_1' title="bbox 449 269 594 333">
     <span class='ocr_line' id='line_1_1' title="bbox 449 269 594 333; baseline -0.014 0"><span class='ocrx_word' id='word_1_1' title='bbox 449 269 594 333; x_wconf 73' lang='grc' dir='ltr'><strong>ιωο</strong></span> 
     </span>
    </p>
   </div>
   <div class='ocr_carea' id='block_1_2' title="bbox 1023 258 3117 326">
    <p class='ocr_par' dir='ltr' id='par_1_2' title="bbox 1023 258 3117 326">
     <span class='ocr_line' id='line_1_2' title="bbox 1023 258 3117 326; baseline -0.003 -2"><span class='ocrx_word' id='word_1_2' title='bbox 1023 269 1083 326; x_wconf 83' lang='grc' dir='ltr'><strong>Ρ.</strong></span> <span class='ocrx_word' id='word_1_3' title='bbox 1127 265 1440 324; x_wconf 78' lang='lat' dir='ltr'><strong>CACCIARI</strong></span> <span class='ocrx_word' id='word_1_4' title='bbox 1484 261 2082 321; x_wconf 75' lang='lat' dir='ltr'><strong>EXERCITATIONES</strong></span> <span class='ocrx_word' id='word_1_5' title='bbox 2119 260 2184 318; x_wconf 84' lang='lat' dir='ltr'><strong>IN</strong></span> <span class='ocrx_word' id='word_1_6' title='bbox 2223 261 2279 319; x_wconf 90' lang='lat' dir='ltr'><strong>S.</strong></span> <span class='ocrx_word' id='word_1_7' title='bbox 2326 258 2571 317; x_wconf 82' lang='lat' dir='ltr'><strong>LEONlS</strong></span> <span class='ocrx_word' id='word_1_8' title='bbox 2613 259 2830 316; x_wconf 78' lang='lat' dir='ltr'><strong>MAGNI</strong></span> <span class='ocrx_word' id='word_1_9' title='bbox 2869 258 3117 317; x_wconf 81' lang='lat' dir='ltr'><strong>OPERA.</strong></span> 
     </span>
    </p>
   </div>
   <div class='ocr_carea' id='block_1_3' title="bbox 3578 267 3698 328">
    <p class='ocr_par' dir='ltr' id='par_1_3' title="bbox 3578 267 3698 328">
     <span class='ocr_line' id='line_1_3' title="bbox 3578 267 3698 328; baseline 0.033 -4"><span class='ocrx_word' id='word_1_10' title='bbox 3578 267 3698 328; x_wconf 69' lang='lat'><strong>1060</strong></span> 
     </span>
    </p>
   </div>
   <div class='ocr_carea' id='block_1_4' title="bbox 451 379 3699 459">
    <p class='ocr_par' dir='ltr' id='par_1_4' title="bbox 451 379 3699 459">
     <span class='ocr_line' id='line_1_4' title="bbox 451 379 3699 459; baseline -0.003 -13"><span class='ocrx_word' id='word_1_11' title='bbox 451 394 773 459; x_wconf 9' lang='lat' dir='ltr'><strong>severat,rut</strong></span> <span class='ocrx_word' id='word_1_12' title='bbox 801 400 868 443; x_wconf 88' lang='lat' dir='ltr'><strong>ao</strong></span> <span class='ocrx_word' id='word_1_13' title='bbox 900 401 1047 453; x_wconf 89' lang='lat' dir='ltr'><strong>eam,</strong></span> <span class='ocrx_word' id='word_1_14' title='bbox 1082 396 1189 441; x_wconf 89' lang='lat' dir='ltr'><strong>tam</strong></span> <span class='ocrx_word' id='word_1_15' title='bbox 1224 400 1431 443; x_wconf 88' lang='lat' dir='ltr'><strong>summa</strong></span> <span class='ocrx_word' id='word_1_16' title='bbox 1462 386 1837 459; x_wconf 81' lang='lat' dir='ltr'><strong>episcoporum</strong></span> <span class='ocrx_word' id='word_1_17' title='bbox 1846 398 2039 459; x_wconf 86' lang='lat' dir='ltr'><strong>_neg_n-</strong></span> <span class='ocrx_word' id='word_1_18' title='bbox 2064 386 2115 445; x_wconf 79' lang='grc' dir='ltr'><strong>Α</strong></span> <span class='ocrx_word' id='word_1_19' title='bbox 2144 390 2458 459; x_wconf 83' lang='lat' dir='ltr'><strong>_tru_n_carc_nt_</strong></span> <span class='ocrx_word' id='word_1_20' title='bbox 2499 379 2790 459; x_wconf 61' lang='lat' dir='ltr'><strong>epistolam</strong></span> <span class='ocrx_word' id='word_1_21' title='bbox 2814 379 2991 447; x_wconf 78' lang='lat' dir='ltr'><strong>Vigilii</strong></span> <span class='ocrx_word' id='word_1_22' title='bbox 3036 381 3384 459; x_wconf 72' lang='lat' dir='ltr'><strong>absci_sso__eo_</strong></span> <span class='ocrx_word' id='word_1_23' title='bbox 3408 384 3573 459; x_wconf 66' lang='lat' dir='ltr'><strong>capite</strong></span> <span class='ocrx_word' id='word_1_24' title='bbox 3608 401 3699 459; x_wconf 66' lang='lat' dir='ltr'><strong>quo</strong></span> 
     </span>
    </p>
   </div>
   <div class='ocr_carea' id='block_1_5' title="bbox 454 455 2035 528">
    <p class='ocr_par' dir='ltr' id='par_1_5' title="bbox 454 455 2035 528">
     <span class='ocr_line' id='line_1_5' title="bbox 454 455 2035 528; baseline -0.004 -14"><span class='ocrx_word' id='word_1_25' title='bbox 454 461 527 516; x_wconf 90' lang='lat' dir='ltr'><strong>tia</strong></span> <span class='ocrx_word' id='word_1_26' title='bbox 554 504 568 527; x_wconf 92' lang='lat'><strong>,</strong></span> <span class='ocrx_word' id='word_1_27' title='bbox 598 458 797 527; x_wconf 90' lang='lat' dir='ltr'><strong>judicia</strong></span> <span class='ocrx_word' id='word_1_28' title='bbox 829 467 988 526; x_wconf 85' lang='lat' dir='ltr'><strong>atque</strong></span> <span class='ocrx_word' id='word_1_29' title='bbox 1016 460 1269 528; x_wconf 64' lang='lat' dir='ltr'><strong>querela},</strong></span> <span class='ocrx_word' id='word_1_30' title='bbox 1301 472 1457 527; x_wconf 90' lang='lat' dir='ltr'><strong>quam</strong></span> <span class='ocrx_word' id='word_1_31' title='bbox 1487 455 1542 511; x_wconf 82' lang='lat' dir='ltr'><strong>et</strong></span> <span class='ocrx_word' id='word_1_32' title='bbox 1580 455 2035 528; x_wconf 23' lang='lat' dir='ltr'><strong>majuresAEccle-</strong></span> 
     </span>
    </p>
   </div>
   <div class='ocr_carea' id='block_1_6' title="bbox 454 525 2035 599">
    <p class='ocr_par' dir='ltr' id='par_1_6' title="bbox 454 525 2035 599">
     <span class='ocr_line' id='line_1_6' title="bbox 454 525 2035 599; baseline -0.003 -15"><span class='ocrx_word' id='word_1_33' title='bbox 454 525 655 585; x_wconf 71' lang='lat' dir='ltr'><strong>siaruiu</strong></span> <span class='ocrx_word' id='word_1_34' title='bbox 678 525 1205 598; x_wconf 49' lang='lat' dir='ltr'><strong>qumstionesfqnasi</strong></span> <span class='ocrx_word' id='word_1_35' title='bbox 1228 529 1292 583; x_wconf 89' lang='lat' dir='ltr'><strong>ad</strong></span> <span class='ocrx_word' id='word_1_36' title='bbox 1314 525 1492 597; x_wconf 83' lang='lat' dir='ltr'><strong>caput,</strong></span> <span class='ocrx_word' id='word_1_37' title='bbox 1518 542 1733 599; x_wconf 85' lang='lat' dir='ltr'><strong>semper</strong></span> <span class='ocrx_word' id='word_1_38' title='bbox 1754 525 2035 599; x_wconf 84' lang='lat' dir='ltr'><strong>referenda</strong></span> 
     </span>
    </p>
   </div>
   <div class='ocr_carea' id='block_1_7' title="bbox 455 598 2038 672">
    <p class='ocr_par' dir='ltr' id='par_1_7' title="bbox 455 598 2038 672">
     <span class='ocr_line' id='line_1_7' title="bbox 455 598 2038 672; baseline -0.005 -16"><span class='ocrx_word' id='word_1_39' title='bbox 455 602 582 656; x_wconf 87' lang='lat' dir='ltr'><strong>sint.</strong></span> <span class='ocrx_word' id='word_1_40' title='bbox 628 606 758 666; x_wconf 67' lang='lat' dir='ltr'><strong>Quae</strong></span> <span class='ocrx_word' id='word_1_41' title='bbox 783 604 939 672; x_wconf 88' lang='lat' dir='ltr'><strong>igitur</strong></span> <span class='ocrx_word' id='word_1_42' title='bbox 968 601 1033 654; x_wconf 88' lang='lat' dir='ltr'><strong>ad</strong></span> <span class='ocrx_word' id='word_1_43' title='bbox 1078 602 1325 672; x_wconf 72' lang='lat' dir='ltr'><strong>primatus</strong></span> <span class='ocrx_word' id='word_1_44' title='bbox 1359 598 1797 672; x_wconf 70' lang='lat' dir='ltr'><strong>prterogativam,</strong></span> <span class='ocrx_word' id='word_1_45' title='bbox 1828 614 1945 672; x_wconf 63' lang='grc' dir='ltr'><strong>(Ιιὲἕε</strong></span> <span class='ocrx_word' id='word_1_46' title='bbox 1970 598 2038 652; x_wconf 84' lang='lat' dir='ltr'><strong>ad</strong></span> 
     </span>
    </p>
   </div>
   <div class='ocr_carea' id='block_1_8' title="bbox 454 670 2037 741">
    <p class='ocr_par' dir='ltr' id='par_1_8' title="bbox 454 670 2037 741">
     <span class='ocr_line' id='line_1_8' title="bbox 454 670 2037 741; baseline -0.001 -14"><span class='ocrx_word' id='word_1_47' title='bbox 454 670 840 741; x_wconf 82' lang='lat' dir='ltr'><strong>appellationes</strong></span> <span class='ocrx_word' id='word_1_48' title='bbox 865 672 934 726; x_wconf 88' lang='lat' dir='ltr'><strong>ab</strong></span> <span class='ocrx_word' id='word_1_49' title='bbox 963 670 1337 740; x_wconf 81' lang='lat' dir='ltr'><strong>episeopormu</strong></span> <span class='ocrx_word' id='word_1_50' title='bbox 1355 671 1574 741; x_wconf 86' lang='lat' dir='ltr'><strong>judiciis</strong></span> <span class='ocrx_word' id='word_1_51' title='bbox 1594 672 1660 726; x_wconf 88' lang='lat' dir='ltr'><strong>ad</strong></span> <span class='ocrx_word' id='word_1_52' title='bbox 1689 670 2037 741; x_wconf 74' lang='lat' dir='ltr'><strong>apostolicam</strong></span> 
     </span>
    </p>
   </div>
   <div class='ocr_carea' id='block_1_9' title="bbox 455 740 2036 811">
    <p class='ocr_par' dir='ltr' id='par_1_9' title="bbox 455 740 2036 811">
     <span class='ocr_line' id='line_1_9' title="bbox 455 740 2036 811; baseline -0.003 -11"><span class='ocrx_word' id='word_1_53' title='bbox 455 740 639 800; x_wconf 83' lang='lat' dir='ltr'><strong>sedem</strong></span> <span class='ocrx_word' id='word_1_54' title='bbox 666 747 851 808; x_wconf 86' lang='lat' dir='ltr'><strong>factas,</strong></span> <span class='ocrx_word' id='word_1_55' title='bbox 881 759 997 811; x_wconf 67' lang='lat' dir='ltr'><strong>quin</strong></span> <span class='ocrx_word' id='word_1_56' title='bbox 1021 743 1249 811; x_wconf 90' lang='lat' dir='ltr'><strong>denique</strong></span> <span class='ocrx_word' id='word_1_57' title='bbox 1275 745 1327 797; x_wconf 91' lang='lat' dir='ltr'><strong>in</strong></span> <span class='ocrx_word' id='word_1_58' title='bbox 1346 744 1523 797; x_wconf 85' lang='lat' dir='ltr'><strong>causis</strong></span> <span class='ocrx_word' id='word_1_59' title='bbox 1547 742 1839 810; x_wconf 83' lang='lat' dir='ltr'><strong>majoribus</strong></span> <span class='ocrx_word' id='word_1_60' title='bbox 1862 740 2036 795; x_wconf 91' lang='lat' dir='ltr'><strong>eidem</strong></span> 
     </span>
    </p>
   </div>
   <div class='ocr_carea' id='block_1_10' title="bbox 456 814 2038 886">
    <p class='ocr_par' dir='ltr' id='par_1_10' title="bbox 456 814 2038 886">
     <span class='ocr_line' id='line_1_10' title="bbox 456 814 2038 886; baseline -0.003 -17"><span class='ocrx_word' id='word_1_61' title='bbox 456 816 764 886; x_wconf 73' lang='lat' dir='ltr'><strong>apostolica:</strong></span> <span class='ocrx_word' id='word_1_62' title='bbox 790 815 902 869; x_wconf 86' lang='lat' dir='ltr'><strong>sedi</strong></span> <span class='ocrx_word' id='word_1_63' title='bbox 940 825 1062 869; x_wconf 90' lang='lat' dir='ltr'><strong>sunt</strong></span> <span class='ocrx_word' id='word_1_64' title='bbox 1093 825 1364 870; x_wconf 76' lang='lat' dir='ltr'><strong>reservata</strong></span> <span class='ocrx_word' id='word_1_65' title='bbox 1400 815 1668 883; x_wconf 79' lang='lat' dir='ltr'><strong>pertinere</strong></span> <span class='ocrx_word' id='word_1_66' title='bbox 1692 814 1812 882; x_wconf 87' lang='lat' dir='ltr'><strong>jura</strong></span> <span class='ocrx_word' id='word_1_67' title='bbox 1845 826 2038 886; x_wconf 83' lang='lat' dir='ltr'><strong>sanxe-</strong></span> 
     </span>
    </p>
   </div>
   <div class='ocr_carea' id='block_1_11' title="bbox 456 884 2039 954">
    <p class='ocr_par' dir='ltr' id='par_1_11' title="bbox 456 884 2039 954">
     <span class='ocr_line' id='line_1_11' title="bbox 456 884 2039 954; baseline -0.003 -12"><span class='ocrx_word' id='word_1_68' title='bbox 456 884 602 951; x_wconf 84' lang='lat' dir='ltr'><strong>runt,</strong></span> <span class='ocrx_word' id='word_1_69' title='bbox 628 902 747 940; x_wconf 92' lang='lat' dir='ltr'><strong>cum</strong></span> <span class='ocrx_word' id='word_1_70' title='bbox 778 886 990 939; x_wconf 86' lang='lat' dir='ltr'><strong>laudato</strong></span> <span class='ocrx_word' id='word_1_71' title='bbox 1014 886 1162 951; x_wconf 88' lang='lat' dir='ltr'><strong>loco,</strong></span> <span class='ocrx_word' id='word_1_72' title='bbox 1200 895 1309 940; x_wconf 90' lang='lat' dir='ltr'><strong>tum</strong></span> <span class='ocrx_word' id='word_1_73' title='bbox 1334 886 1386 939; x_wconf 90' lang='lat' dir='ltr'><strong>in</strong></span> <span class='ocrx_word' id='word_1_74' title='bbox 1418 886 1624 954; x_wconf 91' lang='lat' dir='ltr'><strong>reliquo</strong></span> <span class='ocrx_word' id='word_1_75' title='bbox 1654 899 1767 939; x_wconf 76' lang='lat' dir='ltr'><strong>suae</strong></span> <span class='ocrx_word' id='word_1_76' title='bbox 1797 884 2039 952; x_wconf 75' lang='lat' dir='ltr'><strong>epistolas</strong></span> 
     </span>
    </p>
   </div>
   <div class='ocr_carea' id='block_1_12' title="bbox 455 956 2036 1026">
    <p class='ocr_par' dir='ltr' id='par_1_12' title="bbox 455 956 2036 1026">
     <span class='ocr_line' id='line_1_12' title="bbox 455 956 2036 1026; baseline -0.003 -14"><span class='ocrx_word' id='word_1_77' title='bbox 455 967 707 1012; x_wconf 89' lang='lat' dir='ltr'><strong>contextu</strong></span> <span class='ocrx_word' id='word_1_78' title='bbox 746 958 965 1025; x_wconf 85' lang='lat' dir='ltr'><strong>Vigilius</strong></span> <span class='ocrx_word' id='word_1_79' title='bbox 991 971 1128 1026; x_wconf 89' lang='lat' dir='ltr'><strong>papa</strong></span> <span class='ocrx_word' id='word_1_80' title='bbox 1154 957 1445 1012; x_wconf 91' lang='lat' dir='ltr'><strong>recensuit.</strong></span> <span class='ocrx_word' id='word_1_81' title='bbox 1473 956 1581 1012; x_wconf 89' lang='lat' dir='ltr'><strong>Sed</strong></span> <span class='ocrx_word' id='word_1_82' title='bbox 1611 971 1733 1011; x_wconf 91' lang='lat' dir='ltr'><strong>cum</strong></span> <span class='ocrx_word' id='word_1_83' title='bbox 1776 956 1890 1009; x_wconf 82' lang='lat' dir='ltr'><strong>haec</strong></span> <span class='ocrx_word' id='word_1_84' title='bbox 1918 968 2036 1009; x_wconf 91' lang='lat' dir='ltr'><strong>om-</strong></span> 
     </span>
    </p>
   </div>
   <div class='ocr_carea' id='block_1_13' title="bbox 457 1027 2039 1098">
    <p class='ocr_par' dir='ltr' id='par_1_13' title="bbox 457 1027 2039 1098">
     <span class='ocr_line' id='line_1_13' title="bbox 457 1027 2039 1098; baseline -0.003 -15"><span class='ocrx_word' id='word_1_85' title='bbox 457 1030 544 1083; x_wconf 91' lang='lat' dir='ltr'><strong>nia</strong></span> <span class='ocrx_word' id='word_1_86' title='bbox 573 1028 849 1083; x_wconf 74' lang='lat' dir='ltr'><strong>catholicis</strong></span> <span class='ocrx_word' id='word_1_87' title='bbox 881 1027 1363 1098; x_wconf 88' lang='lat' dir='ltr'><strong>eruditissimisqne</strong></span> <span class='ocrx_word' id='word_1_88' title='bbox 1400 1028 1531 1082; x_wconf 88' lang='lat' dir='ltr'><strong>viris</strong></span> <span class='ocrx_word' id='word_1_89' title='bbox 1571 1028 1852 1081; x_wconf 90' lang='lat' dir='ltr'><strong>notissima</strong></span> <span class='ocrx_word' id='word_1_90' title='bbox 1897 1027 2039 1091; x_wconf 86' lang='lat' dir='ltr'><strong>sint,</strong></span> 
     </span>
    </p>
   </div>
   <div class='ocr_carea' id='block_1_14' title="bbox 456 1098 2041 1169">
    <p class='ocr_par' dir='ltr' id='par_1_14' title="bbox 456 1098 2041 1169">
     <span class='ocr_line' id='line_1_14' title="bbox 456 1098 2041 1169; baseline -0.004 -13"><span class='ocrx_word' id='word_1_91' title='bbox 456 1100 510 1156; x_wconf 92' lang='lat' dir='ltr'><strong>in</strong></span> <span class='ocrx_word' id='word_1_92' title='bbox 559 1113 795 1167; x_wconf 68' lang='lat' dir='ltr'><strong>prmsens</strong></span> <span class='ocrx_word' id='word_1_93' title='bbox 831 1100 1047 1155; x_wconf 90' lang='lat' dir='ltr'><strong>silentio</strong></span> <span class='ocrx_word' id='word_1_94' title='bbox 1086 1115 1331 1169; x_wconf 85' lang='lat' dir='ltr'><strong>premere</strong></span> <span class='ocrx_word' id='word_1_95' title='bbox 1377 1108 1587 1165; x_wconf 90' lang='lat' dir='ltr'><strong>statuo,</strong></span> <span class='ocrx_word' id='word_1_96' title='bbox 1628 1112 1818 1152; x_wconf 80' lang='lat' dir='ltr'><strong>causas</strong></span> <span class='ocrx_word' id='word_1_97' title='bbox 1865 1098 2041 1165; x_wconf 78' lang='lat' dir='ltr'><strong>potius</strong></span> 
     </span>
    </p>
   </div>
   <div class='ocr_carea' id='block_1_15' title="bbox 456 1169 2041 1239">
    <p class='ocr_par' dir='ltr' id='par_1_15' title="bbox 456 1169 2041 1239">
     <span class='ocr_line' id='line_1_15' title="bbox 456 1169 2041 1239; baseline -0.003 -14"><span class='ocrx_word' id='word_1_98' title='bbox 456 1172 695 1225; x_wconf 84' lang='lat' dir='ltr'><strong>dicturus</strong></span> <span class='ocrx_word' id='word_1_99' title='bbox 727 1172 796 1224; x_wconf 91' lang='lat' dir='ltr'><strong>ob</strong></span> <span class='ocrx_word' id='word_1_100' title='bbox 831 1185 963 1239; x_wconf 89' lang='lat' dir='ltr'><strong>quas</strong></span> <span class='ocrx_word' id='word_1_101' title='bbox 993 1172 1332 1227; x_wconf 87' lang='lat' dir='ltr'><strong>confictionis</strong></span> <span class='ocrx_word' id='word_1_102' title='bbox 1373 1169 1572 1239; x_wconf 87' lang='lat' dir='ltr'><strong>aliquid</strong></span> <span class='ocrx_word' id='word_1_103' title='bbox 1614 1184 1678 1224; x_wconf 89' lang='lat' dir='ltr'><strong>ea</strong></span> <span class='ocrx_word' id='word_1_104' title='bbox 1714 1169 1766 1223; x_wconf 92' lang='lat' dir='ltr'><strong>in</strong></span> <span class='ocrx_word' id='word_1_105' title='bbox 1815 1169 2041 1235; x_wconf 85' lang='lat' dir='ltr'><strong>epistola</strong></span> 
     </span>
    </p>
   </div>
   <div class='ocr_carea' id='block_1_16' title="bbox 456 1242 1099 1311">
    <p class='ocr_par' dir='ltr' id='par_1_16' title="bbox 456 1242 1099 1311">
     <span class='ocr_line' id='line_1_16' title="bbox 456 1242 1099 1311; baseline -0.003 -14"><span class='ocrx_word' id='word_1_106' title='bbox 456 1242 779 1311; x_wconf 78' lang='lat' dir='ltr'><strong>redarguere</strong></span> <span class='ocrx_word' id='word_1_107' title='bbox 810 1252 1048 1311; x_wconf 89' lang='lat' dir='ltr'><strong>possent.</strong></span> <span class='ocrx_word' id='word_1_108' title='bbox 1089 1242 1099 1253; x_wconf 89' lang='lat'><strong><em>&#39;</em></strong></span> 
     </span>
    </p>
   </div>
   <div class='ocr_carea' id='block_1_17' title="bbox 530 1310 2045 1383">
    <p class='ocr_par' dir='ltr' id='par_1_17' title="bbox 530 1310 2045 1383">
     <span class='ocr_line' id='line_1_17' title="bbox 530 1310 2045 1383; baseline -0.003 -15"><span class='ocrx_word' id='word_1_109' title='bbox 530 1313 583 1368; x_wconf 88' lang='lat'><strong>6.</strong></span> <span class='ocrx_word' id='word_1_110' title='bbox 624 1310 859 1367; x_wconf 56' lang='lat' dir='ltr'><strong>Viribus</strong></span> <span class='ocrx_word' id='word_1_111' title='bbox 904 1313 1168 1383; x_wconf 86' lang='lat' dir='ltr'><strong>imprimis</strong></span> <span class='ocrx_word' id='word_1_112' title='bbox 1216 1312 1529 1373; x_wconf 89' lang='lat' dir='ltr'><strong>destitutum</strong></span> <span class='ocrx_word' id='word_1_113' title='bbox 1574 1310 1782 1367; x_wconf 89' lang='lat' dir='ltr'><strong>censeri</strong></span> <span class='ocrx_word' id='word_1_114' title='bbox 1832 1317 2045 1383; x_wconf 81' lang='lat' dir='ltr'><strong>Oportet</strong></span> 
     </span>
    </p>
   </div>
   <div class='ocr_carea' id='block_1_18' title="bbox 455 1381 2043 1455">
    <p class='ocr_par' dir='ltr' id='par_1_18' title="bbox 455 1381 2043 1455">
     <span class='ocr_line' id='line_1_18' title="bbox 455 1381 2043 1455; baseline -0.002 -17"><span class='ocrx_word' id='word_1_115' title='bbox 455 1384 597 1455; x_wconf 83' lang='lat' dir='ltr'><strong>quod</strong></span> <span class='ocrx_word' id='word_1_116' title='bbox 628 1398 692 1438; x_wconf 79' lang='lat' dir='ltr'><strong>ex</strong></span> <span class='ocrx_word' id='word_1_117' title='bbox 716 1384 957 1454; x_wconf 73' lang='lat' dir='ltr'><strong>epistola:</strong></span> <span class='ocrx_word' id='word_1_118' title='bbox 983 1381 1331 1453; x_wconf 85' lang='lat' dir='ltr'><strong>inscriptione</strong></span> <span class='ocrx_word' id='word_1_119' title='bbox 1356 1385 1672 1455; x_wconf 83' lang='lat' dir='ltr'><strong>objicerent.</strong></span> <span class='ocrx_word' id='word_1_120' title='bbox 1720 1383 1848 1455; x_wconf 72' lang='lat' dir='ltr'><strong>Eam</strong></span> <span class='ocrx_word' id='word_1_121' title='bbox 1884 1381 2043 1455; x_wconf 10' lang='lat' dir='ltr'><strong>ividc-</strong></span> 
     </span>
    </p>
   </div>
   <div class='ocr_carea' id='block_1_19' title="bbox 458 1452 2039 1517">
    <p class='ocr_par' dir='ltr' id='par_1_19' title="bbox 458 1452 2039 1517">
     <span class='ocr_line' id='line_1_19' title="bbox 458 1452 2039 1517; baseline -0.004 -6"><span class='ocrx_word' id='word_1_122' title='bbox 458 1452 583 1511; x_wconf 72' lang='lat' dir='ltr'><strong>licet</strong></span> <span class='ocrx_word' id='word_1_123' title='bbox 605 1457 656 1507; x_wconf 91' lang='lat' dir='ltr'><strong>in</strong></span> <span class='ocrx_word' id='word_1_124' title='bbox 682 1452 950 1509; x_wconf 82' lang='lat' dir='ltr'><strong>veteribus</strong></span> <span class='ocrx_word' id='word_1_125' title='bbox 974 1456 1134 1509; x_wconf 91' lang='lat' dir='ltr'><strong>etiam</strong></span> <span class='ocrx_word' id='word_1_126' title='bbox 1152 1452 1316 1508; x_wconf 82' lang='lat' dir='ltr'><strong>editis</strong></span> <span class='ocrx_word' id='word_1_127' title='bbox 1340 1452 1737 1517; x_wconf 80' lang='lat' dir='ltr'><strong>exemplaribus</strong></span> <span class='ocrx_word' id='word_1_128' title='bbox 1766 1452 2039 1513; x_wconf 80' lang='lat' dir='ltr'><strong>Eucherii,</strong></span> 
     </span>
    </p>
   </div>
   <div class='ocr_carea' id='block_1_20' title="bbox 458 1522 2043 1594">
    <p class='ocr_par' dir='ltr' id='par_1_20' title="bbox 458 1522 2043 1594">
     <span class='ocr_line' id='line_1_20' title="bbox 458 1522 2043 1594; baseline -0.004 -12"><span class='ocrx_word' id='word_1_129' title='bbox 458 1540 555 1582; x_wconf 90' lang='lat' dir='ltr'><strong>seu</strong></span> <span class='ocrx_word' id='word_1_130' title='bbox 606 1525 932 1593; x_wconf 84' lang='lat' dir='ltr'><strong>Eleutherii,</strong></span> <span class='ocrx_word' id='word_1_131' title='bbox 962 1541 1156 1581; x_wconf 89' lang='lat' dir='ltr'><strong>nomen</strong></span> <span class='ocrx_word' id='word_1_132' title='bbox 1188 1524 1466 1594; x_wconf 78' lang='lat' dir='ltr'><strong>pra-ferre.</strong></span> <span class='ocrx_word' id='word_1_133' title='bbox 1512 1524 1568 1578; x_wconf 90' lang='lat' dir='ltr'><strong>1d</strong></span> <span class='ocrx_word' id='word_1_134' title='bbox 1600 1538 1729 1578; x_wconf 74' lang='lat' dir='ltr'><strong>sane</strong></span> <span class='ocrx_word' id='word_1_135' title='bbox 1770 1522 2043 1594; x_wconf 82' lang='lat' dir='ltr'><strong>haudqua-</strong></span> 
     </span>
    </p>
   </div>
   <div class='ocr_carea' id='block_1_21' title="bbox 460 1593 2044 1667">
    <p class='ocr_par' dir='ltr' id='par_1_21' title="bbox 460 1593 2044 1667">
     <span class='ocr_line' id='line_1_21' title="bbox 460 1593 2044 1667; baseline -0.002 -18"><span class='ocrx_word' id='word_1_136' title='bbox 460 1612 618 1667; x_wconf 84' lang='lat' dir='ltr'><strong>quam</strong></span> <span class='ocrx_word' id='word_1_137' title='bbox 648 1597 916 1652; x_wconf 89' lang='lat' dir='ltr'><strong>inliciatus</strong></span> <span class='ocrx_word' id='word_1_138' title='bbox 944 1607 1025 1651; x_wconf 88' lang='lat' dir='ltr'><strong>est</strong></span> <span class='ocrx_word' id='word_1_139' title='bbox 1054 1593 1339 1652; x_wconf 85' lang='lat' dir='ltr'><strong>cardinalis</strong></span> <span class='ocrx_word' id='word_1_140' title='bbox 1362 1596 1429 1651; x_wconf 91' lang='lat' dir='ltr'><strong>de</strong></span> <span class='ocrx_word' id='word_1_141' title='bbox 1459 1596 1705 1665; x_wconf 84' lang='lat' dir='ltr'><strong>Aguirre,</strong></span> <span class='ocrx_word' id='word_1_142' title='bbox 1737 1593 2044 1667; x_wconf 20' lang='lat' dir='ltr'><strong>quiAProlu-</strong></span> 
     </span>
    </p>
   </div>
   <div class='ocr_carea' id='block_1_22' title="bbox 462 1664 2037 1735">
    <p class='ocr_par' dir='ltr' id='par_1_22' title="bbox 462 1664 2037 1735">
     <span class='ocr_line' id='line_1_22' title="bbox 462 1664 2037 1735; baseline -0.004 -13"><span class='ocrx_word' id='word_1_143' title='bbox 462 1664 582 1722; x_wconf 55' lang='lat' dir='ltr'><strong>t&#39;uro</strong></span> <span class='ocrx_word' id='word_1_144' title='bbox 610 1668 954 1733; x_wconf 79' lang='lat' dir='ltr'><strong>Bracarensi,</strong></span> <span class='ocrx_word' id='word_1_145' title='bbox 985 1667 1253 1723; x_wconf 61' lang='lat' dir='ltr'><strong>Callaecia:</strong></span> <span class='ocrx_word' id='word_1_146' title='bbox 1277 1664 1532 1735; x_wconf 85' lang='lat' dir='ltr'><strong>episc0po</strong></span> <span class='ocrx_word' id='word_1_147' title='bbox 1573 1664 1934 1734; x_wconf 87' lang='lat' dir='ltr'><strong>metropolita,</strong></span> <span class='ocrx_word' id='word_1_148' title='bbox 1966 1665 2037 1735; x_wconf 87' lang='lat' dir='ltr'><strong>iu-</strong></span> 
     </span>
    </p>
   </div>
   <div class='ocr_carea' id='block_1_23' title="bbox 460 1734 2043 1802">
    <p class='ocr_par' dir='ltr' id='par_1_23' title="bbox 460 1734 2043 1802">
     <span class='ocr_line' id='line_1_23' title="bbox 460 1734 2043 1802; baseline -0.003 -9"><span class='ocrx_word' id='word_1_149' title='bbox 460 1739 797 1793; x_wconf 83' lang='lat' dir='ltr'><strong>scribeudatn</strong></span> <span class='ocrx_word' id='word_1_150' title='bbox 834 1739 973 1793; x_wconf 87' lang='lat' dir='ltr'><strong>hanc</strong></span> <span class='ocrx_word' id='word_1_151' title='bbox 1005 1739 1286 1802; x_wconf 82' lang='lat' dir='ltr'><strong>epistolam</strong></span> <span class='ocrx_word' id='word_1_152' title='bbox 1314 1734 1524 1793; x_wconf 86' lang='lat' dir='ltr'><strong>docuit.</strong></span> <span class='ocrx_word' id='word_1_153' title='bbox 1566 1736 1673 1791; x_wconf 85' lang='lat' dir='ltr'><strong>Sed</strong></span> <span class='ocrx_word' id='word_1_154' title='bbox 1706 1752 1771 1790; x_wconf 84' lang='lat' dir='ltr'><strong>ex</strong></span> <span class='ocrx_word' id='word_1_155' title='bbox 1819 1737 1919 1789; x_wconf 90' lang='lat' dir='ltr'><strong>hac</strong></span> <span class='ocrx_word' id='word_1_156' title='bbox 1947 1734 2043 1788; x_wconf 92' lang='lat' dir='ltr'><strong>ob-</strong></span> 
     </span>
    </p>
   </div>
   <div class='ocr_carea' id='block_1_24' title="bbox 458 1780 2120 1936">
    <p class='ocr_par' dir='ltr' id='par_1_24' title="bbox 458 1780 2120 1936">
     <span class='ocr_line' id='line_1_24' title="bbox 458 1780 2120 1936; baseline -0.004 -71"><span class='ocrx_word' id='word_1_157' title='bbox 458 1780 708 1936; x_wconf 59' lang='grc' dir='ltr'><strong>Ῑέὲὶἴοιὶἒζ</strong></span> <span class='ocrx_word' id='word_1_158' title='bbox 734 1780 1579 1880; x_wconf 57' lang='lat' dir='ltr'><strong>ti&#39;tiiti&#39;i&quot;}niﬁ2{&quot;enitn&quot;ratione</strong></span> <span class='ocrx_word' id='word_1_159' title='bbox 1626 1807 2038 1861; x_wconf 88' lang='lat' dir='ltr'><strong>amanuensium</strong></span> <span class='ocrx_word' id='word_1_160' title='bbox 2073 1780 2120 1840; x_wconf 84' lang='grc' dir='ltr'><strong>Β</strong></span> 
     </span>
     <span class='ocr_line' id='line_1_25' title="bbox 486 1878 2041 1936; baseline 0 -3"><span class='ocrx_word' id='word_1_161' title='bbox 486 1896 646 1936; x_wconf 82' lang='lat' dir='ltr'><strong>ausus</strong></span> <span class='ocrx_word' id='word_1_162' title='bbox 681 1890 735 1936; x_wconf 91' lang='lat' dir='ltr'><strong>et</strong></span> <span class='ocrx_word' id='word_1_163' title='bbox 775 1881 1057 1935; x_wconf 80' lang='lat' dir='ltr'><strong>oscitantia</strong></span> <span class='ocrx_word' id='word_1_164' title='bbox 1098 1880 1541 1936; x_wconf 70' lang='lat' dir='ltr'><strong>exuloratissima:</strong></span> <span class='ocrx_word' id='word_1_165' title='bbox 1582 1879 1795 1934; x_wconf 82' lang='lat' dir='ltr'><strong>veritati</strong></span> <span class='ocrx_word' id='word_1_166' title='bbox 1848 1878 2041 1933; x_wconf 88' lang='lat' dir='ltr'><strong>obesse</strong></span> 
     </span>
    </p>
   </div>
   <div class='ocr_carea' id='block_1_25' title="bbox 486 1896 509 1933">
    <p class='ocr_par' dir='ltr' id='par_1_25' title="bbox 486 1896 509 1933">
     <span class='ocr_line' id='line_1_26' title="bbox 486 1896 509 1933; baseline 0 0"><span class='ocrx_word' id='word_1_167' title='bbox 486 1896 509 1933; x_wconf 71' lang='lat'><strong>3</strong></span> 
     </span>
    </p>
   </div>
   <div class='ocr_carea' id='block_1_26' title="bbox 520 1878 2041 1950">
    <p class='ocr_par' dir='ltr' id='par_1_26' title="bbox 520 1878 2041 1950">
     <span class='ocr_line' id='line_1_27' title="bbox 520 1878 2041 1950; baseline 0.001 -18"><span class='ocrx_word' id='word_1_168' title='bbox 520 1896 646 1950; x_wconf 82' lang='lat' dir='ltr'><strong>psus</strong></span> <span class='ocrx_word' id='word_1_169' title='bbox 681 1878 1057 1937; x_wconf 31' lang='lat' dir='ltr'><strong>et‘oscitantia</strong></span> <span class='ocrx_word' id='word_1_170' title='bbox 1098 1880 1541 1949; x_wconf 70' lang='lat' dir='ltr'><strong>exploratissima:</strong></span> <span class='ocrx_word' id='word_1_171' title='bbox 1582 1879 1795 1934; x_wconf 82' lang='lat' dir='ltr'><strong>veritati</strong></span> <span class='ocrx_word' id='word_1_172' title='bbox 1848 1878 2041 1950; x_wconf 82' lang='lat' dir='ltr'><strong>obesse</strong></span> 
     </span>
    </p>
   </div>
   <div class='ocr_carea' id='block_1_27' title="bbox 460 1949 2042 2023">
    <p class='ocr_par' dir='ltr' id='par_1_27' title="bbox 460 1949 2042 2023">
     <span class='ocr_line' id='line_1_28' title="bbox 460 1949 2042 2023; baseline -0.003 -17"><span class='ocrx_word' id='word_1_173' title='bbox 460 1949 635 2022; x_wconf 90' lang='lat' dir='ltr'><strong>potuit</strong></span> <span class='ocrx_word' id='word_1_174' title='bbox 678 1953 776 2023; x_wconf 83' lang='grc' dir='ltr'><strong>(α).</strong></span> <span class='ocrx_word' id='word_1_175' title='bbox 817 1952 994 2019; x_wconf 90' lang='lat' dir='ltr'><strong>Quare</strong></span> <span class='ocrx_word' id='word_1_176' title='bbox 1024 1952 1200 2006; x_wconf 89' lang='lat' dir='ltr'><strong>minus</strong></span> <span class='ocrx_word' id='word_1_177' title='bbox 1245 1951 1479 2023; x_wconf 85' lang='lat' dir='ltr'><strong>prudens</strong></span> <span class='ocrx_word' id='word_1_178' title='bbox 1516 1960 1571 2005; x_wconf 91' lang='lat' dir='ltr'><strong>et</strong></span> <span class='ocrx_word' id='word_1_179' title='bbox 1612 1963 1829 2018; x_wconf 81' lang='lat' dir='ltr'><strong>prorsus</strong></span> <span class='ocrx_word' id='word_1_180' title='bbox 1876 1949 2042 2023; x_wconf 85' lang='lat' dir='ltr'><strong>futilis</strong></span> 
     </span>
    </p>
   </div>
   <div class='ocr_carea' id='block_1_28' title="bbox 461 2021 2039 2089">
    <p class='ocr_par' dir='ltr' id='par_1_28' title="bbox 461 2021 2039 2089">
     <span class='ocr_line' id='line_1_29' title="bbox 461 2021 2039 2089; baseline -0.003 -12"><span class='ocrx_word' id='word_1_181' title='bbox 461 2021 647 2078; x_wconf 83' lang='lat' dir='ltr'><strong>eorum</strong></span> <span class='ocrx_word' id='word_1_182' title='bbox 676 2021 905 2077; x_wconf 78' lang='lat' dir='ltr'><strong>eruditio</strong></span> <span class='ocrx_word' id='word_1_183' title='bbox 934 2025 1141 2077; x_wconf 86' lang='lat' dir='ltr'><strong>censeri</strong></span> <span class='ocrx_word' id='word_1_184' title='bbox 1172 2024 1350 2085; x_wconf 88' lang='lat' dir='ltr'><strong>debet,</strong></span> <span class='ocrx_word' id='word_1_185' title='bbox 1384 2022 1475 2089; x_wconf 88' lang='lat' dir='ltr'><strong>qui</strong></span> <span class='ocrx_word' id='word_1_186' title='bbox 1502 2036 1571 2076; x_wconf 83' lang='lat' dir='ltr'><strong>ex</strong></span> <span class='ocrx_word' id='word_1_187' title='bbox 1596 2031 1851 2087; x_wconf 90' lang='lat' dir='ltr'><strong>corrupto</strong></span> <span class='ocrx_word' id='word_1_188' title='bbox 1874 2021 2039 2073; x_wconf 87' lang='lat' dir='ltr'><strong>alicu-</strong></span> 
     </span>
    </p>
   </div>
   <div class='ocr_carea' id='block_1_29' title="bbox 460 2091 2044 2164">
    <p class='ocr_par' dir='ltr' id='par_1_29' title="bbox 460 2091 2044 2164">
     <span class='ocr_line' id='line_1_30' title="bbox 460 2091 2044 2164; baseline -0.002 -16"><span class='ocrx_word' id='word_1_189' title='bbox 460 2094 548 2164; x_wconf 90' lang='lat' dir='ltr'><strong>jus</strong></span> <span class='ocrx_word' id='word_1_190' title='bbox 579 2095 908 2148; x_wconf 81' lang='lat' dir='ltr'><strong>monumenti</strong></span> <span class='ocrx_word' id='word_1_191' title='bbox 934 2095 1089 2164; x_wconf 92' lang='lat' dir='ltr'><strong>titqu</strong></span> <span class='ocrx_word' id='word_1_192' title='bbox 1113 2102 1166 2147; x_wconf 92' lang='lat' dir='ltr'><strong>et</strong></span> <span class='ocrx_word' id='word_1_193' title='bbox 1193 2092 1546 2159; x_wconf 86' lang='lat' dir='ltr'><strong>inscriptione</strong></span> <span class='ocrx_word' id='word_1_194' title='bbox 1574 2091 1960 2164; x_wconf 76' lang='lat' dir='ltr'><strong>suppositionis</strong></span> <span class='ocrx_word' id='word_1_195' title='bbox 1988 2100 2044 2145; x_wconf 79' lang='lat' dir='ltr'><strong>et</strong></span> 
     </span>
    </p>
   </div>
   <div class='ocr_carea' id='block_1_30' title="bbox 464 2161 2045 2233">
    <p class='ocr_par' dir='ltr' id='par_1_30' title="bbox 464 2161 2045 2233">
     <span class='ocr_line' id='line_1_31' title="bbox 464 2161 2045 2233; baseline -0.002 -14"><span class='ocrx_word' id='word_1_196' title='bbox 464 2161 709 2219; x_wconf 85' lang='lat' dir='ltr'><strong>falsitatis</strong></span> <span class='ocrx_word' id='word_1_197' title='bbox 730 2172 1041 2233; x_wconf 86' lang='lat' dir='ltr'><strong>argumenta</strong></span> <span class='ocrx_word' id='word_1_198' title='bbox 1059 2163 1343 2219; x_wconf 88' lang='lat' dir='ltr'><strong>desumere</strong></span> <span class='ocrx_word' id='word_1_199' title='bbox 1358 2172 1639 2217; x_wconf 91' lang='lat' dir='ltr'><strong>conantur.</strong></span> <span class='ocrx_word' id='word_1_200' title='bbox 1659 2161 1830 2216; x_wconf 82' lang='lat' dir='ltr'><strong>Nimis</strong></span> <span class='ocrx_word' id='word_1_201' title='bbox 1845 2164 2045 2231; x_wconf 89' lang='lat' dir='ltr'><strong>quippe</strong></span> 
     </span>
    </p>
   </div>
   <div class='ocr_carea' id='block_1_31' title="bbox 463 2234 2041 2305">
    <p class='ocr_par' dir='ltr' id='par_1_31' title="bbox 463 2234 2041 2305">
     <span class='ocr_line' id='line_1_32' title="bbox 463 2234 2041 2305; baseline -0.001 -16"><span class='ocrx_word' id='word_1_202' title='bbox 463 2235 716 2305; x_wconf 77' lang='lat' dir='ltr'><strong>frequens</strong></span> <span class='ocrx_word' id='word_1_203' title='bbox 768 2246 820 2287; x_wconf 79' lang='lat' dir='ltr'><strong>et</strong></span> <span class='ocrx_word' id='word_1_204' title='bbox 872 2235 1127 2288; x_wconf 86' lang='lat' dir='ltr'><strong>solemnis</strong></span> <span class='ocrx_word' id='word_1_205' title='bbox 1174 2234 1274 2287; x_wconf 86' lang='lat' dir='ltr'><strong>fuit</strong></span> <span class='ocrx_word' id='word_1_206' title='bbox 1312 2234 1595 2305; x_wconf 87' lang='lat' dir='ltr'><strong>ejusmodi</strong></span> <span class='ocrx_word' id='word_1_207' title='bbox 1636 2235 2041 2287; x_wconf 88' lang='lat' dir='ltr'><strong>amanuensium</strong></span> 
     </span>
    </p>
   </div>
   <div class='ocr_carea' id='block_1_32' title="bbox 465 2304 2043 2377">
    <p class='ocr_par' dir='ltr' id='par_1_32' title="bbox 465 2304 2043 2377">
     <span class='ocr_line' id='line_1_33' title="bbox 465 2304 2043 2377; baseline -0.002 -17"><span class='ocrx_word' id='word_1_208' title='bbox 465 2304 670 2372; x_wconf 67' lang='lat' dir='ltr'><strong>lapsus,</strong></span> <span class='ocrx_word' id='word_1_209' title='bbox 694 2307 859 2377; x_wconf 74' lang='lat'><strong>278</strong></span> <span class='ocrx_word' id='word_1_210' title='bbox 889 2308 940 2359; x_wconf 90' lang='lat' dir='ltr'><strong>in</strong></span> <span class='ocrx_word' id='word_1_211' title='bbox 962 2305 1330 2377; x_wconf 79' lang='lat' dir='ltr'><strong>exscribendis</strong></span> <span class='ocrx_word' id='word_1_212' title='bbox 1358 2304 1669 2377; x_wconf 65' lang='lat' dir='ltr'><strong>praesertim</strong></span> <span class='ocrx_word' id='word_1_213' title='bbox 1690 2318 2043 2374; x_wconf 83' lang='lat' dir='ltr'><strong>personarum</strong></span> 
     </span>
    </p>
   </div>
   <div class='ocr_carea' id='block_1_33' title="bbox 464 2376 2046 2445">
    <p class='ocr_par' dir='ltr' id='par_1_33' title="bbox 464 2376 2046 2445">
     <span class='ocr_line' id='line_1_34' title="bbox 464 2376 2046 2445; baseline -0.001 -14"><span class='ocrx_word' id='word_1_214' title='bbox 464 2386 518 2431; x_wconf 91' lang='lat' dir='ltr'><strong>et</strong></span> <span class='ocrx_word' id='word_1_215' title='bbox 544 2376 778 2430; x_wconf 62' lang='lat' dir='ltr'><strong>locet-mn</strong></span> <span class='ocrx_word' id='word_1_216' title='bbox 812 2376 1039 2445; x_wconf 76' lang='lat' dir='ltr'><strong>propriis</strong></span> <span class='ocrx_word' id='word_1_217' title='bbox 1070 2377 1393 2442; x_wconf 80' lang='lat' dir='ltr'><strong>nominibus,</strong></span> <span class='ocrx_word' id='word_1_218' title='bbox 1425 2385 1483 2430; x_wconf 95' lang='lat' dir='ltr'><strong>ut</strong></span> <span class='ocrx_word' id='word_1_219' title='bbox 1507 2378 1558 2429; x_wconf 92' lang='lat' dir='ltr'><strong>in</strong></span> <span class='ocrx_word' id='word_1_220' title='bbox 1590 2376 1849 2445; x_wconf 81' lang='lat' dir='ltr'><strong>cujusque</strong></span> <span class='ocrx_word' id='word_1_221' title='bbox 1871 2377 2046 2430; x_wconf 62' lang='lat' dir='ltr'><strong>astatis</strong></span> 
     </span>
    </p>
   </div>
   <div class='ocr_carea' id='block_1_34' title="bbox 464 2446 2039 2517">
    <p class='ocr_par' dir='ltr' id='par_1_34' title="bbox 464 2446 2039 2517">
     <span class='ocr_line' id='line_1_35' title="bbox 464 2446 2039 2517; baseline -0.001 -16"><span class='ocrx_word' id='word_1_222' title='bbox 464 2457 520 2501; x_wconf 91' lang='lat' dir='ltr'><strong>et</strong></span> <span class='ocrx_word' id='word_1_223' title='bbox 546 2447 856 2501; x_wconf 90' lang='lat' dir='ltr'><strong>idiomatum</strong></span> <span class='ocrx_word' id='word_1_224' title='bbox 885 2447 1261 2515; x_wconf 89' lang='lat' dir='ltr'><strong>manuscriptis</strong></span> <span class='ocrx_word' id='word_1_225' title='bbox 1290 2447 1689 2517; x_wconf 80' lang='lat' dir='ltr'><strong>exemplaribus</strong></span> <span class='ocrx_word' id='word_1_226' title='bbox 1724 2446 1909 2501; x_wconf 88' lang='lat' dir='ltr'><strong>videre</strong></span> <span class='ocrx_word' id='word_1_227' title='bbox 1937 2457 2039 2502; x_wconf 89' lang='lat' dir='ltr'><strong>est.</strong></span> 
     </span>
    </p>
   </div>
   <div class='ocr_carea' id='block_1_35' title="bbox 466 2517 2047 2588">
    <p class='ocr_par' dir='ltr' id='par_1_35' title="bbox 466 2517 2047 2588">
     <span class='ocr_line' id='line_1_36' title="bbox 466 2517 2047 2588; baseline -0.001 -16"><span class='ocrx_word' id='word_1_228' title='bbox 466 2517 602 2572; x_wconf 83' lang='lat' dir='ltr'><strong>Illud</strong></span> <span class='ocrx_word' id='word_1_229' title='bbox 628 2534 754 2573; x_wconf 88' lang='lat' dir='ltr'><strong>vero</strong></span> <span class='ocrx_word' id='word_1_230' title='bbox 783 2522 833 2573; x_wconf 92' lang='lat' dir='ltr'><strong>in</strong></span> <span class='ocrx_word' id='word_1_231' title='bbox 864 2532 1103 2588; x_wconf 65' lang='lat' dir='ltr'><strong>praesens</strong></span> <span class='ocrx_word' id='word_1_232' title='bbox 1131 2519 1198 2573; x_wconf 90' lang='lat' dir='ltr'><strong>ad</strong></span> <span class='ocrx_word' id='word_1_233' title='bbox 1228 2528 1464 2574; x_wconf 85' lang='lat' dir='ltr'><strong>nostram</strong></span> <span class='ocrx_word' id='word_1_234' title='bbox 1491 2535 1602 2575; x_wconf 85' lang='lat' dir='ltr'><strong>rem</strong></span> <span class='ocrx_word' id='word_1_235' title='bbox 1624 2526 1860 2587; x_wconf 89' lang='lat' dir='ltr'><strong>spectat,</strong></span> <span class='ocrx_word' id='word_1_236' title='bbox 1890 2518 2047 2571; x_wconf 88' lang='lat' dir='ltr'><strong>nimi-</strong></span> 
     </span>
    </p>
   </div>
   <div class='ocr_carea' id='block_1_36' title="bbox 464 2589 2044 2660">
    <p class='ocr_par' dir='ltr' id='par_1_36' title="bbox 464 2589 2044 2660">
     <span class='ocr_line' id='line_1_37' title="bbox 464 2589 2044 2660; baseline 0 -16"><span class='ocrx_word' id='word_1_237' title='bbox 464 2602 582 2644; x_wconf 88' lang='lat' dir='ltr'><strong>rum</strong></span> <span class='ocrx_word' id='word_1_238' title='bbox 613 2604 711 2660; x_wconf 92' lang='lat' dir='ltr'><strong>pro</strong></span> <span class='ocrx_word' id='word_1_239' title='bbox 744 2589 1027 2655; x_wconf 86' lang='lat' dir='ltr'><strong>Eucherio,</strong></span> <span class='ocrx_word' id='word_1_240' title='bbox 1058 2604 1152 2645; x_wconf 90' lang='lat' dir='ltr'><strong>seu</strong></span> <span class='ocrx_word' id='word_1_241' title='bbox 1183 2590 1513 2654; x_wconf 79' lang='lat' dir='ltr'><strong>Eleutherio,</strong></span> <span class='ocrx_word' id='word_1_242' title='bbox 1545 2590 1814 2645; x_wconf 85' lang='lat' dir='ltr'><strong>Profuturi</strong></span> <span class='ocrx_word' id='word_1_243' title='bbox 1848 2604 2044 2644; x_wconf 91' lang='lat' dir='ltr'><strong>nomen</strong></span> 
     </span>
    </p>
   </div>
   <div class='ocr_carea' id='block_1_37' title="bbox 464 2661 2046 2732">
    <p class='ocr_par' dir='ltr' id='par_1_37' title="bbox 464 2661 2046 2732">
     <span class='ocr_line' id='line_1_38' title="bbox 464 2661 2046 2732; baseline -0.001 -17"><span class='ocrx_word' id='word_1_244' title='bbox 464 2675 587 2715; x_wconf 89' lang='lat' dir='ltr'><strong>esse</strong></span> <span class='ocrx_word' id='word_1_245' title='bbox 636 2661 918 2732; x_wconf 87' lang='lat' dir='ltr'><strong>legendum</strong></span> <span class='ocrx_word' id='word_1_246' title='bbox 946 2703 959 2727; x_wconf 93' lang='lat'><strong>,</strong></span> <span class='ocrx_word' id='word_1_247' title='bbox 1014 2670 1070 2715; x_wconf 93' lang='lat' dir='ltr'><strong>ut</strong></span> <span class='ocrx_word' id='word_1_248' title='bbox 1115 2662 1313 2716; x_wconf 87' lang='lat' dir='ltr'><strong>habent</strong></span> <span class='ocrx_word' id='word_1_249' title='bbox 1358 2662 1599 2731; x_wconf 89' lang='lat' dir='ltr'><strong>plerique</strong></span> <span class='ocrx_word' id='word_1_250' title='bbox 1637 2662 1853 2729; x_wconf 62' lang='lat' dir='ltr'><strong>Optimae</strong></span> <span class='ocrx_word' id='word_1_251' title='bbox 1906 2668 2046 2714; x_wconf 65' lang='lat' dir='ltr'><strong>notae</strong></span> 
     </span>
    </p>
   </div>
   <div class='ocr_carea' id='block_1_38' title="bbox 464 2732 2045 2802">
    <p class='ocr_par' dir='ltr' id='par_1_38' title="bbox 464 2732 2045 2802">
     <span class='ocr_line' id='line_1_39' title="bbox 464 2732 2045 2802; baseline -0.001 -16"><span class='ocrx_word' id='word_1_252' title='bbox 464 2732 814 2802; x_wconf 86' lang='lat' dir='ltr'><strong>manuscripti</strong></span> <span class='ocrx_word' id='word_1_253' title='bbox 845 2734 1089 2799; x_wconf 86' lang='lat' dir='ltr'><strong>codices,</strong></span> <span class='ocrx_word' id='word_1_254' title='bbox 1126 2743 1182 2787; x_wconf 91' lang='lat' dir='ltr'><strong>ut</strong></span> <span class='ocrx_word' id='word_1_255' title='bbox 1224 2734 1629 2787; x_wconf 80' lang='lat' dir='ltr'><strong>Bracarensium</strong></span> <span class='ocrx_word' id='word_1_256' title='bbox 1670 2732 2045 2801; x_wconf 89' lang='lat' dir='ltr'><strong>episcoporum</strong></span> 
     </span>
    </p>
   </div>
   <div class='ocr_carea' id='block_1_39' title="bbox 464 2803 2047 2872">
    <p class='ocr_par' dir='ltr' id='par_1_39' title="bbox 464 2803 2047 2872">
     <span class='ocr_line' id='line_1_40' title="bbox 464 2803 2047 2872; baseline -0.002 -14"><span class='ocrx_word' id='word_1_257' title='bbox 464 2804 717 2872; x_wconf 85' lang='lat' dir='ltr'><strong>catalogi,</strong></span> <span class='ocrx_word' id='word_1_258' title='bbox 746 2816 800 2857; x_wconf 91' lang='lat' dir='ltr'><strong>et</strong></span> <span class='ocrx_word' id='word_1_259' title='bbox 827 2804 1190 2859; x_wconf 73' lang='lat' dir='ltr'><strong>Romanorum</strong></span> <span class='ocrx_word' id='word_1_260' title='bbox 1238 2804 1519 2858; x_wconf 88' lang='lat' dir='ltr'><strong>consulum</strong></span> <span class='ocrx_word' id='word_1_261' title='bbox 1553 2804 1775 2869; x_wconf 76' lang='lat' dir='ltr'><strong>tabulie,</strong></span> <span class='ocrx_word' id='word_1_262' title='bbox 1811 2814 1866 2857; x_wconf 91' lang='lat' dir='ltr'><strong>nt</strong></span> <span class='ocrx_word' id='word_1_263' title='bbox 1895 2803 2047 2855; x_wconf 81' lang='lat' dir='ltr'><strong>deni-</strong></span> 
     </span>
    </p>
   </div>
   <div class='ocr_carea' id='block_1_40' title="bbox 465 2874 2045 2944">
    <p class='ocr_par' dir='ltr' id='par_1_40' title="bbox 465 2874 2045 2944">
     <span class='ocr_line' id='line_1_41' title="bbox 465 2874 2045 2944; baseline -0.001 -17"><span class='ocrx_word' id='word_1_264' title='bbox 465 2891 570 2941; x_wconf 87' lang='lat' dir='ltr'><strong>que</strong></span> <span class='ocrx_word' id='word_1_265' title='bbox 602 2876 815 2930; x_wconf 89' lang='lat' dir='ltr'><strong>concilii</strong></span> <span class='ocrx_word' id='word_1_266' title='bbox 865 2876 1208 2929; x_wconf 86' lang='lat' dir='ltr'><strong>Bracarensis</strong></span> <span class='ocrx_word' id='word_1_267' title='bbox 1257 2876 1389 2931; x_wconf 89' lang='lat' dir='ltr'><strong>Acta</strong></span> <span class='ocrx_word' id='word_1_268' title='bbox 1423 2876 1580 2944; x_wconf 68' lang='lat' dir='ltr'><strong>paulo</strong></span> <span class='ocrx_word' id='word_1_269' title='bbox 1610 2885 1729 2941; x_wconf 89' lang='lat' dir='ltr'><strong>post</strong></span> <span class='ocrx_word' id='word_1_270' title='bbox 1759 2874 2045 2938; x_wconf 88' lang='lat' dir='ltr'><strong>celebrati,</strong></span> 
     </span>
    </p>
   </div>
   <div class='ocr_carea' id='block_1_41' title="bbox 466 2946 1735 3015">
    <p class='ocr_par' dir='ltr' id='par_1_41' title="bbox 466 2946 1735 3015">
     <span class='ocr_line' id='line_1_42' title="bbox 466 2946 1735 3015; baseline 0 -14"><span class='ocrx_word' id='word_1_271' title='bbox 466 2948 580 3001; x_wconf 85' lang='lat' dir='ltr'><strong>sine</strong></span> <span class='ocrx_word' id='word_1_272' title='bbox 612 2948 715 3001; x_wconf 86' lang='lat' dir='ltr'><strong>ulla</strong></span> <span class='ocrx_word' id='word_1_273' title='bbox 749 2962 967 3015; x_wconf 81' lang='lat' dir='ltr'><strong>prorsus</strong></span> <span class='ocrx_word' id='word_1_274' title='bbox 993 2946 1357 3015; x_wconf 82' lang='lat' dir='ltr'><strong>ambiguitate,</strong></span> <span class='ocrx_word' id='word_1_275' title='bbox 1392 2946 1735 3015; x_wconf 87' lang='lat' dir='ltr'><strong>patefaciunt.</strong></span> 
     </span>
    </p>
   </div>
   <div class='ocr_carea' id='block_1_42' title="bbox 540 3015 2049 3088">
    <p class='ocr_par' dir='ltr' id='par_1_42' title="bbox 540 3015 2049 3088">
     <span class='ocr_line' id='line_1_43' title="bbox 540 3015 2049 3088; baseline -0.001 -17"><span class='ocrx_word' id='word_1_276' title='bbox 540 3018 603 3071; x_wconf 89' lang='lat' dir='ltr'><strong>Et</strong></span> <span class='ocrx_word' id='word_1_277' title='bbox 626 3020 840 3088; x_wconf 89' lang='lat' dir='ltr'><strong>quidem</strong></span> <span class='ocrx_word' id='word_1_278' title='bbox 870 3020 1051 3087; x_wconf 91' lang='lat' dir='ltr'><strong>plures</strong></span> <span class='ocrx_word' id='word_1_279' title='bbox 1072 3017 1390 3088; x_wconf 63' lang='lat' dir='ltr'><strong>mss._cndd.</strong></span> <span class='ocrx_word' id='word_1_280' title='bbox 1428 3036 1438 3071; x_wconf 92' lang='lat'>:</span> <span class='ocrx_word' id='word_1_281' title='bbox 1470 3018 1869 3073; x_wconf 52' lang='lat' dir='ltr'><strong>vetuStiss-imus</strong></span> <span class='ocrx_word' id='word_1_282' title='bbox 1900 3015 2049 3069; x_wconf 60' lang='lat' dir='ltr'><strong>vide-</strong></span> 
     </span>
    </p>
   </div>
   <div class='ocr_carea' id='block_1_43' title="bbox 467 3086 2045 3160">
    <p class='ocr_par' dir='ltr' id='par_1_43' title="bbox 467 3086 2045 3160">
     <span class='ocr_line' id='line_1_44' title="bbox 467 3086 2045 3160; baseline -0.001 -17"><span class='ocrx_word' id='word_1_283' title='bbox 467 3087 590 3144; x_wconf 86' lang='lat' dir='ltr'><strong>licet</strong></span> <span class='ocrx_word' id='word_1_284' title='bbox 620 3086 1020 3160; x_wconf 75' lang='lat' dir='ltr'><strong>Lugdunensis,</strong></span> <span class='ocrx_word' id='word_1_285' title='bbox 1052 3090 1160 3143; x_wconf 89' lang='lat' dir='ltr'><strong>duo</strong></span> <span class='ocrx_word' id='word_1_286' title='bbox 1195 3086 1492 3144; x_wconf 88' lang='lat' dir='ltr'><strong>Colbertlni</strong></span> <span class='ocrx_word' id='word_1_287' title='bbox 1519 3088 1876 3158; x_wconf 87' lang='lat' dir='ltr'><strong>antiquiores,</strong></span> <span class='ocrx_word' id='word_1_288' title='bbox 1906 3089 2045 3157; x_wconf 83' lang='lat' dir='ltr'><strong>Opti-</strong></span> 
     </span>
    </p>
   </div>
   <div class='ocr_carea' id='block_1_44' title="bbox 2142 451 3697 521">
    <p class='ocr_par' dir='ltr' id='par_1_44' title="bbox 2142 451 3697 521">
     <span class='ocr_line' id='line_1_45' title="bbox 2142 451 3697 521; baseline 0.003 -14"><span class='ocrx_word' id='word_1_289' title='bbox 2142 453 2241 521; x_wconf 88' lang='lat' dir='ltr'><strong>ipsi</strong></span> <span class='ocrx_word' id='word_1_290' title='bbox 2261 452 2659 521; x_wconf 80' lang='lat' dir='ltr'><strong>jugulabautur.</strong></span> <span class='ocrx_word' id='word_1_291' title='bbox 2694 469 2714 503; x_wconf 69' lang='grc' dir='ltr'><strong>ι</strong></span> <span class='ocrx_word' id='word_1_292' title='bbox 2750 451 3024 507; x_wconf 82' lang='lat' dir='ltr'><strong>Hactenus</strong></span> <span class='ocrx_word' id='word_1_293' title='bbox 3047 452 3335 507; x_wconf 88' lang='lat' dir='ltr'><strong>cardinalis</strong></span> <span class='ocrx_word' id='word_1_294' title='bbox 3359 451 3577 521; x_wconf 72' lang='lat' dir='ltr'><strong>Aguirre</strong></span> <span class='ocrx_word' id='word_1_295' title='bbox 3602 451 3697 516; x_wconf 75' lang='lat' dir='ltr'><strong>loco</strong></span> 
     </span>
    </p>
   </div>
   <div class='ocr_carea' id='block_1_45' title="bbox 2141 522 3694 593">
    <p class='ocr_par' dir='ltr' id='par_1_45' title="bbox 2141 522 3694 593">
     <span class='ocr_line' id='line_1_46' title="bbox 2141 522 3694 593; baseline 0.006 -17"><span class='ocrx_word' id='word_1_296' title='bbox 2141 526 2389 593; x_wconf 88' lang='lat' dir='ltr'><strong>superius</strong></span> <span class='ocrx_word' id='word_1_297' title='bbox 2438 523 2669 582; x_wconf 76' lang='lat' dir='ltr'><strong>laudato,</strong></span> <span class='ocrx_word' id='word_1_298' title='bbox 2702 522 3016 591; x_wconf 82' lang='lat' dir='ltr'><strong>Cujusmodi</strong></span> <span class='ocrx_word' id='word_1_299' title='bbox 3063 525 3316 579; x_wconf 80' lang='lat' dir='ltr'><strong>subsidiis</strong></span> <span class='ocrx_word' id='word_1_300' title='bbox 3346 526 3427 579; x_wconf 89' lang='lat' dir='ltr'><strong>usi</strong></span> <span class='ocrx_word' id='word_1_301' title='bbox 3466 537 3583 581; x_wconf 89' lang='lat' dir='ltr'><strong>sunt</strong></span> <span class='ocrx_word' id='word_1_302' title='bbox 3616 547 3694 585; x_wconf 80' lang='grc' dir='ltr'>ιιι)-</span> 
     </span>
    </p>
   </div>
   <div class='ocr_carea' id='block_1_46' title="bbox 2141 594 3695 656">
    <p class='ocr_par' dir='ltr' id='par_1_46' title="bbox 2141 594 3695 656">
     <span class='ocr_line' id='line_1_47' title="bbox 2141 594 3695 656; baseline 0.005 -7"><span class='ocrx_word' id='word_1_303' title='bbox 2141 595 2345 649; x_wconf 87' lang='lat' dir='ltr'><strong>vissimi</strong></span> <span class='ocrx_word' id='word_1_304' title='bbox 2395 594 2759 649; x_wconf 89' lang='lat' dir='ltr'><strong>Conciliorum</strong></span> <span class='ocrx_word' id='word_1_305' title='bbox 2809 594 3046 650; x_wconf 84' lang='lat' dir='ltr'><strong>editores</strong></span> <span class='ocrx_word' id='word_1_306' title='bbox 3086 597 3138 648; x_wconf 91' lang='lat' dir='ltr'><strong>in</strong></span> <span class='ocrx_word' id='word_1_307' title='bbox 3183 597 3323 651; x_wconf 91' lang='lat' dir='ltr'><strong>notis</strong></span> <span class='ocrx_word' id='word_1_308' title='bbox 3364 598 3434 651; x_wconf 90' lang='lat' dir='ltr'><strong>ad</strong></span> <span class='ocrx_word' id='word_1_309' title='bbox 3463 600 3695 656; x_wconf 81' lang='lat' dir='ltr'><strong>laudatam</strong></span> 
     </span>
    </p>
   </div>
   <div class='ocr_carea' id='block_1_47' title="bbox 2147 666 3262 737">
    <p class='ocr_par' dir='ltr' id='par_1_47' title="bbox 2147 666 3262 737">
     <span class='ocr_line' id='line_1_48' title="bbox 2147 666 3262 737; baseline -0.001 -15"><span class='ocrx_word' id='word_1_310' title='bbox 2147 666 2324 737; x_wconf 73' lang='lat' dir='ltr'><strong>Vigilii</strong></span> <span class='ocrx_word' id='word_1_311' title='bbox 2358 666 2659 735; x_wconf 78' lang='lat' dir='ltr'><strong>epistolam,</strong></span> <span class='ocrx_word' id='word_1_312' title='bbox 2688 677 2818 720; x_wconf 91' lang='lat' dir='ltr'><strong>tom.</strong></span> <span class='ocrx_word' id='word_1_313' title='bbox 2854 666 2916 729; x_wconf 85' lang='lat' dir='ltr'><strong>V,</strong></span> <span class='ocrx_word' id='word_1_314' title='bbox 2953 682 3068 734; x_wconf 78' lang='lat' dir='ltr'><strong>pag.</strong></span> <span class='ocrx_word' id='word_1_315' title='bbox 3106 668 3262 724; x_wconf 73' lang='grc'><strong>1290.</strong></span> 
     </span>
    </p>
   </div>
   <div class='ocr_carea' id='block_1_48' title="bbox 2214 738 3692 808">
    <p class='ocr_par' dir='ltr' id='par_1_48' title="bbox 2214 738 3692 808">
     <span class='ocr_line' id='line_1_49' title="bbox 2214 738 3692 808; baseline 0 -16"><span class='ocrx_word' id='word_1_316' title='bbox 2214 743 2283 792; x_wconf 87' lang='lat' dir='ltr'><strong>At</strong></span> <span class='ocrx_word' id='word_1_317' title='bbox 2322 752 2421 793; x_wconf 92' lang='lat' dir='ltr'><strong>nec</strong></span> <span class='ocrx_word' id='word_1_318' title='bbox 2464 753 2561 792; x_wconf 88' lang='lat' dir='ltr'><strong>nos</strong></span> <span class='ocrx_word' id='word_1_319' title='bbox 2593 746 2699 792; x_wconf 88' lang='lat' dir='ltr'><strong>tam</strong></span> <span class='ocrx_word' id='word_1_320' title='bbox 2732 738 2927 792; x_wconf 89' lang='lat' dir='ltr'><strong>multos</strong></span> <span class='ocrx_word' id='word_1_321' title='bbox 2967 754 3087 793; x_wconf 78' lang='lat' dir='ltr'><strong>esse</strong></span> <span class='ocrx_word' id='word_1_322' title='bbox 3114 748 3389 808; x_wconf 86' lang='lat' dir='ltr'><strong>oporteret</strong></span> <span class='ocrx_word' id='word_1_323' title='bbox 3420 740 3472 794; x_wconf 91' lang='lat' dir='ltr'><strong>in</strong></span> <span class='ocrx_word' id='word_1_324' title='bbox 3512 740 3692 799; x_wconf 69' lang='lat' dir='ltr'><strong>duobus</strong></span> 
     </span>
    </p>
   </div>
   <div class='ocr_carea' id='block_1_49' title="bbox 2143 808 3691 881">
    <p class='ocr_par' dir='ltr' id='par_1_49' title="bbox 2143 808 3691 881">
     <span class='ocr_line' id='line_1_50' title="bbox 2143 808 3691 881; baseline 0.002 -16"><span class='ocrx_word' id='word_1_325' title='bbox 2143 810 2249 865; x_wconf 88' lang='lat' dir='ltr'><strong>illis</strong></span> <span class='ocrx_word' id='word_1_326' title='bbox 2280 808 2569 879; x_wconf 85' lang='lat' dir='ltr'><strong>eripiendis</strong></span> <span class='ocrx_word' id='word_1_327' title='bbox 2592 809 2847 878; x_wconf 88' lang='lat' dir='ltr'><strong>objectis,</strong></span> <span class='ocrx_word' id='word_1_328' title='bbox 2878 812 2921 863; x_wconf 92' lang='lat' dir='ltr'><strong>si</strong></span> <span class='ocrx_word' id='word_1_329' title='bbox 2945 811 3010 863; x_wconf 86' lang='lat' dir='ltr'><strong>ad</strong></span> <span class='ocrx_word' id='word_1_330' title='bbox 3043 810 3423 865; x_wconf 84' lang='lat' dir='ltr'><strong>Vaticanoruni</strong></span> <span class='ocrx_word' id='word_1_331' title='bbox 3450 816 3691 881; x_wconf 84' lang='lat' dir='ltr'><strong>exempla-</strong></span> 
     </span>
    </p>
   </div>
   <div class='ocr_carea' id='block_1_50' title="bbox 2144 881 3697 949">
    <p class='ocr_par' dir='ltr' id='par_1_50' title="bbox 2144 881 3697 949">
     <span class='ocr_line' id='line_1_51' title="bbox 2144 881 3697 949; baseline 0.002 -13"><span class='ocrx_word' id='word_1_332' title='bbox 2144 883 2281 936; x_wconf 90' lang='lat' dir='ltr'><strong>rium</strong></span> <span class='ocrx_word' id='word_1_333' title='bbox 2315 884 2802 948; x_wconf 84' lang='lat' dir='ltr'><strong>manuscriptorum</strong></span> <span class='ocrx_word' id='word_1_334' title='bbox 2835 881 3207 935; x_wconf 80' lang='lat' dir='ltr'><strong>auctoritatem</strong></span> <span class='ocrx_word' id='word_1_335' title='bbox 3249 897 3542 949; x_wconf 79' lang='lat' dir='ltr'><strong>provocare</strong></span> <span class='ocrx_word' id='word_1_336' title='bbox 3575 888 3697 939; x_wconf 83' lang='lat' dir='ltr'><strong>insti-</strong></span> 
     </span>
    </p>
   </div>
   <div class='ocr_carea' id='block_1_51' title="bbox 2146 951 3693 1020">
    <p class='ocr_par' dir='ltr' id='par_1_51' title="bbox 2146 951 3693 1020">
     <span class='ocr_line' id='line_1_52' title="bbox 2146 951 3693 1020; baseline 0.003 -14"><span class='ocrx_word' id='word_1_337' title='bbox 2146 962 2441 1007; x_wconf 88' lang='lat' dir='ltr'><strong>lueremus.</strong></span> <span class='ocrx_word' id='word_1_338' title='bbox 2486 952 2712 1006; x_wconf 81' lang='lat' dir='ltr'><strong>Exstant</strong></span> <span class='ocrx_word' id='word_1_339' title='bbox 2739 951 2955 1020; x_wconf 90' lang='lat' dir='ltr'><strong>quidem</strong></span> <span class='ocrx_word' id='word_1_340' title='bbox 2991 952 3042 1006; x_wconf 91' lang='lat' dir='ltr'><strong>in</strong></span> <span class='ocrx_word' id='word_1_341' title='bbox 3074 954 3367 1020; x_wconf 83' lang='lat' dir='ltr'><strong>apostolica</strong></span> <span class='ocrx_word' id='word_1_342' title='bbox 3416 956 3510 1008; x_wconf 91' lang='lat' dir='ltr'><strong>hac</strong></span> <span class='ocrx_word' id='word_1_343' title='bbox 3534 955 3693 1011; x_wconf 86' lang='lat' dir='ltr'><strong>biblio-</strong></span> 
     </span>
    </p>
   </div>
   <div class='ocr_carea' id='block_1_52' title="bbox 2145 1023 3694 1095">
    <p class='ocr_par' dir='ltr' id='par_1_52' title="bbox 2145 1023 3694 1095">
     <span class='ocr_line' id='line_1_53' title="bbox 2145 1023 3694 1095; baseline 0.002 -17"><span class='ocrx_word' id='word_1_344' title='bbox 2145 1027 2299 1079; x_wconf 87' lang='lat' dir='ltr'><strong>theca</strong></span> <span class='ocrx_word' id='word_1_345' title='bbox 2318 1026 2467 1092; x_wconf 85' lang='lat' dir='ltr'><strong>plura</strong></span> <span class='ocrx_word' id='word_1_346' title='bbox 2492 1023 2649 1091; x_wconf 88' lang='lat' dir='ltr'><strong>hujus</strong></span> <span class='ocrx_word' id='word_1_347' title='bbox 2671 1024 2910 1091; x_wconf 79' lang='lat' dir='ltr'><strong>epistolae</strong></span> <span class='ocrx_word' id='word_1_348' title='bbox 2927 1024 3277 1093; x_wconf 79' lang='lat' dir='ltr'><strong>exemplaria,</strong></span> <span class='ocrx_word' id='word_1_349' title='bbox 3304 1040 3429 1093; x_wconf 64' lang='lat' dir='ltr'><strong>quae</strong></span> <span class='ocrx_word' id='word_1_350' title='bbox 3443 1029 3694 1095; x_wconf 77' lang='lat' dir='ltr'><strong>genuinum</strong></span> 
     </span>
    </p>
   </div>
   <div class='ocr_carea' id='block_1_53' title="bbox 2148 1095 3694 1161">
    <p class='ocr_par' dir='ltr' id='par_1_53' title="bbox 2148 1095 3694 1161">
     <span class='ocr_line' id='line_1_54' title="bbox 2148 1095 3694 1161; baseline 0.002 -12"><span class='ocrx_word' id='word_1_351' title='bbox 2148 1095 2420 1149; x_wconf 86' lang='lat' dir='ltr'><strong>Profuturi</strong></span> <span class='ocrx_word' id='word_1_352' title='bbox 2450 1108 2643 1149; x_wconf 88' lang='lat' dir='ltr'><strong>nomen</strong></span> <span class='ocrx_word' id='word_1_353' title='bbox 2673 1107 2724 1148; x_wconf 92' lang='lat' dir='ltr'><strong>et</strong></span> <span class='ocrx_word' id='word_1_354' title='bbox 2755 1104 2915 1161; x_wconf 89' lang='lat' dir='ltr'><strong>caput</strong></span> <span class='ocrx_word' id='word_1_355' title='bbox 2944 1095 3069 1148; x_wconf 91' lang='lat' dir='ltr'><strong>illud</strong></span> <span class='ocrx_word' id='word_1_356' title='bbox 3101 1096 3171 1150; x_wconf 88' lang='lat' dir='ltr'><strong>de</strong></span> <span class='ocrx_word' id='word_1_357' title='bbox 3197 1096 3459 1150; x_wconf 69' lang='lat' dir='ltr'><strong>Romana:</strong></span> <span class='ocrx_word' id='word_1_358' title='bbox 3484 1098 3694 1153; x_wconf 72' lang='lat' dir='ltr'><strong>Ecclesiae</strong></span> 
     </span>
    </p>
   </div>
   <div class='ocr_carea' id='block_1_54' title="bbox 2146 1165 3698 1241">
    <p class='ocr_par' dir='ltr' id='par_1_54' title="bbox 2146 1165 3698 1241">
     <span class='ocr_line' id='line_1_55' title="bbox 2146 1165 3698 1241; baseline 0.003 -21"><span class='ocrx_word' id='word_1_359' title='bbox 2146 1166 2379 1241; x_wconf 85' lang='lat' dir='ltr'><strong>primatu</strong></span> <span class='ocrx_word' id='word_1_360' title='bbox 2410 1165 2689 1241; x_wconf 76' lang='lat' dir='ltr'><strong>exhibent,</strong></span> <span class='ocrx_word' id='word_1_361' title='bbox 2714 1180 2833 1233; x_wconf 72' lang='lat' dir='ltr'><strong>qua:</strong></span> <span class='ocrx_word' id='word_1_362' title='bbox 2858 1166 3054 1241; x_wconf 64' lang='lat' dir='ltr'><strong>invicte</strong></span> <span class='ocrx_word' id='word_1_363' title='bbox 3082 1167 3590 1241; x_wconf 80' lang='lat' dir='ltr'><strong>probantlaudatam</strong></span> <span class='ocrx_word' id='word_1_364' title='bbox 3612 1170 3698 1241; x_wconf 80' lang='lat' dir='ltr'><strong>epi-</strong></span> 
     </span>
    </p>
   </div>
   <div class='ocr_carea' id='block_1_55' title="bbox 2148 1238 3503 1306">
    <p class='ocr_par' dir='ltr' id='par_1_55' title="bbox 2148 1238 3503 1306">
     <span class='ocr_line' id='line_1_56' title="bbox 2148 1238 3503 1306; baseline 0.001 -15"><span class='ocrx_word' id='word_1_365' title='bbox 2148 1240 2341 1291; x_wconf 86' lang='lat' dir='ltr'><strong>stolam</strong></span> <span class='ocrx_word' id='word_1_366' title='bbox 2368 1238 2569 1290; x_wconf 87' lang='lat' dir='ltr'><strong>nullum</strong></span> <span class='ocrx_word' id='word_1_367' title='bbox 2602 1250 2820 1304; x_wconf 87' lang='lat' dir='ltr'><strong>prorsus</strong></span> <span class='ocrx_word' id='word_1_368' title='bbox 2849 1238 3045 1291; x_wconf 87' lang='lat' dir='ltr'><strong>vulnus</strong></span> <span class='ocrx_word' id='word_1_369' title='bbox 3075 1252 3286 1306; x_wconf 83' lang='lat' dir='ltr'><strong>passam</strong></span> <span class='ocrx_word' id='word_1_370' title='bbox 3319 1239 3503 1295; x_wconf 87' lang='lat' dir='ltr'><strong>fuisse.</strong></span> 
     </span>
    </p>
   </div>
   <div class='ocr_carea' id='block_1_56' title="bbox 2221 1307 3696 1382">
    <p class='ocr_par' dir='ltr' id='par_1_56' title="bbox 2221 1307 3696 1382">
     <span class='ocr_line' id='line_1_57' title="bbox 2221 1307 3696 1382; baseline 0.005 -23"><span class='ocrx_word' id='word_1_371' title='bbox 2221 1310 2273 1382; x_wconf 63' lang='lat'><strong>8.</strong></span> <span class='ocrx_word' id='word_1_372' title='bbox 2310 1308 2501 1382; x_wconf 75' lang='lat' dir='ltr'><strong>Verum</strong></span> <span class='ocrx_word' id='word_1_373' title='bbox 2540 1307 2699 1382; x_wconf 81' lang='lat' dir='ltr'><strong>sitot</strong></span> <span class='ocrx_word' id='word_1_374' title='bbox 2727 1316 2978 1376; x_wconf 88' lang='lat' dir='ltr'><strong>tantaque</strong></span> <span class='ocrx_word' id='word_1_375' title='bbox 3002 1310 3247 1382; x_wconf 66' lang='lat' dir='ltr'><strong>praesidia</strong></span> <span class='ocrx_word' id='word_1_376' title='bbox 3296 1310 3428 1366; x_wconf 81' lang='lat' dir='ltr'><strong>huic</strong></span> <span class='ocrx_word' id='word_1_377' title='bbox 3454 1313 3696 1382; x_wconf 73' lang='lat' dir='ltr'><strong>exagitata</strong></span> 
     </span>
    </p>
   </div>
   <div class='ocr_carea' id='block_1_57' title="bbox 2148 1378 3699 1451">
    <p class='ocr_par' dir='ltr' id='par_1_57' title="bbox 2148 1378 3699 1451">
     <span class='ocr_line' id='line_1_58' title="bbox 2148 1378 3699 1451; baseline 0.001 -17"><span class='ocrx_word' id='word_1_378' title='bbox 2148 1380 2365 1451; x_wconf 84' lang='lat' dir='ltr'><strong>veritati</strong></span> <span class='ocrx_word' id='word_1_379' title='bbox 2388 1395 2493 1431; x_wconf 87' lang='lat' dir='ltr'><strong>non</strong></span> <span class='ocrx_word' id='word_1_380' title='bbox 2524 1378 2935 1447; x_wconf 87' lang='lat' dir='ltr'><strong>opitularentur,</strong></span> <span class='ocrx_word' id='word_1_381' title='bbox 2968 1381 3141 1434; x_wconf 89' lang='lat' dir='ltr'><strong>adhuc</strong></span> <span class='ocrx_word' id='word_1_382' title='bbox 3171 1379 3311 1436; x_wconf 84' lang='lat' dir='ltr'><strong>forte</strong></span> <span class='ocrx_word' id='word_1_383' title='bbox 3337 1384 3415 1435; x_wconf 79' lang='lat' dir='ltr'><strong>de</strong></span> <span class='ocrx_word' id='word_1_384' title='bbox 3450 1378 3699 1451; x_wconf 73' lang='lat' dir='ltr'><strong>ltujusepi-</strong></span> 
     </span>
    </p>
   </div>
   <div class='ocr_carea' id='block_1_58' title="bbox 2149 1448 3698 1523">
    <p class='ocr_par' dir='ltr' id='par_1_58' title="bbox 2149 1448 3698 1523">
     <span class='ocr_line' id='line_1_59' title="bbox 2149 1448 3698 1523; baseline 0.001 -17"><span class='ocrx_word' id='word_1_385' title='bbox 2149 1451 2303 1506; x_wconf 78' lang='lat' dir='ltr'><strong>stolae</strong></span> <span class='ocrx_word' id='word_1_386' title='bbox 2345 1448 2577 1506; x_wconf 79' lang='lat' dir='ltr'><strong>falsitate</strong></span> <span class='ocrx_word' id='word_1_387' title='bbox 2604 1458 2660 1505; x_wconf 90' lang='lat' dir='ltr'><strong>et</strong></span> <span class='ocrx_word' id='word_1_388' title='bbox 2684 1451 3050 1523; x_wconf 81' lang='lat' dir='ltr'><strong>suppositione</strong></span> <span class='ocrx_word' id='word_1_389' title='bbox 3077 1452 3199 1521; x_wconf 89' lang='lat' dir='ltr'><strong>quis</strong></span> <span class='ocrx_word' id='word_1_390' title='bbox 3227 1454 3494 1520; x_wconf 85' lang='lat' dir='ltr'><strong>suspicari</strong></span> <span class='ocrx_word' id='word_1_391' title='bbox 3524 1448 3698 1523; x_wconf 71' lang='lat' dir='ltr'><strong>posset?</strong></span> 
     </span>
    </p>
   </div>
   <div class='ocr_carea' id='block_1_59' title="bbox 2150 1521 3697 1591">
    <p class='ocr_par' dir='ltr' id='par_1_59' title="bbox 2150 1521 3697 1591">
     <span class='ocr_line' id='line_1_60' title="bbox 2150 1521 3697 1591; baseline 0.001 -13"><span class='ocrx_word' id='word_1_392' title='bbox 2150 1525 2333 1591; x_wconf 83' lang='lat' dir='ltr'><strong>Apage</strong></span> <span class='ocrx_word' id='word_1_393' title='bbox 2363 1522 2701 1591; x_wconf 83' lang='lat' dir='ltr'><strong>ligmentuml</strong></span> <span class='ocrx_word' id='word_1_394' title='bbox 2733 1521 2911 1591; x_wconf 86' lang='lat' dir='ltr'><strong>Longe</strong></span> <span class='ocrx_word' id='word_1_395' title='bbox 2944 1523 3144 1589; x_wconf 81' lang='lat' dir='ltr'><strong>maiora</strong></span> <span class='ocrx_word' id='word_1_396' title='bbox 3177 1524 3275 1577; x_wconf 86' lang='lat' dir='ltr'><strong>sibi</strong></span> <span class='ocrx_word' id='word_1_397' title='bbox 3305 1521 3548 1579; x_wconf 82' lang='lat' dir='ltr'><strong>veritatis</strong></span> <span class='ocrx_word' id='word_1_398' title='bbox 3583 1536 3697 1580; x_wconf 82' lang='lat' dir='ltr'><strong>certa</strong></span> 
     </span>
    </p>
   </div>
   <div class='ocr_carea' id='block_1_60' title="bbox 2150 1592 3700 1663">
    <p class='ocr_par' dir='ltr' id='par_1_60' title="bbox 2150 1592 3700 1663">
     <span class='ocr_line' id='line_1_61' title="bbox 2150 1592 3700 1663; baseline 0.003 -17"><span class='ocrx_word' id='word_1_399' title='bbox 2150 1602 2464 1663; x_wconf 87' lang='lat' dir='ltr'><strong>argumenta</strong></span> <span class='ocrx_word' id='word_1_400' title='bbox 2495 1592 2729 1646; x_wconf 89' lang='lat' dir='ltr'><strong>vindicat</strong></span> <span class='ocrx_word' id='word_1_401' title='bbox 2760 1607 2823 1645; x_wconf 75' lang='lat' dir='ltr'><strong>ex</strong></span> <span class='ocrx_word' id='word_1_402' title='bbox 2854 1592 3110 1663; x_wconf 77' lang='lat' dir='ltr'><strong>sulfragio</strong></span> <span class='ocrx_word' id='word_1_403' title='bbox 3137 1594 3546 1649; x_wconf 82' lang='lat' dir='ltr'><strong>Bracarensium</strong></span> <span class='ocrx_word' id='word_1_404' title='bbox 3573 1598 3700 1651; x_wconf 84' lang='lat' dir='ltr'><strong>Acto-</strong></span> 
     </span>
    </p>
   </div>
   <div class='ocr_carea' id='block_1_61' title="bbox 2151 1664 3698 1736">
    <p class='ocr_par' dir='ltr' id='par_1_61' title="bbox 2151 1664 3698 1736">
     <span class='ocr_line' id='line_1_62' title="bbox 2151 1664 3698 1736; baseline 0.001 -17"><span class='ocrx_word' id='word_1_405' title='bbox 2151 1680 2268 1719; x_wconf 90' lang='lat' dir='ltr'><strong>rum</strong></span> <span class='ocrx_word' id='word_1_406' title='bbox 2313 1664 2634 1736; x_wconf 82' lang='lat' dir='ltr'><strong>illorumque</strong></span> <span class='ocrx_word' id='word_1_407' title='bbox 2665 1664 2878 1736; x_wconf 67' lang='lat' dir='ltr'><strong>Patrum</strong></span> <span class='ocrx_word' id='word_1_408' title='bbox 2910 1668 3268 1736; x_wconf 65' lang='lat' dir='ltr'><strong>consensione</strong></span> <span class='ocrx_word' id='word_1_409' title='bbox 3294 1668 3496 1733; x_wconf 84' lang='lat' dir='ltr'><strong>quibus</strong></span> <span class='ocrx_word' id='word_1_410' title='bbox 3524 1668 3698 1736; x_wconf 76' lang='lat' dir='ltr'><strong>potissi-</strong></span> 
     </span>
    </p>
   </div>
   <div class='ocr_carea' id='block_1_62' title="bbox 2152 1734 3701 1804">
    <p class='ocr_par' dir='ltr' id='par_1_62' title="bbox 2152 1734 3701 1804">
     <span class='ocr_line' id='line_1_63' title="bbox 2152 1734 3701 1804; baseline 0.003 -15"><span class='ocrx_word' id='word_1_411' title='bbox 2152 1751 2297 1789; x_wconf 92' lang='lat' dir='ltr'><strong>mum</strong></span> <span class='ocrx_word' id='word_1_412' title='bbox 2350 1734 2605 1789; x_wconf 87' lang='lat' dir='ltr'><strong>cardinali</strong></span> <span class='ocrx_word' id='word_1_413' title='bbox 2652 1734 2880 1803; x_wconf 90' lang='lat' dir='ltr'><strong>Aguirre</strong></span> <span class='ocrx_word' id='word_1_414' title='bbox 2910 1776 2923 1799; x_wconf 93' lang='lat'><strong>,</strong></span> <span class='ocrx_word' id='word_1_415' title='bbox 2980 1734 3232 1802; x_wconf 74' lang='lat' dir='ltr'><strong>Balusio,</strong></span> <span class='ocrx_word' id='word_1_416' title='bbox 3276 1734 3701 1804; x_wconf 83' lang='lat' dir='ltr'><strong>Conciliorumque</strong></span> 
     </span>
    </p>
   </div>
   <div class='ocr_carea' id='block_1_63' title="bbox 2147 1804 3697 1871">
    <p class='ocr_par' dir='ltr' id='par_1_63' title="bbox 2147 1804 3697 1871">
     <span class='ocr_line' id='line_1_64' title="bbox 2147 1804 3697 1871; baseline 0.001 -10"><span class='ocrx_word' id='word_1_417' title='bbox 2147 1807 2521 1861; x_wconf 88' lang='lat' dir='ltr'><strong>collectoribus</strong></span> <span class='ocrx_word' id='word_1_418' title='bbox 2573 1804 2884 1871; x_wconf 78' lang='lat' dir='ltr'><strong>adhrrere,</strong></span> <span class='ocrx_word' id='word_1_419' title='bbox 2941 1814 2997 1859; x_wconf 93' lang='lat' dir='ltr'><strong>et</strong></span> <span class='ocrx_word' id='word_1_420' title='bbox 3030 1822 3092 1861; x_wconf 91' lang='lat' dir='ltr'><strong>ea</strong></span> <span class='ocrx_word' id='word_1_421' title='bbox 3124 1822 3229 1862; x_wconf 85' lang='lat' dir='ltr'><strong>non</strong></span> <span class='ocrx_word' id='word_1_422' title='bbox 3279 1817 3490 1863; x_wconf 83' lang='lat' dir='ltr'><strong>tantum</strong></span> <span class='ocrx_word' id='word_1_423' title='bbox 3537 1811 3697 1864; x_wconf 86' lang='lat' dir='ltr'><strong>cursim</strong></span> 
     </span>
    </p>
   </div>
   <div class='ocr_carea' id='block_1_64' title="bbox 2145 1877 3697 1947">
    <p class='ocr_par' dir='ltr' id='par_1_64' title="bbox 2145 1877 3697 1947">
     <span class='ocr_line' id='line_1_65' title="bbox 2145 1877 3697 1947; baseline 0.001 -14"><span class='ocrx_word' id='word_1_424' title='bbox 2145 1880 2415 1942; x_wconf 86' lang='lat' dir='ltr'><strong>evolvere,</strong></span> <span class='ocrx_word' id='word_1_425' title='bbox 2441 1877 2527 1931; x_wconf 90' lang='lat' dir='ltr'><strong>vel</strong></span> <span class='ocrx_word' id='word_1_426' title='bbox 2550 1877 2719 1931; x_wconf 89' lang='lat' dir='ltr'><strong>levius</strong></span> <span class='ocrx_word' id='word_1_427' title='bbox 2740 1877 2993 1943; x_wconf 84' lang='lat' dir='ltr'><strong>indicare,</strong></span> <span class='ocrx_word' id='word_1_428' title='bbox 3022 1892 3156 1947; x_wconf 89' lang='lat' dir='ltr'><strong>opus</strong></span> <span class='ocrx_word' id='word_1_429' title='bbox 3184 1888 3321 1935; x_wconf 88' lang='lat' dir='ltr'><strong>erat.</strong></span> <span class='ocrx_word' id='word_1_430' title='bbox 3352 1880 3533 1935; x_wconf 81' lang='lat' dir='ltr'><strong>Patres</strong></span> <span class='ocrx_word' id='word_1_431' title='bbox 3554 1880 3697 1947; x_wconf 81' lang='lat' dir='ltr'><strong>itaque</strong></span> 
     </span>
    </p>
   </div>
   <div class='ocr_carea' id='block_1_65' title="bbox 2146 1948 3699 2017">
    <p class='ocr_par' dir='ltr' id='par_1_65' title="bbox 2146 1948 3699 2017">
     <span class='ocr_line' id='line_1_66' title="bbox 2146 1948 3699 2017; baseline 0.002 -14"><span class='ocrx_word' id='word_1_432' title='bbox 2146 1950 2243 2016; x_wconf 91' lang='lat' dir='ltr'><strong>illi,</strong></span> <span class='ocrx_word' id='word_1_433' title='bbox 2279 1959 2336 2003; x_wconf 91' lang='lat' dir='ltr'><strong>ut</strong></span> <span class='ocrx_word' id='word_1_434' title='bbox 2365 1948 2418 2003; x_wconf 85' lang='lat' dir='ltr'><strong>in</strong></span> <span class='ocrx_word' id='word_1_435' title='bbox 2467 1948 2894 2017; x_wconf 69' lang='lat' dir='ltr'><strong>praicedentiitus</strong></span> <span class='ocrx_word' id='word_1_436' title='bbox 2923 1949 3189 2015; x_wconf 84' lang='lat' dir='ltr'><strong>vidimus,</strong></span> <span class='ocrx_word' id='word_1_437' title='bbox 3226 1966 3374 2005; x_wconf 84' lang='lat' dir='ltr'><strong>anno</strong></span> <span class='ocrx_word' id='word_1_438' title='bbox 3412 1950 3595 2005; x_wconf 72' lang='lat' dir='ltr'><strong>Christi</strong></span> <span class='ocrx_word' id='word_1_439' title='bbox 3623 1953 3699 2006; x_wconf 83' lang='lat' dir='ltr'><strong>Do-</strong></span> 
     </span>
    </p>
   </div>
   <div class='ocr_carea' id='block_1_66' title="bbox 2146 2019 3701 2089">
    <p class='ocr_par' dir='ltr' id='par_1_66' title="bbox 2146 2019 3701 2089">
     <span class='ocr_line' id='line_1_67' title="bbox 2146 2019 3701 2089; baseline 0.002 -15"><span class='ocrx_word' id='word_1_440' title='bbox 2146 2020 2276 2075; x_wconf 88' lang='lat' dir='ltr'><strong>mini</strong></span> <span class='ocrx_word' id='word_1_441' title='bbox 2318 2020 2444 2078; x_wconf 78' lang='grc'><strong>565.</strong></span> <span class='ocrx_word' id='word_1_442' title='bbox 2476 2034 2596 2073; x_wconf 90' lang='lat' dir='ltr'><strong>cum</strong></span> <span class='ocrx_word' id='word_1_443' title='bbox 2624 2019 2734 2087; x_wconf 90' lang='lat' dir='ltr'><strong>jam</strong></span> <span class='ocrx_word' id='word_1_444' title='bbox 2784 2019 3020 2075; x_wconf 82' lang='lat' dir='ltr'><strong>Joannes</strong></span> <span class='ocrx_word' id='word_1_445' title='bbox 3055 2035 3185 2089; x_wconf 87' lang='lat' dir='ltr'><strong>papa</strong></span> <span class='ocrx_word' id='word_1_446' title='bbox 3211 2025 3406 2076; x_wconf 73' lang='lat' dir='ltr'><strong>tertius</strong></span> <span class='ocrx_word' id='word_1_447' title='bbox 3436 2024 3701 2089; x_wconf 70' lang='lat' dir='ltr'><strong>apostolica</strong></span> 
     </span>
    </p>
   </div>
   <div class='ocr_carea' id='block_1_67' title="bbox 2148 2089 3699 2157">
    <p class='ocr_par' dir='ltr' id='par_1_67' title="bbox 2148 2089 3699 2157">
     <span class='ocr_line' id='line_1_68' title="bbox 2148 2089 3699 2157; baseline 0.001 -11"><span class='ocrx_word' id='word_1_448' title='bbox 2148 2091 2292 2146; x_wconf 84' lang='lat' dir='ltr'><strong>sedis</strong></span> <span class='ocrx_word' id='word_1_449' title='bbox 2313 2093 2520 2145; x_wconf 88' lang='lat' dir='ltr'><strong>clavum</strong></span> <span class='ocrx_word' id='word_1_450' title='bbox 2546 2100 2772 2155; x_wconf 89' lang='lat' dir='ltr'><strong>teneret,</strong></span> <span class='ocrx_word' id='word_1_451' title='bbox 2798 2100 2853 2145; x_wconf 92' lang='lat' dir='ltr'><strong>et</strong></span> <span class='ocrx_word' id='word_1_452' title='bbox 2871 2089 3187 2153; x_wconf 81' lang='lat' dir='ltr'><strong>Ariamiros,</strong></span> <span class='ocrx_word' id='word_1_453' title='bbox 3207 2106 3301 2145; x_wconf 86' lang='lat' dir='ltr'><strong>seu</strong></span> <span class='ocrx_word' id='word_1_454' title='bbox 3324 2093 3699 2157; x_wconf 74' lang='lat' dir='ltr'><strong>Theodomirus,</strong></span> 
     </span>
    </p>
   </div>
   <div class='ocr_carea' id='block_1_68' title="bbox 2146 2161 3701 2227">
    <p class='ocr_par' dir='ltr' id='par_1_68' title="bbox 2146 2161 3701 2227">
     <span class='ocr_line' id='line_1_69' title="bbox 2146 2161 3701 2227; baseline -0.001 -8"><span class='ocrx_word' id='word_1_455' title='bbox 2146 2177 2209 2219; x_wconf 85' lang='lat' dir='ltr'><strong>ex</strong></span> <span class='ocrx_word' id='word_1_456' title='bbox 2239 2164 2535 2217; x_wconf 85' lang='lat' dir='ltr'><strong>Succorum</strong></span> <span class='ocrx_word' id='word_1_457' title='bbox 2567 2166 2733 2227; x_wconf 80' lang='lat' dir='ltr'><strong>stirpe</strong></span> <span class='ocrx_word' id='word_1_458' title='bbox 2754 2176 2869 2226; x_wconf 87' lang='lat' dir='ltr'><strong>rex,</strong></span> <span class='ocrx_word' id='word_1_459' title='bbox 2901 2163 3085 2216; x_wconf 81' lang='lat' dir='ltr'><strong>civiles</strong></span> <span class='ocrx_word' id='word_1_460' title='bbox 3114 2161 3357 2218; x_wconf 71' lang='lat' dir='ltr'><strong>Gallicis:</strong></span> <span class='ocrx_word' id='word_1_461' title='bbox 3375 2177 3426 2216; x_wconf 87' lang='lat' dir='ltr'><strong>et</strong></span> <span class='ocrx_word' id='word_1_462' title='bbox 3456 2164 3555 2220; x_wconf 88' lang='lat' dir='ltr'><strong>Lus</strong></span> <span class='ocrx_word' id='word_1_463' title='bbox 3577 2168 3701 2219; x_wconf 70' lang='lat' dir='ltr'><strong>lania</strong></span> 
     </span>
    </p>
   </div>
   <div class='ocr_carea' id='block_1_69' title="bbox 2157 2234 3703 2301">
    <p class='ocr_par' dir='ltr' id='par_1_69' title="bbox 2157 2234 3703 2301">
     <span class='ocr_line' id='line_1_70' title="bbox 2157 2234 3703 2301; baseline -0.003 -12"><span class='ocrx_word' id='word_1_464' title='bbox 2157 2249 2245 2289; x_wconf 82' lang='lat' dir='ltr'><strong>res</strong></span> <span class='ocrx_word' id='word_1_465' title='bbox 2267 2234 2688 2301; x_wconf 88' lang='lat' dir='ltr'><strong>administraret,</strong></span> <span class='ocrx_word' id='word_1_466' title='bbox 2723 2235 2773 2287; x_wconf 93' lang='lat' dir='ltr'><strong>in</strong></span> <span class='ocrx_word' id='word_1_467' title='bbox 2807 2248 2968 2286; x_wconf 91' lang='lat' dir='ltr'><strong>unum</strong></span> <span class='ocrx_word' id='word_1_468' title='bbox 3000 2248 3330 2294; x_wconf 80' lang='lat' dir='ltr'><strong>convenere.</strong></span> <span class='ocrx_word' id='word_1_469' title='bbox 3359 2235 3454 2289; x_wconf 84' lang='lat' dir='ltr'><strong>Diu</strong></span> <span class='ocrx_word' id='word_1_470' title='bbox 3476 2237 3603 2290; x_wconf 88' lang='lat' dir='ltr'><strong>enim</strong></span> <span class='ocrx_word' id='word_1_471' title='bbox 3629 2253 3703 2288; x_wconf 39' lang='lat' dir='ltr'><strong>an.</strong></span> 
     </span>
    </p>
   </div>
   <div class='ocr_carea' id='block_1_70' title="bbox 2149 2304 3697 2372">
    <p class='ocr_par' dir='ltr' id='par_1_70' title="bbox 2149 2304 3697 2372">
     <span class='ocr_line' id='line_1_71' title="bbox 2149 2304 3697 2372; baseline 0.001 -12"><span class='ocrx_word' id='word_1_472' title='bbox 2149 2314 2361 2372; x_wconf 86' lang='lat' dir='ltr'><strong>tequam</strong></span> <span class='ocrx_word' id='word_1_473' title='bbox 2383 2306 2759 2370; x_wconf 88' lang='lat' dir='ltr'><strong>convenirent,</strong></span> <span class='ocrx_word' id='word_1_474' title='bbox 2786 2304 2836 2357; x_wconf 90' lang='lat' dir='ltr'><strong>in</strong></span> <span class='ocrx_word' id='word_1_475' title='bbox 2861 2307 2999 2357; x_wconf 82' lang='lat' dir='ltr'><strong>votis</strong></span> <span class='ocrx_word' id='word_1_476' title='bbox 3023 2306 3322 2359; x_wconf 83' lang='lat' dir='ltr'><strong>habuerunt</strong></span> <span class='ocrx_word' id='word_1_477' title='bbox 3347 2308 3697 2362; x_wconf 80' lang='lat' dir='ltr'><strong>sacerdonilent</strong></span> 
     </span>
    </p>
   </div>
   <div class='ocr_carea' id='block_1_71' title="bbox 2148 2376 3702 2447">
    <p class='ocr_par' dir='ltr' id='par_1_71' title="bbox 2148 2376 3702 2447">
     <span class='ocr_line' id='line_1_72' title="bbox 2148 2376 3702 2447; baseline -0.001 -15"><span class='ocrx_word' id='word_1_478' title='bbox 2148 2377 2289 2432; x_wconf 91' lang='lat' dir='ltr'><strong>inter</strong></span> <span class='ocrx_word' id='word_1_479' title='bbox 2335 2392 2392 2430; x_wconf 89' lang='lat' dir='ltr'><strong>se</strong></span> <span class='ocrx_word' id='word_1_480' title='bbox 2428 2376 2574 2447; x_wconf 74' lang='lat' dir='ltr'><strong>ipsos</strong></span> <span class='ocrx_word' id='word_1_481' title='bbox 2622 2376 2735 2429; x_wconf 89' lang='lat' dir='ltr'><strong>lieri</strong></span> <span class='ocrx_word' id='word_1_482' title='bbox 2783 2376 2982 2429; x_wconf 90' lang='lat' dir='ltr'><strong>debere</strong></span> <span class='ocrx_word' id='word_1_483' title='bbox 3025 2390 3386 2441; x_wconf 75' lang='lat' dir='ltr'><strong>conventum,</strong></span> <span class='ocrx_word' id='word_1_484' title='bbox 3437 2386 3488 2443; x_wconf 86' lang='lat' dir='ltr'><strong>ut</strong></span> <span class='ocrx_word' id='word_1_485' title='bbox 3522 2382 3702 2442; x_wconf 80' lang='lat' dir='ltr'><strong>penitus</strong></span> 
     </span>
    </p>
   </div>
   <div class='ocr_carea' id='block_1_72' title="bbox 2148 2447 3696 2520">
    <p class='ocr_par' dir='ltr' id='par_1_72' title="bbox 2148 2447 3696 2520">
     <span class='ocr_line' id='line_1_73' title="bbox 2148 2447 3696 2520; baseline -0.002 -19"><span class='ocrx_word' id='word_1_486' title='bbox 2148 2447 2504 2520; x_wconf 71' lang='lat' dir='ltr'><strong>Pri~cilliauze</strong></span> <span class='ocrx_word' id='word_1_487' title='bbox 2551 2448 2819 2520; x_wconf 57' lang='lat' dir='ltr'><strong>haereseos</strong></span> <span class='ocrx_word' id='word_1_488' title='bbox 2863 2452 3168 2520; x_wconf 58' lang='lat' dir='ltr'><strong>contagium</strong></span> <span class='ocrx_word' id='word_1_489' title='bbox 3212 2449 3381 2520; x_wconf 69' lang='lat'><strong>279</strong></span> <span class='ocrx_word' id='word_1_490' title='bbox 3424 2458 3696 2518; x_wconf 77' lang='lat' dir='ltr'><strong>purgarent.</strong></span> 
     </span>
    </p>
   </div>
   <div class='ocr_carea' id='block_1_73' title="bbox 2148 2516 3696 2589">
    <p class='ocr_par' dir='ltr' id='par_1_73' title="bbox 2148 2516 3696 2589">
     <span class='ocr_line' id='line_1_74' title="bbox 2148 2516 3696 2589; baseline 0 -16"><span class='ocrx_word' id='word_1_491' title='bbox 2148 2519 2437 2587; x_wconf 88' lang='lat' dir='ltr'><strong>Propterea</strong></span> <span class='ocrx_word' id='word_1_492' title='bbox 2462 2518 2607 2572; x_wconf 88' lang='lat' dir='ltr'><strong>aiunt</strong></span> <span class='ocrx_word' id='word_1_493' title='bbox 2640 2535 2651 2568; x_wconf 90' lang='lat'>:</span> <span class='ocrx_word' id='word_1_494' title='bbox 2686 2516 2840 2571; x_wconf 80' lang='lat' dir='ltr'><strong>Nam:</strong></span> <span class='ocrx_word' id='word_1_495' title='bbox 2868 2516 3041 2588; x_wconf 83' lang='lat' dir='ltr'><strong>igitur,</strong></span> <span class='ocrx_word' id='word_1_496' title='bbox 3069 2516 3313 2589; x_wconf 50' lang='lat' dir='ltr'><strong>quoniam</strong></span> <span class='ocrx_word' id='word_1_497' title='bbox 3332 2516 3547 2589; x_wconf 62' lang='lat' dir='ltr'><strong>aptum</strong></span> <span class='ocrx_word' id='word_1_498' title='bbox 3568 2520 3696 2573; x_wconf 79' lang='lat' dir='ltr'><strong>nobis</strong></span> 
     </span>
    </p>
   </div>
   <div class='ocr_carea' id='block_1_74' title="bbox 2150 2590 3695 2662">
    <p class='ocr_par' dir='ltr' id='par_1_74' title="bbox 2150 2590 3695 2662">
     <span class='ocr_line' id='line_1_75' title="bbox 2150 2590 3695 2662; baseline 0 -19"><span class='ocrx_word' id='word_1_499' title='bbox 2150 2592 2305 2662; x_wconf 78' lang='lat' dir='ltr'><strong>huius</strong></span> <span class='ocrx_word' id='word_1_500' title='bbox 2320 2590 2725 2662; x_wconf 75' lang='lat' dir='ltr'><strong>congregationis</strong></span> <span class='ocrx_word' id='word_1_501' title='bbox 2749 2590 2881 2642; x_wconf 70' lang='lat' dir='ltr'><strong>diem</strong></span> <span class='ocrx_word' id='word_1_502' title='bbox 2900 2591 3298 2662; x_wconf 73' lang='lat' dir='ltr'><strong>gloriosissimus</strong></span> <span class='ocrx_word' id='word_1_503' title='bbox 3314 2602 3452 2659; x_wconf 75' lang='lat' dir='ltr'><strong>atque</strong></span> <span class='ocrx_word' id='word_1_504' title='bbox 3464 2593 3695 2659; x_wconf 75' lang='lat' dir='ltr'><strong>piissimus</strong></span> 
     </span>
    </p>
   </div>
   <div class='ocr_carea' id='block_1_75' title="bbox 2149 2660 3689 2733">
    <p class='ocr_par' dir='ltr' id='par_1_75' title="bbox 2149 2660 3689 2733">
     <span class='ocr_line' id='line_1_76' title="bbox 2149 2660 3689 2733; baseline -0.001 -19"><span class='ocrx_word' id='word_1_505' title='bbox 2149 2661 2291 2731; x_wconf 78' lang='lat' dir='ltr'><strong>filius</strong></span> <span class='ocrx_word' id='word_1_506' title='bbox 2329 2660 2525 2725; x_wconf 69' lang='lat' dir='ltr'><strong>noster,</strong></span> <span class='ocrx_word' id='word_1_507' title='bbox 2571 2663 2831 2731; x_wconf 82' lang='lat' dir='ltr'><strong>aspirante</strong></span> <span class='ocrx_word' id='word_1_508' title='bbox 2874 2660 2970 2714; x_wconf 82' lang='lat' dir='ltr'><strong>sibi</strong></span> <span class='ocrx_word' id='word_1_509' title='bbox 3001 2662 3246 2728; x_wconf 83' lang='lat' dir='ltr'><strong>Domino,</strong></span> <span class='ocrx_word' id='word_1_510' title='bbox 3277 2665 3424 2733; x_wconf 73' lang='lat' dir='ltr'><strong>regali</strong></span> <span class='ocrx_word' id='word_1_511' title='bbox 3464 2669 3689 2733; x_wconf 55' lang='lat' dir='ltr'><strong>pracepto</strong></span> 
     </span>
    </p>
   </div>
   <div class='ocr_carea' id='block_1_76' title="bbox 2152 2732 3684 2803">
    <p class='ocr_par' dir='ltr' id='par_1_76' title="bbox 2152 2732 3684 2803">
     <span class='ocr_line' id='line_1_77' title="bbox 2152 2732 3684 2803; baseline -0.001 -18"><span class='ocrx_word' id='word_1_512' title='bbox 2152 2734 2428 2799; x_wconf 76' lang='lat' dir='ltr'><strong>concessit,</strong></span> <span class='ocrx_word' id='word_1_513' title='bbox 2459 2742 2505 2786; x_wconf 88' lang='lat' dir='ltr'><strong>et</strong></span> <span class='ocrx_word' id='word_1_514' title='bbox 2537 2734 2690 2785; x_wconf 85' lang='lat' dir='ltr'><strong>simul</strong></span> <span class='ocrx_word' id='word_1_515' title='bbox 2715 2732 2865 2803; x_wconf 78' lang='lat' dir='ltr'><strong>positi</strong></span> <span class='ocrx_word' id='word_1_516' title='bbox 2900 2734 3220 2788; x_wconf 69' lang='lat' dir='ltr'><strong>consideratis</strong></span> <span class='ocrx_word' id='word_1_517' title='bbox 3249 2732 3391 2801; x_wconf 82' lang='lat' dir='ltr'><strong>(alias</strong></span> <span class='ocrx_word' id='word_1_518' title='bbox 3426 2732 3684 2785; x_wconf 76' lang='lat' dir='ltr'><strong>considere-</strong></span> 
     </span>
    </p>
   </div>
   <div class='ocr_carea' id='block_1_77' title="bbox 2150 2803 3687 2875">
    <p class='ocr_par' dir='ltr' id='par_1_77' title="bbox 2150 2803 3687 2875">
     <span class='ocr_line' id='line_1_78' title="bbox 2150 2803 3687 2875; baseline -0.001 -18"><span class='ocrx_word' id='word_1_519' title='bbox 2150 2804 2287 2875; x_wconf 66' lang='lat' dir='ltr'><strong>mus)</strong></span> <span class='ocrx_word' id='word_1_520' title='bbox 2320 2805 2462 2873; x_wconf 67' lang='lat' dir='ltr'><strong>ptius</strong></span> <span class='ocrx_word' id='word_1_521' title='bbox 2493 2806 2536 2855; x_wconf 89' lang='lat' dir='ltr'><strong>si</strong></span> <span class='ocrx_word' id='word_1_522' title='bbox 2564 2806 2749 2875; x_wconf 83' lang='lat' dir='ltr'><strong>placet,</strong></span> <span class='ocrx_word' id='word_1_523' title='bbox 2776 2804 2838 2855; x_wconf 80' lang='lat' dir='ltr'><strong>de</strong></span> <span class='ocrx_word' id='word_1_524' title='bbox 2864 2805 3071 2857; x_wconf 80' lang='lat' dir='ltr'><strong>statutis</strong></span> <span class='ocrx_word' id='word_1_525' title='bbox 3102 2803 3475 2873; x_wconf 75' lang='lat' dir='ltr'><strong>ﬁdeicatholica:</strong></span> <span class='ocrx_word' id='word_1_526' title='bbox 3504 2804 3687 2871; x_wconf 75' lang='lat' dir='ltr'><strong>perqui-</strong></span> 
     </span>
    </p>
   </div>
   <div class='ocr_carea' id='block_1_78' title="bbox 2150 2874 3694 2930">
    <p class='ocr_par' dir='ltr' id='par_1_78' title="bbox 2150 2874 3694 2930">
     <span class='ocr_line' id='line_1_79' title="bbox 2150 2874 3694 2930; baseline 0 -1"><span class='ocrx_word' id='word_1_527' title='bbox 2150 2892 2344 2929; x_wconf 82' lang='lat' dir='ltr'><strong>ramus.</strong></span> <span class='ocrx_word' id='word_1_528' title='bbox 2376 2874 2752 2929; x_wconf 83' lang='lat' dir='ltr'><strong>Primaautem</strong></span> <span class='ocrx_word' id='word_1_529' title='bbox 2772 2874 2859 2929; x_wconf 92' lang='lat' dir='ltr'><strong>die</strong></span> <span class='ocrx_word' id='word_1_530' title='bbox 2887 2878 3089 2929; x_wconf 69' lang='lat' dir='ltr'><strong>mensis</strong></span> <span class='ocrx_word' id='word_1_531' title='bbox 3116 2878 3231 2930; x_wconf 70' lang='lat' dir='ltr'><strong>Maii</strong></span> <span class='ocrx_word' id='word_1_532' title='bbox 3249 2876 3382 2930; x_wconf 86' lang='lat' dir='ltr'><strong>hunc</strong></span> <span class='ocrx_word' id='word_1_533' title='bbox 3399 2884 3694 2929; x_wconf 78' lang='lat' dir='ltr'><strong>conventum</strong></span> 
     </span>
    </p>
   </div>
   <div class='ocr_carea' id='block_1_79' title="bbox 2153 2945 3701 3016">
    <p class='ocr_par' dir='ltr' id='par_1_79' title="bbox 2153 2945 3701 3016">
     <span class='ocr_line' id='line_1_80' title="bbox 2153 2945 3701 3016; baseline -0.002 -16"><span class='ocrx_word' id='word_1_534' title='bbox 2153 2946 2458 3001; x_wconf 85' lang='lat' dir='ltr'><strong>inchoatum</strong></span> <span class='ocrx_word' id='word_1_535' title='bbox 2492 2946 2687 3010; x_wconf 77' lang='lat' dir='ltr'><strong>fuisse,</strong></span> <span class='ocrx_word' id='word_1_536' title='bbox 2718 2960 2947 3015; x_wconf 63' lang='lat' dir='ltr'><strong>sequens</strong></span> <span class='ocrx_word' id='word_1_537' title='bbox 2976 2958 3096 3001; x_wconf 86' lang='lat' dir='ltr'><strong>nota</strong></span> <span class='ocrx_word' id='word_1_538' title='bbox 3132 2946 3395 3016; x_wconf 78' lang='lat' dir='ltr'><strong>patefacit.</strong></span> <span class='ocrx_word' id='word_1_539' title='bbox 3440 2945 3701 2999; x_wconf 69' lang='lat' dir='ltr'><strong>Concilium</strong></span> 
     </span>
    </p>
   </div>
   <div class='ocr_carea' id='block_1_80' title="bbox 2152 3016 3706 3089">
    <p class='ocr_par' dir='ltr' id='par_1_80' title="bbox 2152 3016 3706 3089">
     <span class='ocr_line' id='line_1_81' title="bbox 2152 3016 3706 3089; baseline -0.001 -18"><span class='ocrx_word' id='word_1_540' title='bbox 2152 3016 2648 3089; x_wconf 10' lang='lat' dir='ltr'><strong>Bracarcnserpanno</strong></span> <span class='ocrx_word' id='word_1_541' title='bbox 2678 3018 2712 3071; x_wconf 74' lang='grc'><strong>5</strong></span> <span class='ocrx_word' id='word_1_542' title='bbox 2746 3019 2982 3089; x_wconf 68' lang='lat' dir='ltr'><strong>Ariciniiri</strong></span> <span class='ocrx_word' id='word_1_543' title='bbox 3014 3022 3144 3089; x_wconf 78' lang='lat' dir='ltr'><strong>regis</strong></span> <span class='ocrx_word' id='word_1_544' title='bbox 3169 3019 3495 3079; x_wconf 71' lang='lat' dir='ltr'><strong>celebratum,</strong></span> <span class='ocrx_word' id='word_1_545' title='bbox 3527 3018 3603 3069; x_wconf 83' lang='lat' dir='ltr'><strong>die</strong></span> 
     </span>
    </p>
   </div>
   <div class='ocr_carea' id='block_1_81' title="bbox 2154 3088 3709 3159">
    <p class='ocr_par' dir='ltr' id='par_1_81' title="bbox 2154 3088 3709 3159">
     <span class='ocr_line' id='line_1_82' title="bbox 2154 3088 3709 3159; baseline -0.003 -15"><span class='ocrx_word' id='word_1_546' title='bbox 2154 3088 2427 3144; x_wconf 83' lang='lat' dir='ltr'><strong>lendarum</strong></span> <span class='ocrx_word' id='word_1_547' title='bbox 2452 3088 2710 3143; x_wconf 80' lang='lat' dir='ltr'><strong>Maiarum</strong></span> <span class='ocrx_word' id='word_1_548' title='bbox 2740 3088 2905 3159; x_wconf 51' lang='grc' dir='ltr'><strong>(ηελλ</strong></span> <span class='ocrx_word' id='word_1_549' title='bbox 2932 3088 3291 3158; x_wconf 81' lang='lat' dir='ltr'><strong>quibusvero</strong></span> <span class='ocrx_word' id='word_1_550' title='bbox 3319 3089 3582 3145; x_wconf 64' lang='lat' dir='ltr'><strong>catholicae</strong></span> <span class='ocrx_word' id='word_1_551' title='bbox 3603 3088 3709 3142; x_wconf 82' lang='lat' dir='ltr'><strong>fidei</strong></span> 
     </span>
    </p>
   </div>
   <div class='ocr_carea' id='block_1_82' title="bbox 467 3160 3711 3234">
    <p class='ocr_par' dir='ltr' id='par_1_82' title="bbox 467 3160 3711 3234">
     <span class='ocr_line' id='line_1_83' title="bbox 467 3160 3711 3234; baseline -0.001 -19"><span class='ocrx_word' id='word_1_552' title='bbox 467 3162 569 3215; x_wconf 89' lang='lat' dir='ltr'><strong>mis</strong></span> <span class='ocrx_word' id='word_1_553' title='bbox 592 3164 731 3215; x_wconf 92' lang='lat' dir='ltr'><strong>notis</strong></span> <span class='ocrx_word' id='word_1_554' title='bbox 754 3161 1015 3234; x_wconf 84' lang='lat' dir='ltr'><strong>insigniti,</strong></span> <span class='ocrx_word' id='word_1_555' title='bbox 1048 3176 1119 3215; x_wconf 76' lang='lat' dir='ltr'><strong>ex</strong></span> <span class='ocrx_word' id='word_1_556' title='bbox 1162 3175 1389 3234; x_wconf 85' lang='lat' dir='ltr'><strong>quorum</strong></span> <span class='ocrx_word' id='word_1_557' title='bbox 1423 3175 1529 3234; x_wconf 88' lang='lat' dir='ltr'><strong>uno</strong></span> <span class='ocrx_word' id='word_1_558' title='bbox 1557 3160 1910 3234; x_wconf 58' lang='lat' dir='ltr'><strong>clarissimus</strong></span> <span class='ocrx_word' id='word_1_559' title='bbox 1932 3164 2048 3234; x_wconf 40' lang='lat' dir='ltr'><strong>Stet</strong></span> <span class='ocrx_word' id='word_1_560' title='bbox 2080 3168 2128 3234; x_wconf 72' lang='grc' dir='ltr'>α</span> <span class='ocrx_word' id='word_1_561' title='bbox 2162 3163 2376 3234; x_wconf 81' lang='lat' dir='ltr'><strong>statutis</strong></span> <span class='ocrx_word' id='word_1_562' title='bbox 2417 3163 2702 3234; x_wconf 78' lang='lat' dir='ltr'><strong>concilium</strong></span> <span class='ocrx_word' id='word_1_563' title='bbox 2734 3160 2859 3234; x_wconf 89' lang='lat' dir='ltr'><strong>illud</strong></span> <span class='ocrx_word' id='word_1_564' title='bbox 2887 3161 3105 3215; x_wconf 83' lang='lat' dir='ltr'><strong>exordia</strong></span> <span class='ocrx_word' id='word_1_565' title='bbox 3136 3164 3470 3234; x_wconf 68' lang='lat' dir='ltr'><strong>sumpsisset,</strong></span> <span class='ocrx_word' id='word_1_566' title='bbox 3497 3161 3711 3234; x_wconf 85' lang='lat' dir='ltr'><strong>jam__lu-</strong></span> 
     </span>
    </p>
   </div>
   <div class='ocr_carea' id='block_1_83' title="bbox 469 3229 3711 3301">
    <p class='ocr_par' dir='ltr' id='par_1_83' title="bbox 469 3229 3711 3301">
     <span class='ocr_line' id='line_1_84' title="bbox 469 3229 3711 3301; baseline -0.001 -16"><span class='ocrx_word' id='word_1_567' title='bbox 469 3234 676 3301; x_wconf 86' lang='lat' dir='ltr'><strong>phanus</strong></span> <span class='ocrx_word' id='word_1_568' title='bbox 700 3229 946 3287; x_wconf 81' lang='lat' dir='ltr'><strong>Baluzius</strong></span> <span class='ocrx_word' id='word_1_569' title='bbox 974 3232 1110 3285; x_wconf 88' lang='lat' dir='ltr'><strong>lianc</strong></span> <span class='ocrx_word' id='word_1_570' title='bbox 1137 3232 1419 3300; x_wconf 84' lang='lat' dir='ltr'><strong>epistolam</strong></span> <span class='ocrx_word' id='word_1_571' title='bbox 1446 3232 1750 3301; x_wconf 89' lang='lat' dir='ltr'><strong>descripsit,</strong></span> <span class='ocrx_word' id='word_1_572' title='bbox 1780 3229 2052 3284; x_wconf 75' lang='lat' dir='ltr'><strong>Profuturi</strong></span> <span class='ocrx_word' id='word_1_573' title='bbox 2093 3229 2127 3234; x_wconf 68' lang='grc'>”</span> <span class='ocrx_word' id='word_1_574' title='bbox 2160 3231 2529 3286; x_wconf 59' lang='grc' dir='ltr'>ευιριιιίςςὶιιιε</span> <span class='ocrx_word' id='word_1_575' title='bbox 2558 3231 2609 3285; x_wconf 90' lang='lat' dir='ltr'><strong>iu</strong></span> <span class='ocrx_word' id='word_1_576' title='bbox 2646 3232 3069 3300; x_wconf 69' lang='lat' dir='ltr'><strong>praecedentibus</strong></span> <span class='ocrx_word' id='word_1_577' title='bbox 3101 3233 3370 3300; x_wconf 83' lang='lat' dir='ltr'><strong>diximus,</strong></span> <span class='ocrx_word' id='word_1_578' title='bbox 3399 3231 3711 3299; x_wconf 88' lang='lat' dir='ltr'><strong>Quesnellum</strong></span> 
     </span>
    </p>
   </div>
   <div class='ocr_carea' id='block_1_84' title="bbox 468 3302 3717 3373">
    <p class='ocr_par' dir='ltr' id='par_1_84' title="bbox 468 3302 3717 3373">
     <span class='ocr_line' id='line_1_85' title="bbox 468 3302 3717 3373; baseline -0 -16"><span class='ocrx_word' id='word_1_579' title='bbox 468 3316 661 3358; x_wconf 87' lang='lat' dir='ltr'><strong>nomen</strong></span> <span class='ocrx_word' id='word_1_580' title='bbox 710 3303 928 3358; x_wconf 88' lang='lat' dir='ltr'><strong>habent.</strong></span> <span class='ocrx_word' id='word_1_581' title='bbox 971 3303 1078 3359; x_wconf 84' lang='lat' dir='ltr'><strong>Sed</strong></span> <span class='ocrx_word' id='word_1_582' title='bbox 1120 3304 1263 3357; x_wconf 86' lang='lat' dir='ltr'><strong>hunc</strong></span> <span class='ocrx_word' id='word_1_583' title='bbox 1309 3302 1694 3358; x_wconf 86' lang='lat' dir='ltr'><strong>Bracarensetn</strong></span> <span class='ocrx_word' id='word_1_584' title='bbox 1740 3303 2050 3370; x_wconf 90' lang='lat' dir='ltr'><strong>episcopum</strong></span> <span class='ocrx_word' id='word_1_585' title='bbox 2165 3304 2532 3373; x_wconf 84' lang='lat' dir='ltr'><strong>exagitantes,</strong></span> <span class='ocrx_word' id='word_1_586' title='bbox 2586 3304 2675 3372; x_wconf 87' lang='lat' dir='ltr'><strong>qui</strong></span> <span class='ocrx_word' id='word_1_587' title='bbox 2722 3302 3077 3369; x_wconf 88' lang='lat' dir='ltr'><strong>confidentius</strong></span> <span class='ocrx_word' id='word_1_588' title='bbox 3103 3303 3225 3357; x_wconf 80' lang='lat' dir='ltr'><strong>ﬁdei</strong></span> <span class='ocrx_word' id='word_1_589' title='bbox 3276 3304 3649 3372; x_wconf 74' lang='lat' dir='ltr'><strong>professionem</strong></span> <span class='ocrx_word' id='word_1_590' title='bbox 3691 3317 3717 3354; x_wconf 85' lang='lat' dir='ltr'><strong>a</strong></span> 
     </span>
    </p>
   </div>
   <div class='ocr_carea' id='block_1_85' title="bbox 469 3372 3718 3445">
    <p class='ocr_par' dir='ltr' id='par_1_85' title="bbox 469 3372 3718 3445">
     <span class='ocr_line' id='line_1_86' title="bbox 469 3372 3718 3445; baseline 0 -18"><span class='ocrx_word' id='word_1_591' title='bbox 469 3372 655 3438; x_wconf 88' lang='lat' dir='ltr'><strong>fuisse,</strong></span> <span class='ocrx_word' id='word_1_592' title='bbox 688 3376 804 3445; x_wconf 89' lang='lat' dir='ltr'><strong>ejus</strong></span> <span class='ocrx_word' id='word_1_593' title='bbox 832 3375 1045 3430; x_wconf 86' lang='lat' dir='ltr'><strong>concilii</strong></span> <span class='ocrx_word' id='word_1_594' title='bbox 1080 3376 1247 3443; x_wconf 86' lang='lat' dir='ltr'><strong>prima</strong></span> <span class='ocrx_word' id='word_1_595' title='bbox 1286 3374 1420 3429; x_wconf 91' lang='lat' dir='ltr'><strong>Acta</strong></span> <span class='ocrx_word' id='word_1_596' title='bbox 1454 3384 1733 3429; x_wconf 85' lang='lat' dir='ltr'><strong>testantur.</strong></span> <span class='ocrx_word' id='word_1_597' title='bbox 1764 3375 1943 3439; x_wconf 81' lang='lat' dir='ltr'><strong>Quare</strong></span> <span class='ocrx_word' id='word_1_598' title='bbox 1968 3374 2051 3427; x_wconf 86' lang='lat' dir='ltr'><strong>vix</strong></span> <span class='ocrx_word' id='word_1_599' title='bbox 2159 3372 2653 3429; x_wconf 81' lang='lat' dir='ltr'><strong>Tarraconensibus</strong></span> <span class='ocrx_word' id='word_1_600' title='bbox 2674 3420 2687 3441; x_wconf 86' lang='lat'><strong>,</strong></span> <span class='ocrx_word' id='word_1_601' title='bbox 2754 3374 3263 3441; x_wconf 82' lang='lat' dir='ltr'><strong>Carthagineusibus</strong></span> <span class='ocrx_word' id='word_1_602' title='bbox 3286 3420 3300 3443; x_wconf 86' lang='lat'><strong>,</strong></span> <span class='ocrx_word' id='word_1_603' title='bbox 3360 3374 3624 3429; x_wconf 83' lang='lat' dir='ltr'><strong>Lusitanis</strong></span> <span class='ocrx_word' id='word_1_604' title='bbox 3674 3383 3718 3425; x_wconf 90' lang='lat' dir='ltr'><strong>et</strong></span> 
     </span>
    </p>
   </div>
   <div class='ocr_carea' id='block_1_86' title="bbox 469 3444 3717 3517">
    <p class='ocr_par' dir='ltr' id='par_1_86' title="bbox 469 3444 3717 3517">
     <span class='ocr_line' id='line_1_87' title="bbox 469 3444 3717 3517; baseline 0 -20"><span class='ocrx_word' id='word_1_605' title='bbox 469 3444 713 3517; x_wconf 74' lang='lat' dir='ltr'><strong>dubitare</strong></span> <span class='ocrx_word' id='word_1_606' title='bbox 758 3446 881 3499; x_wconf 89' lang='lat' dir='ltr'><strong>licet</strong></span> <span class='ocrx_word' id='word_1_607' title='bbox 919 3461 1041 3501; x_wconf 84' lang='lat' dir='ltr'><strong>eum</strong></span> <span class='ocrx_word' id='word_1_608' title='bbox 1088 3447 1435 3514; x_wconf 80' lang='lat' dir='ltr'><strong>apostolicam</strong></span> <span class='ocrx_word' id='word_1_609' title='bbox 1468 3447 1687 3510; x_wconf 85' lang='lat' dir='ltr'><strong>sedem,</strong></span> <span class='ocrx_word' id='word_1_610' title='bbox 1728 3458 1851 3498; x_wconf 92' lang='lat' dir='ltr'><strong>cum</strong></span> <span class='ocrx_word' id='word_1_611' title='bbox 1894 3458 2053 3512; x_wconf 88' lang='lat' dir='ltr'><strong>supra</strong></span> <span class='ocrx_word' id='word_1_612' title='bbox 2159 3446 2373 3500; x_wconf 68' lang='lat' dir='ltr'><strong>Bietieis</strong></span> <span class='ocrx_word' id='word_1_613' title='bbox 2402 3445 2667 3509; x_wconf 77' lang='lat' dir='ltr'><strong>Patrilius,</strong></span> <span class='ocrx_word' id='word_1_614' title='bbox 2708 3461 2855 3513; x_wconf 70' lang='lat' dir='ltr'><strong>papa:</strong></span> <span class='ocrx_word' id='word_1_615' title='bbox 2882 3446 3077 3501; x_wconf 85' lang='lat' dir='ltr'><strong>Leonis</strong></span> <span class='ocrx_word' id='word_1_616' title='bbox 3108 3458 3378 3517; x_wconf 70' lang='lat' dir='ltr'><strong>praecepto</strong></span> <span class='ocrx_word' id='word_1_617' title='bbox 3399 3447 3717 3511; x_wconf 73' lang='lat' dir='ltr'><strong>descriptam,</strong></span> 
     </span>
    </p>
   </div>
   <div class='ocr_carea' id='block_1_87' title="bbox 469 3513 3721 3588">
    <p class='ocr_par' dir='ltr' id='par_1_87' title="bbox 469 3513 3721 3588">
     <span class='ocr_line' id='line_1_88' title="bbox 469 3513 3721 3588; baseline 0 -17"><span class='ocrx_word' id='word_1_618' title='bbox 469 3513 903 3588; x_wconf 83' lang='lat' dir='ltr'><strong>Priscillianistas</strong></span> <span class='ocrx_word' id='word_1_619' title='bbox 923 3560 937 3585; x_wconf 91' lang='lat'><strong>,</strong></span> <span class='ocrx_word' id='word_1_620' title='bbox 970 3526 1085 3570; x_wconf 90' lang='lat' dir='ltr'><strong>tum</strong></span> <span class='ocrx_word' id='word_1_621' title='bbox 1108 3513 1269 3584; x_wconf 83' lang='lat' dir='ltr'><strong>supra</strong></span> <span class='ocrx_word' id='word_1_622' title='bbox 1318 3524 1543 3571; x_wconf 75' lang='lat' dir='ltr'><strong>czeteras</strong></span> <span class='ocrx_word' id='word_1_623' title='bbox 1580 3518 1698 3570; x_wconf 90' lang='lat' dir='ltr'><strong>illas</strong></span> <span class='ocrx_word' id='word_1_624' title='bbox 1727 3516 2055 3588; x_wconf 65' lang='lat' dir='ltr'><strong>quaestiones</strong></span> <span class='ocrx_word' id='word_1_625' title='bbox 2160 3521 2370 3585; x_wconf 86' lang='lat' dir='ltr'><strong>eripere</strong></span> <span class='ocrx_word' id='word_1_626' title='bbox 2396 3519 2709 3579; x_wconf 85' lang='lat' dir='ltr'><strong>conabatur,</strong></span> <span class='ocrx_word' id='word_1_627' title='bbox 2758 3524 2813 3571; x_wconf 90' lang='lat' dir='ltr'><strong>ut</strong></span> <span class='ocrx_word' id='word_1_628' title='bbox 2857 3518 3063 3571; x_wconf 86' lang='lat' dir='ltr'><strong>incerto</strong></span> <span class='ocrx_word' id='word_1_629' title='bbox 3095 3513 3314 3585; x_wconf 81' lang='lat' dir='ltr'><strong>prorsus</strong></span> <span class='ocrx_word' id='word_1_630' title='bbox 3344 3524 3603 3588; x_wconf 82' lang='lat' dir='ltr'><strong>scriptore</strong></span> <span class='ocrx_word' id='word_1_631' title='bbox 3622 3531 3721 3571; x_wconf 82' lang='lat' dir='ltr'><strong>eam</strong></span> 
     </span>
    </p>
   </div>
   <div class='ocr_carea' id='block_1_88' title="bbox 470 3585 3721 3659">
    <p class='ocr_par' dir='ltr' id='par_1_88' title="bbox 470 3585 3721 3659">
     <span class='ocr_line' id='line_1_89' title="bbox 470 3585 3721 3659; baseline -0.001 -17"><span class='ocrx_word' id='word_1_632' title='bbox 470 3587 646 3655; x_wconf 83' lang='lat' dir='ltr'><strong>Vigilii</strong></span> <span class='ocrx_word' id='word_1_633' title='bbox 689 3602 839 3656; x_wconf 80' lang='lat' dir='ltr'><strong>papae</strong></span> <span class='ocrx_word' id='word_1_634' title='bbox 874 3597 1131 3659; x_wconf 86' lang='lat' dir='ltr'><strong>tempore</strong></span> <span class='ocrx_word' id='word_1_635' title='bbox 1171 3588 1506 3659; x_wconf 81' lang='lat' dir='ltr'><strong>consuluisse</strong></span> <span class='ocrx_word' id='word_1_636' title='bbox 1536 3628 1554 3659; x_wconf 86' lang='lat'><strong>,_</strong></span> <span class='ocrx_word' id='word_1_637' title='bbox 1598 3598 1758 3659; x_wconf 86' lang='lat' dir='ltr'><strong>atque</strong></span> <span class='ocrx_word' id='word_1_638' title='bbox 1800 3585 2049 3654; x_wconf 79' lang='lat' dir='ltr'><strong>\‘igilium</strong></span> <span class='ocrx_word' id='word_1_639' title='bbox 2160 3597 2445 3642; x_wconf 79' lang='lat' dir='ltr'><strong>assereret.</strong></span> <span class='ocrx_word' id='word_1_640' title='bbox 2493 3588 2569 3642; x_wconf 88' lang='lat' dir='ltr'><strong>Ne</strong></span> <span class='ocrx_word' id='word_1_641' title='bbox 2607 3588 2766 3658; x_wconf 83' lang='lat' dir='ltr'><strong>igitur</strong></span> <span class='ocrx_word' id='word_1_642' title='bbox 2792 3597 2967 3642; x_wconf 86' lang='lat' dir='ltr'><strong>actum</strong></span> <span class='ocrx_word' id='word_1_643' title='bbox 3006 3590 3198 3643; x_wconf 87' lang='lat' dir='ltr'><strong>iterum</strong></span> <span class='ocrx_word' id='word_1_644' title='bbox 3224 3585 3477 3659; x_wconf 63' lang='lat' dir='ltr'><strong>agamus,</strong></span> <span class='ocrx_word' id='word_1_645' title='bbox 3526 3589 3721 3643; x_wconf 81' lang='lat' dir='ltr'><strong>alteram</strong></span> 
     </span>
    </p>
   </div>
   <div class='ocr_carea' id='block_1_89' title="bbox 471 3657 3724 3729">
    <p class='ocr_par' dir='ltr' id='par_1_89' title="bbox 471 3657 3724 3729">
     <span class='ocr_line' id='line_1_90' title="bbox 471 3657 3724 3729; baseline 0.002 -22"><span class='ocrx_word' id='word_1_646' title='bbox 471 3659 781 3728; x_wconf 84' lang='lat' dir='ltr'><strong>pnntilicem</strong></span> <span class='ocrx_word' id='word_1_647' title='bbox 820 3658 889 3729; x_wconf 80' lang='lat' dir='ltr'><strong>ad</strong></span> <span class='ocrx_word' id='word_1_648' title='bbox 936 3658 1183 3729; x_wconf 86' lang='lat' dir='ltr'><strong>eumdem</strong></span> <span class='ocrx_word' id='word_1_649' title='bbox 1228 3658 1481 3729; x_wconf 91' lang='lat' dir='ltr'><strong>epistolas</strong></span> <span class='ocrx_word' id='word_1_650' title='bbox 1525 3657 1594 3729; x_wconf 90' lang='lat' dir='ltr'><strong>de</strong></span> <span class='ocrx_word' id='word_1_651' title='bbox 1622 3657 1815 3726; x_wconf 89' lang='lat' dir='ltr'><strong>quibus</strong></span> <span class='ocrx_word' id='word_1_652' title='bbox 1851 3659 2056 3729; x_wconf 82' lang='lat' dir='ltr'><strong>agimus</strong></span> <span class='ocrx_word' id='word_1_653' title='bbox 2161 3659 2305 3714; x_wconf 90' lang='lat' dir='ltr'><strong>illius</strong></span> <span class='ocrx_word' id='word_1_654' title='bbox 2352 3660 2561 3713; x_wconf 84' lang='lat' dir='ltr'><strong>concilii</strong></span> <span class='ocrx_word' id='word_1_655' title='bbox 2610 3657 2815 3729; x_wconf 85' lang='lat' dir='ltr'><strong>partem</strong></span> <span class='ocrx_word' id='word_1_656' title='bbox 2847 3657 3638 3728; x_wconf 61' lang='lat' dir='ltr'><strong>expendeudanfassumimus,</strong></span> <span class='ocrx_word' id='word_1_657' title='bbox 3680 3660 3724 3711; x_wconf 86' lang='lat' dir='ltr'><strong>in</strong></span> 
     </span>
    </p>
   </div>
   <div class='ocr_carea' id='block_1_90' title="bbox 470 3728 3725 3801">
    <p class='ocr_par' dir='ltr' id='par_1_90' title="bbox 470 3728 3725 3801">
     <span class='ocr_line' id='line_1_91' title="bbox 470 3728 3725 3801; baseline -0.001 -15"><span class='ocrx_word' id='word_1_658' title='bbox 470 3730 752 3786; x_wconf 73' lang='lat' dir='ltr'><strong>dirensse.</strong></span> <span class='ocrx_word' id='word_1_659' title='bbox 776 3745 794 3779; x_wconf 80' lang='grc' dir='ltr'><strong>ι</strong></span> <span class='ocrx_word' id='word_1_660' title='bbox 818 3728 893 3801; x_wconf 90' lang='lat' dir='ltr'><strong>De</strong></span> <span class='ocrx_word' id='word_1_661' title='bbox 913 3728 1001 3783; x_wconf 91' lang='lat' dir='ltr'><strong>die</strong></span> <span class='ocrx_word' id='word_1_662' title='bbox 1018 3738 1194 3781; x_wconf 85' lang='lat' dir='ltr'><strong>autem</strong></span> <span class='ocrx_word' id='word_1_663' title='bbox 1216 3728 2055 3801; x_wconf 74' lang='lat' dir='ltr'><strong>(aiteminentissimusAguirre)</strong></span> <span class='ocrx_word' id='word_1_664' title='bbox 2160 3746 2265 3801; x_wconf 89' lang='lat' dir='ltr'><strong>qua</strong></span> <span class='ocrx_word' id='word_1_665' title='bbox 2294 3734 2491 3800; x_wconf 85' lang='lat' dir='ltr'><strong>quippe</strong></span> <span class='ocrx_word' id='word_1_666' title='bbox 2520 3728 2639 3784; x_wconf 84' lang='lat' dir='ltr'><strong>cum</strong></span> <span class='ocrx_word' id='word_1_667' title='bbox 2670 3731 2737 3784; x_wconf 92' lang='lat' dir='ltr'><strong>de</strong></span> <span class='ocrx_word' id='word_1_668' title='bbox 2766 3730 3055 3800; x_wconf 69' lang='lat' dir='ltr'><strong>l’rofnttuo</strong></span> <span class='ocrx_word' id='word_1_669' title='bbox 3098 3732 3449 3786; x_wconf 86' lang='lat' dir='ltr'><strong>Bracarensis</strong></span> <span class='ocrx_word' id='word_1_670' title='bbox 3496 3731 3725 3786; x_wconf 76' lang='lat' dir='ltr'><strong>Ecclesia:</strong></span> 
     </span>
    </p>
   </div>
   <div class='ocr_carea' id='block_1_91' title="bbox 469 3798 3724 3873">
    <p class='ocr_par' dir='ltr' id='par_1_91' title="bbox 469 3798 3724 3873">
     <span class='ocr_line' id='line_1_92' title="bbox 469 3798 3724 3873; baseline -0.001 -17"><span class='ocrx_word' id='word_1_671' title='bbox 469 3811 525 3857; x_wconf 90' lang='lat' dir='ltr'><strong>et</strong></span> <span class='ocrx_word' id='word_1_672' title='bbox 551 3816 692 3855; x_wconf 87' lang='lat' dir='ltr'><strong>anno</strong></span> <span class='ocrx_word' id='word_1_673' title='bbox 722 3800 1118 3873; x_wconf 12' lang='lat' dir='ltr'><strong>qttocdataest,</strong></span> <span class='ocrx_word' id='word_1_674' title='bbox 1162 3798 1351 3853; x_wconf 88' lang='lat' dir='ltr'><strong>intttile</strong></span> <span class='ocrx_word' id='word_1_675' title='bbox 1380 3814 1503 3854; x_wconf 89' lang='lat' dir='ltr'><strong>reor</strong></span> <span class='ocrx_word' id='word_1_676' title='bbox 1528 3813 1649 3873; x_wconf 85' lang='lat' dir='ltr'><strong>esse</strong></span> <span class='ocrx_word' id='word_1_677' title='bbox 1682 3800 1726 3853; x_wconf 87' lang='lat' dir='ltr'><strong>si</strong></span> <span class='ocrx_word' id='word_1_678' title='bbox 1756 3799 2020 3868; x_wconf 91' lang='lat' dir='ltr'><strong>disputem</strong></span> <span class='ocrx_word' id='word_1_679' title='bbox 2042 3839 2056 3862; x_wconf 87' lang='lat'><strong>,</strong></span> <span class='ocrx_word' id='word_1_680' title='bbox 2161 3798 2560 3868; x_wconf 76' lang='lat' dir='ltr'><strong>antistite,tttm</strong></span> <span class='ocrx_word' id='word_1_681' title='bbox 2590 3802 2655 3854; x_wconf 91' lang='lat' dir='ltr'><strong>de</strong></span> <span class='ocrx_word' id='word_1_682' title='bbox 2687 3798 3050 3856; x_wconf 66' lang='lat' dir='ltr'><strong>ltoinauorum</strong></span> <span class='ocrx_word' id='word_1_683' title='bbox 3083 3804 3398 3870; x_wconf 84' lang='lat' dir='ltr'><strong>pontificum</strong></span> <span class='ocrx_word' id='word_1_684' title='bbox 3433 3804 3659 3873; x_wconf 80' lang='lat' dir='ltr'><strong>primatu</strong></span> <span class='ocrx_word' id='word_1_685' title='bbox 3684 3814 3724 3854; x_wconf 81' lang='lat' dir='ltr'><strong>et</strong></span> 
     </span>
    </p>
   </div>
   <div class='ocr_carea' id='block_1_92' title="bbox 468 3870 3550 3944">
    <p class='ocr_par' dir='ltr' id='par_1_92' title="bbox 468 3870 3550 3944">
     <span class='ocr_line' id='line_1_93' title="bbox 468 3870 3550 3944; baseline -0 -15"><span class='ocrx_word' id='word_1_686' title='bbox 468 3888 591 3929; x_wconf 89' lang='lat' dir='ltr'><strong>cum</strong></span> <span class='ocrx_word' id='word_1_687' title='bbox 630 3889 693 3928; x_wconf 77' lang='lat' dir='ltr'><strong>ex</strong></span> <span class='ocrx_word' id='word_1_688' title='bbox 734 3870 922 3928; x_wconf 78' lang='lat' dir='ltr'><strong>codice</strong></span> <span class='ocrx_word' id='word_1_689' title='bbox 954 3870 1271 3944; x_wconf 78' lang='lat' dir='ltr'><strong>Colbertino</strong></span> <span class='ocrx_word' id='word_1_690' title='bbox 1295 3881 1504 3944; x_wconf 87' lang='lat' dir='ltr'><strong>constet</strong></span> <span class='ocrx_word' id='word_1_691' title='bbox 1524 3871 1789 3944; x_wconf 61' lang='lat' dir='ltr'><strong>scriptam</strong></span> <span class='ocrx_word' id='word_1_692' title='bbox 1832 3883 1951 3944; x_wconf 80' lang='lat' dir='ltr'><strong>esse</strong></span> <span class='ocrx_word' id='word_1_693' title='bbox 1992 3883 2057 3924; x_wconf 91' lang='lat' dir='ltr'><strong>eo</strong></span> <span class='ocrx_word' id='word_1_694' title='bbox 2158 3873 2387 3944; x_wconf 87' lang='lat' dir='ltr'><strong>juribus,</strong></span> <span class='ocrx_word' id='word_1_695' title='bbox 2421 3874 2689 3927; x_wconf 85' lang='lat' dir='ltr'><strong>cumulate</strong></span> <span class='ocrx_word' id='word_1_696' title='bbox 2718 3873 2915 3927; x_wconf 89' lang='lat' dir='ltr'><strong>laudati</strong></span> <span class='ocrx_word' id='word_1_697' title='bbox 2941 3874 3131 3929; x_wconf 83' lang='lat' dir='ltr'><strong>Patres</strong></span> <span class='ocrx_word' id='word_1_698' title='bbox 3159 3877 3319 3929; x_wconf 84' lang='lat' dir='ltr'><strong>verba</strong></span> <span class='ocrx_word' id='word_1_699' title='bbox 3349 3870 3550 3930; x_wconf 81' lang='lat' dir='ltr'><strong>fecere.</strong></span> 
     </span>
    </p>
   </div>
   <div class='ocr_carea' id='block_1_93' title="bbox 469 3939 3723 4013">
    <p class='ocr_par' dir='ltr' id='par_1_93' title="bbox 469 3939 3723 4013">
     <span class='ocr_line' id='line_1_94' title="bbox 469 3939 3723 4013; baseline 0 -15"><span class='ocrx_word' id='word_1_700' title='bbox 469 3960 614 3999; x_wconf 89' lang='lat' dir='ltr'><strong>anno</strong></span> <span class='ocrx_word' id='word_1_701' title='bbox 633 3959 740 4013; x_wconf 90' lang='lat' dir='ltr'><strong>quo</strong></span> <span class='ocrx_word' id='word_1_702' title='bbox 768 3944 1002 4000; x_wconf 82' lang='lat' dir='ltr'><strong>Joannes</strong></span> <span class='ocrx_word' id='word_1_703' title='bbox 1030 3941 1219 3999; x_wconf 85' lang='lat' dir='ltr'><strong>consul</strong></span> <span class='ocrx_word' id='word_1_704' title='bbox 1246 3940 1347 3996; x_wconf 88' lang='lat' dir='ltr'><strong>fuit</strong></span> <span class='ocrx_word' id='word_1_705' title='bbox 1376 3952 1495 4011; x_wconf 92' lang='lat' dir='ltr'><strong>post</strong></span> <span class='ocrx_word' id='word_1_706' title='bbox 1522 3940 1863 4007; x_wconf 87' lang='lat' dir='ltr'><strong>Belisarium,</strong></span> <span class='ocrx_word' id='word_1_707' title='bbox 1896 3939 1947 3994; x_wconf 90' lang='lat' dir='ltr'><strong>id</strong></span> <span class='ocrx_word' id='word_1_708' title='bbox 1977 3949 2061 3995; x_wconf 89' lang='lat' dir='ltr'><strong>est</strong></span> <span class='ocrx_word' id='word_1_709' title='bbox 2158 3939 2172 3944; x_wconf 73' lang='grc'><strong>⁷</strong></span> <span class='ocrx_word' id='word_1_710' title='bbox 2233 3945 2285 3999; x_wconf 88' lang='grc'><strong>9.</strong></span> <span class='ocrx_word' id='word_1_711' title='bbox 2331 3939 2408 3998; x_wconf 85' lang='lat' dir='ltr'><strong>Ad</strong></span> <span class='ocrx_word' id='word_1_712' title='bbox 2439 3946 2598 3998; x_wconf 90' lang='lat' dir='ltr'><strong>totius</strong></span> <span class='ocrx_word' id='word_1_713' title='bbox 2630 3960 2756 4013; x_wconf 82' lang='lat' dir='ltr'><strong>ergo</strong></span> <span class='ocrx_word' id='word_1_714' title='bbox 2783 3945 3046 3999; x_wconf 86' lang='lat' dir='ltr'><strong>clericalis</strong></span> <span class='ocrx_word' id='word_1_715' title='bbox 3096 3944 3301 4000; x_wconf 88' lang='lat' dir='ltr'><strong>ordinis</strong></span> <span class='ocrx_word' id='word_1_716' title='bbox 3352 3946 3723 4001; x_wconf 76' lang='lat' dir='ltr'><strong>institutionem</strong></span> 
     </span>
    </p>
   </div>
   <div class='ocr_carea' id='block_1_94' title="bbox 469 4014 3728 4081">
    <p class='ocr_par' dir='ltr' id='par_1_94' title="bbox 469 4014 3728 4081">
     <span class='ocr_line' id='line_1_95' title="bbox 469 4014 3728 4081; baseline -0.002 -10"><span class='ocrx_word' id='word_1_717' title='bbox 469 4030 610 4071; x_wconf 84' lang='lat' dir='ltr'><strong>anno</strong></span> <span class='ocrx_word' id='word_1_718' title='bbox 641 4016 766 4071; x_wconf 70' lang='lat'><strong>£538.</strong></span> <span class='ocrx_word' id='word_1_719' title='bbox 2162 4016 2442 4071; x_wconf 88' lang='lat' dir='ltr'><strong>Lucretius</strong></span> <span class='ocrx_word' id='word_1_720' title='bbox 2464 4031 2556 4070; x_wconf 87' lang='lat' dir='ltr'><strong>eos</strong></span> <span class='ocrx_word' id='word_1_721' title='bbox 2587 4016 2951 4081; x_wconf 72' lang='lat' dir='ltr'><strong>przecedentes</strong></span> <span class='ocrx_word' id='word_1_722' title='bbox 2981 4014 3239 4073; x_wconf 72' lang='lat' dir='ltr'><strong>Ecclesiae</strong></span> <span class='ocrx_word' id='word_1_723' title='bbox 3266 4032 3509 4072; x_wconf 88' lang='lat' dir='ltr'><strong>canones</strong></span> <span class='ocrx_word' id='word_1_724' title='bbox 3538 4014 3728 4071; x_wconf 81' lang='lat' dir='ltr'><strong>recitari</strong></span> 
     </span>
    </p>
   </div>
   <div class='ocr_carea' id='block_1_95' title="bbox 541 4081 3729 4161">
    <p class='ocr_par' dir='ltr' id='par_1_95' title="bbox 541 4081 3729 4161">
     <span class='ocr_line' id='line_1_96' title="bbox 541 4081 3729 4161; baseline 0 -21"><span class='ocrx_word' id='word_1_725' title='bbox 541 4090 594 4140; x_wconf 88' lang='lat'><strong>7.</strong></span> <span class='ocrx_word' id='word_1_726' title='bbox 637 4087 789 4155; x_wconf 85' lang='lat' dir='ltr'><strong>Quod</strong></span> <span class='ocrx_word' id='word_1_727' title='bbox 839 4087 883 4141; x_wconf 89' lang='lat' dir='ltr'><strong>si</strong></span> <span class='ocrx_word' id='word_1_728' title='bbox 931 4087 1333 4161; x_wconf 76' lang='lat' dir='ltr'><strong>verosecundo</strong></span> <span class='ocrx_word' id='word_1_729' title='bbox 1377 4088 1497 4143; x_wconf 92' lang='lat' dir='ltr'><strong>loco</strong></span> <span class='ocrx_word' id='word_1_730' title='bbox 1537 4082 1714 4142; x_wconf 86' lang='lat' dir='ltr'><strong>adhuc</strong></span> <span class='ocrx_word' id='word_1_731' title='bbox 1754 4081 2055 4161; x_wconf 84' lang='lat' dir='ltr'><strong>objiciatur,</strong></span> <span class='ocrx_word' id='word_1_732' title='bbox 2158 4086 2351 4161; x_wconf 73' lang='lat' dir='ltr'><strong>jussit,</strong></span> <span class='ocrx_word' id='word_1_733' title='bbox 2384 4102 2529 4161; x_wconf 80' lang='lat' dir='ltr'><strong>quos</strong></span> <span class='ocrx_word' id='word_1_734' title='bbox 2544 4088 2834 4161; x_wconf 79' lang='lat' dir='ltr'><strong>generales</strong></span> <span class='ocrx_word' id='word_1_735' title='bbox 2863 4096 2917 4141; x_wconf 91' lang='lat' dir='ltr'><strong>et</strong></span> <span class='ocrx_word' id='word_1_736' title='bbox 2948 4088 3307 4161; x_wconf 85' lang='lat' dir='ltr'><strong>provinciales</strong></span> <span class='ocrx_word' id='word_1_737' title='bbox 3333 4090 3533 4161; x_wconf 84' lang='lat' dir='ltr'><strong>synodi</strong></span> <span class='ocrx_word' id='word_1_738' title='bbox 3566 4090 3613 4161; x_wconf 85' lang='lat' dir='ltr'><strong>in</strong></span> <span class='ocrx_word' id='word_1_739' title='bbox 3645 4086 3729 4140; x_wconf 83' lang='lat' dir='ltr'><strong>Ee-</strong></span> 
     </span>
    </p>
   </div>
   <div class='ocr_carea' id='block_1_96' title="bbox 469 4155 3731 4229">
    <p class='ocr_par' dir='ltr' id='par_1_96' title="bbox 469 4155 3731 4229">
     <span class='ocr_line' id='line_1_97' title="bbox 469 4155 3731 4229; baseline -0.001 -15"><span class='ocrx_word' id='word_1_740' title='bbox 469 4160 657 4214; x_wconf 84' lang='lat' dir='ltr'><strong>saltem</strong></span> <span class='ocrx_word' id='word_1_741' title='bbox 701 4166 1032 4229; x_wconf 88' lang='lat' dir='ltr'><strong>postremum</strong></span> <span class='ocrx_word' id='word_1_742' title='bbox 1073 4159 1217 4213; x_wconf 85' lang='lat' dir='ltr'><strong>illius</strong></span> <span class='ocrx_word' id='word_1_743' title='bbox 1248 4159 1490 4229; x_wconf 73' lang='lat' dir='ltr'><strong>epistolae</strong></span> <span class='ocrx_word' id='word_1_744' title='bbox 1540 4166 1699 4228; x_wconf 87' lang='lat' dir='ltr'><strong>caput</strong></span> <span class='ocrx_word' id='word_1_745' title='bbox 1731 4155 2061 4229; x_wconf 87' lang='lat' dir='ltr'><strong>suppositio-</strong></span> <span class='ocrx_word' id='word_1_746' title='bbox 2159 4155 2477 4213; x_wconf 64' lang='lat' dir='ltr'><strong>clesiastica‘.</strong></span> <span class='ocrx_word' id='word_1_747' title='bbox 2503 4155 2801 4229; x_wconf 63' lang='lat' dir='ltr'><strong>disciplinae</strong></span> <span class='ocrx_word' id='word_1_748' title='bbox 2834 4155 3107 4213; x_wconf 88' lang='lat' dir='ltr'><strong>munimen</strong></span> <span class='ocrx_word' id='word_1_749' title='bbox 3148 4169 3203 4213; x_wconf 89' lang='lat' dir='ltr'><strong>et</strong></span> <span class='ocrx_word' id='word_1_750' title='bbox 3242 4155 3529 4215; x_wconf 78' lang='lat' dir='ltr'><strong>sacrorum</strong></span> <span class='ocrx_word' id='word_1_751' title='bbox 3557 4159 3731 4229; x_wconf 75' lang='lat' dir='ltr'><strong>rimata</strong></span> 
     </span>
    </p>
   </div>
   <div class='ocr_carea' id='block_1_97' title="bbox 469 4227 3737 4301">
    <p class='ocr_par' dir='ltr' id='par_1_97' title="bbox 469 4227 3737 4301">
     <span class='ocr_line' id='line_1_98' title="bbox 469 4227 3737 4301; baseline -0 -16"><span class='ocrx_word' id='word_1_752' title='bbox 469 4241 671 4301; x_wconf 26' lang='lat' dir='ltr'><strong>nemiet</strong></span> <span class='ocrx_word' id='word_1_753' title='bbox 700 4227 984 4285; x_wconf 68' lang='lat' dir='ltr'><strong>falsitatem</strong></span> <span class='ocrx_word' id='word_1_754' title='bbox 1012 4227 1297 4301; x_wconf 43' lang='lat' dir='ltr'><strong>redolere,‘</strong></span> <span class='ocrx_word' id='word_1_755' title='bbox 1316 4235 1366 4283; x_wconf 90' lang='lat' dir='ltr'><strong>in</strong></span> <span class='ocrx_word' id='word_1_756' title='bbox 1395 4245 1502 4300; x_wconf 88' lang='lat' dir='ltr'><strong>quo</strong></span> <span class='ocrx_word' id='word_1_757' title='bbox 1526 4227 1839 4301; x_wconf 74' lang='lat' dir='ltr'><strong>deprimatis</strong></span> <span class='ocrx_word' id='word_1_758' title='bbox 1868 4228 2062 4301; x_wconf 60' lang='lat' dir='ltr'><strong>Roma-</strong></span> <span class='ocrx_word' id='word_1_759' title='bbox 2164 4240 2217 4284; x_wconf 85' lang='lat' dir='ltr'><strong>et</strong></span> <span class='ocrx_word' id='word_1_760' title='bbox 2272 4230 2639 4283; x_wconf 88' lang='lat' dir='ltr'><strong>ministrorum</strong></span> <span class='ocrx_word' id='word_1_761' title='bbox 2673 4228 2927 4283; x_wconf 68' lang='lat' dir='ltr'><strong>Ecclesiae</strong></span> <span class='ocrx_word' id='word_1_762' title='bbox 2955 4232 3117 4285; x_wconf 89' lang='lat' dir='ltr'><strong>decus</strong></span> <span class='ocrx_word' id='word_1_763' title='bbox 3161 4233 3624 4299; x_wconf 82' lang='lat' dir='ltr'><strong>conscripserant.</strong></span> <span class='ocrx_word' id='word_1_764' title='bbox 3653 4227 3737 4301; x_wconf 73' lang='lat' dir='ltr'><strong>Cui</strong></span> 
     </span>
    </p>
   </div>
   <div class='ocr_carea' id='block_1_98' title="bbox 468 4300 3738 4373">
    <p class='ocr_par' dir='ltr' id='par_1_98' title="bbox 468 4300 3738 4373">
     <span class='ocr_line' id='line_1_99' title="bbox 468 4300 3738 4373; baseline -0.001 -17"><span class='ocrx_word' id='word_1_765' title='bbox 468 4318 548 4356; x_wconf 80' lang='lat' dir='ltr'><strong>na:</strong></span> <span class='ocrx_word' id='word_1_766' title='bbox 570 4300 815 4355; x_wconf 77' lang='lat' dir='ltr'><strong>Ecclesia:</strong></span> <span class='ocrx_word' id='word_1_767' title='bbox 834 4302 1145 4373; x_wconf 85' lang='lat' dir='ltr'><strong>disseritur,</strong></span> <span class='ocrx_word' id='word_1_768' title='bbox 1165 4300 1275 4371; x_wconf 85' lang='lat' dir='ltr'><strong>jam</strong></span> <span class='ocrx_word' id='word_1_769' title='bbox 1297 4300 1629 4370; x_wconf 89' lang='lat' dir='ltr'><strong>propositum</strong></span> <span class='ocrx_word' id='word_1_770' title='bbox 1656 4316 1925 4373; x_wconf 66' lang='lat' dir='ltr'><strong>urgerent.</strong></span> <span class='ocrx_word' id='word_1_771' title='bbox 1951 4300 2061 4354; x_wconf 84' lang='lat' dir='ltr'><strong>Nec</strong></span> <span class='ocrx_word' id='word_1_772' title='bbox 2162 4302 2488 4373; x_wconf 82' lang='lat' dir='ltr'><strong>suggestioni</strong></span> <span class='ocrx_word' id='word_1_773' title='bbox 2522 4302 2702 4355; x_wconf 85' lang='lat' dir='ltr'><strong>caeteri</strong></span> <span class='ocrx_word' id='word_1_774' title='bbox 2732 4316 2918 4373; x_wconf 86' lang='lat' dir='ltr'><strong>omnes</strong></span> <span class='ocrx_word' id='word_1_775' title='bbox 2946 4302 3185 4373; x_wconf 87' lang='lat' dir='ltr'><strong>episcopi</strong></span> <span class='ocrx_word' id='word_1_776' title='bbox 3224 4302 3372 4357; x_wconf 91' lang='lat' dir='ltr'><strong>illico</strong></span> <span class='ocrx_word' id='word_1_777' title='bbox 3410 4318 3538 4356; x_wconf 88' lang='lat' dir='ltr'><strong>eum</strong></span> <span class='ocrx_word' id='word_1_778' title='bbox 3568 4300 3738 4355; x_wconf 63' lang='grc' dir='ltr'><strong>δυση-</strong></span> 
     </span>
    </p>
   </div>
   <div class='ocr_carea' id='block_1_99' title="bbox 468 4371 2057 4442">
    <p class='ocr_par' dir='ltr' id='par_1_99' title="bbox 468 4371 2057 4442">
     <span class='ocr_line' id='line_1_100' title="bbox 468 4371 2057 4442; baseline -0.003 -14"><span class='ocrx_word' id='word_1_779' title='bbox 468 4374 611 4429; x_wconf 90' lang='lat' dir='ltr'><strong>enim</strong></span> <span class='ocrx_word' id='word_1_780' title='bbox 645 4372 847 4426; x_wconf 90' lang='lat' dir='ltr'><strong>moveri</strong></span> <span class='ocrx_word' id='word_1_781' title='bbox 876 4387 1088 4441; x_wconf 90' lang='lat' dir='ltr'><strong>possem</strong></span> <span class='ocrx_word' id='word_1_782' title='bbox 1117 4374 1259 4442; x_wconf 85' lang='lat' dir='ltr'><strong>quod</strong></span> <span class='ocrx_word' id='word_1_783' title='bbox 1288 4373 1417 4426; x_wconf 89' lang='lat' dir='ltr'><strong>illud</strong></span> <span class='ocrx_word' id='word_1_784' title='bbox 1462 4374 1515 4426; x_wconf 89' lang='lat' dir='ltr'><strong>iu</strong></span> <span class='ocrx_word' id='word_1_785' title='bbox 1553 4374 1714 4426; x_wconf 88' lang='lat' dir='ltr'><strong>variis</strong></span> <span class='ocrx_word' id='word_1_786' title='bbox 1760 4371 2057 4426; x_wconf 87' lang='lat' dir='ltr'><strong>Galliarum</strong></span> 
     </span>
    </p>
   </div>
   <div class='ocr_carea' id='block_1_100' title="bbox 469 4442 3744 4515">
    <p class='ocr_par' dir='ltr' id='par_1_100' title="bbox 469 4442 3744 4515">
     <span class='ocr_line' id='line_1_101' title="bbox 469 4442 3744 4515; baseline -0 -17"><span class='ocrx_word' id='word_1_787' title='bbox 469 4443 747 4499; x_wconf 89' lang='lat' dir='ltr'><strong>codicibus</strong></span> <span class='ocrx_word' id='word_1_788' title='bbox 787 4443 1124 4498; x_wconf 88' lang='lat' dir='ltr'><strong>desideretur</strong></span> <span class='ocrx_word' id='word_1_789' title='bbox 1159 4444 1242 4497; x_wconf 87' lang='lat' dir='ltr'><strong>vel</strong></span> <span class='ocrx_word' id='word_1_790' title='bbox 1273 4444 1413 4510; x_wconf 89' lang='lat' dir='ltr'><strong>quod</strong></span> <span class='ocrx_word' id='word_1_791' title='bbox 1444 4445 1512 4515; x_wconf 75' lang='lat' dir='ltr'><strong>in</strong></span> <span class='ocrx_word' id='word_1_792' title='bbox 1562 4442 2057 4511; x_wconf 85' lang='lat' dir='ltr'><strong>pseudoisidoriana</strong></span> <span class='ocrx_word' id='word_1_793' title='bbox 2167 4442 2349 4515; x_wconf 79' lang='lat' dir='ltr'><strong>primo</strong></span> <span class='ocrx_word' id='word_1_794' title='bbox 2367 4448 2431 4499; x_wconf 91' lang='lat' dir='ltr'><strong>ad</strong></span> <span class='ocrx_word' id='word_1_795' title='bbox 2462 4461 2553 4500; x_wconf 85' lang='lat' dir='ltr'><strong>eas</strong></span> <span class='ocrx_word' id='word_1_796' title='bbox 2582 4458 2872 4515; x_wconf 79' lang='lat' dir='ltr'><strong>provocare</strong></span> <span class='ocrx_word' id='word_1_797' title='bbox 2901 4446 3259 4499; x_wconf 89' lang='lat' dir='ltr'><strong>institutiones</strong></span> <span class='ocrx_word' id='word_1_798' title='bbox 3286 4460 3409 4514; x_wconf 61' lang='lat' dir='ltr'><strong>qua</strong></span> <span class='ocrx_word' id='word_1_799' title='bbox 3439 4446 3517 4499; x_wconf 85' lang='lat' dir='ltr'><strong>ab</strong></span> <span class='ocrx_word' id='word_1_800' title='bbox 3545 4452 3744 4515; x_wconf 82' lang='lat' dir='ltr'><strong>aposto-</strong></span> 
     </span>
    </p>
   </div>
   <div class='ocr_carea' id='block_1_101' title="bbox 469 4512 3743 4588">
    <p class='ocr_par' dir='ltr' id='par_1_101' title="bbox 469 4512 3743 4588">
     <span class='ocr_line' id='line_1_102' title="bbox 469 4512 3743 4588; baseline 0.001 -22"><span class='ocrx_word' id='word_1_801' title='bbox 469 4515 787 4588; x_wconf 76' lang='lat' dir='ltr'><strong>collectione</strong></span> <span class='ocrx_word' id='word_1_802' title='bbox 815 4514 1094 4588; x_wconf 77' lang='lat' dir='ltr'><strong>dumtaxat</strong></span> <span class='ocrx_word' id='word_1_803' title='bbox 1122 4515 1347 4588; x_wconf 80' lang='lat' dir='ltr'><strong>reperiri</strong></span> <span class='ocrx_word' id='word_1_804' title='bbox 1393 4512 2054 4588; x_wconf 74' lang='lat' dir='ltr'><strong>advcrsariiasseverent.</strong></span> <span class='ocrx_word' id='word_1_805' title='bbox 2092 4560 2137 4588; x_wconf 59' lang='grc' dir='ltr'><strong>η</strong></span> <span class='ocrx_word' id='word_1_806' title='bbox 2167 4512 2264 4570; x_wconf 84' lang='lat' dir='ltr'><strong>lica</strong></span> <span class='ocrx_word' id='word_1_807' title='bbox 2312 4518 2369 4573; x_wconf 93' lang='lat' dir='ltr'><strong>S.</strong></span> <span class='ocrx_word' id='word_1_808' title='bbox 2424 4512 2864 4571; x_wconf 46' lang='lat' dir='ltr'><strong>l’elri&#39;cathedta</strong></span> <span class='ocrx_word' id='word_1_809' title='bbox 2910 4516 2978 4570; x_wconf 82' lang='lat' dir='ltr'><strong>ad</strong></span> <span class='ocrx_word' id='word_1_810' title='bbox 3021 4512 3472 4588; x_wconf 60' lang='lat' dir='ltr'><strong>interrogationem</strong></span> <span class='ocrx_word' id='word_1_811' title='bbox 3502 4512 3743 4588; x_wconf 60' lang='lat' dir='ltr'><strong>quando!</strong></span> 
     </span>
    </p>
   </div>
   <div class='ocr_carea' id='block_1_102' title="bbox 470 4560 3743 4660">
    <p class='ocr_par' dir='ltr' id='par_1_102' title="bbox 470 4560 3743 4660">
     <span class='ocr_line' id='line_1_103' title="bbox 470 4560 3743 4660; baseline 0.003 -25"><span class='ocrx_word' id='word_1_812' title='bbox 470 4584 604 4660; x_wconf 59' lang='lat' dir='ltr'><strong>piam</strong></span> <span class='ocrx_word' id='word_1_813' title='bbox 634 4584 894 4660; x_wconf 77' lang='lat' dir='ltr'><strong>imprimis</strong></span> <span class='ocrx_word' id='word_1_814' title='bbox 926 4583 1126 4660; x_wconf 66' lang='lat' dir='ltr'><strong>isthmc</strong></span> <span class='ocrx_word' id='word_1_815' title='bbox 1141 4560 1363 4652; x_wconf 66' lang='lat' dir='ltr'><strong>epistola</strong></span> <span class='ocrx_word' id='word_1_816' title='bbox 1394 4586 1457 4637; x_wconf 91' lang='lat' dir='ltr'><strong>ad</strong></span> <span class='ocrx_word' id='word_1_817' title='bbox 1486 4586 1752 4660; x_wconf 58' lang='lat' dir='ltr'><strong>tiallircize</strong></span> <span class='ocrx_word' id='word_1_818' title='bbox 1786 4592 2053 4660; x_wconf 79' lang='lat' dir='ltr'><strong>metropo-</strong></span> <span class='ocrx_word' id='word_1_819' title='bbox 2089 4560 2137 4621; x_wconf 74' lang='grc' dir='ltr'><strong>Ι)</strong></span> <span class='ocrx_word' id='word_1_820' title='bbox 2164 4589 2465 4643; x_wconf 77' lang='lat' dir='ltr'><strong>veneranda:</strong></span> <span class='ocrx_word' id='word_1_821' title='bbox 2496 4594 2750 4660; x_wconf 71' lang='lat' dir='ltr'><strong>memoria:</strong></span> <span class='ocrx_word' id='word_1_822' title='bbox 2776 4590 3159 4659; x_wconf 74' lang='lat' dir='ltr'><strong>prwdecessoris</strong></span> <span class='ocrx_word' id='word_1_823' title='bbox 3186 4560 3266 4644; x_wconf 60' lang='lat' dir='ltr'><strong>siti</strong></span> <span class='ocrx_word' id='word_1_824' title='bbox 3296 4560 3585 4660; x_wconf 55' lang='lat' dir='ltr'><strong>Profuti&#39;tri</strong></span> <span class='ocrx_word' id='word_1_825' title='bbox 3628 4587 3743 4639; x_wconf 70' lang='lat' dir='ltr'><strong>dire-</strong></span> 
     </span>
    </p>
   </div>
   <div class='ocr_carea' id='block_1_103' title="bbox 471 4655 3747 4732">
    <p class='ocr_par' dir='ltr' id='par_1_103' title="bbox 471 4655 3747 4732">
     <span class='ocr_line' id='line_1_104' title="bbox 471 4655 3747 4732; baseline 0.001 -23"><span class='ocrx_word' id='word_1_826' title='bbox 471 4655 622 4732; x_wconf 84' lang='lat' dir='ltr'><strong>litam</strong></span> <span class='ocrx_word' id='word_1_827' title='bbox 651 4655 995 4732; x_wconf 86' lang='lat' dir='ltr'><strong>s_cripta__es_t.</strong></span> <span class='ocrx_word' id='word_1_828' title='bbox 1027 4672 1046 4707; x_wconf 82' lang='grc' dir='ltr'><strong>ι</strong></span> <span class='ocrx_word' id='word_1_829' title='bbox 1087 4655 1152 4708; x_wconf 87' lang='grc' dir='ltr'>Ει</span> <span class='ocrx_word' id='word_1_830' title='bbox 1181 4664 1464 4732; x_wconf 75' lang='lat' dir='ltr'><strong>propterea</strong></span> <span class='ocrx_word' id='word_1_831' title='bbox 1505 4656 1669 4732; x_wconf 74' lang='lat' dir='ltr'><strong>longe</strong></span> <span class='ocrx_word' id='word_1_832' title='bbox 1713 4656 1883 4723; x_wconf 85' lang='lat' dir='ltr'><strong>major</strong></span> <span class='ocrx_word' id='word_1_833' title='bbox 1922 4656 2054 4732; x_wconf 74' lang='lat' dir='ltr'><strong>fides</strong></span> <span class='ocrx_word' id='word_1_834' title='bbox 2165 4668 2257 4713; x_wconf 69' lang='lat' dir='ltr'><strong>cia:</strong></span> <span class='ocrx_word' id='word_1_835' title='bbox 2301 4663 2459 4731; x_wconf 74' lang='lat' dir='ltr'><strong>fuere.</strong></span> <span class='ocrx_word' id='word_1_836' title='bbox 2510 4655 2847 4713; x_wconf 74' lang='lat' dir='ltr'><strong>Profuturum</strong></span> <span class='ocrx_word' id='word_1_837' title='bbox 2899 4660 3209 4729; x_wconf 90' lang='lat' dir='ltr'><strong>episcopum</strong></span> <span class='ocrx_word' id='word_1_838' title='bbox 3238 4676 3366 4732; x_wconf 87' lang='lat' dir='ltr'><strong>ergo</strong></span> <span class='ocrx_word' id='word_1_839' title='bbox 3398 4655 3532 4718; x_wconf 79' lang='lat' dir='ltr'><strong>ante</strong></span> <span class='ocrx_word' id='word_1_840' title='bbox 3566 4662 3747 4716; x_wconf 81' lang='lat' dir='ltr'><strong>Lucre-</strong></span> 
     </span>
    </p>
   </div>
   <div class='ocr_carea' id='block_1_104' title="bbox 472 4725 3740 4802">
    <p class='ocr_par' dir='ltr' id='par_1_104' title="bbox 472 4725 3740 4802">
     <span class='ocr_line' id='line_1_105' title="bbox 472 4725 3740 4802; baseline 0.002 -22"><span class='ocrx_word' id='word_1_841' title='bbox 472 4727 746 4802; x_wconf 82' lang='lat' dir='ltr'><strong>habenda_</strong></span> <span class='ocrx_word' id='word_1_842' title='bbox 778 4725 1000 4802; x_wconf 74' lang='lat' dir='ltr'><strong>reliquis</strong></span> <span class='ocrx_word' id='word_1_843' title='bbox 1048 4726 1314 4802; x_wconf 82' lang='lat' dir='ltr'><strong>omnibus</strong></span> <span class='ocrx_word' id='word_1_844' title='bbox 1348 4726 1622 4802; x_wconf 86' lang='lat' dir='ltr'><strong>codicibus</strong></span> <span class='ocrx_word' id='word_1_845' title='bbox 1680 4726 2055 4802; x_wconf 76' lang='lat' dir='ltr'><strong>manuscriptis</strong></span> <span class='ocrx_word' id='word_1_846' title='bbox 2165 4725 2309 4785; x_wconf 67' lang='lat' dir='ltr'><strong>tium&#39;</strong></span> <span class='ocrx_word' id='word_1_847' title='bbox 2337 4733 2386 4802; x_wconf 86' lang='lat' dir='ltr'><strong>in</strong></span> <span class='ocrx_word' id='word_1_848' title='bbox 2417 4732 2730 4786; x_wconf 82' lang='lat' dir='ltr'><strong>Bracarensi</strong></span> <span class='ocrx_word' id='word_1_849' title='bbox 2757 4725 3069 4786; x_wconf 79' lang='lat' dir='ltr'><strong>consedisse</strong></span> <span class='ocrx_word' id='word_1_850' title='bbox 3087 4725 3326 4799; x_wconf 56' lang='lat' dir='ltr'><strong>throno:</strong></span> <span class='ocrx_word' id='word_1_851' title='bbox 3346 4741 3403 4787; x_wconf 92' lang='lat' dir='ltr'><strong>et</strong></span> <span class='ocrx_word' id='word_1_852' title='bbox 3432 4736 3504 4785; x_wconf 85' lang='lat' dir='ltr'><strong>ab</strong></span> <span class='ocrx_word' id='word_1_853' title='bbox 3536 4742 3740 4802; x_wconf 83' lang='lat' dir='ltr'><strong>aposto-</strong></span> 
     </span>
    </p>
   </div>
   <div class='ocr_carea' id='block_1_105' title="bbox 472 4795 3744 4870">
    <p class='ocr_par' dir='ltr' id='par_1_105' title="bbox 472 4795 3744 4870">
     <span class='ocr_line' id='line_1_106' title="bbox 472 4795 3744 4870; baseline 0.002 -20"><span class='ocrx_word' id='word_1_854' title='bbox 472 4796 855 4870; x_wconf 76' lang='lat' dir='ltr'><strong>antiquiSsimis</strong></span> <span class='ocrx_word' id='word_1_855' title='bbox 886 4795 1151 4870; x_wconf 74' lang='lat' dir='ltr'><strong>Hispania:</strong></span> <span class='ocrx_word' id='word_1_856' title='bbox 1174 4837 1187 4862; x_wconf 92' lang='lat'><strong>,</strong></span> <span class='ocrx_word' id='word_1_857' title='bbox 1221 4799 1347 4852; x_wconf 87' lang='lat' dir='ltr'><strong>visis</strong></span> <span class='ocrx_word' id='word_1_858' title='bbox 1374 4809 1424 4853; x_wconf 90' lang='lat' dir='ltr'><strong>et</strong></span> <span class='ocrx_word' id='word_1_859' title='bbox 1454 4800 1665 4852; x_wconf 86' lang='lat' dir='ltr'><strong>collatis</strong></span> <span class='ocrx_word' id='word_1_860' title='bbox 1703 4801 1769 4851; x_wconf 88' lang='lat' dir='ltr'><strong>ab</strong></span> <span class='ocrx_word' id='word_1_861' title='bbox 1801 4798 2053 4870; x_wconf 83' lang='lat' dir='ltr'><strong>illustris-</strong></span> <span class='ocrx_word' id='word_1_862' title='bbox 2165 4802 2263 4857; x_wconf 88' lang='lat' dir='ltr'><strong>lica</strong></span> <span class='ocrx_word' id='word_1_863' title='bbox 2292 4804 2347 4859; x_wconf 94' lang='lat' dir='ltr'><strong>S.</strong></span> <span class='ocrx_word' id='word_1_864' title='bbox 2379 4801 2517 4855; x_wconf 80' lang='lat' dir='ltr'><strong>Petri</strong></span> <span class='ocrx_word' id='word_1_865' title='bbox 2550 4802 2800 4856; x_wconf 84' lang='lat' dir='ltr'><strong>cathedra</strong></span> <span class='ocrx_word' id='word_1_866' title='bbox 2846 4803 3059 4869; x_wconf 55' lang='lat' dir='ltr'><strong>regulas</strong></span> <span class='ocrx_word' id='word_1_867' title='bbox 3093 4819 3188 4870; x_wconf 87' lang='lat' dir='ltr'><strong>pro</strong></span> <span class='ocrx_word' id='word_1_868' title='bbox 3220 4795 3744 4859; x_wconf 58' lang='lat' dir='ltr'><strong>Priscillranis&#39;tarom</strong></span> 
     </span>
    </p>
   </div>
   <div class='ocr_carea' id='block_1_106' title="bbox 471 4868 3749 4945">
    <p class='ocr_par' dir='ltr' id='par_1_106' title="bbox 471 4868 3749 4945">
     <span class='ocr_line' id='line_1_107' title="bbox 471 4868 3749 4945; baseline 0.002 -24"><span class='ocrx_word' id='word_1_869' title='bbox 471 4870 608 4945; x_wconf 82' lang='lat' dir='ltr'><strong>simu</strong></span> <span class='ocrx_word' id='word_1_870' title='bbox 637 4868 866 4945; x_wconf 57' lang='lat' dir='ltr'><strong>Loavsa,</strong></span> <span class='ocrx_word' id='word_1_871' title='bbox 900 4876 1010 4921; x_wconf 86' lang='lat' dir='ltr'><strong>tum</strong></span> <span class='ocrx_word' id='word_1_872' title='bbox 1035 4869 1338 4945; x_wconf 64' lang='lat' dir='ltr'><strong>impressis,</strong></span> <span class='ocrx_word' id='word_1_873' title='bbox 1364 4871 1413 4945; x_wconf 79' lang='lat' dir='ltr'><strong>in</strong></span> <span class='ocrx_word' id='word_1_874' title='bbox 1439 4870 1631 4939; x_wconf 90' lang='lat' dir='ltr'><strong>quibus</strong></span> <span class='ocrx_word' id='word_1_875' title='bbox 1657 4880 1815 4937; x_wconf 90' lang='lat' dir='ltr'><strong>caput</strong></span> <span class='ocrx_word' id='word_1_876' title='bbox 1838 4868 1965 4945; x_wconf 76' lang='lat' dir='ltr'><strong>illud</strong></span> <span class='ocrx_word' id='word_1_877' title='bbox 1989 4870 2055 4945; x_wconf 79' lang='lat' dir='ltr'><strong>de</strong></span> <span class='ocrx_word' id='word_1_878' title='bbox 2164 4874 2544 4943; x_wconf 85' lang='lat' dir='ltr'><strong>superstitibus</strong></span> <span class='ocrx_word' id='word_1_879' title='bbox 2602 4874 2845 4944; x_wconf 83' lang='lat' dir='ltr'><strong>reliquiis</strong></span> <span class='ocrx_word' id='word_1_880' title='bbox 2903 4868 3182 4945; x_wconf 80' lang='lat' dir='ltr'><strong>abolendis</strong></span> <span class='ocrx_word' id='word_1_881' title='bbox 3232 4876 3509 4945; x_wconf 86' lang='lat' dir='ltr'><strong>recepisse</strong></span> <span class='ocrx_word' id='word_1_882' title='bbox 3537 4915 3552 4939; x_wconf 89' lang='lat'><strong>,</strong></span> <span class='ocrx_word' id='word_1_883' title='bbox 3606 4876 3749 4942; x_wconf 80' lang='lat' dir='ltr'><strong>hujus</strong></span> 
     </span>
    </p>
   </div>
   <div class='ocr_carea' id='block_1_107' title="bbox 473 4940 3750 5011">
    <p class='ocr_par' dir='ltr' id='par_1_107' title="bbox 473 4940 3750 5011">
     <span class='ocr_line' id='line_1_108' title="bbox 473 4940 3750 5011; baseline 0.002 -18"><span class='ocrx_word' id='word_1_884' title='bbox 473 4942 704 5008; x_wconf 87' lang='lat' dir='ltr'><strong>primatu</strong></span> <span class='ocrx_word' id='word_1_885' title='bbox 753 4942 1005 4994; x_wconf 72' lang='lat' dir='ltr'><strong>llomanse</strong></span> <span class='ocrx_word' id='word_1_886' title='bbox 1033 4940 1287 4994; x_wconf 67' lang='lat' dir='ltr'><strong>Ecclesiae</strong></span> <span class='ocrx_word' id='word_1_887' title='bbox 1314 4940 1567 5006; x_wconf 82' lang='lat' dir='ltr'><strong>habetur,</strong></span> <span class='ocrx_word' id='word_1_888' title='bbox 1611 4954 1767 5011; x_wconf 88' lang='lat' dir='ltr'><strong>quam</strong></span> <span class='ocrx_word' id='word_1_889' title='bbox 1810 4940 1899 4994; x_wconf 89' lang='lat' dir='ltr'><strong>uni</strong></span> <span class='ocrx_word' id='word_1_890' title='bbox 1928 4940 2051 4993; x_wconf 89' lang='lat' dir='ltr'><strong>Col-</strong></span> <span class='ocrx_word' id='word_1_891' title='bbox 2164 4940 2376 4999; x_wconf 79' lang='lat' dir='ltr'><strong>concilii</strong></span> <span class='ocrx_word' id='word_1_892' title='bbox 2410 4946 2592 4999; x_wconf 79' lang='lat' dir='ltr'><strong>Patres</strong></span> <span class='ocrx_word' id='word_1_893' title='bbox 2616 4940 2843 4999; x_wconf 77' lang='lat' dir='ltr'><strong>conlessi</strong></span> <span class='ocrx_word' id='word_1_894' title='bbox 2874 4954 3019 4998; x_wconf 91' lang='lat' dir='ltr'><strong>sunt.</strong></span> <span class='ocrx_word' id='word_1_895' title='bbox 3047 4944 3151 5000; x_wconf 83' lang='lat' dir='ltr'><strong>Sed</strong></span> <span class='ocrx_word' id='word_1_896' title='bbox 3181 4940 3373 5000; x_wconf 79' lang='lat' dir='ltr'><strong>borum</strong></span> <span class='ocrx_word' id='word_1_897' title='bbox 3397 4948 3543 5001; x_wconf 79' lang='lat' dir='ltr'><strong>votis</strong></span> <span class='ocrx_word' id='word_1_898' title='bbox 3572 4940 3750 5000; x_wconf 67' lang='lat' dir='ltr'><strong>lubens</strong></span> 
     </span>
    </p>
   </div>
   <div class='ocr_carea' id='block_1_108' title="bbox 473 5011 3752 5085">
    <p class='ocr_par' dir='ltr' id='par_1_108' title="bbox 473 5011 3752 5085">
     <span class='ocr_line' id='line_1_109' title="bbox 473 5011 3752 5085; baseline 0.002 -20"><span class='ocrx_word' id='word_1_899' title='bbox 473 5014 703 5078; x_wconf 81' lang='lat' dir='ltr'><strong>bertino,</strong></span> <span class='ocrx_word' id='word_1_900' title='bbox 726 5012 795 5067; x_wconf 93' lang='lat' dir='ltr'><strong>de</strong></span> <span class='ocrx_word' id='word_1_901' title='bbox 814 5026 922 5081; x_wconf 89' lang='lat' dir='ltr'><strong>quo</strong></span> <span class='ocrx_word' id='word_1_902' title='bbox 944 5027 1049 5085; x_wconf 88' lang='lat' dir='ltr'><strong>non</strong></span> <span class='ocrx_word' id='word_1_903' title='bbox 1072 5012 1206 5065; x_wconf 89' lang='lat' dir='ltr'><strong>levis</strong></span> <span class='ocrx_word' id='word_1_904' title='bbox 1226 5012 1457 5085; x_wconf 84' lang='lat' dir='ltr'><strong>suspicio</strong></span> <span class='ocrx_word' id='word_1_905' title='bbox 1480 5027 1599 5085; x_wconf 87' lang='lat' dir='ltr'><strong>esse</strong></span> <span class='ocrx_word' id='word_1_906' title='bbox 1620 5013 1790 5082; x_wconf 87' lang='lat' dir='ltr'><strong>possit</strong></span> <span class='ocrx_word' id='word_1_907' title='bbox 1809 5012 1861 5065; x_wconf 90' lang='lat' dir='ltr'><strong>in</strong></span> <span class='ocrx_word' id='word_1_908' title='bbox 1882 5011 2054 5085; x_wconf 80' lang='lat' dir='ltr'><strong>Gallia</strong></span> <span class='ocrx_word' id='word_1_909' title='bbox 2164 5015 2445 5070; x_wconf 82' lang='lat' dir='ltr'><strong>Lucretius</strong></span> <span class='ocrx_word' id='word_1_910' title='bbox 2492 5015 2771 5070; x_wconf 78' lang='lat' dir='ltr'><strong>adlizerere</strong></span> <span class='ocrx_word' id='word_1_911' title='bbox 2820 5016 3063 5085; x_wconf 86' lang='lat' dir='ltr'><strong>cupiens,</strong></span> <span class='ocrx_word' id='word_1_912' title='bbox 3114 5016 3399 5071; x_wconf 86' lang='lat' dir='ltr'><strong>confestim</strong></span> <span class='ocrx_word' id='word_1_913' title='bbox 3433 5018 3752 5085; x_wconf 83' lang='lat' dir='ltr'><strong>respondit:</strong></span> 
     </span>
    </p>
   </div>
   <div class='ocr_carea' id='block_1_109' title="bbox 473 5082 3755 5157">
    <p class='ocr_par' dir='ltr' id='par_1_109' title="bbox 473 5082 3755 5157">
     <span class='ocr_line' id='line_1_110' title="bbox 473 5082 3755 5157; baseline 0 -20"><span class='ocrx_word' id='word_1_914' title='bbox 473 5085 731 5153; x_wconf 75' lang='lat' dir='ltr'><strong>scriptum</strong></span> <span class='ocrx_word' id='word_1_915' title='bbox 775 5084 938 5157; x_wconf 79' lang='lat' dir='ltr'><strong>fuisse</strong></span> <span class='ocrx_word' id='word_1_916' title='bbox 965 5084 1033 5157; x_wconf 81' lang='lat' dir='ltr'><strong>iis</strong></span> <span class='ocrx_word' id='word_1_917' title='bbox 1062 5083 1392 5157; x_wconf 76' lang='lat' dir='ltr'><strong>temporibus</strong></span> <span class='ocrx_word' id='word_1_918' title='bbox 1418 5084 1609 5157; x_wconf 83' lang='lat' dir='ltr'><strong>quibus</strong></span> <span class='ocrx_word' id='word_1_919' title='bbox 1640 5097 1815 5157; x_wconf 65' lang='lat' dir='ltr'><strong>causae</strong></span> <span class='ocrx_word' id='word_1_920' title='bbox 1846 5082 2055 5151; x_wconf 85' lang='lat' dir='ltr'><strong>episco-</strong></span> <span class='ocrx_word' id='word_1_921' title='bbox 2164 5086 2317 5141; x_wconf 79' lang='lat' dir='ltr'><strong>Recte</strong></span> <span class='ocrx_word' id='word_1_922' title='bbox 2340 5096 2501 5140; x_wconf 71' lang='lat' dir='ltr'><strong>vestra</strong></span> <span class='ocrx_word' id='word_1_923' title='bbox 2527 5088 2819 5157; x_wconf 74' lang='lat' dir='ltr'><strong>fraternitas</strong></span> <span class='ocrx_word' id='word_1_924' title='bbox 2847 5082 2938 5157; x_wconf 77' lang='lat' dir='ltr'><strong>pro</strong></span> <span class='ocrx_word' id='word_1_925' title='bbox 2960 5090 3264 5141; x_wconf 83' lang='lat' dir='ltr'><strong>auctoritate</strong></span> <span class='ocrx_word' id='word_1_926' title='bbox 3284 5090 3421 5143; x_wconf 70' lang='lat' dir='ltr'><strong>sedis</strong></span> <span class='ocrx_word' id='word_1_927' title='bbox 3443 5082 3755 5142; x_wconf 65' lang='lat' dir='ltr'><strong>reminiscar</strong></span> 
     </span>
    </p>
   </div>
   <div class='ocr_carea' id='block_1_110' title="bbox 473 5154 3755 5227">
    <p class='ocr_par' dir='ltr' id='par_1_110' title="bbox 473 5154 3755 5227">
     <span class='ocr_line' id='line_1_111' title="bbox 473 5154 3755 5227; baseline 0.001 -21"><span class='ocrx_word' id='word_1_928' title='bbox 473 5167 663 5223; x_wconf 85' lang='lat' dir='ltr'><strong>porum</strong></span> <span class='ocrx_word' id='word_1_929' title='bbox 688 5155 1068 5227; x_wconf 84' lang='lat' dir='ltr'><strong>appellantium</strong></span> <span class='ocrx_word' id='word_1_930' title='bbox 1092 5154 1275 5209; x_wconf 86' lang='lat' dir='ltr'><strong>sedem</strong></span> <span class='ocrx_word' id='word_1_931' title='bbox 1308 5156 1653 5225; x_wconf 81' lang='lat' dir='ltr'><strong>apostolicam</strong></span> <span class='ocrx_word' id='word_1_932' title='bbox 1679 5154 2051 5227; x_wconf 56' lang='lat' dir='ltr'><strong>disceptabang</strong></span> <span class='ocrx_word' id='word_1_933' title='bbox 2164 5166 2255 5212; x_wconf 84' lang='lat' dir='ltr'><strong>est.</strong></span> <span class='ocrx_word' id='word_1_934' title='bbox 2292 5159 2464 5227; x_wconf 89' lang='lat' dir='ltr'><strong>Atque</strong></span> <span class='ocrx_word' id='word_1_935' title='bbox 2492 5154 2741 5211; x_wconf 85' lang='lat' dir='ltr'><strong>omnibus</strong></span> <span class='ocrx_word' id='word_1_936' title='bbox 2768 5154 3111 5212; x_wconf 83' lang='lat' dir='ltr'><strong>audientibus</strong></span> <span class='ocrx_word' id='word_1_937' title='bbox 3138 5176 3148 5209; x_wconf 93' lang='lat'><strong>:</strong></span> <span class='ocrx_word' id='word_1_938' title='bbox 3178 5158 3385 5213; x_wconf 76' lang='lat' dir='ltr'><strong>Relecta</strong></span> <span class='ocrx_word' id='word_1_939' title='bbox 3424 5170 3496 5213; x_wconf 84' lang='lat' dir='ltr'><strong>est</strong></span> <span class='ocrx_word' id='word_1_940' title='bbox 3529 5158 3755 5213; x_wconf 72' lang='lat' dir='ltr'><strong>auctori-</strong></span> 
     </span>
    </p>
   </div>
   <div class='ocr_carea' id='block_1_111' title="bbox 2158 5227 3758 5300">
    <p class='ocr_par' dir='ltr' id='par_1_111' title="bbox 2158 5227 3758 5300">
     <span class='ocr_line' id='line_1_112' title="bbox 2158 5227 3758 5300; baseline -0.003 -19"><span class='ocrx_word' id='word_1_941' title='bbox 2158 5237 2235 5283; x_wconf 82' lang='lat' dir='ltr'><strong>tas</strong></span> <span class='ocrx_word' id='word_1_942' title='bbox 2280 5233 2415 5283; x_wconf 65' lang='lat' dir='ltr'><strong>satis</strong></span> <span class='ocrx_word' id='word_1_943' title='bbox 2460 5229 2757 5295; x_wconf 78' lang='lat' dir='ltr'><strong>apostolica:</strong></span> <span class='ocrx_word' id='word_1_944' title='bbox 2796 5229 2862 5280; x_wconf 84' lang='lat' dir='ltr'><strong>ad</strong></span> <span class='ocrx_word' id='word_1_945' title='bbox 2905 5233 3161 5299; x_wconf 85' lang='lat' dir='ltr'><strong>quondam</strong></span> <span class='ocrx_word' id='word_1_946' title='bbox 3194 5227 3538 5300; x_wconf 74' lang='lat' dir='ltr'><strong>Profuturum</strong></span> <span class='ocrx_word' id='word_1_947' title='bbox 3569 5232 3758 5282; x_wconf 73' lang='lat' dir='ltr'><strong>directa</strong></span> 
     </span>
    </p>
   </div>
   <div class='ocr_carea' id='block_1_112' title="bbox 2160 5300 3757 5372">
    <p class='ocr_par' dir='ltr' id='par_1_112' title="bbox 2160 5300 3757 5372">
     <span class='ocr_line' id='line_1_113' title="bbox 2160 5300 3757 5372; baseline -0.001 -20"><span class='ocrx_word' id='word_1_948' title='bbox 2160 5300 2473 5371; x_wconf 77' lang='lat' dir='ltr'><strong>episwpunt,</strong></span> <span class='ocrx_word' id='word_1_949' title='bbox 2500 5315 2613 5368; x_wconf 69' lang='grc' dir='ltr'><strong>(ματ</strong></span> <span class='ocrx_word' id='word_1_950' title='bbox 2638 5311 2844 5370; x_wconf 80' lang='lat' dir='ltr'><strong>prapter</strong></span> <span class='ocrx_word' id='word_1_951' title='bbox 2885 5301 3228 5372; x_wconf 50' lang='lat' dir='ltr'><strong>prolixitatem</strong></span> <span class='ocrx_word' id='word_1_952' title='bbox 3256 5303 3335 5354; x_wconf 83' lang='lat' dir='ltr'><strong>his</strong></span> <span class='ocrx_word' id='word_1_953' title='bbox 3361 5302 3520 5372; x_wconf 79' lang='lat' dir='ltr'><strong>gestis</strong></span> <span class='ocrx_word' id='word_1_954' title='bbox 3554 5304 3757 5353; x_wconf 72' lang='lat' dir='ltr'><strong>minim</strong></span> 
     </span>
    </p>
   </div>
   <div class='ocr_carea' id='block_1_113' title="bbox 2159 5371 3762 5442">
    <p class='ocr_par' dir='ltr' id='par_1_113' title="bbox 2159 5371 3762 5442">
     <span class='ocr_line' id='line_1_114' title="bbox 2159 5371 3762 5442; baseline 0.002 -18"><span class='ocrx_word' id='word_1_955' title='bbox 2159 5372 2349 5442; x_wconf 84' lang='lat' dir='ltr'><strong>inserta</strong></span> <span class='ocrx_word' id='word_1_956' title='bbox 2397 5382 2492 5425; x_wconf 81' lang='lat' dir='ltr'><strong>est.</strong></span> <span class='ocrx_word' id='word_1_957' title='bbox 2528 5372 2649 5442; x_wconf 67' lang='lat' dir='ltr'><strong>llrec</strong></span> <span class='ocrx_word' id='word_1_958' title='bbox 2698 5381 2875 5425; x_wconf 89' lang='lat' dir='ltr'><strong>autem</strong></span> <span class='ocrx_word' id='word_1_959' title='bbox 2926 5371 2993 5425; x_wconf 89' lang='lat' dir='ltr'><strong>ad</strong></span> <span class='ocrx_word' id='word_1_960' title='bbox 3026 5371 3198 5441; x_wconf 80' lang='lat' dir='ltr'><strong>Vigilii</strong></span> <span class='ocrx_word' id='word_1_961' title='bbox 3242 5371 3606 5442; x_wconf 83' lang='lat' dir='ltr'><strong>apostolicam</strong></span> <span class='ocrx_word' id='word_1_962' title='bbox 3637 5386 3762 5442; x_wconf 78' lang='lat' dir='ltr'><strong>cott-</strong></span> 
     </span>
    </p>
   </div>
   <div class='ocr_carea' id='block_1_114' title="bbox 2162 5441 3759 5513">
    <p class='ocr_par' dir='ltr' id='par_1_114' title="bbox 2162 5441 3759 5513">
     <span class='ocr_line' id='line_1_115' title="bbox 2162 5441 3759 5513; baseline -0.002 -16"><span class='ocrx_word' id='word_1_963' title='bbox 2162 5441 2493 5497; x_wconf 87' lang='lat' dir='ltr'><strong>stitutionetn</strong></span> <span class='ocrx_word' id='word_1_964' title='bbox 2528 5441 2735 5507; x_wconf 86' lang='lat' dir='ltr'><strong>referri,</strong></span> <span class='ocrx_word' id='word_1_965' title='bbox 2775 5443 2971 5496; x_wconf 88' lang='lat' dir='ltr'><strong>nemini</strong></span> <span class='ocrx_word' id='word_1_966' title='bbox 2999 5442 3221 5497; x_wconf 83' lang='lat' dir='ltr'><strong>dubium</strong></span> <span class='ocrx_word' id='word_1_967' title='bbox 3244 5441 3367 5499; x_wconf 58' lang='grc' dir='ltr'><strong>βεδε</strong></span> <span class='ocrx_word' id='word_1_968' title='bbox 3397 5453 3604 5513; x_wconf 78' lang='lat' dir='ltr'><strong>potest.</strong></span> <span class='ocrx_word' id='word_1_969' title='bbox 3631 5441 3759 5497; x_wconf 80' lang='lat' dir='ltr'><strong>Nam</strong></span> 
     </span>
    </p>
   </div>
   <div class='ocr_carea' id='block_1_115' title="bbox 2166 5513 3761 5584">
    <p class='ocr_par' dir='ltr' id='par_1_115' title="bbox 2166 5513 3761 5584">
     <span class='ocr_line' id='line_1_116' title="bbox 2166 5513 3761 5584; baseline -0.003 -16"><span class='ocrx_word' id='word_1_970' title='bbox 2166 5513 2406 5582; x_wconf 88' lang='lat' dir='ltr'><strong>subjecta</strong></span> <span class='ocrx_word' id='word_1_971' title='bbox 2457 5513 2526 5567; x_wconf 90' lang='lat' dir='ltr'><strong>ibi</strong></span> <span class='ocrx_word' id='word_1_972' title='bbox 2574 5523 2629 5567; x_wconf 95' lang='lat' dir='ltr'><strong>et</strong></span> <span class='ocrx_word' id='word_1_973' title='bbox 2676 5513 2893 5568; x_wconf 87' lang='lat' dir='ltr'><strong>delinita</strong></span> <span class='ocrx_word' id='word_1_974' title='bbox 2946 5514 3131 5584; x_wconf 76' lang='lat' dir='ltr'><strong>viginti</strong></span> <span class='ocrx_word' id='word_1_975' title='bbox 3194 5514 3300 5569; x_wconf 87' lang='lat' dir='ltr'><strong>duo</strong></span> <span class='ocrx_word' id='word_1_976' title='bbox 3347 5515 3590 5584; x_wconf 82' lang='lat' dir='ltr'><strong>capitula</strong></span> <span class='ocrx_word' id='word_1_977' title='bbox 3642 5514 3761 5567; x_wconf 82' lang='lat' dir='ltr'><strong>huic</strong></span> 
     </span>
    </p>
   </div>
   <div class='ocr_carea' id='block_1_116' title="bbox 2165 5584 3765 5657">
    <p class='ocr_par' dir='ltr' id='par_1_116' title="bbox 2165 5584 3765 5657">
     <span class='ocr_line' id='line_1_117' title="bbox 2165 5584 3765 5657; baseline -0.002 -17"><span class='ocrx_word' id='word_1_978' title='bbox 2165 5599 2316 5655; x_wconf 77' lang='lat' dir='ltr'><strong>:eque</strong></span> <span class='ocrx_word' id='word_1_979' title='bbox 2345 5586 2532 5640; x_wconf 87' lang='lat' dir='ltr'><strong>innixa</strong></span> <span class='ocrx_word' id='word_1_980' title='bbox 2561 5596 2686 5640; x_wconf 88' lang='lat' dir='ltr'><strong>sunt</strong></span> <span class='ocrx_word' id='word_1_981' title='bbox 2713 5626 2729 5653; x_wconf 89' lang='lat'><strong>,</strong></span> <span class='ocrx_word' id='word_1_982' title='bbox 2769 5584 3218 5655; x_wconf 87' lang='lat' dir='ltr'><strong>quemadmodum</strong></span> <span class='ocrx_word' id='word_1_983' title='bbox 3251 5586 3632 5657; x_wconf 68' lang='lat' dir='ltr'><strong>pracedentes</strong></span> <span class='ocrx_word' id='word_1_984' title='bbox 3680 5602 3765 5639; x_wconf 84' lang='lat' dir='ltr'><strong>ca-</strong></span> 
     </span>
    </p>
   </div>
   <div class='ocr_carea' id='block_1_117' title="bbox 2162 4372 3741 4445">
    <p class='ocr_par' dir='ltr' id='par_1_117' title="bbox 2162 4372 3741 4445">
     <span class='ocr_line' id='line_1_118' title="bbox 2162 4372 3741 4445; baseline -0.001 -20"><span class='ocrx_word' id='word_1_985' title='bbox 2162 4372 2433 4445; x_wconf 84' lang='lat' dir='ltr'><strong>garentur,</strong></span> <span class='ocrx_word' id='word_1_986' title='bbox 2484 4372 2843 4428; x_wconf 88' lang='lat' dir='ltr'><strong>necessarium</strong></span> <span class='ocrx_word' id='word_1_987' title='bbox 2874 4379 2930 4427; x_wconf 91' lang='lat' dir='ltr'><strong>et</strong></span> <span class='ocrx_word' id='word_1_988' title='bbox 2974 4372 3128 4427; x_wconf 81' lang='lat' dir='ltr'><strong>valde</strong></span> <span class='ocrx_word' id='word_1_989' title='bbox 3170 4373 3300 4427; x_wconf 88' lang='lat' dir='ltr'><strong>utile</strong></span> <span class='ocrx_word' id='word_1_990' title='bbox 3338 4374 3590 4428; x_wconf 86' lang='lat' dir='ltr'><strong>arbitrati</strong></span> <span class='ocrx_word' id='word_1_991' title='bbox 3635 4380 3741 4425; x_wconf 88' lang='lat' dir='ltr'><strong>sunt</strong></span> 
     </span>
    </p>
   </div>
   <div class='ocr_carea' id='block_1_118' title="bbox 473 5225 2051 5293">
    <p class='ocr_par' dir='ltr' id='par_1_118' title="bbox 473 5225 2051 5293">
     <span class='ocr_line' id='line_1_119' title="bbox 473 5225 2051 5293; baseline -0.001 -14"><span class='ocrx_word' id='word_1_992' title='bbox 473 5234 579 5290; x_wconf 89' lang='lat' dir='ltr'><strong>tttr,</strong></span> <span class='ocrx_word' id='word_1_993' title='bbox 611 5226 905 5293; x_wconf 72' lang='lat' dir='ltr'><strong>prtesertim</strong></span> <span class='ocrx_word' id='word_1_994' title='bbox 936 5226 1226 5280; x_wconf 87' lang='lat' dir='ltr'><strong>inclinante</strong></span> <span class='ocrx_word' id='word_1_995' title='bbox 1251 5228 1450 5281; x_wconf 62' lang='lat' dir='ltr'><strong>saeculo</strong></span> <span class='ocrx_word' id='word_1_996' title='bbox 1479 5240 1641 5290; x_wconf 92' lang='lat' dir='ltr'><strong>nono,</strong></span> <span class='ocrx_word' id='word_1_997' title='bbox 1672 5226 1771 5279; x_wconf 88' lang='lat' dir='ltr'><strong>sub</strong></span> <span class='ocrx_word' id='word_1_998' title='bbox 1793 5225 2010 5279; x_wconf 85' lang='lat' dir='ltr'><strong>Nicolao</strong></span> <span class='ocrx_word' id='word_1_999' title='bbox 2035 5225 2051 5277; x_wconf 98' lang='lat' dir='ltr'><strong>I</strong></span> 
     </span>
    </p>
   </div>
   <div class='ocr_carea' id='block_1_119' title="bbox 473 5296 2054 5366">
    <p class='ocr_par' dir='ltr' id='par_1_119' title="bbox 473 5296 2054 5366">
     <span class='ocr_line' id='line_1_120' title="bbox 473 5296 2054 5366; baseline 0.001 -18"><span class='ocrx_word' id='word_1_1000' title='bbox 473 5312 628 5366; x_wconf 86' lang='lat' dir='ltr'><strong>papa,</strong></span> <span class='ocrx_word' id='word_1_1001' title='bbox 661 5308 714 5352; x_wconf 91' lang='lat' dir='ltr'><strong>et</strong></span> <span class='ocrx_word' id='word_1_1002' title='bbox 742 5308 925 5366; x_wconf 87' lang='lat' dir='ltr'><strong>postea</strong></span> <span class='ocrx_word' id='word_1_1003' title='bbox 966 5298 1019 5352; x_wconf 93' lang='lat' dir='ltr'><strong>in</strong></span> <span class='ocrx_word' id='word_1_1004' title='bbox 1050 5313 1208 5353; x_wconf 87' lang='lat' dir='ltr'><strong>causa</strong></span> <span class='ocrx_word' id='word_1_1005' title='bbox 1240 5297 1484 5352; x_wconf 85' lang='lat' dir='ltr'><strong>Gerberti</strong></span> <span class='ocrx_word' id='word_1_1006' title='bbox 1515 5296 1868 5364; x_wconf 71' lang='lat' dir='ltr'><strong>libemensis,</strong></span> <span class='ocrx_word' id='word_1_1007' title='bbox 1914 5296 2054 5350; x_wconf 91' lang='lat' dir='ltr'><strong>desi-</strong></span> 
     </span>
    </p>
   </div>
   <div class='ocr_carea' id='block_1_120' title="bbox 476 5367 2051 5437">
    <p class='ocr_par' dir='ltr' id='par_1_120' title="bbox 476 5367 2051 5437">
     <span class='ocr_line' id='line_1_121' title="bbox 476 5367 2051 5437; baseline -0.001 -16"><span class='ocrx_word' id='word_1_1008' title='bbox 476 5380 635 5424; x_wconf 87' lang='lat' dir='ltr'><strong>nente</strong></span> <span class='ocrx_word' id='word_1_1009' title='bbox 676 5370 785 5423; x_wconf 85' lang='lat' dir='ltr'><strong>fere</strong></span> <span class='ocrx_word' id='word_1_1010' title='bbox 829 5369 1057 5424; x_wconf 87' lang='lat' dir='ltr'><strong>decimo.</strong></span> <span class='ocrx_word' id='word_1_1011' title='bbox 1090 5368 1233 5437; x_wconf 89' lang='lat' dir='ltr'><strong>Fieri</strong></span> <span class='ocrx_word' id='word_1_1012' title='bbox 1263 5371 1405 5422; x_wconf 89' lang='lat' dir='ltr'><strong>enim</strong></span> <span class='ocrx_word' id='word_1_1013' title='bbox 1434 5367 1590 5423; x_wconf 89' lang='lat' dir='ltr'><strong>facile</strong></span> <span class='ocrx_word' id='word_1_1014' title='bbox 1621 5368 1821 5437; x_wconf 87' lang='lat' dir='ltr'><strong>potuit,</strong></span> <span class='ocrx_word' id='word_1_1015' title='bbox 1853 5377 1911 5421; x_wconf 89' lang='lat' dir='ltr'><strong>ut</strong></span> <span class='ocrx_word' id='word_1_1016' title='bbox 1940 5369 2051 5436; x_wconf 88' lang='lat' dir='ltr'><strong>qui,</strong></span> 
     </span>
    </p>
   </div>
   <div class='ocr_carea' id='block_1_121' title="bbox 474 5436 2051 5495">
    <p class='ocr_par' dir='ltr' id='par_1_121' title="bbox 474 5436 2051 5495">
     <span class='ocr_line' id='line_1_122' title="bbox 474 5436 2051 5495; baseline 0 -2"><span class='ocrx_word' id='word_1_1017' title='bbox 474 5442 731 5495; x_wconf 85' lang='lat' dir='ltr'><strong>adversus</strong></span> <span class='ocrx_word' id='word_1_1018' title='bbox 784 5441 1124 5495; x_wconf 79' lang='lat' dir='ltr'><strong>llinemarum</strong></span> <span class='ocrx_word' id='word_1_1019' title='bbox 1179 5436 1590 5495; x_wconf 87' lang='lat' dir='ltr'><strong>Laudunensem</strong></span> <span class='ocrx_word' id='word_1_1020' title='bbox 1624 5436 1694 5493; x_wconf 17' lang='lat' dir='ltr'><strong>iet</strong></span> <span class='ocrx_word' id='word_1_1021' title='bbox 1750 5438 2051 5493; x_wconf 80' lang='lat' dir='ltr'><strong>Rliotadum</strong></span> 
     </span>
    </p>
   </div>
   <div class='ocr_carea' id='block_1_122' title="bbox 475 5510 2056 5582">
    <p class='ocr_par' dir='ltr' id='par_1_122' title="bbox 475 5510 2056 5582">
     <span class='ocr_line' id='line_1_123' title="bbox 475 5510 2056 5582; baseline -0.001 -17"><span class='ocrx_word' id='word_1_1022' title='bbox 475 5510 914 5568; x_wconf 84' lang='lat' dir='ltr'><strong>Suessionensem</strong></span> <span class='ocrx_word' id='word_1_1023' title='bbox 942 5514 1224 5582; x_wconf 89' lang='lat' dir='ltr'><strong>episcopos</strong></span> <span class='ocrx_word' id='word_1_1024' title='bbox 1247 5513 1430 5567; x_wconf 88' lang='lat' dir='ltr'><strong>sedem</strong></span> <span class='ocrx_word' id='word_1_1025' title='bbox 1476 5511 1827 5581; x_wconf 91' lang='lat' dir='ltr'><strong>apostolicam</strong></span> <span class='ocrx_word' id='word_1_1026' title='bbox 1872 5511 2056 5581; x_wconf 90' lang='lat' dir='ltr'><strong>appel-</strong></span> 
     </span>
    </p>
   </div>
   <div class='ocr_carea' id='block_1_123' title="bbox 478 5582 2053 5657">
    <p class='ocr_par' dir='ltr' id='par_1_123' title="bbox 478 5582 2053 5657">
     <span class='ocr_line' id='line_1_124' title="bbox 478 5582 2053 5657; baseline 0 -20"><span class='ocrx_word' id='word_1_1027' title='bbox 478 5582 680 5652; x_wconf 88' lang='lat' dir='ltr'><strong>lantes,</strong></span> <span class='ocrx_word' id='word_1_1028' title='bbox 706 5591 913 5655; x_wconf 83' lang='lat' dir='ltr'><strong>eripere</strong></span> <span class='ocrx_word' id='word_1_1029' title='bbox 940 5585 1042 5657; x_wconf 86' lang='lat' dir='ltr'><strong>ipsi</strong></span> <span class='ocrx_word' id='word_1_1030' title='bbox 1065 5584 1393 5640; x_wconf 89' lang='lat' dir='ltr'><strong>conabantur</strong></span> <span class='ocrx_word' id='word_1_1031' title='bbox 1426 5586 1801 5654; x_wconf 88' lang='lat' dir='ltr'><strong>episcoporum</strong></span> <span class='ocrx_word' id='word_1_1032' title='bbox 1827 5582 2053 5654; x_wconf 86' lang='lat' dir='ltr'><strong>judicia,</strong></span> 
     </span>
    </p>
   </div>
   <div class='ocr_carea' id='block_1_124' title="bbox 549 5780 2043 5859">
    <p class='ocr_par' dir='ltr' id='par_1_124' title="bbox 549 5785 1965 5854">
     <span class='ocr_line' id='line_1_125' title="bbox 549 5785 1965 5854; baseline 0 -15"><span class='ocrx_word' id='word_1_1033' title='bbox 549 5786 633 5854; x_wconf 74' lang='grc' dir='ltr'><strong>(α)</strong></span> <span class='ocrx_word' id='word_1_1034' title='bbox 658 5787 815 5843; x_wconf 85' lang='lat' dir='ltr'><strong>Card.</strong></span> <span class='ocrx_word' id='word_1_1035' title='bbox 851 5788 1091 5853; x_wconf 80' lang='lat' dir='ltr'><strong>Aguirre,</strong></span> <span class='ocrx_word' id='word_1_1036' title='bbox 1118 5786 1325 5842; x_wconf 85' lang='lat' dir='ltr'><strong>Concil.</strong></span> <span class='ocrx_word' id='word_1_1037' title='bbox 1361 5785 1510 5851; x_wconf 86' lang='lat' dir='ltr'><strong>llisp.</strong></span> <span class='ocrx_word' id='word_1_1038' title='bbox 1541 5799 1591 5849; x_wconf 87' lang='grc' dir='ltr'>ι,</span> <span class='ocrx_word' id='word_1_1039' title='bbox 1623 5799 1686 5852; x_wconf 89' lang='grc' dir='ltr'>ιι,</span> <span class='ocrx_word' id='word_1_1040' title='bbox 1704 5800 1832 5853; x_wconf 73' lang='lat' dir='ltr'><strong>pax.</strong></span> <span class='ocrx_word' id='word_1_1041' title='bbox 1859 5786 1965 5840; x_wconf 73' lang='lat'><strong>228</strong></span> 
     </span>
    </p>
   </div>
   <div class='ocr_carea' id='block_1_125' title="bbox 2150 5780 3785 5859">
    <p class='ocr_par' dir='ltr' id='par_1_125' title="bbox 2242 5780 3785 5859">
     <span class='ocr_line' id='line_1_126' title="bbox 2242 5780 3785 5859; baseline 0.001 -18"><span class='ocrx_word' id='word_1_1042' title='bbox 2242 5788 2321 5853; x_wconf 73' lang='lat' dir='ltr'><strong>(bl</strong></span> <span class='ocrx_word' id='word_1_1043' title='bbox 2348 5786 2677 5844; x_wconf 82' lang='lat' dir='ltr'><strong>Bracarcnse</strong></span> <span class='ocrx_word' id='word_1_1044' title='bbox 2699 5801 2741 5841; x_wconf 89' lang='grc' dir='ltr'><strong>ιι</strong></span> <span class='ocrx_word' id='word_1_1045' title='bbox 2764 5800 2921 5845; x_wconf 79' lang='lat' dir='ltr'><strong>conc.</strong></span> <span class='ocrx_word' id='word_1_1046' title='bbox 2937 5792 3119 5843; x_wconf 70' lang='lat' dir='ltr'><strong>exstat</strong></span> <span class='ocrx_word' id='word_1_1047' title='bbox 3139 5793 3183 5842; x_wconf 81' lang='grc' dir='ltr'>ι.</span> <span class='ocrx_word' id='word_1_1048' title='bbox 3205 5780 3785 5859; x_wconf 53' lang='lat' dir='ltr'><strong>“consimili</strong></span> 
     </span>
    </p>
   </div>
  </div>
