3968 6310
205 296 337 355 1065

1133 282 1220 345 DE
1259 283 1647 342 PELAGIANA
1689 278 1964 338 HERESI
2002 278 2204 334 LIBER
2244 278 2515 338 UNlCUS.

3331 276 3469 335 £066

199 425 290 467 nos
325 409 582 479 pertinet,
611 405 741 460 illud
777 405 1124 479 potissimum
1140 403 1467 479 censuimus,
1499 407 1620 479 post
1645 412 1773 453 coa-
1803 399 1855 457 Α
1879 395 2100 450 critices
2128 393 2339 479 regulas
2365 394 2568 479 violare
2610 408 2823 478 equum
2870 404 2992 477 est;
3028 409 3057 448 a
3105 394 3300 477 quibus
3331 410 3464 479 sane

197 471 340 538 ctam'
361 472 506 534 illam
541 471 921 532 Bracarensem
959 473 1246 546 synodum,
1276 474 1475 546 nullam
1508 471 1560 524 iu
1589 479 1771 538 poste-

198 568 307 608 rum
337 553 391 606 in
432 548 778 618 sequentibus
810 544 1163 618 conciliorum
1206 546 1353 618 Actis
1385 544 1773 618 Romanorum-

194 638 292 694 que
318 613 628 693 pontiﬁcum
650 618 914 694 Adecrctis‘
941 617 1468 672 Priscillianistarum
1503 613 1771 667 hzereseos

194 689 474 749 occurrere
501 689 847 745 mentionem.
890 690 972 742 An
1009 703 1138 742 vero
1168 695 1279 740 tum
1326 699 1608 741 sacrorum
1636 696 1774 752 pra:-

193 765 364 821 sulum
403 763 623 832 pietate,
655 768 709 832 et
735 759 1125 832 catholicorum
1172 756 1474 832 principum
1491 754 1764 832 potentia,

192 836 276 904 qui
305 825 552 904 Hispanis
577 825 634 887 et
660 829 904 904 Galliciis
930 825 1214 904 coeperant
1239 827 1524 904 dominari,
1552 825 1766 878 nefarias

193 899 295 961 illa:
315 899 723 975 propaginesad
745 901 968 975 exitium
993 900 1266 975 perducta:
1290 899 1486 953 fuerim
1510 908 1770 975 ;_a_n_yero

189 977 288 1030 sub
317 966 578 1032 simulato
607 973 714 1028 alio
761 966 1008 1036 nomine,
1047 969 1464 1028 Manichaeorum
1495 966 1766 1033 videlicet,

192 1047 561 1118 Gnosticorum
580 1086 601 1118 ,_
613 1115 628 1118 Α
645 1042 1198 1118 Montanistarumque
1246 1039 1486 1118 latebras
1537 1038 1608 1093 ibi
1628 1036 1766 1118 Jsibi

192 1117 517 1188 quaesierint,
543 1115 816 1174 afﬁrmare
844 1113 987 1170 haud
1013 1111 1207 1169 ausim.
1244 1112 1354 1168 Nec
1381 1111 1524 1166 enim
1550 1111 1768 1179 optimas

1881 482 1976 520 eos
2027 465 2278 520 recedere
2320 465 2818 535 arbitramur,’qui,
2865 465 3087 520 nimium
3119 466 3232 520 suis
3272 466 3464 521 studiis

1884 536 2242 605 indulgentes,
2277 535 2391 589 sine
2417 535 2526 588 ullo
2551 545 3015 591 monumentorum
3037 537 3297 601 subsidio,
3329 537 3460 592 solis

1882 609 2042 663 variis
2066 607 2411 676 futilibusque
2432 606 2756 676 coniecturis
2784 607 3110 674 insistentes,
3138 617 3230 662 aut
3257 609 3461 662 verita-

1884 689 1990 734 tem
2015 679 2183 747 ipsam
2215 675 2363 732 falsis
2389 675 2709 748 quibusdam
2739 676 3008 731 coloribus
3040 679 3267 748 caligine
3293 680 3467 734 simil-

1884 750 2024 803 limis
2043 749 2298 810 obruunt,
2326 757 2417 802 aut
2445 747 2607 802 falsas
2634 761 2813 802 rerum
2849 748 3055 815 species
3092 747 3230 804 lictis
3260 750 3463 806 descri-

1879 820 2018 875 bunt
2045 819 2404 886 lineamentis,
2441 827 2500 872 ut
2521 818 2768 874 incautos
2796 818 3053 873 lectorum
3075 819 3289 890 animos
3313 830 3366 875 et
3386 821 3467 890 ju-

1877 891 2012 946 dicia
2068 891 2342 957 decipiant
2407 899 2568 960 atque
2625 889 3104 960 pervertant._Ab
3163 889 3262 944 bac
3317 889 3463 946 enim

1877 962 2065 1031 agendi
2108 961 2317 1016 ratione
2359 976 2457 1015 nos
2483 958 2709 1029 semper
2749 958 3114 1024 abhorruisse,
3158 974 3278 1031 cum
3323 963 3460 1028 lucc,

1873 1030 1986 1090 tum
2009 1032 2131 1090 alite
2156 1041 2359 1090 nostra:
2381 1031 2790 1088 dissertationes
2814 1031 3085 1087 cumulate
3110 1030 3456 1088 oatefacient.

197 1257 3472 1310 ___________________________________.______....

711 1400 955 1533 DE
1046 1386 2107 1523 PELAGIANA
2201 1377 2882 1511 H/ERESI
2916 1480 2944 1523 ,

1250 1599 1303 1652 8.
1338 1595 1565 1650 LEONIS
1599 1594 1801 1648 MAGNI
1833 1593 1978 1647 EVO
2013 1591 2387 1656 GLISCENTE,

1401 1736 1747 1820 LIBER
1819 1731 2292 1817 UNICUS.

595 2031 757 2106 334
792 2029 1019 2088 CAPUT
1058 2029 1344 2088 PRIMUM.

181 2129 262 2185 De
287 2128 504 2184 Iuliano
537 2125 718 2181 Eclani
765 2126 1039 2198 episcopo,
1062 2124 1504 2198 ejusqueagendi
1548 2123 1768 2189 ratione,

236 2209 295 2256 ut
324 2199 659 2270 Pelagianam
689 2194 922 2253 haeresim
947 2194 1107 2253 latius
1130 2197 1186 2251 in
1213 2194 1391 2267 vulgus
1418 2203 1705 2266 spargeret.

252 2316 307 2373 i.
342 2315 486 2371 Inter
515 2312 755 2371 leestii
796 2312 1090 2381 discipulos
1131 2310 1425 2381 principem
1466 2309 1643 2366 locum
1689 2317 1774 2366 te-

174 2387 365 2444 nuisse
393 2385 661 2442 Juliauum
695 2383 880 2439 Eclani
913 2385 1250 2452 episcopum,
1273 2382 1388 2450 jam
1420 2396 1487 2435 ex
1515 2381 1776 2436 ecclesia-

167 2458 325 2514 sticis
349 2455 710 2511 monumentis
731 2462 786 2509 et
813 2453 1174 2522 imperialium
1201 2453 1542 2507 decretorum
1566 2452 1774 2521 legibus

168 2528 432 2583 omnibus
459 2527 801 2596 exploratum
831 2535 934 2581 est.
966 2523 1020 2596 Is
1043 2539 1190 2594 ergo,
1223 2524 1479 2596 quamdiu
1519 2522 1578 2579 S.
1614 2523 1775 2596 Inno-

164 2599 390 2654 centius
419 2593 553 2669 papa
593 2595 800 2668 primus
825 2596 973 2669 “vixit
1001 2593 1203 2669 (aquo
1241 2594 1584 2669 episcopatus
1621 2593 1771 2669 ordi-

163 2685 295 2725 nem
331 2665 688 2738 obtinuerat),
722 2665 897 2738 variis
929 2665 1332 2738 simulationum
1372 2665 1577 2738 artibus
1605 2666 1763 2721 nefa-

168 2740 327 2796 rium
373 2739 518 2796 illius
547 2736 817 2794 haereseos
852 2737 998 2793 virus
1025 2736 1315 2794 obvolvere
1353 2737 1585 2802 studuit;
1612 2747 1772 2807 atque

159 2812 272 2893 sub
325 2811 646 2894 pietatiset
689 2808 973 2894 charitatis
1012 2809 1137 2863 velo
1188 2821 1554 2894 ergaegenos
1603 2816 1768 2890 totam

156 2876 346 2952 animi
395 2878 1071 2952 impietaten_1_obtendere
1119 2876 1443 2952 conabatur.
1487 2876 1683 2952 _l_mmo,
1725 2878 1771 2934 si

155 2951 351 3008 Mario
378 2947 666 3007 Mercatori
695 2950 854 3004 fidem
887 2949 1224 3016 adhibemus,
1252 2949 1391 3003 idem
1416 2947 1684 3011 Julianus,
1713 2956 1773 3003 ut

151 3033 368 3094 sancto
411 3021 652 3094 pontifici
697 3021 1010 3094 Innocentio
1051 3029 1353 3094 pergratam
1397 3035 1510 3075 rem
1547 3019 1768 3094 faceret,

153 3090 438 3159 exterius,
466 3093 666 3162 absque
695 3091 799 3162 tilla
837 3105 1059 3160 prorsus
1089 3090 1434 3162 simulatione
1481 3098 1536 3144 et
1566 3090 1766 3144 verbo-

153 3180 285 3220 rum
343 3160 642 3225 involucris.
702 3161 973 3232 Pelagium
1031 3170 1085 3216 et
1129 3160 1442 3216 leestium
1496 3168 1768 3229 tamquam

154 3234 466 3290 catholicae
494 3233 620 3288 ﬁdei
644 3232 952 3288 desertores
975 3233 1148 3300 palam
1177 3232 1432 3287 damnare
1463 3246 1567 3287 non
1597 3232 1768 3287 detre-

151 3308 368 3362 ctavit.
403 3303 649 3360 Prtedicti
690 3319 813 3358 sane
859 3301 1124 3372 Caelestius
1161 3312 1205 3357 et
1233 3301 1480 3372 Pelagius
1518 3319 1620 3355 non
1648 3311 1769 3356 tunc

148 3378 344 3448 primo
384 3392 416 3429 a
464 3385 656 3448 sanctis
698 3375 953 3448 meritoria:
996 3371 1205 3428 Zosimo
1246 3371 1482 3448 videntur
1518 3390 1632 3448 esse
1670 3375 1767 3448 da-

150 3443 366 3512 hmati,
405 3447 494 3501 sed
525 3446 588 3499 ab
623 3448 735 3518 ejus
759 3446 1021 3518 decessore
1051 3455 1244 3518 sancta:
1273 3443 1767 3518 recordationisln-

147 3518 443 3580 nocentio,
477 3534 511 3572 a
532 3513 660 3587 quo'
684 3525 731 3569 et
763 3513 1006 3569 Julianus
1035 3515 1204 3584 fuerat
1253 3514 1556 3587 ordinatus;
1580 3516 1768 3587 quippe

149 3597 282 3657 post
330 3584 552 3642 illorum
579 3587 984 3649 damnationem,
1033 3602 1190 3656 usque
1234 3586 1304 3639 ad
1343 3586 1576 3656 praedicti
1605 3584 1770 3639 Inno-

148 3659 330 3713 centii
356 3674 612 3714 excessum
642 3673 669 3730 _e
700 3659 820 3730 vita.
851 3658 903 3710 in
927 3660 1040 3730 ejus
1079 3657 1434 3730 communione
1465 3673 1769 3730 permanens

145 3739 199 3784 et
248 3744 596 3800 perseverans
638 3727 692 3800 in
738 3727 1259 3800 sincerafsententia,
1297 3737 1344 3783 et
1390 3729 1768 3800 communicatis

145 3798 480 3870 dasnnatori
504 3799 770 3868 prtedicto,
797 3815 913 3852 cum
941 3799 1052 3870 ipso
1072 3815 1268 3870 quoque
1290 3799 1398 3852 sine
1433 3799 1587 3852 dubio
1610 3798 1769 3852 Pela-

141 3872 314 3942 gium
343 3869 741 3942 ileestiumque
782 3869 1064 3923 damnauit.
1099 3869 1308 3942 Utinam
1350 3885 1479 3939 ergo
1506 3870 1771 3942 Innocen-

145 3939 274 3998 tius
316 3941 420 3996 diu
453 3941 506 3995 in
534 3941 669 3994 vivis
700 3941 961 4006 stetisset,
988 3949 1073 3995 aut
1099 3939 1343 3996 Julianus
1369 3950 1491 3997 ante
1513 3939 1652 3996 illius
1674 3941 1768 3996 de-

141 4027 397 4069 cessum
427 4021 654 4067 mortem
683 4010 932 4066 obiisset!
969 4011 1084 4066 Non
1112 4011 1254 4066 enim
1283 4019 1460 4066 tantas
1488 4011 1766 4065 calamita-

141 4091 242 4139 tes
271 4082 533 4139 Ecclesia
557 4096 808 4152 perpessa
833 4083 1042 4148 fuisset,
1069 4095 1168 4136 nec
1195 4089 1273 4135 tot
1295 4082 1421 4136 olim
1442 4080 1769 4136 sanctissimi

135 4153 495 4224 Campania:
521 4163 576 4209 et
602 4153 766 4209 Italia:
796 4153 1059 4223 episcopi,
1085 4153 1297 4208 Juliauo
1323 4152 1457 4224 duce
1489 4160 1544 4207 et
1569 4153 1770 4206 antesi-

138 4223 381 4295 gnario,
424 4225 700 4280 catholica:
740 4224 861 4278 ﬁdei
904 4223 1631 4295 puritatemgmaculassent;
1662 4237 1768 4295 non

135 4293 416 4368 denique
445 4303 521 4350 tot
548 4303 798 4368 tantaque
823 4298 1021 4368 scripta
1051 4293 1397 4368 blasphemiis
1427 4294 1770 4368 aspersa_it_n-

132 4364 576 4437 pictaiibusque
620 4364 819 4437 referta
859 4366 999 4437 ultro
1029 4366 1278 4437 citroque
1298 4366 1610 4437 transmissa
1640 4364 1770 4419 luis-

133 4434 313 4498 Sent,
354 4434 802 4507 quemadmodum
846 4435 1162 4492 Eclanensis
1184 4434 1435 4507 episcopi
1455 4505 1460 4507 _
1479 4436 1679 4507 impetu
1697 4444 1768 4507 et

127 4505 686 4577 furore‘contig‘isse
713 4507 1200 4577 exploratissimum
1231 4505 1334 4562 est.
1366 4505 1502 4574 Quid
1534 4519 1662 4560 vero
1686 4506 1766 4562 fe-

129 4581 331 4648 cerit,
394 4579 594 4649 quidve
642 4578 902 4644 Julianus,
947 4588 1160 4632 mortuo
1210 4577 1542 4649 Innocentio,
1586 4578 1764 4634 moliri

128 4648 492 4715 tentaverit,
524 4658 673 4704 certe
712 4657 766 4703 et
793 4649 1103 4718 plenissime
1152 4648 1527 4703 ecclesiasticis
1576 4664 1767 4703 monu-

124 4724 382 4780 mentis
409 4721 716 4775 edoccmur.
740 4719 1013 4790 Siquidem
1047 4727 1171 4774 tunc
1193 4735 1298 4773 non
1328 4720 1511 4774 valens
1535 4719 1765 4790 amplius

1794 3418 1841 3482 C

1804 2033 1853 2093 Β
1950 2027 2006 2082 2.
2029 2026 2320 2081 Tantarum
2351 2031 2527 2078 tamen
2552 2021 2956 2091 improbitatum
2987 2037 3174 2090 pmnas
3200 2026 3290 2082 diu
3318 2027 3471 2087 luere

1885 2115 1990 2154 non
2020 2097 2248 2153 distulit.
2300 2095 2504 2150 Etenim
2536 2108 2567 2148 e
2594 2093 2880 2167 sacerdotii
2915 2095 3143 2167 primum
3173 2098 3338 2167 gradu
3370 2101 3467 2154 de-

1875 2171 2074 2241 jecuts,
2105 2178 2343 2241 tumsua
2370 2165 2663 2241 episcopali
2694 2164 2823 2219 sede
2855 2166 3136 2241 spoliatus,
3171 2164 3231 2221 ac
3255 2179 3468 2238 postre-

1887 2236 1976 2296 mo
2006 2239 2268 2311 imperiali
2299 2238 2595 2311 sanctione
2615 2236 2683 2291 ab
2720 2237 2971 2311 omnibus
3009 2237 3174 2293 Italire
3203 2236 3313 2311 oris
3346 2256 3468 2310 pro-

1878 2306 2145 2380 scriptus,
2171 2309 2335 2382 apud
2361 2306 2661 2364 Orientales
2699 2321 2756 2361 se
2798 2309 3045 2382 exsulem
3087 2306 3465 2382 recepitfspe

1877 2379 2026 2438 omni
2057 2381 2292 2451 denique
2323 2381 2612 2434 frustratus
2644 2392 2801 2451 posse
2848 2379 3166 2451 aliquando,
3209 2394 3296 2436 aut
3336 2379 3462 2451 pro-

1877 2455 2083 2525 prium,
2129 2449 2219 2507 aut
2257 2450 2422 2525 alium
2455 2449 2762 2518 quempiam
2801 2449 3165 2525 episcopalem
3200 2449 3462 2510 conscen-

1877 2519 2006 2581 dere
2038 2528 2325 2595 tbrouum.
2363 2519 2562 2595 Contra
2607 2534 2735 2595 vero
2778 2520 2866 2574 alii
2908 2537 2973 2576 ex
3015 2524 3283 2590 episcOpis
3322 2540 3459 2595 quos

1876 2594 2234 2667 improbitatis
2265 2593 2365 2667 sibi
2395 2592 2572 2647 socios
2597 2593 2887 2667 asciverat,
2914 2595 3152 2667 maxime
3185 2592 3463 2667 pinnarum

1877 2663 2009 2732 vim,
2057 2665 2502 2737 magnitudinem
2532 2672 2584 2737 et
2632 2663 2981 2737 ignominiam
3025 2664 3462 2732 reformidantes,

1875 2753 2060 2794 secum
2093 2733 2413 2804 reputarunt
2454 2733 2616 2788 nimis
2647 2743 2804 2802 turpe
2836 2734 2949 2789 fore
2980 2737 3289 2803 apostolicae
3318 2738 3463 2792 sedis

1870 2808 2087 2878 judiciis
2115 2823 2221 2862 non
2249 2807 2657 2878 obtemperare;
2691 2804 2914 2878 id_cir_co,
2937 2805 3152 2860 Juliano
3172 2807 3456 2878 derelicto,

1875 2873 2247 2948 damnatisque
2275 2873 2493 2948 Pelagio
2533 2884 2694 2948 atque
2720 2873 2992 2940 C(elestio,
3025 2877 3304 2946 supplices
3330 2873 3462 2947 apo;

1875 2890 2247 2948 damnatisque
2275 2890 2493 2999 Pelagio
2533 2890 2694 2997 αιἪιθ
2720 2890 2992 2940 uetesuo,
3025 2890 3304 2946 supplices
3330 2893 3450 2947 apo

1874 2951 2082 3008 stolicze
2122 2948 2238 3004 sedi
2281 2947 2407 3001 libel
2431 2959 2493 2999 os
2533 2960 2597 2999 ex
2645 2946 2920 3008 ibuerunt,
2966 2961 2995 3000 a
3027 2963 3128 3015 qua
3162 2949 3450 3005 clementer

1875 3021 2142 3090 suscepti,
2189 3017 2421 3090 propriis
2450 3015 2946 3090 sedibusrestituti
2991 3026 3137 3072 sunt.
3186 3021 3290 3072 Alii
3328 3036 3458 3075 vero

1873 3093 1962 3162 qui
1997 3087 2258 3162 pertinaci
2290 3087 2816 3162 animoimperiales
2845 3099 2894 3142 et
2926 3090 3320 3162 ecclesiasticas
3348 3106 3460 3159 pm-

1875 3159 1973 3218 nas
2000 3159 2187 3217 subire
2218 3175 2323 3216 nou
2354 3159 2705 3231 verebantur,
2755 3170 3014 3231 perpetuo
3041 3159 3270 3228 depositi
3301 3173 3462 3231 atqtto

1874 3233 2243 3296 exauctorati,
2275 3238 2438 3300 extra
2460 3244 2650 3283 omnes
2679 3228 2845 3284 Italia:
2882 3229 3014 3285 lines
3053 3233 3315 3300 compulsi
3349 3228 3462 3289 fue-

1873 3314 2021 3360 runt.
2070 3305 2203 3358 Rem
2237 3313 2402 3356 totam
2431 3299 2579 3354 hisce
2621 3300 2734 3353 fere
2763 3299 2942 3356 verbis
2972 3302 3166 3356 Marius
3199 3304 3465 3358 Mercator

1876 3376 2094 3446 laudato
2126 3375 2244 3429 loco
2265 3371 2540 3446 exposuit:
2567 3369 2662 3446 Cui
2682 3370 2904 3446 (Zosimi
2927 3371 3166 3446 epistola:
3187 3374 3460 3446 videlicet)

1873 3445 2120 3501 Julianus
2165 3454 2212 3499 et
2253 3442 2436 3514 reliqui
2476 3442 2747 3510 complices
2790 3445 2902 3514 ejus
2942 3444 3253 3498 subscribere
3294 3442 3462 3500 detrel-

1875 3527 2102 3583 ctantes,
2148 3525 2609 3583 consentaneosque
2651 3529 2703 3567 se
2743 3515 2967 3568 nolentes
3007 3515 3187 3568 iisdem
3221 3516 3464 3573 Palribus

1873 3592 2070 3660 facere,
2116 3605 2219 3642 non
2256 3586 2436 3660 solum
2462 3584 2814 3660 imperialibus
2845 3584 3058 3656 leqibus,
3098 3587 3186 3641 sed
3221 3597 3265 3641 et
3291 3605 3463 3643 sacer-

1873 3655 2131 3714 dotalibus
2160 3658 2362 3713 statutis
2403 3655 2618 3725 depositi
2647 3665 2795 3724 atque
2837 3655 3180 3723 exauctorati,
3223 3676 3284 3714 ea:
3321 3662 3461 3715 omni

1873 3729 2035 3785 Italia
2065 3730 2314 3784 deturbati
2347 3737 2496 3792 sunt,
2528 3741 2592 3780 ex
2618 3727 2800 3794 quibus
2832 3727 3044 3798 plurimi
3081 3732 3458 3799 resipisceutes,

1872 3810 1918 3855 et
1950 3819 1981 3854 a
2014 3801 2257 3872 praedicto
2286 3815 2456 3872 errore
2486 3799 2730 3860 correcti,
2777 3800 2995 3872 regressi
3039 3810 3160 3872 sunt
3201 3804 3460 3872 supplices

1870 3874 1940 3926 ad
1967 3868 2306 3943 apostolicam
2333 3870 2526 3936 sedem,
2561 3877 2607 3922 et
2635 3871 2860 3939 suscepti
2886 3886 3007 3924 suas
3035 3868 3460 3928 Ecclesias'rece-

1907 3953 2072 3998 erunt.

1871 3961 2164 4068 pegmllzec
2197 4025 2358 4079 porro
2395 4007 2719 4064 sanctissimi
2760 4011 3026 4078 pontificis
3069 4011 3268 4066 Zosimi
3309 4023 3456 4081 gesta

1870 4098 1935 4137 ex
1961 4083 2127 4138 Mario
2150 4082 2442 4136 Mercatore
2466 4082 2892 4145 recensentibus,
2913 4081 3278 4150 amplissimus
3305 4085 3458 4138 nobis

1877 4155 2182 4222 aperiretur
2209 4167 2433 4219 campus
2463 4150 2740 4223 evertendi
2769 4152 2947 4223 omnia
2987 4154 3261 4223 mendacia
3299 4162 3458 4223 atque

1871 4220 2170 4280 calumnias
2197 4223 2389 4292 quibus
2420 4220 2620 4276 referta
2650 4221 3052 4292 estrdisserlalio
3083 4221 3150 4276 15
3180 4224 3244 4277 de
3272 4220 3459 4278 Conci-

1871 4294 1954 4350 liis
1976 4290 2252 4364 Africanis,
2273 4307 2432 4362 quam
2459 4292 2511 4347 in
2534 4290 2844 4364 apostolica:
2864 4292 3008 4347 sedis
3029 4292 3208 4348 odium
3232 4294 3456 4348 Pascha-

1870 4367 1982 4420 sius
2022 4361 2350 4434 Quesuellus
2395 4361 2732 4434 conscripsit.
2803 4362 2857 4416 In
2907 4377 2970 4418 ea
3021 4365 3216 4434 quippe
3269 4367 3451 4421 omnia

1869 4436 2245 4506 susquedeque
2277 4433 2618 4504 perturbans,
2640 4440 2710 4506 et
2729 4444 2944 4488 vertens
2966 4433 3190 4490 licenter
3209 4446 3453 4493 sanctum

1945 4504 2178 4563 utilicem
2205 4505 2477 4561 Zosimum
2505 4504 2699 4575 carpit,
2723 4512 2882 4575 atque
2909 4521 3028 4560 eum
3053 4506 3120 4562 de
3145 4507 3306 4564 nimia
3329 4523 3452 4565 cum

1916 4577 2174 4647 elagianis
2197 4576 2538 4648 conniventia
2558 4574 3169 4648 culpans,vebemcnter
3189 4581 3453 4648 exagitat:

1870 4651 2127 4705 Romana:
2171 4647 2424 4720 Ecclesiae
2459 4647 2688 4720 _clericos
2731 4663 2943 4720 quoque
2990 4659 3258 4720 tamquam
3298 4647 3456 4707 ’Pela-

1871 4723 2026 4789 giana
2081 4721 2275 4775 tinctos
2324 4717 2544 4789 fuligine
2591 4717 2888 4785 describit;
2937 4717 3346 4789 provincialium
3397 4723 3452 4777 in

122 4797 363 4848 odium
395 4793 448 4846 in
476 4789 1140 4860 aposmlicamdoctrinam
1164 4789 1440 4855 cohibere,
1473 4789 1626 4859 quasi
1656 4789 1764 4844 ira-
1792 4792 1844 4854 Ι)
1870 4793 2055 4848 Africa
2086 4791 2435 4846 conciliorum
2481 4789 2852 4844 auctoritatem
2896 4791 3038 4844 ultra
3079 4793 3290 4848 debitos
3327 4801 3381 4847 et
3421 4809 3453 4847 a

117 4885 195 4922 ru
212 4883 278 4919 m
323 4866 600 4931 impotens
632 4861 823 4929 factus,
853 4863 1026 4930 palam
1057 4863 1106 4916 in
1132 4863 1194 4916 iis
1220 4861 1472 4930 populum
1505 4860 1765 4917 edocebat

115 4953 277 5006 quzc
310 4935 436 5006 jam
478 4948 507 4986 a
538 4932 793 4989 Ctelestio
823 4931 1110 5006 didicerat;
1153 4932 1523 5006 sanctissimos
1551 4941 1605 4986 et
1634 4933 1766 4987 alio-

116 5004 288 5079 quin
349 5005 696 5079 doctissimos
738 5004 1014 5059 catholicae
1037 5004 1296 5079 Ecclesiae
1323 5004 1763 5079 episcopos_cat_-:-

111 5075 287 5147 {tere
356 5084 410 5129 et
459 5076 712 5147 vellicare
760 5090 863 5147 n_on
904 5075 1571 5147 verebatur;_Augustino
1601 5075 1764 5147 285

108 5144 503 5216 exterisque
540 5145 734 5200 Africa:
775 5144 1023 5199 Patribus
1050 5145 1196 5200 diras
1240 5144 1767 5216 imprec:tbatuF,':it-

102 5235 252 5287 que
295 5219 369 5272 in
393 5219 506 5270 dies
533 5217 771 5272 deterior
800 5216 989 5282 factus,
1023 5226 1324 5285 contempta
1356 5217 1504 5286 prius
1531 5218 1762 5270 auctori—

103 5303 282 5354 tate,
319 5288 575 5343 doctrina
601 5296 654 5342 et
682 5287 1144 5341 admonitionibus
1167 5288 1333 5340 sancti
1360 5287 1560 5342 Zosimi
1593 5303 1757 5356 papm,

101 5363 446 5446 plurimos
486 5361 538 5446 in
569 5359 763 5446 malam
796 5357 1768 5446 ﬁdem”adduxitL'l‘umﬂtandem‘re-

91 5429 291 5501 jocta
354 5429 599 5497 ejusdem
644 5432 836 5484 summi
879 5429 1148 5501 pontificis
1196 5429 1494 5496 dogmatica
1539 5429 1765 5496 epistola

99 5505 366 5572 (quam
399 5501 761 5556 tractatoriam
790 5500 1082 5572 appellant,
1115 5513 1383 5572 quamque
1407 5501 1642 5572 universi
1674 5515 1766 5554 ca-

98 5570 255 5626 thol
272 5573 400 5622 ica:
415 5572 684 5640 societatis
706 5571 944 5640 episcOpi
971 5584 1178 5625 summa
1197 5571 1360 5624 animi
1385 5570 1756 5638 veneratione,

85 5657 162 5699 ta
173 5656 300 5719 ntq
313 5652 454 5691 nam
474 5638 597 5719 fidei
630 5638 866 5708 regulam
877 5638 906 5706 ,‘
919 5640 1317 5719 susceperant),
1337 5641 1463 5719 ipse
1485 5640 1768 5719 impuden.

86 5709 393 5770 tissime
418 5709 612 5782 _eidem
659 5724 762 5764 una
800 5723 920 5765 cum
962 5709 1095 5768 aliis
1111 5709 1385 5782 episcopis
1427 5710 1769 5768 subscribere

78 5779 473 5848 recusavit.

545 5871 816 5933 ΡΔτιοι..
865 5870 995 5936 LV.

1871 4864 2070 4918 divinis
2113 4862 2323 4932 legibus
2362 4861 2706 4932 prmscriptos
2738 4861 2934 4932 limites
2961 4864 3238 4927 extendit;
3287 4863 3454 4930 ipsius

1870 4934 2105 5004 denique
2137 4930 2448 5004 apostolica:
2466 4930 2621 5004 _sedis
2649 4931 3078 5000 iurisdictionem
3106 4934 3450 5004 dignitatem—

1870 5021 1995 5075 que,
2020 5001 2185 5076 quatti
2205 5002 2441 5059 Africani
2466 5001 2651 5056 Patres
2674 5011 3028 5076 tunc_summa
3052 5001 3181 5076 cum
3197 5003 3455 5076 religione

1871 5072 2356 5160 prosequebantur,
2383 5088 2505 5160 non
2522 5081 2748 5160 tantum
2762 5072 3013 5160 elevare,
3047 5075 3140 5154 sed
3170 5075 3452 5160 etianmnde-

1867 5142 2293 5224 jiccre'conatus
2318 5153 2420 5224 est.
2471 5142 2578 5224 sed
2607 5144 2756 5224 lusce
2784 5143 3095 5224 imposturis
3122 5143 3289 5224 quid?
3331 5145 3455 5200 Suis

1874 5213 2153 5273 dumtaxat
2181 5216 2403 5272 asseclis
2429 5214 2684 5269 audacter
2706 5213 2980 5282 imponere
3007 5213 3202 5283 potuit,
3230 5230 3336 5269 non
3367 5233 3456 5268 ne.

1873 5289 1978 5356 bis,
2013 5289 2102 5358 qui
2129 5303 2199 5343 ex
2228 5287 2494 5358 Prospero
2524 5287 2576 5339 in
2610 5284 3039 5358 Augustinijlita
3069 5286 3274 5358 optime
3303 5287 3456 5358 "le-

1874 5354 1993 5414 mus
2022 5354 2305 5414 Africanos
2343 5354 2552 5422 Patres,
2598 5354 2665 5407 ab
2712 5354 3020 5424 apostolicae
3067 5355 3208 5412 sedis
3251 5357 3456 5424 judicio

1872 5438 2000 5486 tunc
2030 5430 2114 5484 vel
2154 5429 2388 5484 maxime
2418 5427 2741 5497 pendentes,
2787 5441 3074 5496 numquam
3121 5428 3172 5482 in
3217 5429 3456 5497 plenaria

1872 5501 2082 5574 synodo
2109 5499 2399 5556 convenire
2417 5497 2690 5574 voluisse,
2734 5497 2835 5574 nisi
2875 5506 3222 5574 posteaquam
3256 5499 3456 5574 _Zosimi

1873 5567 2025 5697 papa:
2056 5573 2330 5627 decretum
2365 5569 2432 5623 ad
2462 5582 2556 5622 eos
2589 5567 2850 5649 pervenit.
2894 5569 2991 5623 Cui
3019 5570 3214 5651 deinde
3239 5570 3458 5650 decreto

1912 5658 1955 5697 IS
1996 5652 2210 5697 centum
2252 5651 2413 5697 atque
2454 5638 2736 5694 duodecnm
2774 5641 2985 5697 Patres.
3028 5650 3083 5693 ut
3124 5655 3177 5694 tn
3209 5641 3458 5695 omnibus

1912 5638 1958 5697 is
1996 5652 2210 5698 centum
2252 5651 2413 5710 atque
2454 5638 2736 5694 duodecim
2774 5641 2985 5704 Patres,
3028 5650 3083 5693 ut
3124 5639 3177 5694 in
3209 5641 3459 5695 omnibus

1873 5713 2312 5783 sull‘ragarcntur,
2333 5719 2456 5783 octo
2477 5724 2714 5783 canones
2734 5711 3037 5775 ediderunt,
3060 5713 3149 5780 qui
3175 5727 3458 5783 perperam

1874 5781 2194 5846 Milevitana:
2216 5781 2467 5840 secunda:
2494 5781 2704 5854 synodo
2733 5783 3119 5838 attribuuntur.
3166 5783 3274 5840 Sed
3309 5781 3459 5842 Mite.

3010 5873 3086 5938 3's
