4080 6220
261 324 2520 339 -__.__.__________.________________________.._
3399 328 3615 336 ----

1410 357 2558 373 ..__________..___.....

1221 503 2613 659 PREFATIO.

300 856 595 912 l.Librum
614 858 1122 914 Sacramentorum
1143 859 1362 930 absque
1384 858 1503 915 ulla
1520 860 1883 916 dubitatione
1898 862 2162 916 omnium
2186 859 2874 931 antiquissimum,quem
2900 859 3088 931 primo
3110 858 3235 917 loco
3261 860 3636 933 proferimus,

242 945 400 1001 LEONI
440 950 640 1002 MAGNO
671 946 1015 1018 ascriptum,
1050 965 1201 1003 anno
1236 950 1373 1003 1735
1394 950 1546 1020 typis
1569 950 1729 1005 dedit
1762 949 2047 1022 P.Joscph
2071 949 2460 1005 Blanchinius
2487 955 2639 1003 tonio
2664 954 2868 1018 quarto
2886 949 3183 1004 Anastasii
3205 949 3637 1005 Bibliothecarii

236 1050 360 1088 cum
394 1034 502 1088 hac
535 1035 913 1106 inscriptione
938 1052 950 1089 :
984 1036 1166 1092 Codex
1194 1035 1678 1092 Sacramentorum
1722 1042 1870 1093 vetus
1894 1040 2160 1095 Romanae
2188 1038 2438 1093 Ecclcsia:
2459 1054 2491 1091 α
2518 1036 2571 1091 S.
2597 1037 2773 1091 Leone
2794 1052 2940 1107 papa
2958 1038 3231 1105 confectus
3246 1039 3490 1108 primum
3507 1052 3635 1109 pro-

234 1122 310 1177 dit
335 1139 362 1178 e
392 1140 497 1177 ms.
533 1125 671 1179 libro
687 1129 814 1180 ante
833 1126 990 1181 mille
1010 1142 1184 1181 annos
1204 1129 1524 1197 conscripto,
1550 1129 1645 1198 qui
1667 1131 1845 1183 exstat
1876 1130 1934 1182 in
1957 1128 2275 1183 bibliotheca
2298 1128 2635 1199 amplissimi
2664 1126 2895 1197 capituli
2922 1126 3257 1181 Veronensis.
3287 1126 3409 1183 Non
3443 1131 3531 1182 est
3552 1125 3638 1182 in-

234 1218 384 1281 teger
400 1214 707 1280 codex,scd
725 1214 1030 1284 mutilus,c
1056 1233 1169 1286 quo
1196 1215 1381 1271 multa
1406 1216 1543 1271 folia
1571 1217 1735 1271 initio
1761 1216 2413 1284 exciderunt,nimirum
2439 1234 2469 1271 a
2488 1216 2765 1272 Januario
2785 1216 2853 1270 ad
2872 1216 3128 1270 medium
3148 1215 3402 1286 Aprilem
3419 1215 3635 1286 usque]:

235 1302 385 1355 unde
415 1319 481 1356 ea
504 1302 1014 1376 inscriptio,quam
1039 1306 1213 1360 S.Leo
1238 1322 1387 1377 papa
1410 1305 1589 1376 hujus
1617 1306 2069 1361 Sacramentarii
2089 1311 2289 1362 auctor
2310 1323 2410 1361 seu
2430 1306 2778 1377 compilator
2799 1306 3190 1375 traditur,non
3216 1321 3282 1360 ex
3306 1304 3635 1361 manuscri-

236 1396 351 1461 pto,
384 1391 483 1446 sed
516 1408 583 1447 ex
615 1393 857 1448 editoris
889 1394 1178 1449 sententia
1208 1394 1475 1466 apposita
1508 1396 1636 1449 fuit.
1673 1396 1831 1451 Hanc
1864 1396 2102 1469 quidem
2136 1396 2469 1468 Opinionem
2506 1413 2622 1450 non
2655 1396 2819 1467 pauci
2855 1394 3277 1465 approbarunt,
3309 1394 3460 1450 inter
3489 1410 3636 1466 quos

234 1480 520 1552 praecipue
554 1481 927 1538 nominamus
957 1484 1298 1553 Gajetanum
1358 1485 1645 1540 Gennium
1681 1484 1737 1539 in
1772 1486 2183 1541 dissertatione
2214 1486 2278 1541 de
2310 1488 2547 1541 Romana
2573 1484 2843 1540 Cathedra
2867 1485 3084 1539 inserta
3111 1490 3269 1540 tomo
3298 1487 3637 1539 lVAnasta-

236 1570 305 1626 sii
336 1569 772 1627 Bibliothecarii
804 1572 832 1644 ξ
865 1572 922 1625 11
958 1577 1013 1627 et
1047 1573 1131 1641 12,
1167 1590 1293 1643 pag.
1322 1573 1446 1641 452,
1480 1580 1535 1629 et
1566 1574 1819 1631 editores
1853 1574 2108 1631 Missalis
2140 1575 2487 1631 Parisiensis
2517 1574 2653 1629 anni
2686 1575 2841 1640 1739,
2875 1574 2975 1646 qui
3029 1573 3184 1628 idem
3230 1576 3635 1629 Sacramenta-

234 1658 384 1714 rium
416 1658 630 1730 insigni
667 1660 854 1733 elogio
884 1663 1390 1731 commendantes,
1423 1664 1775 1735 proﬁtentur
1805 1682 1867 1720 se
1898 1683 1966 1720 ex
1997 1681 2062 1719 eo
2094 1666 2423 1736 sumpsisse
2443 1680 2625 1736 preces
2651 1664 2927 1735 plurimas
2948 1664 3225 1719 eximiam
3251 1665 3513 1737 pietatm:
3528 1663 3639 1733 spi-

233 1752 437 1817 rantes,
470 1749 761 1823 Magnique
790 1751 1006 1817 Leonis,
1038 1753 1131 1807 cui
1147 1756 1431 1826 tamquam
1457 1759 1609 1808 certo
1639 1756 1855 1810 auctori
1882 1756 2230 1825 tribuuntur,
2262 1755 2464 1826 stylum
2486 1771 2551 1809 ac
2577 1753 2885 1809 doctrinam
2914 1756 3235 1823 referentes.

302 1840 354 1891 2.
392 1837 501 1893 Alii
532 1856 665 1895 vero
696 1840 754 1894 in
787 1840 1045 1897 diversas
1075 1842 1395 1897 sententias
1417 1842 1921 1916 abiere.P.Joseph
1942 1844 2309 1916 Augustinus
2337 1844 2466 1899 Orsi
2496 1842 2719 1899 ordinis
2748 1842 3221 1910 Praedicatorum,
3250 1840 3521 1914 pluribus
3544 1856 3641 1898 no-

236 1925 496 1982 minibus
524 1926 792 1999 celebris,
825 1929 896 1983 ab
928 1930 1130 1985 eodem
1165 1929 1509 1986 Blanchinio
1542 1937 1798 2002 rogatus,
1825 1932 1882 1987 in
1918 1932 2319 2003 manuscripts
2349 1930 2598 2003 epistola
2630 1948 2798 1986 suam
2830 1930 3165 2002 opinionem
3217 1930 3527 2001 expressit.
3555 1929 3641 1984 lbi

236 2019 428 2070 autem
461 2021 679 2083 censet,
713 2017 819 2072 hoc
849 2020 1381 2075 Sacramentarium
1412 2037 1541 2076 esse
1572 2038 1769 2076 verum
1803 2026 1859 2077 et
1890 2038 2102 2093 purum
2135 2021 2535 2088 Gclasianum,
2569 2021 2650 2076 ita
2685 2025 2747 2075 ut
2771 2020 3101 2091 illud,quod
3137 2036 3169 2075 a
3193 2035 3321 2076 ven.
3356 2016 3641 2074 cardinali

244 2105 556 2161 Thomasio
587 2107 835 2173 editum,
867 2112 924 2163 ct
954 2108 1184 2164 Gelasio
1225 2109 1578 2164 attributum
1635 2109 1765 2174 fuit,
1797 2111 1865 2164 ad
1902 2114 2201 2166 auctorem
2243 2110 2350 2166 hoc
2398 2109 2671 2181 pontiﬁce
2702 2110 3082 2181 posteriorem
3117 2107 3422 2180 pertineat.
3482 2106 3643 2161 Ilano

237 2196 501 2249 eamdem
534 2196 871 2267 opinionem
905 2199 1295 2269 propugnavit
1346 2203 1400 2253 Ρ.
1459 2201 1773 2269 Cajetanus
1807 2199 1989 2255 Maria
2039 2200 2295 2255 Merutus
2347 2198 2594 2255 clericus
2626 2198 2911 2271 regularis
2960 2199 3018 2253 in
3050 2197 3559 2254 observationibus
3591 2199 3649 2251 et

240 2283 638 2340 additionibus
669 2285 740 2339 ad
772 2285 1132 2341 Thesaurum
1166 2304 1466 2342 sacrorum
1501 2289 1722 2342 rituum
1757 2287 2165 2343 Bartholomazi
2196 2288 2441 2343 Gavanti
2475 2293 2618 2343 tom.
2653 2289 2695 2357 Ι,
2725 2292 2879 2359 part.
2922 2304 2960 2353 ι,
2994 2303 3126 2359 pag.
3157 2288 3212 2341 8.
3248 2286 3307 2341 P.
3359 2285 3648 2341 Eusebius

236 2376 441 2443 limort
472 2375 789 2429 canonicus
822 2374 1109 2446 regularis
1142 2375 1517 2447 Pollinganus
1548 2376 1607 2430 in
1639 2376 1885 2446 epistola
1911 2394 2022 2433 ms.
2057 2378 2128 2432 ad
2161 2377 2224 2434 P.
2256 2376 2689 2444 Blanchinium,
2722 2376 3016 2432 Gelasium
3051 2375 3287 2446 quidem
3338 2374 3517 2445 hujus
3547 2374 3650 2430 Sa-

243 2462 611 2517 cramentarii
646 2468 941 2519 auctorem
972 2481 1087 2520 non
1120 2464 1367 2520 credidit
1400 2483 1412 2533 ;
1448 2469 1507 2521 at
1538 2481 1641 2520 nec
1673 2466 1845 2521 Leoni
1879 2483 2121 2537 prorsus
2152 2466 2473 2534 ascribens,
2508 2466 2699 2537 inquit
2732 2482 2745 2521 :
2775 2466 2886 2521 Non
2920 2470 3000 2521 est
3030 2482 3163 2535 opus
3210 2466 3380 2519 unius
3407 2464 3650 2535 alicujus

240 2553 537 2623 pontiﬁcis,
570 2553 660 2607 sed
685 2558 764 2608 est
794 2554 1301 2610 Sacramentarium
1334 2557 1707 2611 Romanorum
1731 2558 2076 2628 pontiﬁcum,
2100 2574 2204 2610 usu
2234 2561 2511 2627 receptum
2541 2557 2741 2627 primis
2773 2557 3127 2627 temporibus,
3178 2562 3409 2609 (luctum
3461 2557 3650 2609 tamen

241 2645 295 2696 et
325 2641 717 2711 interpolatum
740 2659 842 2713 per
874 2644 1057 2699 varios
1083 2645 1368 2715 pontiﬁces
1398 2661 1568 2714 usque
1607 2645 1676 2699 tul
1707 2654 1951 2713 tempora
1985 2644 2195 2700 Gelasii
2222 2644 2735 2716 ptipaz.Speci(iliter
2765 2647 2825 2698 in
2854 2644 2952 2698 hoc
2972 2644 3420 2699 Sacramentario
3448 2658 3651 2713 agnos-

240 2740 444 2785 cuntur
474 2748 672 2785 manus
704 2732 850 2787 Sixli
877 2734 967 2798 III,
1000 2733 1195 2788 Leonis
1225 2735 1249 2788 l
1276 2736 1325 2788 et
1357 2734 1553 2788 Felicis
1579 2734 1675 2788 Ill.
1711 2734 2037 2788 Ludovicus
2072 2733 2424 2790 Muratorius
2458 2734 2514 2788 in
2547 2733 2958 2788 dissertatione
2988 2734 3057 2787 de
3103 2732 3335 2805 Origine
3369 2750 3544 2789 sacra:
3576 2732 3651 2788 li-

240 2818 470 2891 turgiar,
504 2820 809 2892 praemissa
838 2822 997 2893 operi
1028 2821 1312 2893 inscripto
1341 2824 1601 2888 Liturgia
1632 2823 1875 2877 Romana
1906 2833 2075 2888 vetus,
2112 2838 2239 2894 cap.
2275 2823 2328 2890 3,
2363 2822 2433 2877 ad
2468 2820 2672 2877 Felicis
2705 2822 2779 2877 ΙΙΙ
2831 2825 3059 2878 mtatem
3115 2821 3223 2877 hoc
3250 2822 3653 2877 Sacramenta-

245 2908 400 2963 rium
433 2909 800 2964 referendum
836 2914 1039 2980 putat;
1073 2910 1154 2965 ita
1185 2915 1381 2965 tamen
1412 2916 1475 2965 ut
1504 2912 1632 2981 ejus
1665 2916 1957 2966 auctorem
1993 2928 2107 2965 non
2139 2912 2337 2966 credat
2367 2911 2560 2982 ipsum
2594 2910 2841 2966 Felicem
2884 2911 2983 2979 Ill,
3024 2911 3124 2966 sed
3160 2910 3409 2981 aliquem
3444 2909 3651 2981 alium,

244 2996 345 3069 qui
379 3013 786 3069 quascumque
819 2998 1034 3071 reperit
1062 2998 1353 3055 orationes
1384 3016 1449 3055 ac
1485 3001 1853 3071 praefationes
1884 3000 1941 3055 in
1977 3018 2158 3055 unum
2208 3000 2467 3056 codicem
2504 3000 2703 3055 retulit
2733 3000 2858 3055 sine
2890 3004 3165 3055 accurato
3212 2998 3309 3055 illo
3342 2998 3568 3056 delectu
3600 3003 3658 3055 et

244 3088 471 3155 ordine,
507 3104 678 3158 quem
712 3088 791 3143 rei
823 3089 1082 3160 gravitas
1112 3090 1477 3160 exposcehat.
1513 3094 1651 3145 Post
1680 3089 1788 3145 hos
1819 3090 2251 3145 Blanchinianae
2284 3091 2583 3145 sententiae
2615 3090 3016 3146 defensionem
3062 3088 3320 3160 suscepit
3350 3089 3446 3145 Co.
3493 3089 3660 3145 Jaco-

244 3178 357 3232 bus
389 3176 666 3232 Acamius
696 3177 899 3232 fusiori
931 3194 1101 3249 opere
1133 3178 1327 3233 Italice
1357 3180 1573 3251 scripto
1606 3184 1662 3234 et
1695 3180 1887 3233 Romae
1920 3180 2208 3251 impresso
2241 3196 2392 3234 anno
2427 3180 2583 3247 1748,
2618 3196 2753 3234 cum
2783 3177 2952 3233 titulo
2987 3194 3000 3233 :
3038 3179 3171 3234 Dell’
3219 3179 3514 3247 antichita,
3554 3194 3659 3233 au-

242 3272 385 3335 tore,
417 3282 445 3322 e
470 3267 628 3338 pregj
652 3265 739 3321 del
774 3269 1224 3323 Sacramentario
1276 3270 1536 3324 Veronese
1582 3269 1864 3338 publicato
1911 3268 2011 3323 dat
2059 3268 2123 3322 Μ.
2159 3270 2219 3322 It.
2265 3275 2329 3323 P.
2378 3274 2649 3339 quseppe
2698 3268 2996 3323 Blanchini
3035 3268 3185 3323 della
3226 3268 3664 3340 congregazione

243 3354 372 3411 dell’
406 3357 656 3411 Oratorio
686 3354 783 3410 ne!
810 3360 939 3411 tom.
973 3355 1039 3411 IV
1073 3355 1135 3412 di
1161 3357 1453 3411 Anastasio
1481 3355 1881 3419 Bibliotecnrio,
1913 3356 2310 3410 dissertnziane
2339 3356 2669 3426 opologelica
2699 3358 3005 3426 tripartito.
3025 3358 3282 3411 Tandem
3314 3372 3447 3411 vero
3475 3355 3661 3410 P.An-

244 3445 449 3501 tonius
508 3444 855 3500 Franciscus
902 3444 1183 3501 Vezosius
1237 3445 1484 3500 clericus
1528 3444 1815 3516 regularis
1863 3444 1923 3498 in
1982 3444 2319 3515 praefatione
2364 3445 2431 3499 ad
2489 3450 2630 3499 tom.
2672 3445 2739 3501 VI
2784 3445 3036 3515 Operum
3092 3444 3446 3499 venerabilis
3498 3443 3657 3499 card.

243 3535 573 3604 Thomasii,
606 3551 739 3590 cum
773 3535 830 3588 in
864 3535 918 3589 id
971 3552 1153 3589 unum
1205 3536 1525 3603 incumbat,
1564 3539 1627 3588 ut
1679 3534 2214 3589 Sacramentarium
2263 3536 2335 3589 ab
2382 3535 2585 3590 eodem
2619 3533 2902 3589 cardinali
2936 3534 3159 3588 editum
3215 3532 3500 3601 vindicet;
3531 3548 3658 3587 eam

244 3624 439 3680 solam
467 3624 818 3679 sententiam
850 3623 1217 3695 refellit,qu:s
1248 3623 1783 3678 Sacramentnrium
1814 3641 1847 3677 ο.
1878 3623 2220 3679 Βιθιιοὺίηἱ)
2251 3623 2555 3695 vulgatum
2583 3624 2773 3679 eidem
2798 3622 3027 3678 Gelasio
3050 3622 3497 3693 adjudicat.Etsi
3524 3637 3657 3677 vero

242 3714 431 3784 hujus
464 3717 759 3767 auctorem
791 3713 1048 3768 exactius
1079 3712 1375 3784 inquirere
1406 3730 1434 3768 e
1466 3730 1525 3768 re
1558 3730 1664 3767 sua
1695 3730 1809 3767 non
1842 3713 2084 3785 putavit,
2111 3715 2404 3768 notatione
2436 3714 2685 3768 tamen2
2716 3714 2773 3768 in
2796 3714 3064 3769 eamdem
3097 3712 3495 3783 priefationem
3528 3727 3653 3767 eos.

243 3800 350 3873 qui
384 3801 558 3855 Leoni
590 3799 733 3853 illud
766 3805 1058 3869 asserunt,
1088 3800 1537 3855 difﬁcultatibus
1569 3817 1683 3854 non
1719 3799 1889 3871 plane
1919 3800 2274 3855 satisfecisse
2307 3802 2667 3872 pronuntiat.
2702 3803 2991 3857 llactenus
3024 3799 3329 3871 opiniones
3360 3799 3657 3855 variasex-

240 3889 584 3963 posuimus.
619 3890 765 3954 Quid
802 3894 995 3945 autem
1030 3889 1088 3944 in
1113 3894 1275 3945 tanta
1301 3891 1582 3945 varietate
1613 3895 1834 3944 certum
1869 3895 1969 3944 aut
2002 3890 2365 3961 probabilius
2397 3892 2565 3947 nobis
2596 3891 2880 3960 videatur,
2916 3907 3069 3945 nunc
3096 3906 3511 3961 proponemus.

317 3982 375 4034 3.
413 3979 607 4033 Primo
638 3982 861 4033 certum
896 3979 1213 4044 credimus,
1247 3979 1354 4034 hoc
1385 3980 1914 4034 Sacramentarium
1950 3980 2273 4035 Romanum
2306 3998 2435 4035 esse
2464 3986 2521 4036 et
2551 3980 3018 4037 vetustissimum
3052 3980 3318 4035 omnium
3348 3996 3475 4050 quas
3516 3978 3657 4035 hac-

243 4074 428 4123 tenus
460 4067 745 4138 prodiere.
778 4071 1131 4134 Romanum,
1164 4084 1268 4124 seu
1296 4068 1504 4124 Missas
1537 4068 1845 4124 continens
1879 4069 2145 4124 Bomanze
2177 4069 2444 4125 Ecclesia:
2478 4070 2763 4141 proprias,
2798 4076 3006 4140 printer
3036 4068 3147 4124 alia
3196 4068 3381 4124 multa
3412 4070 3663 4140 probant

236 4158 392 4229 ipsa:
426 4172 667 4228 precum
701 4155 984 4222 formulis,
1015 4174 1146 4228 quas
1176 4162 1513 4212 sanctorum
1547 4158 1946 4229 apostolorum
1966 4159 2119 4213 Petri
2146 4164 2202 4213 et
2235 4158 2391 4214 Pauli
2418 4176 2483 4213 ac
2514 4164 2850 4213 sanctorum
2877 4158 3125 4213 Joannis
3154 4163 3210 4214 et
3232 4158 3394 4213 Pauli
3416 4174 3663 4229 corpora

236 4246 303 4300 in
340 4246 477 4318 ipsa
507 4244 657 4300 Urbe
688 4244 974 4300 tumulata
1004 4246 1339 4312 afﬁrmant;
1373 4246 1558 4300 Missae
1594 4246 1651 4299 in
1683 4247 2121 4301 consecratione
2150 4247 2235 4302 vcl
2269 4247 2633 4318 depositione
2668 4248 3061 4302 Romanorum
3111 4247 3475 4318 pontiﬁcum,
3512 4264 3662 4317 qua-

237 4351 386 4389 rum
424 4351 540 4389 una
571 4350 842 4404 expresse
876 4339 965 4390 est
997 4335 1053 4389 in
1087 4334 1449 4405 depositione
1469 4340 1524 4387 ὃ.
1560 4334 1975 4389 Silvestricum
2011 4334 2124 4390 alia
2155 4335 2419 4390 oratione
2441 4335 2498 4389 in
2533 4336 2895 4407 depositione
2911 4334 3260 4405 S.Simplicii
3289 4336 3407 4406 (a);
3442 4335 3662 4391 denun-

236 4423 531 4480 tiationcs
552 4423 917 4493 jejuniorum
944 4440 1076 4478 cum
1109 4423 1323 4495 vigiliis
1351 4422 1579 4478 sabbati
1612 4422 1765 4493 apud
1794 4427 1856 4476 Β.
1894 4428 2117 4478 Petrum
2145 4442 2157 4491 ;
2192 4441 2257 4478 ac
2290 4424 2507 4478 mentio
2531 4425 2989 4479 cmmeteriorum
3013 4428 3070 4479 et
3096 4422 3353 4478 locorum
3390 4422 3661 4478 Romanas

234 4512 417 4569 urbis
446 4511 505 4565 in
534 4513 749 4584 quibus
781 4528 949 4569 sacra
981 4514 1409 4585 peragebantur
1440 4514 1538 4583 (b),
1572 4528 1816 4583 quisque
1843 4510 2014 4584 plane
2044 4514 2363 4568 concinunt
2392 4530 2526 4569 cum
2560 4512 2677 4568 illis
2708 4512 3018 4584 descriptis
3049 4512 3106 4567 in
3140 4511 3487 4567 Kalendario
3547 4511 3660 4565 Bu-

232 4601 707 4671 cheriano,quod
740 4605 1068 4657 Romanum
1100 4618 1228 4657 esse
1260 4617 1463 4657 omnes
1496 4602 1892 4657 consentiunt.
1924 4602 2408 4657 Vctustissimum
2439 4607 2631 4658 autem
2656 4602 2923 4658 omnium
2957 4600 3462 4671 demonstratipsa
3487 4598 3665 4655 colla-

236 4691 328 4745 tio
364 4706 501 4744 cum
534 4690 998 4747 Sacramentario
1031 4690 1357 4760 Gelasiano,
1392 4692 1569 4760 quod,
1606 4690 1687 4745 uti
1722 4690 2023 4761 vulgatum
2054 4696 2163 4759 est,
2197 4691 2421 4762 aliquot
2451 4693 2790 4763 posterioris
2821 4693 3005 4748 (etatis
3037 4691 3377 4746 addimenta
3406 4688 3663 4761 recepit:

241 4783 309 4835 at
344 4778 409 4831 in
443 4782 641 4833 nostro
670 4778 815 4833 nihil
847 4780 1101 4835 occurrit
1132 4780 1284 4850 quod
1310 4778 1590 4834 saeculum
1625 4778 1900 4850 quintum
1935 4784 2276 4851 praetereat;
2312 4780 2464 4835 unde
2496 4780 2603 4835 hoc
2635 4785 2901 4835 nostrum
2935 4779 3130 4834 nullas
3179 4794 3247 4833 ex
3299 4778 3417 4833 illis
3466 4778 3663 4848 objec-

240 4866 520 4922 tionibus
552 4866 820 4935 incurrit,
853 4886 998 4940 quas
1031 4868 1102 4923 ad
1135 4867 1546 4940 antiquitatem
1580 4868 2011 4922 extenuandam
2040 4867 2375 4922 heterodoxi
2407 4869 2715 4924 Gelasiano
2748 4886 3052 4940 perperam
3084 4870 3481 4924 obtruserunt.
3514 4871 3668 4923 Num

234 4973 391 5013 vero
424 4956 578 5011 istud
612 4957 809 5028 potius
840 4974 1017 5029 quam
1050 4957 1191 5013 illud
1224 4974 1258 5013 a
1289 4956 1572 5013 cardinali
1601 4957 1913 5013 Thomasio
1945 4956 2190 5028 editum,
2224 4957 2301 5013 sit
2330 4975 2528 5013 verum
2559 4958 3095 5013 Sacramentarium
3129 4957 3364 5026 Gelasii,
3397 4956 3672 5012 dicemus

238 5050 487 5119 postea.

318 5136 622 5190 4.Certum
658 5151 890 5206 quoque
921 5135 1091 5203 est,in
1108 5136 1215 5191 hoc
1244 5136 1710 5191 Sacramentario
1730 5135 1915 5190 multa
1933 5134 2167 5206 quidem
2188 5136 2473 5191 contineri
2496 5136 2856 5192 diversorum
2883 5141 3188 5191 auctorum
3215 5138 3309 5204 ;at
3340 5152 3454 5192 non
3480 5151 3671 5207 pauca

238 5225 334 5280 ita
372 5223 581 5278 Leonis
598 5223 792 5294 Magni
823 5223 1040 5296 stylum
1066 5242 1130 5280 ac
1163 5225 1439 5296 spiritum
1463 5225 1800 5297 praeferunt,
1826 5230 1890 5279 ut
1917 5225 2069 5280 caab
2100 5225 2207 5281 hoc
2230 5230 2431 5280 sancto
2450 5225 2721 5296 pontiﬁce
2743 5226 3047 5281 lucubrata
3070 5224 3251 5281 fuisse
3272 5224 3674 5297 probabilissi-

238 5330 427 5370 mum
460 5312 554 5368 sit.
590 5312 780 5367 Unum
813 5313 969 5369 haud
1001 5331 1129 5370 esse
1162 5314 1427 5370 omnium
1462 5332 1697 5380 precum
1731 5320 1786 5370 et
1816 5314 2216 5385 prml'ationum
2250 5323 2570 5382 auctorem,
2597 5321 2803 5387 praeter
2825 5315 3329 5371 evidentissimum
3358 5314 3671 5371 discrimen

235 5402 528 5476 styli,qui
548 5401 610 5456 in
632 5402 766 5458 aliis
796 5402 1184 5472 remissior,in
1205 5403 1335 5461 aliis
1358 5403 2114 5474 sublimiorest,multitudo
2137 5404 2313 5460 etiam
2339 5404 2651 5461 Missarum
2668 5404 2726 5460 in
2752 5404 2972 5477 aliquot
2993 5403 3465 5461 solemnitatibus
3480 5403 3671 5478 palam

319 5547 409 5617 (α)
447 5543 575 5601 Vide
604 5543 874 5617 ultimam
905 5547 1144 5602 Missam
1178 5546 1379 5602 Octob.

319 5616 407 5691 (ὁ)
446 5617 575 5674 Vide
603 5616 778 5689 epist.
809 5619 882 5674 25
908 5618 1232 5675 Innocentii
1265 5618 1309 5691 Ι,
1341 5619 1411 5675 ad
1445 5618 1806 5688 Decentium,
1840 5634 1967 5691 cap.
2004 5618 2027 5671 1
2065 5619 2251 5690 (Tomo
2278 5620 2363 5675 XX
2391 5620 2761 5693 Patrologiac).

587 5745 851 5808 PATRUL.
896 5746 1021 5811 LV.
3320 5743 3352 5805 ί

148 5858 400 6009 42'“
