4080 6220
436 270 508 333 43
1308 252 1317 263 '
1926 266 2340 333 pazsm'rto
3758 274 3832 341 ιι

434 405 516 460 Ad
549 406 669 459 haec
691 404 935 473 accedit,
963 402 1206 459 nonulla
1235 403 1294 458 in
1326 406 1526 460 nostro
1558 405 2021 460 Sacramentario
2048 403 2314 469 inveniri,
2335 419 2464 474 quae
2497 402 2704 458 Leonis
2734 418 2850 459 aevo
2882 402 3206 475 posteriora
3227 408 3385 469 sunt,
3415 405 3499 462 uti
3522 406 3706 464 oratio
3728 423 3835 480 pro

431 493 729 564 Simplicio
762 511 911 566 papa
947 493 1148 548 Leonis
1168 496 1223 547 et
1255 491 1433 548 Hilari
1469 509 1826 555 successore,
1860 499 1916 546 ct
1951 491 2167 546 mentio
2199 491 2582 546 dedicationis
2613 492 2867 547 b‘tsilicae
2903 496 2958 546 S.
2982 492 3286 564 Stephani,
3321 511 3497 565 quam
3530 495 3602 551 ab
3632 497 3836 553 eodem

431 582 730 655 Simplicio
763 586 1055 653 peractam
1087 599 1192 638 suo
1225 582 1349 637 loco
1381 582 1815 638 annotabimus.
1837 582 1997 635 Adde
2028 580 2264 636 Missam
2300 582 2355 637 in
2387 580 2585 651 vigilia
2616 580 2983 637 Pentecostes
3016 599 3150 638 cum
3173 584 3421 655 jejunio,
3455 586 3609 656 quod
3634 585 3840 642 Leonis

432 678 657 727 aztatem
690 672 993 744 ignorasse
1024 671 1269 742 probare
1300 671 1533 726 videtur
1562 672 1820 741 ejusdem
1857 686 2046 725 sermo
2080 670 2131 735 4,
2158 668 2386 740 jejunio
2420 673 2838 736 Pentescostes,
2884 686 2985 725 seu
3020 676 3273 740 quatuor
3321 677 3652 745 temporum
3710 679 3843 746 post

428 766 830 824 Pentecosten,
856 760 951 814 ubi
978 760 1405 832 quinquaginta
1427 761 1633 815 diebus
1665 778 1697 814 a
1724 760 1942 815 Pascha
1966 760 2034 814 ad
2063 762 2444 813 Pentecosten
2471 760 2529 811 in
2551 760 2746 813 laetitia
2765 761 3067 830 praecipuae
3087 762 3409 830 festivitatis
3428 763 3845 835 exactis,adje-

416 852 696 922 jum‘orem
726 849 967 903 remedia
996 849 1397 903 recurrentium
1426 850 1684 913 tradens,
1706 848 1963 918 integros
1997 848 2127 901 illos
2158 847 2589 917 quinquaginta
2636 850 2736 899 des
2759 850 2984 916 jejunio
3014 856 3279 920 expertes
3304 851 3496 922 palam
3527 852 3840 923 signiticat.

429 940 623 1010 Neque
643 955 777 993 vero
806 938 899 993 hic
918 938 1362 1009 intelligendum
1387 942 1474 991 est
1496 937 2021 991 extraordinarium
2048 935 2283 1005 aliquod
2302 936 2591 1005 jejunium
2617 953 2650 989 a
2673 937 2858 990 Leone
2881 937 3348 993 indictum.Cum
3372 941 3527 995 enim
3547 941 3841 1011 jejunium

424 1029 712 1099 ejusmodi
743 1029 1003 1083 futurum
1036 1032 1270 1098 tempus
1303 1044 1414 1082 non
1447 1028 1750 1097 obligaret,
1774 1028 1951 1081 Missa
1982 1027 2099 1080 haec
2130 1027 2349 1081 inserta
2379 1042 2491 1080 non
2528 1026 2733 1080 luisset
2755 1028 3237 1094 Sacramentario,
3263 1031 3418 1099 quod
3452 1032 3523 1085 ad
3549 1048 3723 1087 usum
3749 1035 3839 1089 fu-

430 1120 538 1173 turi
573 1118 851 1189 temporis
880 1121 1247 1189 compactum
1272 1118 1367 1171 sit.
1408 1118 1609 1171 Potius
1642 1117 1954 1171 dicendum
1986 1121 2160 1180 esset,
2197 1116 2446 1169 Leonem
2480 1117 2590 1169 sub
2624 1116 2800 1170 linem
2834 1117 3208 1186 pontiﬁcatus
3239 1118 3347 1172 huc
3371 1119 3672 1189 jejunium
3711 1120 3838 1177 ins-

428 1208 692 1272 tituisse;
728 1224 1027 1262 sermones
1069 1212 1286 1269 autem,
1320 1206 1414 1275 qui
1469 1207 1579 1260 hoc
1613 1207 1908 1275 jejunium
1942 1206 2283 1269 excludunt,
2315 1207 2386 1259 ad
2419 1206 2740 1260 anteriores
2772 1222 2955 1261 annos
2990 1208 3297 1277 pertinere.
3335 1208 3429 1262 Vel
3460 1209 3572 1263 dici
3614 1217 3834 1281 posset,

427 1296 573 1352 hanc
607 1297 869 1362 Missam,
905 1297 1058 1349 sicut
1095 1300 1150 1349 et
1180 1296 1503 1349 orationem
1535 1312 1637 1366 pro
1668 1295 1986 1365 Simplicio,
2027 1299 2083 1348 et
2132 1297 2366 1349 Missam
2397 1296 2453 1348 in
2486 1294 2852 1349 dedicatione
2882 1295 3139 1349 basilica:
3172 1297 3229 1350 S.
3273 1297 3555 1367 Stephani
3604 1299 3830 1354 addita-

426 1391 621 1440 menta
652 1401 803 1449 esse,
839 1402 969 1455 qua:
1002 1384 1206 1439 Leonis
1235 1384 1699 1438 Saeramentario
1732 1384 2023 1455 posterius
2055 1384 2424 1438 accesserint.
2459 1384 2567 1438 Sed
2603 1384 2687 1437 hae
2722 1386 3133 1455 responsiones
3166 1385 3422 1441 valerent
3454 1387 3691 1458 quidem
3725 1387 3830 1442 ali-

424 1474 584 1546 quid,
611 1474 659 1530 si
692 1474 799 1529 hoc
831 1472 1359 1527 Sacramentarium
1396 1472 1603 1526 Leonis
1636 1478 1790 1526 certo
1821 1489 1951 1526 esse
1983 1472 2219 1526 aliunde
2253 1472 2562 1542 probatum
2598 1472 2835 1538 fuisset;
2873 1474 2953 1525 uti
2988 1472 3210 1528 similes
3244 1473 3528 1529 similium
3561 1475 3831 1545 objectio-

423 1579 563 1618 num
616 1561 941 1617 solutiones
970 1561 1163 1617 valent
1210 1561 1269 1615 in
1318 1561 1803 1616 Sacramentariis
1833 1560 2043 1615 Gelasii
2076 1566 2132 1615 et
2189 1560 2448 1631 Gregorii
2484 1561 2699 1631 Magni,
2732 1578 2879 1631 quos
2917 1568 3425 1617 Sacramentorum
3456 1563 3638 1619 libros
3668 1563 3834 1619 lucu-

422 1653 626 1707 brasse
657 1650 895 1706 aliunde
924 1648 1127 1721 liquet.
1178 1654 1319 1703 Cum
1369 1665 1501 1703 vero
1552 1650 1776 1718 aliquot
1823 1650 2066 1719 antiqua
2106 1650 2444 1704 testimonia
2473 1656 2788 1721 suppetant
2819 1650 2888 1705 de
2919 1651 3150 1705 Gelasio
3194 1657 3365 1721 atque
3420 1652 3731 1724 Gregorio;
3764 1654 3836 1709 de

425 1742 605 1797 Leone
638 1755 709 1795 ne
741 1738 1024 1794 indicium
1059 1737 1442 1808 quidem.Hoc
1473 1754 1613 1792 sane
1635 1742 2050 1808 argumentum
2084 1738 2418 1809 negativum
2451 1744 2541 1792 est
2575 1756 2587 1793 :
2623 1739 2773 1809 quod
2809 1738 2919 1794 etsi
2953 1756 3066 1794 non
3100 1738 3354 1794 multum
3378 1740 3502 1795 fieri
3534 1740 3706 1807 solet,
3736 1740 3837 1797 ubi

421 1834 766 1903 argumenta
799 1828 1047 1900 positiva
1076 1833 1134 1883 et
1164 1828 1309 1882 satis
1343 1826 1669 1898 probabilia
1700 1832 1907 1898 praasto
1940 1832 2116 1893 sunt;
2152 1827 2249 1881 ubi
2297 1832 2494 1882 tamen
2527 1832 2873 1897 argumento
2907 1828 3202 1896 ejusmodi
3235 1829 3468 1897 desunt,
3502 1846 3617 1884 non
3652 1831 3839 1887 modi-

420 1936 545 1974 cam
577 1918 693 1972 vim
724 1918 923 1981 habet,
961 1920 1023 1971 ut
1053 1916 1255 1971 saltem
1290 1933 1357 1970 ea
1388 1916 1706 1986 probabilis
1737 1916 2022 1971 certitudo
2048 1916 2410 1983 excludatur,
2442 1916 2513 1971 de
2562 1932 2679 1987 qua
2711 1932 2866 1971 nunc
2898 1916 3154 1987 agimus.
3195 1917 3255 1971 Si
3285 1934 3476 1972 sermo
3506 1918 3578 1973 de
3606 1918 3838 1974 Macha-

422 2008 564 2061 bzeis
596 2007 804 2061 Leonis
835 2009 1009 2071 esset,
1041 2008 1263 2058 certum
1299 2004 1609 2074 positivum
1642 2010 2054 2073 argumentum
2086 2004 2440 2059 haberemus
2470 2021 2584 2075 quo
2628 2005 2737 2059 hoc
2770 2006 3308 2060 Sacramentarium
3341 2007 3412 2060 ab
3445 2007 3649 2061 eodem
3683 2024 3835 2077 pon-

424 2096 576 2150 tiﬁce
599 2096 968 2165 abjudicetnr
1000 2110 1012 2147 :
1048 2093 1263 2147 ibidem
1308 2092 1461 2147 enim
1496 2094 1785 2162 ejusmodi
1822 2097 2032 2147 festum
2068 2110 2182 2147 non
2216 2093 2449 2165 legitur,
2482 2094 2636 2165 quod
2672 2100 2866 2148 tamen
2902 2094 3111 2148 Leonis
3142 2099 3313 2149 aetate
3347 2095 3540 2149 Romae
3574 2093 3832 2149 celebra-

425 2191 546 2240 tum
580 2202 647 2239 ex
683 2202 747 2238 eo
780 2199 1051 2239 sermone
1084 2183 1371 2237 hactenus
1402 2184 1687 2236 creditum
1721 2190 1829 2237 est.
1858 2184 1961 2236 Sed
1997 2199 2127 2236 cum
2168 2182 2321 2237 hunc
2352 2199 2681 2238 sermonem
2713 2184 2771 2237 S.
2814 2183 3072 2253 pontifici
3106 2200 3406 2254 perperam
3440 2184 3701 2237 affictum
3733 2185 3834 2239 de-

424 2276 759 2345 texerimus,
793 2280 849 2329 et
880 2275 1096 2328 idcirco
1148 2274 1206 2327 in
1247 2274 1626 2344 appendicem
1661 2274 2119 2338 amandarimus,
2154 2272 2297 2327 nihil
2332 2273 2468 2327 hinc
2499 2273 2627 2329 elici
2659 2278 2864 2343 potest.
2887 2273 3008 2327 Duo
3042 2288 3173 2328 vero
3208 2273 3456 2345 positiva
3484 2282 3833 2345 argumenta

421 2371 616 2419 nostro
648 2364 884 2435 quidem
912 2363 1135 2433 judicio
1163 2361 1307 2415 satis
1338 2362 1741 2415 convincentia
1763 2378 1895 2415 mox
1916 2363 2251 2428 afferentur,
2273 2378 2398 2432 quae
2430 2367 2688 2417 nontam
2720 2362 2963 2417 Leonem
2995 2378 3173 2432 quam
3207 2364 3474 2433 quemvis
3500 2363 3827 2418 Romanum

421 2452 749 2523 pontiﬁcem
786 2451 975 2521 ipsius
1005 2448 1452 2503 Sacramentarii
1485 2453 1780 2502 auctorem
1814 2449 2152 2502 excludunt.

484 2541 535 2594 7.
568 2539 873 2594 Probalius
909 2538 1077 2592 nobis
1102 2542 1193 2591 est
1226 2536 1329 2591 hoc
1361 2537 1893 2591 Sacramentarium
1929 2553 2042 2590 non
2086 2536 2266 2591 luisse
2297 2541 2661 2607 compactum
2694 2537 2765 2591 ab
2798 2536 2914 2591 ullo
2948 2538 3203 2592 Romano
3256 2538 3529 2608 pontifice
3588 2535 3826 2609 publica

418 2629 623 2684 saltem
658 2628 1000 2683 auctoritate
1033 2643 1204 2681 usum
1238 2630 1510 2679 Romanis
1546 2625 1830 2690 Ecclesiae,
1867 2626 1967 2680 sed
2030 2626 2240 2695 privati
2298 2625 2549 2695 alicujus
2607 2626 2863 2681 hominis
2894 2626 3073 2680 fetum
3106 2641 3258 2691 esse,
3289 2627 3388 2696 qui
3420 2642 3826 2697 quascumque

416 2720 636 2774 invenit
663 2734 863 2790 preces
895 2721 951 2770 et
983 2715 1351 2786 praefationes
1384 2732 1417 2768 a
1448 2714 1724 2769 Romanis
1761 2715 2135 2783 pontificibus
2181 2731 2247 2769 ac
2281 2714 2598 2785 praesertim
2634 2732 2665 2769 a
2695 2714 2751 2769 S.
2789 2715 2977 2770 Leone
3008 2715 3233 2769 diverso
3259 2721 3520 2787 tempore
3552 2714 3832 2786 scriptas,

416 2809 616 2863 ordine
651 2824 763 2862 non
798 2806 944 2861 satis
976 2805 1181 2859 idoneo
1214 2802 1468 2873 collegit,
1500 2807 1556 2857 et
1586 2803 1786 2857 retulit
1814 2804 1868 2856 in
1903 2804 2161 2857 codicem
2195 2805 2293 2873 qui
2320 2803 2550 2873 publico
2581 2804 2713 2857 usui
2747 2820 2861 2857 non
2895 2802 3020 2857 luit.
3067 2803 3204 2858 Duae
3238 2803 3295 2857 in
3346 2805 3402 2858 id
3440 2804 3692 2859 rationes
3723 2820 3830 2861 nos

418 2899 652 2952 movent
678 2912 691 2951 :
718 2896 905 2967 prima
940 2896 1325 2947 memoratum
1344 2890 1553 2945 Gelasii
1578 2891 1960 2945 decretum.Si
1986 2892 2139 2945 enim
2166 2909 2197 2944 a
2222 2892 2409 2946 Leone
2431 2891 2515 2945 vel
2538 2890 2651 2946 alio
2673 2894 2899 2947 diverso
2932 2898 3193 2963 tempore
3221 2892 3469 2963 scriptas
3492 2894 3830 2948 Sacramen-

407 2986 621 3040 tariurn
655 2985 964 3041 collectum
997 2981 1224 3047 fuisset,
1257 2984 1315 3034 et
1347 2978 1579 3050 publica
1612 2980 1953 3034 auctoritate
1985 2981 2041 3032 in
2074 2980 2332 3034 llomana
2363 2980 2619 3035 Ecclesia
2650 2986 2946 3052 receptum
2980 2982 3271 3051 quomodo
3302 2981 3566 3036 Gelasius
3598 2981 3822 3036 hmreti-

408 3077 489 3132 cis
520 3080 741 3130 vertere
771 3072 1061 3146 potuisset
1091 3069 1423 3141 opinionem
1457 3071 1528 3123 de
1553 3070 1778 3123 diverso
1810 3074 2068 3138 tempore
2103 3070 2362 3139 martyrii
2398 3068 2791 3137 apostolorum
2819 3069 2968 3124 Petri
2999 3077 3053 3124 et
3078 3069 3264 3134 Pauli,
3284 3087 3463 3140 quam
3496 3071 3686 3125 eidem
3716 3074 3818 3125 Sa-

406 3163 794 3220 cramentario
826 3179 859 3216 a
892 3161 1078 3214 Leone
1108 3164 1208 3213 aut
1250 3156 1363 3211 alio
1396 3157 1733 3228 proximiori
1769 3158 2187 3227 prredecessore
2239 3174 2346 3211 suo
2395 3157 2697 3223 insertam,
2733 3160 2789 3212 et
2818 3158 2877 3211 in
2932 3158 3186 3213 Romana
3238 3157 3497 3214 Ecclesia
3529 3175 3714 3229 usque
3746 3160 3818 3214 ad

407 3272 578 3310 suum
630 3258 864 3322 tempus
915 3253 1208 3319 receptam
1240 3248 1508 3317 ignorare
1540 3261 1652 3299 non
1689 3246 1957 3315 poterat?
1989 3248 2046 3300 Si
2077 3262 2211 3300 vero
2243 3252 2444 3300 auctor
2474 3246 2704 3300 dicatur
2733 3247 2996 3317 privatus
3036 3247 3250 3317 aliquis
3284 3253 3411 3317 post
3445 3248 3694 3303 Leonem
3728 3252 3817 3308 vel

405 3345 517 3401 sub
548 3345 679 3414 ipsa
710 3340 922 3396 Gelasii
956 3344 1241 3408 tempora,
1266 3337 1346 3390 ita
1377 3340 1441 3389 ut
1472 3334 1580 3389 hoc
1607 3336 2138 3389 Sacramentarium
2170 3336 2225 3388 in
2260 3352 2369 3388 usu
2394 3339 2663 3389 Romanae
2696 3335 2958 3390 Ecclesiae
2995 3353 3107 3390 non
3143 3338 3336 3406 fuerit,
3362 3336 3507 3391 nihil
3538 3337 3811 3392 occurrit.

406 3436 521 3490 Etsi
554 3435 709 3489 enim
744 3448 811 3486 ea
859 3429 1035 3483 Missa
1066 3428 1121 3481 in
1154 3427 1278 3496 ipso
1313 3427 1553 3487 inserta,
1584 3440 1711 3494 quae
1747 3428 2123 3479 memoratam
2158 3424 2506 3478 sententiam
2540 3425 2818 3490 continet,
2853 3427 2924 3480 ab
2972 3425 3169 3497 aliquo
3210 3426 3508 3481 vetustiori
3541 3426 3813 3497 pontilice

406 3526 545 3580 olim
604 3520 897 3593 prodierit,
929 3519 986 3571 id
1037 3521 1233 3570 tamen
1284 3518 1461 3568 latere
1494 3515 1681 3584 potuit
1711 3513 2031 3580 Gelasium,
2065 3513 2216 3567 sicut
2261 3514 2529 3567 eumdem
2572 3512 2766 3578 latuit,
2799 3513 3180 3569 Prudentium
3213 3514 3470 3583 aliosque
3497 3515 3815 3570 catholicos

407 3614 722 3684 scriptores
754 3624 883 3664 eam
914 3605 1247 3677 Opinionem
1286 3603 1467 3657 fuisse
1498 3608 1751 3669 secutos,
1787 3609 1849 3656 ut
1879 3619 1946 3657 ne
1976 3602 2260 3656 haereticis
2291 3602 2568 3656 vertenda
2599 3602 2791 3656 fuerit.

474 3707 526 3757 8.
560 3702 750 3757 Altera
781 3698 928 3752 ratio
956 3693 1322 3749 manifestior
1351 3696 1456 3746 est.
1476 3692 1685 3761 Magna
1717 3692 1938 3745 scilicet
1972 3708 2205 3762 precum
2238 3697 2293 3744 et
2326 3691 2637 3745 Missarum
2666 3691 2983 3760 congeries,
3008 3707 3192 3762 eaque
3218 3690 3381 3746 valde
3405 3692 3745 3762 perturbata
3764 3695 3823 3747 et

406 3792 675 3866 pluribus
708 3790 766 3843 in
801 3787 938 3842 locis
966 3785 1323 3845 defectuosa,
1350 3780 1571 3852 privato
1599 3781 1834 3851 quidem
1868 3781 2115 3844 homini,
2146 3780 2242 3850 qui
2272 3780 2502 3850 proprio
2534 3780 2729 3834 studio
2763 3796 3147 3850 quaecumque
3178 3780 3399 3835 invenit
3430 3779 3826 3851 colligat,con-

404 3881 601 3937 venire
632 3883 820 3951 potest
846 3878 945 3935 :de
973 3888 1206 3928 summo
1240 3874 1434 3925 autem
1483 3870 1773 3939 pontifice,
1807 3869 1905 3939 qui
1961 3870 2194 3940 publica
2228 3868 2572 3923 auctoritate
2604 3869 2660 3922 in
2695 3869 3075 3924 solemiorum
3113 3886 3346 3940 precum
3382 3886 3516 3923 cum
3558 3870 3820 3925 codicem

404 3972 910 4025 Sacramentorum
935 3960 1273 4032 compingat
1299 3974 1363 4012 ac
1385 3958 1733 4011 servandum
1759 3962 2060 4025 preponat,
2081 3956 2424 4010 estomnino
2451 3955 2832 4011 incredibilis.
2864 3956 3001 4010 Esto
3024 3957 3345 4010 multorum
3365 3960 3673 4011 auctorum
3702 3956 3823 4010 sint

404 4060 593 4115 Missae
625 4060 683 4111 in
718 4056 825 4110 hoc
856 4053 1049 4108 codice
1080 4048 1485 4117 collectae,quaa
1518 4046 1730 4099 idcirco
1762 4047 2055 4099 diversum
2087 4046 2326 4115 stylum,
2347 4051 2403 4099 et
2432 4045 2693 4099 diversos
2725 4045 3091 4099 characteres
3121 4044 3418 4113 exhibent,
3453 4061 3586 4099 cum
3620 4050 3818 4101 tamen

405 4166 555 4204 unus
590 4149 662 4201 sit
695 4144 987 4203 collector,
1020 4140 1067 4195 si
1098 4139 1150 4194 is
1182 4138 1391 4211 fuisset
1419 4151 1626 4189 sumus
1657 4134 1869 4204 aliquis
1904 4134 2180 4203 pontifex,
2214 4134 2312 4204 qui
2344 4133 2607 4187 diversas
2644 4134 2822 4188 Missa
2854 4132 3151 4187 retulisset
3180 4132 3238 4187 in
3271 4134 3555 4202 codicem,
3590 4137 3654 4188 ut
3686 4133 3819 4190 usui

401 4238 766 4312 publicarum
794 4246 1029 4304 precum
1053 4228 1259 4282 diebus
1285 4224 1645 4280 solemnibus
1672 4224 2037 4286 inservirent,
2066 4224 2317 4293 primum
2342 4224 2546 4292 quovis
2574 4237 2771 4276 mense
2793 4222 3002 4276 Missas
3021 4222 3437 4292 descripsisset
3462 4226 3818 4305 sanctorum,

400 4310 499 4400 qui
537 4328 591 4380 in
618 4326 882 4379 Romana
910 4317 1167 4373 Ecclesia
1198 4314 1445 4371 solemni
1480 4314 1626 4367 festo
1659 4312 2152 4367 colerentur.Deiu
2181 4312 2234 4365 in
2269 4312 2473 4382 quavis
2496 4312 2673 4365 Missa
2691 4316 2807 4365 tres
2841 4310 3022 4365 salem
3057 4311 3352 4365 orationes
3384 4314 3440 4365 et
3474 4326 3647 4365 unam
3673 4327 3818 4381 pra:-

400 4397 679 4472 fationem
713 4414 886 4467 etiam
939 4406 1244 4478 potuisset.
1292 4403 1659 4472 Ubicumque
1704 4417 1834 4455 vero
1884 4400 2227 4455 collocasset
2258 4401 2467 4454 Missas
2509 4416 2870 4466 communes,
2906 4397 3038 4453 illas
3068 4398 3245 4453 simul
3270 4400 3571 4469 junxisset
3602 4403 3680 4463 et,
3712 4413 3819 4453 nec

398 4505 528 4559 aliis
560 4507 731 4571 atque
763 4497 893 4553 aliis
924 4494 1119 4549 Missis
1150 4493 1579 4545 intersecasset.
1615 4489 1716 4543 Hic
1746 4489 1902 4542 enim
1933 4488 2223 4556 ejusmodi
2257 4488 2562 4551 librorum,
2591 4502 2726 4540 cum
2758 4486 2815 4539 in
2852 4485 3150 4557 publicum
3181 4503 3354 4540 usum
3387 4486 3658 4554 eduntur,
3685 4485 3821 4545 finis

398 4601 490 4649 est
509 4596 569 4646 ut
593 4607 716 4662 qua:
742 4587 925 4641 Missae
951 4581 1197 4655 propria:
1222 4579 1427 4650 quovis
1451 4594 1652 4633 mense
1676 4594 1739 4631 ac
1761 4579 1854 4631 die
1876 4579 2019 4631 festo
2043 4577 2335 4630 dicendms
2357 4577 2577 4640 int,suo
2600 4575 2723 4630 loco
2751 4574 2917 4629 facile
2943 4582 3283 4639 occurrant;
3311 4589 3506 4644 eaeque
3528 4572 3645 4628 sint
3669 4574 3820 4628 inte-

398 4700 513 4756 grce
534 4697 661 4735 cum
687 4677 813 4732 suis
835 4673 1107 4747 precibus
1129 4673 1180 4724 et
1208 4668 1663 4740 przrfationibus;
1684 4666 1869 4721 Missa:
1891 4673 2087 4720 autem
2112 4681 2457 4719 communes
2480 4670 2634 4719 certo
2657 4664 2781 4718 loco
2806 4663 2983 4719 simul
3013 4662 3260 4717 inveniri
3284 4679 3349 4717 ac
3373 4663 3557 4733 repeti
3582 4668 3819 4731 queant.

399 4750 580 4842 ‘Iz‘inge
610 4768 805 4822 animo
838 4775 1270 4835 quemcumque
1300 4758 1471 4811 etiam
1508 4757 1703 4810 minus
1736 4757 1985 4826 peritum
2012 4754 2404 4817 collectorem,
2431 4754 2529 4825 qui
2558 4752 3089 4808 Saoramentarium
3126 4751 3360 4823 publico
3394 4766 3504 4806 usu
3534 4750 3827 4805 adhiben-

397 4838 541 4915 dum
574 4856 681 4912 sibi
716 4855 1021 4927 proponat,
1057 4849 1211 4902 hunc
1242 4846 1497 4912 profecto
1530 4846 1788 4899 ordinem
1826 4862 1891 4899 ac
1926 4844 2260 4898 methodum
2298 4842 2410 4898 sibi
2441 4843 2731 4913 praecipue
2762 4840 3191 4896 observandum
3226 4857 3291 4894 ac
3323 4840 3691 4911 sequendum
3729 4838 3819 4892 in-

395 4948 636 5018 telliget.
669 4942 955 5014 Equidem
981 4936 1442 4992 Sacramentaria
1482 4951 1608 5004 quae
1642 4951 1674 4988 a
1704 4934 1924 4989 sanctis
1957 4932 2335 5003 pontificibus
2366 4931 2594 4986 Gelasio
2628 4938 2683 4985 et
2722 4928 2995 5018 Gregorio
3026 4929 3255 5000 digesta
3286 4928 3509 4983 suntin
3541 4932 3823 4983 Romanis

395 5017 662 5096 Ecclesia:
693 5050 886 5094 usum,
924 5030 1082 5084 hunc
1115 5026 1374 5082 ordinem
1400 5029 1457 5079 et
1490 5024 1829 5079 methodum
1863 5024 2213 5095 praeferunt;
2248 5027 2304 5078 et
2356 5021 2624 5077 similiter
2654 5019 2784 5073 aliis
2833 5017 3109 5075 Ecclesiis
3141 5021 3271 5075 usui
3308 5020 3487 5073 fuere.
3524 5020 3585 5073 In
3619 5020 3820 5073 nostro

396 5134 591 5184 autem
625 5119 1112 5180 Sacramentario.
1144 5117 1352 5170 Missas
1385 5114 1828 5185 quamplurium
1862 5118 2199 5167 sanctorum
2230 5111 2329 5181 qui
2361 5111 2446 5165 vel
2496 5110 2551 5163 in
2602 5114 2857 5163 Romana
2893 5107 3145 5163 Ecclesia
3176 5114 3331 5164 certo
3365 5110 3509 5163 festo
3541 5106 3788 5162 coleban

393 5223 513 5281 tur,
544 5233 609 5271 ex
642 5210 905 5268 Bucberii
951 5206 1211 5277 catalogo
1261 5204 1466 5274 liquet,
1523 5204 1738 5257 frustra
1773 5204 2051 5271 requires.
2086 5200 2480 5263 Quorumdam
2515 5216 2645 5252 vero
2707 5202 2855 5252 festa
2906 5203 3141 5252 notatur
3180 5198 3237 5252 in
3272 5198 3499 5265 titulis;
3533 5201 3593 5252 at
3625 5194 3817 5251 Missa:

394 5307 770 5370 omittuntur,
796 5304 858 5355 ut
888 5298 1078 5351 videre
1108 5299 1197 5349 est
1227 5294 1530 5348 mensibus
1559 5293 1703 5347 Julii
1738 5300 1913 5362 atque
1945 5291 2297 5345 Decembris.
2326 5291 2382 5343 ln
2414 5305 2528 5341 non
2554 5286 2755 5358 paucis
2783 5287 2974 5341 Missis
3006 5288 3299 5342 orationes
3328 5287 3535 5340 dicunt
3568 5283 3819 5370 maxime

394 5368 765 5460 necessariae,
796 5405 885 5444 ex.
920 5402 1006 5458 gr.
1039 5388 1289 5451 Secreta,
1321 5382 1408 5437 vel
1442 5380 1872 5449 Postcomunio,
1899 5384 1954 5435 et
1986 5395 2430 5449 nonnumquam
2465 5384 2745 5448 utraeque,
2778 5376 2897 5431 sive
2929 5374 3102 5429 etiam
3135 5376 3320 5430 oratio
3354 5375 3562 5445 prima.
3588 5368 3819 5460 Inaliis

392 5483 765 5557 praefationes
795 5479 924 5533 dure
956 5474 1040 5530 vel
1076 5479 1193 5528 tres
1223 5472 1668 5543 conjunguntur
1715 5470 1842 5524 sine
1874 5468 2236 5524 orationibus
2268 5466 2766 5535 Postcommuuio,
2798 5463 2886 5518 vel
2916 5464 3092 5519 etiam
3126 5465 3347 5534 absque
3381 5461 3501 5518 ulla
3530 5459 3817 5557 oratione.

391 5545 581 5628 Missae
610 5582 955 5626 communes
985 5566 1055 5620 de
1088 5564 1447 5635 martyribus
1481 5560 1894 5616 distrahuntur
1925 5558 1983 5612 in
2030 5573 2260 5612 menses
2307 5560 2445 5627 tres,
2478 5554 2761 5627 Aprilem,
2795 5551 3019 5607 Julium
3048 5557 3105 5608 et
3132 5554 3488 5624 Augustum.
3537 5552 3600 5606 In
3631 5545 3817 5619 Aprili

398 5668 624 5732 autem,
658 5659 757 5716 ubi
791 5655 991 5731 plures
1039 5650 1321 5709 Collectas
1367 5649 1650 5723 invenies,
1684 5647 1881 5707 Missis
1924 5645 2339 5707 communibus
2373 5646 2444 5703 de
2474 5643 2743 5721 pluribus
2776 5640 3129 5722 martyribus
3163 5657 3324 5700 num.
3375 5642 3411 5696 6
3442 5635 3823 5715 praemittitur
