4080 6220
232 314 306 411 ιε
452 322 455 329 ’
1704 343 1843 404 ΨΒ.

2029 322 2173 405 Τισ
3472 320 3479 329 ’
3564 345 3640 405 ιε

228 482 414 540 oratio
444 483 499 538 S.
531 481 809 551 Tiburtii,
842 480 1128 539 festivitas
1159 481 1230 537 ad
1264 481 1598 551 Augustum
1628 477 1921 548 pertinet;
1956 477 2301 533 inseruntur
2318 494 2450 534 vero
2482 494 2647 534 num.
2671 476 2782 535 9st
2813 480 2878 534 10
2909 478 3036 534 dum
3068 479 3138 536 de
3167 477 3641 547 confessoribus;

226 588 391 643 num,
422 572 492 627 20
522 571 708 629 oratio
733 572 962 627 Secreta
992 571 1064 627 de
1092 572 1150 626 S.
1182 567 1583 635 Laurentio,et
1603 567 1781 623 Missa
1812 567 2145 622 communis
2177 584 2280 639 pro
2311 568 2689 624 conversione
2723 572 3094 640 peccatorum
3126 586 3140 637 ;
3171 585 3335 624 num.
3367 568 3438 623 29
3467 568 3648 630 Missa

228 662 562 719 communis
589 661 661 718 de
690 660 992 733 apostolis,
1026 665 1083 715 et
1116 676 1279 715 num.
1314 659 1384 713 34
1418 657 1606 713 Missa
1639 656 1697 711 in
1728 654 2094 711 dedicatione
2119 654 2373 712 basilica:
2396 662 2452 711 S.
2487 656 2821 723 Petri.Quid
2854 658 2926 713 de
2959 655 3092 712 aliis
3119 655 3442 712 defectibus
3472 673 3506 712 a
3532 672 3646 728 pu-

225 752 380 809 blico
408 752 559 808 libra
588 750 839 807 nimium
871 748 1323 805 abhorrentibus
1356 747 1659 803 dicamus?
1690 750 1882 800 Mense
1913 744 2065 800 Maio
2103 746 2162 800 in
2192 746 2355 802 Missa
2386 744 2728 803 Pentecostes
2756 746 3177 804 ascendentibus
3218 763 3253 803 a
3281 749 3430 817 fonte
3459 746 3645 803 oratio

225 841 386 898 Hane
413 843 590 911 igitur
617 838 952 896 oblationem
988 853 1297 910 perperam
1330 834 1708 908 praemittitur
1736 833 1986 889 orationi
2021 832 2489 891 Communz’cantes
2508 855 2533 900 ;
2559 835 2754 892 Missis
2785 838 2845 891 in
2866 836 3086 908 jejunio
3115 837 3298 908 quarti
3324 837 3525 891 mensis
3554 835 3644 890 in-

225 934 505 987 seruntur
534 930 660 985 duae
693 928 880 984 Missa:
911 929 968 981 in
994 927 1347 982 Dominicum
1368 926 1737 993 Pentcr'osten,
1757 939 1884 994 quae
1916 922 2191 992 praemitti
2222 924 2525 980 debebant
2552 950 2567 993 ;
2601 925 2756 981 sicut
2784 942 2815 981 ε
2846 934 3049 982 contra
3077 924 3137 980 in
3168 924 3479 981 Novembri
3509 924 3643 980 Mis-

224 1035 355 1076 sam
412 1019 486 1075 de
539 1017 740 1091 vigliia
790 1016 851 1072 Si
899 1015 1140 1071 Andreaa
1198 1013 1536 1086 praecedunt
1590 1012 1718 1067 dua:
1776 1011 1847 1067 de
1912 1010 2099 1067 Natali
2149 1012 2414 1082 ejusdem
2474 1013 2763 1086 apostoli,
2817 1019 2875 1070 et
2930 1014 2991 1069 in
3048 1014 3347 1070 Decembri
3401 1012 3639 1069 Missam

222 1106 434 1181 vigiliae
511 1104 736 1164 Natalis
805 1104 1018 1160 Christi
1071 1118 1235 1159 num.
1295 1102 1331 1156 5
1386 1099 1740 1173 descriptam
1800 1103 2061 1172 praeeunt
2090 1105 2344 1172 quatuor
2375 1102 2565 1159 Missae
2597 1102 2714 1158 diei
2752 1102 2995 1173 Natalis,
3028 1119 3154 1175 quae
3185 1108 3353 1159 erant
3398 1107 3643 1176 postpo-

225 1197 453 1253 nendw.
487 1193 663 1254 Nulla
686 1197 882 1252 autem
917 1192 1237 1250 evidentior
1266 1189 1628 1264 perturbatio
1658 1205 1836 1261 quam
1870 1188 2173 1245 mensibus
2204 1192 2463 1263 Augusto
2494 1197 2551 1248 et
2582 1192 2932 1264 Septembri.
2968 1192 3169 1260 Quarto
3198 1208 3373 1249 nonas
3404 1193 3643 1266 Augusti

225 1285 432 1345 Natale
459 1286 515 1341 ὃ.
550 1284 819 1357 Stephani
845 1284 908 1339 in
935 1283 1245 1339 coemeterio
1277 1280 1492 1337 Callisti
1520 1281 1611 1335 via
1634 1280 1831 1352 Appia.
1862 1279 2270 1350 Subjiciuntur
2296 1296 2433 1337 vero
2463 1281 2655 1337 Missas
2688 1282 2758 1338 de
2784 1286 2843 1337 S.
2866 1281 3157 1354 Stephano
3186 1286 3640 1355 protomartyre,

225 1377 395 1449 cujus
422 1380 624 1434 tamen
654 1372 909 1431 natalem
940 1372 1096 1429 diem
1127 1372 1325 1429 Romae
1353 1370 1710 1426 celebratum
1747 1369 1927 1425 fuisse
1968 1386 2083 1425 non
2115 1387 2169 1426 1v
2200 1387 2384 1427 nonas
2431 1370 2613 1442 hujus
2647 1372 2887 1442 mensis,
2919 1372 3023 1429 sed
3053 1372 3149 1428 die
3202 1372 3274 1427 26
3303 1372 3642 1430 Decembris

222 1472 357 1540 post
386 1463 821 1523 solemnitatem
847 1460 1073 1518 Natalis
1107 1459 1337 1516 Domini
1362 1459 1493 1531 ipsa
1520 1459 1781 1530 praefatio
1825 1458 2018 1514 Missae
2071 1460 2334 1531 septimae
2365 1459 2623 1516 declarat
2651 1460 2745 1516 his
2775 1460 2966 1517 verbis
2995 1478 3009 1517 :
3041 1462 3106 1518 Et
3134 1461 3253 1518 ideo
3288 1463 3642 1518 nativitatem

226 1556 363 1613 Filii
390 1555 475 1611 tui
500 1554 699 1612 merito
726 1568 843 1626 pre
871 1551 1086 1608 exteris
1114 1550 1384 1623 passionis
1412 1563 1534 1606 suae
1562 1548 1859 1620 festivitate
1894 1547 2260 1621 subsequitur.
2298 1550 2459 1614 Quod
2493 1548 2544 1606 si
2574 1549 2863 1606 dedicatio
2897 1549 3150 1606 basilicae
3180 1551 3235 1606 S.
3268 1550 3548 1623 Stephani
3580 1550 3638 1607 in

226 1646 385 1703 diem
416 1661 476 1701 ιν
505 1660 691 1701 nonas
737 1640 1004 1699 fortassis
1034 1638 1260 1707 incidit,
1292 1640 1364 1695 de
1394 1656 1509 1710 qua
1558 1638 1618 1693 in
1666 1637 1847 1694 Missa
1905 1655 1963 1692 ιχ
2018 1654 2207 1694 sermo
2237 1644 2347 1706 est,
2380 1655 2682 1711 perperam
2712 1638 2770 1693 in
2802 1638 2973 1695 titulo
3006 1643 3278 1696 notatum
3308 1640 3422 1696 fuit
3448 1641 3641 1697 Natale

223 1737 282 1793 S.
312 1733 594 1809 Stephani,
627 1736 764 1804 etc.,
798 1731 954 1804 quod
987 1729 1375 1786 emortualem
1408 1727 1563 1784 diem
1594 1726 1829 1799 signat;
1884 1732 1942 1783 et
1972 1743 2276 1800 perperam
2307 1728 2485 1783 etiam
2518 1727 2771 1785 natalitii
2821 1727 2935 1784 diei
2984 1728 3178 1785 Missas
3224 1729 3284 1784 in
3332 1728 3640 1785 Decembri

224 1824 597 1892 collocanda,
628 1822 723 1878 hic
753 1822 942 1894 primo
974 1821 1099 1876 loco
1130 1818 1435 1890 descriptae
1466 1818 1724 1874 fuerunt.
1758 1817 1966 1872 Confer
1995 1817 2431 1874 annotationem
2458 1816 2695 1874 laudato
2726 1818 3073 1889 subjectum.
3107 1822 3241 1874 Dua:
3274 1819 3462 1875 Missae
3495 1836 3639 1891 pras-

224 1918 383 1971 terea
410 1912 705 1969 habentur
732 1910 794 1965 in
821 1907 1023 1981 vigilia
1049 1912 1105 1963 S.
1140 1906 1475 1975 Laurentii;
1507 1906 1608 1962 sed
1639 1904 1754 1960 alia
1784 1921 1947 1960 num.
1979 1906 2003 1959 1
2041 1905 2418 1977 praemittitur
2450 1905 2690 1977 quidem
2720 1907 2850 1977 ejus
2880 1906 3050 1977 festo,
3081 1905 3197 1962 alia
3224 1922 3358 1963 vero
3390 1908 3640 1963 num.12

224 2003 617 2076 postponitur.
650 2001 838 2058 Μίδεω
870 2000 1047 2070 hujus
1077 1999 1299 2055 mensis
1331 1996 1574 2070 propriae
1606 1996 1676 2052 de
1705 1996 1802 2051 SS.
1836 1996 2022 2051 Felice
2052 2001 2110 2052 et
2138 1996 2398 2051 Adaucto
2446 1997 2789 2067 subjiuntur
2818 1995 2943 2053 aliae
2974 2013 3316 2054 communes
3346 1999 3418 2054 de
3448 1997 3638 2070 pluri-

224 2092 338 2149 bus
369 2092 764 2165 martyribus;
825 2089 972 2146 etin
1007 2088 1259 2161 septima
1284 2087 1567 2143 inseritur
1597 2083 1854 2157 praefatio
1887 2085 1958 2140 de
2003 2084 2307 2157 apostolis.
2353 2090 2549 2141 Mense
2606 2089 2799 2141 autem
2856 2084 3185 2158 Septembri
3213 2086 3308 2142 die
3340 2087 3405 2141 14
3445 2087 3640 2145 Missis

227 2184 299 2239 de
312 2180 685 2240 SS.Cornelio
698 2178 1049 2253 etCypriano
1071 2178 1303 2233 intrusa
1318 2180 1407 2232 est
1422 2175 1682 2248 praefatio
1696 2174 1767 2229 de
1781 2174 1928 2230 S.Eu
1940 2173 2371 2246 phemia,cujus
2385 2174 2571 2231 Missa:
2587 2175 2714 2230 duae
2737 2178 2942 2247 postea
2959 2191 3065 2231 suo
3086 2174 3210 2231 loco
3227 2175 3644 2234 describuntur

226 2272 321 2329 die
353 2274 440 2328 16.
474 2277 538 2328 In
569 2271 774 2327 eodem
806 2283 1031 2337 mense,
1062 2266 1157 2323 cui
1188 2265 1471 2337 competit
1499 2263 1808 2320 Admonitio
1826 2264 2035 2335 jejunii
2059 2265 2261 2319 mensis
2286 2265 2528 2335 septimi,
2551 2281 2665 2319 non
2697 2263 2891 2320 solum
2922 2281 3086 2319 num.
3116 2266 3151 2318 8
3173 2264 3422 2321 habetur
3447 2268 3641 2323 Imita-

224 2366 302 2419 tio
328 2362 511 2435 plebis
541 2363 603 2417 in
622 2360 841 2433 jejunio
869 2358 1072 2415 mensis
1102 2357 1330 2423 decimi,
1363 2355 1466 2411 sed
1494 2353 1682 2410 Missa:
1722 2353 1899 2409 etiam
1939 2352 2165 2425 aliquot
2194 2353 2372 2425 hujus
2396 2353 2605 2425 jejunii
2633 2370 2699 2409 ac
2731 2353 2952 2410 mensis
2978 2354 3226 2426 propriae
3267 2355 3641 2427 exhibentur,

225 2456 283 2508 et
311 2450 436 2508 alia:
468 2451 746 2522 deinceps
776 2465 884 2505 suo
912 2447 1038 2503 loco
1064 2451 1368 2519 ponuntur
1393 2460 1593 2499 mense
1624 2442 1949 2499 Decembri.
1980 2447 2106 2499 Non
2132 2443 2387 2499 multum
2421 2459 2723 2500 movemur
2753 2444 2952 2501 Missis
2983 2445 3403 2502 communibus
3428 2447 3497 2504 de
3527 2450 3643 2503 Na-

224 2540 329 2599 tali
358 2541 772 2615 episcoporum
803 2536 1108 2595 Decembri
1138 2535 1373 2606 efﬁctis,
1406 2533 1621 2605 quibus
1653 2550 1816 2588 num.
1865 2535 1897 2586 7
1958 2550 2075 2588 una
2105 2532 2286 2589 Missa
2332 2533 2552 2590 inserta
2585 2538 2677 2589 est
2729 2550 2864 2589 cum
2899 2533 3161 2590 oratione
3188 2536 3646 2607 consecrationis

222 2630 483 2704 episcopi
512 2627 776 2702 paschali
807 2632 1070 2698 tempore
1100 2629 1385 2697 peractae;
1435 2624 1587 2679 sicut
1636 2622 1813 2677 etiam
1860 2638 2061 2678 mense
2100 2622 2335 2679 Octobri
2369 2624 2520 2679 inter
2566 2621 2859 2679 orationes
2890 2638 3235 2680 communes
3263 2640 3367 2696 pro
3398 2624 3645 2681 diversis

220 2720 421 2777 causis
449 2734 615 2776 num.
646 2718 681 2773 3
706 2716 922 2789 legitur
948 2714 1133 2771 oratio
1166 2712 1403 2786 prepria
1432 2711 1716 2784 temporis
1743 2711 2062 2783 paschalis,
2088 2714 2145 2766 et
2177 2728 2340 2767 num.
2373 2713 2408 2766 6
2438 2711 2699 2783 praefatio
2731 2716 2786 2767 et
2814 2710 2997 2768 oratio
3029 2711 3090 2767 in
3121 2711 3215 2768 die
3236 2712 3640 2771 Resurrectio-

223 2809 319 2867 nis
347 2807 600 2864 Domini.
633 2806 768 2862 Mon
800 2802 1078 2875 multum,
1109 2802 1375 2874 inquam,
1410 2816 1714 2857 movemur
1744 2817 1758 2855 :
1793 2800 1912 2856 haec
1942 2800 2097 2856 enim
2132 2817 2246 2856 non
2279 2801 2350 2856 ad
2382 2817 2667 2868 mensem,
2698 2801 2800 2857 sed
2832 2800 2906 2857 ad
2936 2816 3281 2857 communes
3310 2801 3405 2858 sui
3438 2805 3644 2875 cujus-

229 2915 343 2975 que
371 2895 531 2954 tituli
556 2895 766 2952 Missas
795 2892 1097 2950 referenda
1126 2895 1288 2956 sunt,
1320 2891 1380 2946 in
1412 2890 1630 2962 quibus
1661 2905 1866 2945 omnes
1894 2889 2084 2945 Missae
2117 2905 2183 2947 ac
2213 2890 2506 2946 orationes
2536 2890 2799 2961 ejusdem
2829 2889 3008 2960 tituli,
3027 2889 3163 2947 licet
3190 2891 3451 2963 paschali
3482 2896 3644 2950 tem-

231 3004 371 3065 pore
399 2985 731 3056 recitandm,
763 2999 997 3056 (equum
1029 2981 1224 3039 locum
1256 2981 1471 3037 habere
1502 2984 1747 3051 queunt,
1771 2995 1905 3035 cum
1934 2978 2169 3051 aliquod
2201 2979 2493 3050 ejusmodi
2523 2978 2782 3036 olﬁcium
2805 2979 2865 3034 in
2896 2979 3173 3051 paschale
3205 2985 3442 3053 tempus
3490 2982 3641 3040 inci-

232 3080 355 3136 dat.
389 3074 541 3145 Illud
571 3073 768 3146 potius
801 3074 1012 3140 movet,
1071 3086 1201 3126 cum
1260 3067 1418 3125 tituli
1476 3067 1669 3124 Missis
1716 3068 1957 3140 praefixi,
1992 3067 2099 3124 soli
2132 3068 2334 3141 primae
2367 3067 2616 3124 orationi
2648 3084 3098 3140 nonnumquam
3128 3075 3491 3141 congruunt,
3526 3089 3642 3130 non

231 3183 370 3226 vero
428 3163 560 3221 aliis
615 3161 982 3219 orationibus
1038 3164 1141 3216 aut
1194 3158 1392 3215 Missis
1442 3174 1572 3229 quae
1638 3157 2058 3227 subjiciuntur,
2121 3158 2358 3214 tametsi
2416 3158 2862 3229 inscriptionem
2920 3158 3221 3226 habeant;
3271 3160 3410 3216 Item
3475 3164 3642 3221 alia:

229 3274 296 3316 ac
326 3256 377 3313 si
406 3255 477 3311 ad
508 3251 784 3309 eumdem
813 3248 1052 3305 titulum
1083 3263 1288 3304 omnes
1318 3245 1815 3320 pertineant.Vide
1848 3262 2051 3302 mense
2081 3245 2236 3303 Julio
2267 3247 2377 3303 sub
2431 3245 2667 3302 initium
2724 3245 2968 3302 titulum
2997 3248 3061 3303 In
3082 3246 3324 3318 jejunio,
3372 3252 3642 3320 Septem-

233 3347 326 3403 bri
356 3359 524 3401 num.
555 3342 613 3409 8,
642 3337 883 3395 titulum
909 3353 1012 3409 pro
1042 3338 1296 3408 episcopo
1324 3334 1689 3409 offerendum,
1721 3339 1780 3391 et
1807 3334 2040 3391 Octobri
2072 3335 2337 3406 Missam,
2368 3337 2465 3392 cui
2498 3334 2703 3391 titulus
2753 3334 2820 3390 de
2857 3335 3129 3393 Siccitate.
3183 3338 3248 3390 In
3281 3336 3481 3394 Missis
3538 3356 3642 3413 pro

237 3431 554 3499 defunctis,
587 3445 717 3502 quas
747 3442 949 3484 mense
979 3426 1213 3482 Octobri
1247 3424 1682 3487 describuntur,
1713 3430 1803 3479 est
1827 3425 2007 3480 Missa
2037 3424 2091 3480 S.
2130 3424 2414 3491 Silvestri,
2448 3425 2616 3495 cujus
2643 3423 2818 3479 tertia
2847 3424 3031 3480 oratio
3058 3429 3148 3480 est
3175 3441 3282 3496 pro
3311 3443 3465 3499 papa
3492 3429 3640 3486 Sim-

229 3523 426 3600 plicio.
458 3524 595 3577 Duae
623 3517 720 3574 hic
746 3516 935 3573 Missae
963 3515 1025 3570 in
1056 3531 1234 3571 unam
1269 3515 1527 3570 confusa:
1551 3512 1841 3568 videntur.
1864 3516 1989 3567 Non
2021 3512 2355 3568 inﬁciamur
2384 3529 2567 3568 unum
2596 3513 2684 3568 vel
2717 3511 2969 3568 alterum
3001 3511 3318 3570 faciliorem
3351 3515 3642 3576 delectum

232 3616 294 3671 in
325 3612 717 3682 aliis‘quoque
747 3604 1009 3677 antiquis
1032 3602 1517 3660 Sacramentariis
1539 3600 1824 3668 inveniri,
1853 3600 2073 3672 aliquid
2099 3601 2276 3657 etiam
2298 3618 2472 3673 posse
2491 3602 2872 3658 amanuensis
2895 3602 3091 3675 potius
3121 3603 3439 3660 oscitantiaa
3463 3622 3639 3678 quam

234 3698 458 3761 auctori
487 3694 751 3754 attribui.
779 3695 852 3748 At
882 3692 1141 3748 defectus
1172 3696 1259 3747 tot
1291 3706 1356 3746 ac
1387 3695 1605 3761 tantos,
1640 3694 1988 3761 tantamque
2018 3689 2514 3762 perturbationem
2546 3691 2607 3746 in
2640 3691 2910 3748 universo
2939 3694 3404 3749 Sacramentario
3434 3700 3641 3766 paten-

233 3801 376 3861 tem,
407 3804 539 3863 quis
567 3785 670 3842 uni
730 3781 1023 3839 collectori
1062 3785 1253 3855 potest
1281 3780 1516 3848 ascribi,
1568 3779 1703 3852 quis
1742 3781 2204 3837 Sacramentario
2234 3781 2551 3853 adjudicet,
2582 3782 2738 3853 quod
2769 3782 2841 3839 ab
2874 3781 3070 3856 aliquo
3101 3799 3335 3840 summo
3365 3785 3639 3857 pontifice

237 3880 614 3953 compactum
645 3878 702 3930 et
731 3870 966 3945 publica
994 3869 1337 3926 auctoritate
1366 3870 1624 3926 edictum
1656 3868 1734 3925 sit
1780 3870 1839 3925 in
1870 3870 2277 3941 quotidianum
2312 3872 2588 3927 Romanis
2619 3871 2888 3928 Ecclesia:
2919 3889 3096 3928 usum
3118 3873 3147 3929 ‘l
3168 3872 3317 3937 Quin
3349 3890 3418 3930 ex
3447 3873 3651 3930 collec-

238 3972 397 4029 tione
424 3970 548 4023 tam
597 3960 940 4034 imperfecta
987 3963 1162 4031 atque
1206 3958 1450 4014 confusa
1480 3974 1594 4013 non
1636 3958 1827 4014 solum
1871 3958 2079 4031 privati
2136 3959 2390 4015 hominis
2439 3959 2704 4016 studium
2753 3960 3070 4033 detegitur,
3103 3961 3206 4017 sed
3253 3962 3443 4033 prima
3472 3961 3651 4017 etiam

236 4060 428 4132 ipsius
457 4067 693 4122 manus,
724 4065 841 4122 qua
886 4047 1113 4120 privato
1143 4046 1388 4102 consilio
1419 4063 1799 4120 quaecumque
1830 4065 1847 4104 ε

2058 4047 2362 4120 colligens,
2396 4066 2513 4104 non
2544 4048 2798 4104 multum
2826 4048 3074 4120 ordinis,
3106 4048 3330 4105 nullam
3365 4067 3510 4107 usus
3541 4067 3651 4123 pu-

238 4146 374 4205 blici
406 4156 606 4200 curam
638 4154 707 4195 ac
762 4135 1222 4194 sollicitudinem
1248 4134 1492 4204 habuit;
1524 4135 1624 4207 qui
1654 4140 1851 4191 tamen
1901 4137 2046 4207 ipse,
2080 4136 2129 4192 si
2161 4152 2309 4207 opus
2357 4136 2641 4194 voluisset
2670 4135 2932 4210 vulgare,
2963 4141 3030 4192 ut
3059 4137 3293 4210 publico
3326 4139 3460 4195 usui
3493 4141 3653 4196 esset

236 4234 385 4294 nihil
415 4228 775 4302 ambigimus
805 4226 950 4298 quin
983 4224 1262 4281 secundis
1291 4224 1449 4281 curis
1481 4226 1539 4279 in
1571 4225 1855 4297 aptiorem
1889 4224 2093 4281 saltem
2118 4226 2384 4282 ordinem
2416 4230 2762 4283 revocasset.

302 4325 359 4381 9.
391 4323 474 4379 Ex
501 4319 612 4375 hoc
639 4321 837 4374 autem
868 4313 1072 4370 ordine
1096 4314 1457 4384 perturbato,
1489 4331 1603 4387 quo
1636 4314 1957 4386 praesertim
1986 4314 2177 4371 alieno
2206 4315 2331 4372 loco
2362 4316 2629 4387 qumdam
2662 4316 2852 4372 Missae
2887 4316 3262 4388 inseruntur,
3297 4325 3352 4374 et
3381 4333 3497 4389 quo
3526 4315 3661 4373 Mis-

234 4431 314 4470 sae
342 4422 689 4469 communes
720 4402 869 4459 nulli
901 4400 1091 4458 mensi
1122 4417 1226 4473 per
1254 4418 1316 4457 so
1349 4400 1622 4474 alligatae,
1654 4402 1791 4459 huic
1821 4403 1910 4458 vel
1943 4403 2026 4458 illi
2060 4403 2246 4459 mensi
2277 4404 2481 4460 afﬁcto:
2513 4409 2675 4471 sunt,
2707 4403 2853 4460 illud
2886 4404 3140 4460 maxime
3187 4405 3659 4460 animadverten-

233 4504 376 4559 dum
408 4495 755 4568 colligimus,
790 4491 946 4547 haud
991 4494 1145 4546 recte
1182 4490 1379 4545 inferri
1414 4507 1585 4562 posse
1629 4491 1868 4562 aliquod
1902 4493 2117 4548 festum
2150 4509 2264 4548 non
2296 4493 2439 4548 satis
2472 4498 2681 4549 notum
2725 4509 2792 4549 eo
2823 4508 3025 4548 mense
3054 4492 3417 4550 celebratum
3449 4494 3658 4564 fuisse,

233 4592 294 4648 in
325 4606 440 4663 quo
470 4587 599 4660 ejus
628 4583 809 4640 Missa
838 4579 1216 4637 describitur.
1250 4578 1343 4635 Sic
1374 4597 1441 4635 ex
1468 4580 1646 4636 Missa
1676 4581 1737 4635 in
1766 4580 2125 4636 Dedicatione
2172 4580 2428 4637 basilicae
2477 4586 2534 4636 S.
2568 4582 2725 4638 Petri
2770 4580 2924 4638 inter
2975 4598 3317 4639 communes
3368 4584 3659 4639 recensita

235 4696 438 4738 mense
466 4674 673 4749 Aprili,
694 4671 893 4729 minus
946 4672 1071 4725 tute
1099 4668 1414 4724 inferretur
1444 4669 1681 4741 aliquod
1709 4670 1768 4725 S.
1789 4669 1941 4725 Petri
1964 4670 2181 4727 festum
2208 4677 2311 4727 aut
2339 4671 2764 4728 dedicationem
2797 4671 2986 4744 ipsius
3015 4673 3279 4730 Basilicas
3310 4672 3420 4729 hoc
3450 4688 3653 4730 mense

233 4771 419 4829 fuisse
447 4771 783 4840 peractam;
814 4759 969 4816 sicut
1006 4757 1246 4814 omnino
1281 4775 1583 4831 perperam
1617 4759 1975 4816 celebratum
2009 4760 2299 4816 diceretur
2347 4761 2561 4818 festum
2606 4767 2663 4816 S.
2699 4761 2979 4833 Stephani
3023 4779 3229 4819 mense
3268 4765 3557 4835 Augusto,
3590 4778 3657 4819 eo

236 4859 393 4934 quod
423 4857 611 4914 Missae
640 4852 820 4922 hujus
853 4848 985 4905 festi
1012 4847 1123 4903 hoc
1166 4864 1367 4904 mense
1402 4849 1793 4917 proferuntur.
1823 4850 1982 4905 Idem
2015 4848 2331 4906 dicendum
2367 4856 2456 4907 est
2485 4851 2556 4907 de
2585 4850 2763 4907 Missa
2791 4851 2851 4906 in
2883 4851 2978 4907 die
2999 4852 3235 4923 jejunii,
3261 4868 3387 4924 quas
3416 4850 3476 4907 in
3511 4852 3659 4908 festo

234 4947 487 5019 alicujus
518 4938 796 5013 martyris
827 4940 1066 4993 notatur
1104 4953 1306 4992 mense
1333 4936 1511 4993 Julio.
1543 4942 1675 4993 Haec
1700 4939 2032 4993 communis
2062 4944 2151 4995 est
2196 4939 2396 5011 Missa,
2429 4957 2495 4996 eo
2546 4939 2640 4996 die
2683 4940 3021 4998 adhibenda
3051 4958 3167 5013 quo
3192 4941 3487 5013 jejunium
3520 4957 3657 4996 cum

237 5035 510 5110 martyris
535 5034 682 5089 festo
713 5029 1040 5083 concurrat.
1070 5024 1271 5080 Simile
1301 5027 1604 5099 quidpiam
1638 5032 1727 5083 est
1754 5028 1825 5083 de
1856 5028 2051 5084 Missis
2099 5027 2186 5083 vel
2236 5029 2603 5085 orationibus
2634 5030 2942 5086 descridtis
2973 5047 3176 5087 mense
3202 5029 3410 5103 Aprili,
3441 5028 3659 5101 quibus

231 5135 289 5184 S.
319 5121 570 5183 Tiburtii
599 5126 701 5178 aut
727 5122 782 5173 S.
816 5112 1078 5186 Gregorii
1111 5117 1384 5186 martyris
1416 5134 1630 5173 nomen
1661 5117 1978 5185 inseritur;
2012 5123 2154 5174 sunt
2182 5118 2342 5174 enim
2373 5119 2583 5189 Missae,
2616 5135 2733 5175 non
2777 5118 2958 5191 hujus
2992 5121 3214 5177 mensis
3245 5120 3518 5192 proprias,
3550 5118 3654 5174 sed

230 5219 386 5274 inter
413 5224 758 5272 communes
783 5205 853 5260 de
886 5202 1244 5272 martyribus
1269 5203 1377 5259 hoc
1408 5223 1609 5263 mense
1639 5206 1932 5262 collectas.

300 5304 533 5362 10.11am
562 5314 735 5374 porro
765 5295 891 5367 ipsa
924 5291 1174 5363 insignis
1196 5292 1508 5352 Missurum
1542 5302 1597 5354 et
1626 5296 1950 5352 orationem
1982 5296 2246 5352 confusio
2278 5296 2532 5368 primam
2564 5297 2811 5354 Romani
2840 5298 3299 5356 Sacramentarii
3331 5297 3655 5370 imaginem

227 5397 290 5454 in
316 5399 515 5452 nostro
546 5388 743 5448 codice
771 5380 1091 5441 exhibitam
1122 5380 1315 5452 palam
1355 5386 1630 5442 ostendit.
1664 5386 1724 5442 Si
1755 5384 1912 5441 enim
1944 5384 2177 5456 aliquod
2210 5386 2513 5458 antiquius
2542 5388 3078 5449 Sacramentarium
3109 5407 3220 5446 usu
3250 5389 3524 5445 Romanis
3547 5391 3654 5443 Ec-

226 5484 416 5544 clesiae
447 5482 747 5553 receptum
780 5490 894 5546 prae
927 5468 1112 5527 oculis
1143 5470 1469 5530 collectoris
1500 5474 1730 5541 fuisset,
1775 5474 1827 5529 is
1877 5474 2136 5545 profecto
2167 5491 2236 5530 ex
2277 5473 2466 5546 ipsius
2517 5477 2721 5533 ordine
2753 5493 2819 5533 ac
2868 5477 3168 5550 methodo,
3200 5478 3251 5535 si
3281 5494 3394 5533 non
3426 5492 3655 5544 omnes,

226 5576 434 5635 saltem
467 5571 668 5644 plures
698 5564 959 5622 defectus
991 5558 1367 5617 deelinasset.
1416 5562 1503 5620 Ita
1532 5563 1824 5635 ejusmodi
1855 5563 2241 5635 perturbatio,
2274 5581 2405 5637 quae
2435 5565 2574 5621 huic
2622 5565 2955 5624 collectioni
3000 5567 3373 5624 nonnihilum
3423 5565 3657 5625 videtur

226 5663 555 5732 detrahere,
586 5658 774 5732 ipsius
810 5649 1222 5722 antiquitatem
1257 5651 1690 5720 demonstrans,
1721 5652 1783 5708 in
1814 5668 1931 5709 non
1960 5652 2231 5725 exiguam
2276 5655 2543 5725 ejusdem
2572 5656 3144 5715 commendationem
3178 5657 3350 5714 redit.
3370 5654 3516 5712 Hinc
3547 5670 3653 5711 au-

228 5758 348 5819 tem
378 5749 647 5828 sequitur
684 5745 943 5823 primum
991 5739 1529 5803 Sacramentarium
1568 5739 1804 5820 publico

2038 5758 2123 5801 nae
2177 5742 2449 5806 Ecclesiae
2503 5743 2641 5802 usui
2670 5744 3038 5822 propositum
3070 5762 3201 5807 esse
3250 5743 3649 5819 Gelasianum,
