4080 6220
435 370 509 427 17
1958 368 2375 428 ΡΒᾹΞΡΑΤΙΟ
3774 361 3853 421 18

437 501 590 574 quod
625 516 769 558 sane
797 499 1204 572 aequissimum
1236 501 1500 557 ordinem
1534 502 1783 575 praefert.
1805 500 2079 557 Nostrum
2096 518 2230 558 vero
2254 501 2602 558 anteriorem
2635 501 2896 574 quidem,
2925 500 3026 557 sed
3050 499 3331 573 privatam
3360 493 3696 569 cujuspiam
3726 495 3851 552 col-

431 591 742 648 lectionem
772 607 921 656 esse,
955 606 1083 663 quas
1115 590 1350 663 publico
1380 593 1517 648 usui
1550 609 1662 647 non
1693 592 1819 649 fuit.
1849 592 1917 646 Et
1948 592 1995 647 si
2030 592 2267 663 quidem
2300 592 2577 663 Simplicii
2603 610 2760 664 papa:
2796 608 3006 647 nomen
3042 607 3145 662 pro
3168 590 3426 645 Silveslrz'
3453 587 3513 642 in
3544 586 3721 643 Missa
3749 603 3849 643 an-

430 686 489 736 te
520 680 757 736 laudata
788 680 1123 751 posterioris
1155 680 1377 736 librarii
1409 681 1867 737 hallucinatione
1900 681 2359 753 haudquaquam
2394 682 2647 753 irrepsit,
2692 685 2822 753 post
2862 680 3227 751 Simplicium
3262 694 3472 750 papam
3500 677 3621 732 haec
3646 676 3846 732 collec-

431 771 513 827 tio
545 773 849 841 compacta
874 769 984 823 fuit
1015 770 1126 824 sub
1184 770 1363 826 Felice
1397 772 1473 825 III
1505 771 1590 825 vel
1626 771 1793 824 initio
1846 770 2222 841 pontificatus
2254 770 2467 825 Gelosii
2503 788 2513 824 :
2551 771 3016 825 additamentum
3053 769 3209 823 enim
3242 766 3553 840 posterius,
3587 767 3742 837 quod
3783 766 3843 822 in

432 859 541 915 hac
569 861 747 914 Missa
777 858 1001 916 nonulli
1026 859 1235 930 spicati
1269 864 1426 927 sunt,
1461 860 1584 914 sola
1614 861 2079 915 Sacramentaria
2110 861 2362 931 publica,
2396 877 2527 915 cum
2564 861 2633 914 ad
2670 877 2841 915 usum
2878 859 3263 914 Ecclesiarum
3296 858 3573 928 deinceps
3602 856 3843 927 exeribi-

432 956 549 1016 tur,
575 949 831 1021 recipere
860 948 1069 1004 solent.

504 1040 588 1094 11.
620 1038 820 1109 Neque
850 1053 985 1094 vero
1019 1054 1088 1093 ex
1117 1054 1182 1093 eo
1216 1039 1366 1109 quod
1401 1038 1491 1093 hic
1524 1040 1703 1094 codex
1734 1058 1765 1094 a
1797 1040 2018 1110 privato
2052 1039 2288 1093 homine
2320 1040 2543 1109 absque
2589 1038 2876 1108 exquisito
2922 1038 3126 1093 ordine
3156 1039 3445 1109 digestus,
3475 1036 3535 1090 in
3568 1036 3845 1092 Romamn

425 1126 690 1182 Ecclesia:
725 1144 837 1183 usu
869 1143 987 1183 non
1019 1127 1151 1194 fuit,
1187 1127 1382 1182 minus
1414 1128 1689 1183 aestimari
1724 1130 1914 1194 debet,
1950 1128 2031 1182 vel
2068 1128 2246 1197 hujus
2278 1128 2543 1183 Ecclesia:
2593 1128 3129 1182 Sacramentarium
3163 1124 3443 1198 appellari
3475 1125 3699 1197 nequit.
3734 1127 3845 1182 Ro-

424 1234 611 1272 manis
641 1216 797 1271 enim
829 1215 1101 1271 Ecclesiae
1130 1218 1662 1272 Sacramentarium
1695 1223 1783 1272 est
1814 1218 1967 1287 quod
2021 1217 2294 1287 liturgica
2342 1218 2469 1285 ejus
2519 1218 2891 1274 documenta.
2925 1233 3053 1287 quae
3086 1220 3217 1272 ante
3261 1214 3560 1271 Gelasium
3601 1215 3848 1271 diversis

424 1305 796 1376 temporibus
826 1305 960 1361 usui
994 1306 1175 1371 fuere,
1198 1306 1259 1361 in
1291 1324 1475 1361 unum
1528 1324 1739 1379 corpus
1774 1307 2017 1361 collecta
2047 1307 2455 1378 complectitur
2488 1325 2499 1361 :
2546 1324 2610 1361 eo
2644 1312 2839 1361 autem
2873 1310 2961 1361 est
3015 1304 3425 1361 azstimubilius
3457 1321 3570 1377 pra:
3601 1305 3845 1372 caeteris,

424 1398 646 1466 quanto
680 1398 735 1449 ct
765 1394 937 1465 plura
965 1399 1022 1450 et
1049 1396 1373 1451 vetustiora
1406 1396 1751 1467 hujusmodi
1795 1402 2178 1451 monumenta
2221 1397 2291 1450 ad
2349 1396 2601 1467 priscam
2635 1395 3007 1466 disciplinam
3040 1394 3531 1465 cognoscendam,
3562 1397 3619 1450 et
3647 1395 3719 1450 ad
3751 1411 3846 1450 ca-

422 1484 699 1540 tholicam
734 1484 909 1539 fidem
942 1485 1407 1539 confirmandam
1440 1485 1606 1539 utilia
1637 1484 1802 1540 nobis
1834 1486 2217 1553 conservavit,
2252 1502 2377 1555 qua:
2408 1486 2466 1540 in
2502 1485 2631 1541 aliis
2663 1484 3147 1540 Sacramentariis
3175 1484 3394 1539 frustra
3422 1483 3847 1556 requiraleazc

425 1574 614 1629 fusius
646 1574 943 1645 praefanda
991 1574 1150 1629 fuere
1184 1576 1253 1629 ad
1288 1575 1765 1630 constituendum
1800 1576 1981 1631 nostri
2018 1576 2465 1631 Sacramentarii
2525 1580 2818 1631 auctorem
2860 1592 2925 1631 ac
2975 1580 3229 1646 tempus,
3261 1590 3329 1629 ex
3385 1574 3601 1647 quibus
3656 1573 3843 1646 ipsius

427 1664 603 1720 etiam
636 1664 1039 1736 praestantiam
1071 1664 1217 1720 satis
1248 1666 1613 1737 agnovimus.

498 1755 585 1807 12.
608 1757 775 1808 Nunc
805 1756 869 1808 ut
899 1752 1120 1825 aliquid
1154 1754 1222 1809 ad
1255 1754 1628 1809 vetustiorem
1660 1755 1958 1826 liturgiam
1990 1756 2311 1812 Romanam
2342 1756 2751 1811 illustrandum
2784 1756 3078 1821 all'eratur,
3112 1754 3398 1811 nonnulla
3427 1770 3494 1810 ex
3517 1757 3714 1810 nostro
3747 1769 3839 1809 co-

429 1842 559 1898 dice
592 1841 787 1914 colligi
820 1858 995 1915 posse
1024 1843 1341 1898 credimus.
1374 1844 1433 1899 Si
1464 1844 1583 1899 haec
1613 1846 2061 1900 Sacramentarii
2096 1847 2339 1901 Romani
2371 1846 2563 1918 prima
2592 1850 2648 1901 et
2680 1846 2905 1917 privata
2935 1844 3197 1900 collectio
3239 1845 3370 1911 fuit,
3403 1847 3469 1899 ut
3497 1847 3670 1899 antea
3696 1841 3840 1898 vidi-

428 1948 584 1999 mus,
612 1930 806 2003 palam
838 1932 904 1987 ﬁt
932 1932 1162 1988 nullum
1195 1932 1496 2003 publicum
1529 1935 2077 2006 Sacramentarium,
2107 1937 2261 2007 quod
2294 1936 2519 1991 scilicet
2547 1935 2725 1991 totius
2757 1936 2891 1991 anni
2927 1952 2991 1989 ac
3023 1934 3280 1989 omnium
3313 1935 3596 1990 festorum
3627 1933 3841 1989 Roma-

428 2038 516 2076 nae
542 2019 811 2076 Ecclesiae
843 2020 1056 2076 Missas
1088 2024 1243 2077 certe
1275 2022 1478 2078 ordine
1510 2022 1769 2095 digestas
1801 2029 1976 2095 atque
2008 2023 2277 2080 collectas
2307 2025 2624 2090 exhiberet,
2658 2023 2949 2080 exstitisse
2981 2022 3192 2079 saeculo
3221 2041 3274 2078 ν.
3308 2024 3490 2078 Nemo
3522 2025 3675 2078 certe
3708 2040 3840 2095 pro-

418 2110 582 2165 barit
626 2109 1007 2178 contrarium,
1040 2126 1147 2166 nec
1196 2110 1505 2182 quisqaam
1561 2113 1846 2168 hactenus
1894 2113 2116 2169 invenit
2163 2114 2385 2186 aliquid
2427 2113 2688 2169 anterius
2718 2112 3182 2169 Sacramentario
3232 2112 3561 2179 Gelasiano,
3598 2113 3751 2183 quod
3783 2113 3843 2168 in

422 2217 599 2255 usum
634 2199 937 2271 publicum
970 2200 1191 2255 editum
1224 2201 1405 2257 fuisse
1438 2201 1643 2274 liquet.
1667 2203 1867 2258 Solum
1892 2204 2209 2274 Canonem,
2236 2204 2620 2259 solemniores
2651 2203 2875 2275 aliquot
2906 2220 3123 2275 preces,
3147 2220 3212 2258 ac
3244 2208 3430 2258 certas
3455 2218 3696 2274 precum
3730 2202 3843 2258 for-

424 2288 642 2359 mulas,
675 2293 731 2343 et
761 2289 1077 2359 quemdam
1110 2290 1439 2345 orationum
1471 2292 1759 2359 ordinem,
1792 2292 2070 2347 nimirum
2103 2293 2270 2348 initio
2299 2294 2514 2361 Missae,
2545 2297 2675 2349 ante
2707 2294 3024 2359 Canonem,
3057 2296 3114 2347 et
3164 2296 3297 2365 post
3344 2292 3841 2350 communionem.

428 2376 861 2448 antiquissimis
892 2394 1125 2449 quoque
1161 2379 1521 2449 temporibus
1553 2380 1861 2435 inductum
1896 2398 1959 2436 ac
1993 2386 2287 2453 receptum
2326 2383 2527 2449 fuisse,
2557 2399 2626 2437 ex
2674 2381 2897 2453 aliquot
2935 2380 3284 2453 pervetustis
3316 2380 3587 2435 Patribus
3635 2378 3844 2434 didici-

426 2485 559 2523 mus
593 2484 606 2523 :
641 2485 781 2523 num
813 2485 946 2523 vero
985 2469 1092 2539 hac,
1124 2468 1213 2524 vel
1245 2469 1356 2524 illa:
1388 2472 1683 2527 orationes
1716 2488 1780 2527 ac
1818 2472 2188 2528 Prmfationes
2236 2473 2448 2545 cuique
2498 2473 2640 2527 festo
2673 2476 2871 2527 essent
2912 2473 3200 2544 ascriptae,
3233 2476 3297 2526 ut
3345 2473 3498 2542 apud
3542 2469 3841 2526 Gelasium

424 2557 726 2629 leguntur,
750 2557 882 2630 quis
913 2559 1159 2629 probare
1192 2560 1416 2630 queat?
1444 2560 1769 2617 Nonnullas
1803 2563 2039 2633 quidem
2060 2563 2267 2618 Missas
2299 2563 2691 2634 quorumdam
2726 2564 3005 2618 festorum
3031 2563 3316 2634 preprias,
3342 2578 3468 2631 qua:
3500 2560 3841 2616 solemniori

420 2646 756 2703 celebritate
786 2648 844 2702 in
874 2648 1133 2703 Romana
1165 2648 1421 2704 Ecclesia
1446 2652 1893 2721 peragebantur,
1929 2657 2060 2707 ante
2092 2652 2388 2708 Gelasium
2424 2652 2604 2708 fuisse
2637 2652 2974 2707 lueubratas
3004 2669 3071 2707 ex
3104 2654 3303 2706 nostro
3336 2650 3531 2704 codice
3562 2648 3841 2705 manifes-

418 2742 549 2792 tum
582 2741 691 2792 est.
723 2740 797 2792 At
825 2737 935 2793 has
968 2738 1127 2809 ipsas
1159 2755 1274 2793 non
1308 2738 1490 2794 fuisse
1522 2740 1579 2793 in
1614 2758 1728 2795 uno
1761 2741 1910 2795 libro
1939 2742 2210 2797 collectas
2243 2747 2418 2813 atque
2450 2743 2728 2813 digestas,
2764 2741 2950 2796 Missae
2982 2757 3068 2795 ex.
3093 2757 3179 2811 gr.
3203 2740 3261 2794 S.
3296 2738 3576 2810 Stephani
3604 2737 3837 2793 eviden-

430 2830 521 2881 ter
552 2826 891 2880 ostendunt.
926 2826 985 2881 Si
1019 2826 1173 2881 enim
1206 2827 1295 2882 ha:
1354 2834 1488 2884 ante
1520 2835 1783 2885 nostrum
1834 2831 2198 2885 collectorem
2252 2833 2443 2886 relatae
2480 2831 2728 2885 fuissent
2757 2830 2815 2884 in
2866 2830 3124 2884 codicem
3177 2830 3247 2883 ad
3305 2827 3548 2898 liturgics
3594 2824 3838 2898 publicae

419 2931 621 2983 usum,
651 2914 804 2969 idem
837 2914 1114 2970 collector
1141 2932 1209 2971 ex
1239 2916 1348 2972 hoc
1380 2919 1613 2989 publico
1644 2924 1700 2975 et
1730 2920 1917 2990 magis
1948 2921 2115 2975 obvio
2149 2921 2347 2976 codice
2378 2937 2473 2976 eas
2504 2920 2708 2991 utique
2739 2919 3152 2991 descripsisset
3177 2934 3379 2973 mense
3400 2916 3840 2989 Decembri,quo

426 3007 486 3061 S.
521 3005 801 3074 Stephani
832 3005 1048 3060 festum
1076 3005 1498 3063 celebrabatur.
1532 3008 1763 3064 Solutus
1786 3009 1965 3081 igitur
1996 3014 2051 3065 et
2081 3015 2380 3082 separatas
2407 3028 2505 3065 eas
2538 3013 2737 3065 noster
2756 3008 3030 3065 collector
3060 3008 3302 3071 invenit,
3326 3024 3391 3063 ac
3422 3010 3730 3079 propterea
3760 3005 3843 3060 nil

422 3094 644 3149 mirum
680 3093 728 3149 si
762 3094 821 3148 in
850 3098 1016 3149 tanta
1045 3095 1391 3152 confusione
1423 3096 1677 3169 plurium
1708 3100 2018 3154 Missurum
2051 3099 2255 3170 primis
2286 3100 2443 3155 euris
2476 3100 2739 3155 ordinem
2772 3115 3002 3154 servare
3032 3114 3262 3169 semper
3292 3114 3404 3151 non
3440 3096 3649 3168 potuit.
3678 3097 3843 3151 Forte

415 3184 594 3241 etiam
634 3201 701 3239 ex
738 3183 915 3240 variis
943 3184 1252 3240 tabulariis
1275 3200 1374 3242 eas
1397 3188 1672 3259 sumpsit,
1704 3205 1768 3243 ac
1801 3190 1859 3243 in
1892 3205 2074 3243 unum
2108 3190 2365 3244 codicem
2399 3207 2511 3245 non
2546 3189 2735 3244 solum
2761 3188 2965 3243 Missas
2986 3186 3268 3259 integras,
3293 3186 3392 3241 sed
3417 3189 3610 3257 partes
3639 3184 3842 3252 etiam,

425 3288 836 3347 quascumque
865 3273 1107 3340 invenit,
1143 3274 1377 3341 referre,
1411 3280 1468 3329 et
1498 3276 1578 3330 ita
1608 3276 1863 3347 primum
1897 3278 2342 3332 Sacramentarii
2377 3277 2710 3349 exemplum
2743 3277 3115 3350 compingere
3144 3275 3348 3332 studit.
3383 3274 3526 3329 Hinc
3565 3272 3839 3345 intelligi-

418 3369 517 3419 tur
546 3380 650 3419 cur
681 3362 880 3435 plures
908 3363 1116 3419 Missas
1167 3363 1539 3437 imperfectas
1587 3367 1829 3432 dederit,
1860 3366 1918 3421 id
1949 3371 2036 3422 est
2065 3366 2151 3422 vel
2200 3367 2568 3423 Praefationes
2601 3366 2757 3422 solas
2798 3367 2924 3422 sine
2957 3366 3341 3432 orationibus,
3400 3363 3490 3419 vel
3547 3362 3838 3418 orationes

419 3452 551 3507 sine
568 3450 1022 3521 Prmfatione,vel
1046 3468 1223 3507 unam
1250 3453 1572 3508 orationem
1600 3457 2083 3516 tantum.etc.Non
2103 3472 2335 3527 semper
2351 3455 2505 3510 enim
2530 3455 2769 3527 integra:
2782 3455 2966 3508 Missae
2987 3454 3309 3508 lucubrata:
3328 3452 3647 3507 fueruntde
3668 3464 3835 3517 novo;

419 3541 526 3596 sed
560 3557 1009 3612 nonnumquam
1042 3541 1180 3597 solas
1239 3543 1607 3598 Przefationes
1638 3545 1724 3599 vel
1758 3545 2071 3614 orationes,
2123 3544 2334 3616 quibus
2366 3543 2473 3598 etsi
2508 3543 2649 3597 nihil
2684 3542 2843 3597 dubii
2876 3546 2966 3597 est
2996 3542 3137 3613 quin
3168 3542 3226 3595 in
3259 3539 3606 3596 celebranda
3660 3537 3839 3593 Missa

418 3630 550 3686 alia:
581 3631 925 3686 necessarias
956 3635 1151 3702 partes
1180 3630 1269 3686 vel
1300 3649 1367 3687 ex
1397 3633 1812 3689 communibus
1841 3633 1929 3689 vel
1960 3650 2027 3689 ex
2072 3639 2243 3693 antea
2293 3634 2525 3689 usitatis
2559 3632 2828 3704 precibus
2877 3631 3087 3687 addita:
3137 3630 3373 3698 fuerint,
3406 3644 3608 3684 earum
3639 3630 3836 3682 tamen

418 3720 897 3792 manuscriptum
930 3721 1261 3794 exemplum
1296 3728 1626 3794 separatum
1664 3741 1696 3778 a
1728 3723 1946 3779 caeteris
1978 3724 2279 3779 inventum
2304 3725 2432 3778 fuit.
2465 3724 2609 3777 Hinc
2637 3722 2810 3777 etiam
2845 3720 3217 3793 cognoscitur
3247 3736 3351 3776 cur
3382 3717 3592 3789 aliquae
3624 3716 3837 3773 oratio-

417 3827 527 3866 nes
558 3813 659 3864 aut
687 3810 1063 3865 Praefationes
1095 3809 1155 3865 in
1188 3814 1385 3866 nostro
1418 3812 1613 3867 codice
1647 3816 1983 3884 repetantur
2029 3832 2041 3869 :
2097 3812 2235 3884 quia
2284 3812 2567 3867 nimirum
2603 3829 2756 3866 novm
2790 3811 2961 3866 alicui
2992 3809 3240 3867 orationi
3271 3812 3372 3864 aut
3403 3806 3733 3864 Praefationi
3765 3807 3838 3860 ad

414 3901 707 3972 integram
745 3901 991 3956 missam
1021 3900 1437 3972 perﬁciendam
1485 3902 1800 3972 aliquando
1842 3904 2070 3972 adjecta
2119 3904 2355 3957 fuerunt
2400 3908 2606 3957 caetera
2649 3918 2716 3955 ex
2766 3901 3201 3968 communibus,
3249 3902 3351 3954 aut.
3381 3902 3551 3954 antea
3582 3894 3837 3952 usitatis.

417 4006 548 4062 quae
584 3990 803 4044 idcirco
836 4006 869 4045 a
900 3989 1167 4061 diligenti
1194 3994 1391 4045 nostro
1423 3992 1778 4063 exscriptore
1812 3992 2056 4063 repetita
2086 3991 2483 4047 inveniuntur.

493 4078 579 4132 13.
612 4077 757 4132 Cum
792 4076 987 4132 nullas
1015 4078 1075 4132 in
1104 4078 1215 4133 hoc
1244 4081 1708 4134 Sacramentario
1738 4079 1945 4135 Missas
1978 4080 2242 4152 proprias
2266 4081 2626 4151 reperiamus
2650 4078 3085 4135 Dominicarum
3118 4082 3251 4150 post
3284 4076 3527 4141 Pascha,
3548 4075 3680 4147 post
3695 4076 3842 4129 Pen-

416 4170 683 4222 tecosten
718 4166 805 4221 vel
837 4167 1161 4234 Adventus,
1197 4167 1339 4223 satis
1379 4168 1677 4240 probabile
1709 4172 1798 4225 est
1828 4170 2086 4225 nondum
2120 4186 2249 4224 eum
2287 4170 2547 4225 ordinem
2583 4171 2893 4225 Missarum
2924 4166 3367 4223 dominicalium
3400 4164 3583 4220 fuisse
3614 4161 3845 4235 prasti-

419 4262 644 4326 tutum,
696 4256 796 4327 qui
829 4255 888 4311 in
942 4257 1364 4328 posterioribus
1411 4260 1889 4314 Sacramentariis
1943 4259 2415 4330 deprehenditur.
2453 4260 2568 4315 Ilac
2600 4265 2793 4315 autem
2829 4260 2887 4313 in
2922 4275 2981 4313 re
3013 4257 3158 4312 illud
3190 4255 3480 4329 praecipue
3511 4251 3844 4310 observavi-

418 4363 579 4412 mus,
610 4346 794 4401 nostri
828 4348 1571 4419 Sacramentariitempore
1595 4349 1888 4404 orationes
1936 4353 1993 4403 et
2041 4365 2239 4421 preces
2289 4350 2346 4404 in
2390 4349 2704 4405 Dominicis
2763 4354 2895 4421 post
2950 4349 3322 4404 Pentecosten
3373 4348 3642 4417 sumptas
3668 4343 3847 4398 fuisse

416 4451 489 4490 ex
521 4434 934 4491 communibus
967 4436 1036 4491 dc
1069 4437 1357 4491 sacrificio
1394 4437 1608 4505 Missas,
1643 4443 1743 4492 aut
1773 4454 1875 4509 pro
1908 4438 2081 4492 variis
2113 4438 2308 4494 causis
2355 4444 2523 4509 atque
2575 4438 3044 4504 necessitatibus,
3082 4441 3255 4509 prout
3283 4436 3573 4507 cujusque
3604 4430 3842 4487 arbitrio

364 4559 373 4565 ρ
416 4526 611 4598 magis
644 4525 920 4597 placeret.
954 4529 1035 4581 Ex
1065 4527 1156 4582 his
1187 4526 1410 4599 aliquot
1440 4527 1703 4583 Collectre
1738 4530 1795 4583 in
1826 4530 2287 4585 Sacramentario
2317 4529 2529 4585 Gelasii
2562 4530 2708 4584 libro
2740 4529 2909 4584 tertio
2944 4528 3052 4584 sub
3083 4528 3251 4582 titulo
3285 4542 3384 4598 pro
3408 4524 3704 4581 Dominicis
3734 4522 3844 4577 die-

424 4618 547 4684 bus,
578 4618 661 4673 ita
694 4622 756 4671 ut
785 4618 971 4675 Missa:
1008 4619 1467 4687 Dominicarum,
1503 4637 1632 4691 quae
1663 4620 1842 4676 Missa
1872 4621 2107 4692 propria
2137 4626 2418 4689 carerent,
2451 4638 2518 4677 ex
2549 4621 2642 4677 his
2674 4622 2970 4676 sumendae
2999 4625 3216 4676 essent.
3252 4617 3506 4673 Tandem
3545 4614 3603 4669 in
3636 4614 3841 4670 Sacra-

428 4707 721 4763 mentario
750 4709 1105 4781 Gregoriano
1136 4726 1244 4765 sua
1275 4708 1488 4780 cuique
1536 4710 1848 4765 Dominicm
1887 4712 2065 4765 Missa
2124 4711 2357 4783 propria
2414 4712 2711 4783 assignate
2760 4710 2987 4783 legitur.
3054 4711 3112 4763 ld
3164 4713 3360 4763 tamen
3420 4720 3564 4761 num
3626 4707 3844 4775 Grego-

412 4795 503 4851 rio
537 4796 922 4853 tribuendum
955 4798 1051 4868 sit,
1085 4814 1158 4853 an
1192 4798 1319 4869 ejus
1350 4800 1816 4855 Sacramentario
1846 4799 2136 4872 posterius
2169 4799 2502 4871 accesserit,
2538 4799 2805 4855 nonnihil
2840 4798 3214 4869 ambigimus.
3248 4795 3305 4850 Si
3328 4794 3483 4851 enim
3510 4794 3691 4866 hujus
3720 4791 3843 4847 ins-

412 4885 720 4941 titutionis
755 4903 820 4941 ac
854 4887 1115 4943 methodi
1148 4893 1353 4943 auctor
1384 4889 1591 4944 fuisset
1619 4893 1670 4943 S.
1705 4890 2038 4961 Gregorius,
2073 4890 2343 4961 quamvis
2374 4890 2679 4945 Dominica
2738 4892 2866 4960 post
2900 4889 3273 4943 Pentecosten
3306 4886 3519 4941 eadem
3554 4882 3844 4940 orationes

415 4980 476 5031 et
531 4975 906 5031 Praefationes
964 4976 1022 5032 in
1082 4976 1359 5032 omnibus
1417 4978 1543 5047 ejus
1600 4977 1899 5034 codicibus
1958 4978 2376 5033 invenirentur.
2427 4981 2498 5034 At
2542 4978 2763 5049 aliquot
2812 4975 3250 5032 Dominicarum
3323 4991 3539 5048 praeces
3599 4972 3842 5028 diversae

417 5068 561 5121 sunt
617 5064 678 5119 in
715 5081 858 5120 mss.
921 5064 1168 5120 diversis
1219 5065 1545 5121 Muratoriii
1601 5072 1775 5139 atque
1824 5067 2103 5137 Mcnardi,
2158 5069 2311 5123 sicut
2367 5068 2541 5123 etiam
2602 5069 2659 5122 in
2717 5066 2934 5122 Missali
2996 5066 3278 5121 Romano.
3354 5063 3593 5137 Aliquot
3650 5075 3843 5117 exem-

417 5153 518 5227 pla
547 5153 607 5207 in
638 5154 1120 5210 annotationibus
1153 5155 1224 5209 ad
1259 5159 1526 5211 nostrum
1578 5157 2109 5213 Sacramentarium
2164 5158 2573 5214 indicavimus.
2611 5158 2816 5214 Confer
2864 5156 3184 5229 praesertim
3216 5154 3452 5211 Missam
3484 5169 3665 5208 xxxm
3695 5150 3848 5205 inter

415 5258 764 5299 communes
798 5244 1019 5299 mensis
1049 5243 1211 5314 Julii,
1246 5245 1415 5315 cujus
1448 5245 1636 5316 prima
1669 5247 1854 5302 oratio
1886 5248 1943 5302 in
1976 5247 2443 5303 Sacramentario
2474 5247 2687 5302 Gelasii
2723 5247 2933 5319 legitur
2961 5246 3064 5301 lib.
3102 5263 3183 5316 ιιι,
3213 5263 3270 5300 n.
3302 5244 3358 5311 9,
3388 5259 3485 5316 pro
3516 5241 3714 5299 diebus
3746 5241 3841 5295 Do-

416 5333 662 5401 minicis,
700 5333 755 5387 in
788 5333 1158 5405 Gregorianis
1187 5339 1383 5388 autem
1420 5335 1714 5391 Muratorii
1747 5337 2047 5393 Dominica
2080 5356 2170 5392 xxv
2204 5343 2333 5408 post
2364 5339 2765 5405 Pentecoston,
2799 5338 2952 5409 apud
3004 5336 3344 5391 Menardum
3375 5350 3508 5390 vero
3540 5328 3843 5388 Dominica

418 5439 515 5492 xv,
548 5441 617 5479 ac
648 5425 703 5479 in
741 5425 954 5480 Missoli
990 5426 1245 5481 Romano
1278 5426 1577 5481 Dominica
1608 5446 1731 5498 xm,
1765 5434 1819 5485 et
1853 5430 2000 5484 hanc
2033 5430 2321 5485 diversam
2360 5448 2736 5484 numerorum
2774 5428 3053 5484 rationem
3095 5444 3162 5482 ex
3209 5427 3338 5482 aliis
3368 5422 3646 5496 exemplis
3680 5438 3850 5478 cons-

423 5517 650 5568 tantem
686 5515 1053 5585 agnevimus.
1084 5517 1283 5582 Quoad
1315 5514 1527 5571 Missas
1554 5518 1624 5572 de
1648 5521 2220 5589 sanctis,pnueorum
2252 5525 2577 5590 martyrum
2602 5520 2793 5574 Missae
2817 5519 3060 5589 propriae
3093 5518 3149 5572 in
3185 5520 3381 5571 nostro
3413 5514 3609 5570 codice
3639 5511 3847 5583 legun-

426 5609 548 5658 tur.
584 5605 783 5667 Quoad
818 5604 961 5660 alios
994 5605 1425 5661 adhibebantur
1447 5622 1810 5664 communes.
1845 5610 1990 5663 Hinc
2022 5609 2217 5679 plures
2252 5608 2435 5663 Missae
2470 5625 2809 5665 communes
2840 5608 2910 5662 de
2943 5606 3299 5677 martyribus
3330 5607 3387 5659 in
3415 5608 3611 5659 nostro
3643 5603 3848 5657 Sacra-

435 5692 729 5749 mentario
759 5699 1093 5762 occurrunt,
1124 5694 1184 5749 in
1218 5692 1431 5766 quibus
1464 5698 1588 5753 duae
1620 5700 1912 5756 orationes
1965 5699 2053 5754 vel
2104 5703 2220 5753 tres
2274 5697 2536 5770 alioquin
2585 5713 2928 5755 communes
2967 5695 3267 5767 proprium
3305 5694 3579 5766 martyris
3609 5705 3848 5753 nomen,

434 5781 700 5856 Agapiti,
730 5798 819 5841 ex.
854 5800 964 5857 gn,
996 5781 1275 5856 Gregorii,
1307 5786 1438 5858 etc.,
1463 5789 1796 5859 praeferunt.
1831 5792 1986 5847 Inter
2016 5787 2395 5863 quamplures
2426 5788 2633 5847 Missas
2668 5789 2735 5843 de
2766 5786 3120 5857 martyribus
3150 5798 3450 5859 perpaucae
3482 5782 3758 5856 leguntur
3778 5776 3849 5833 de
