4080 6220
283 444 357 506 19
1771 437 2189 501 PllﬂFATIO
3611 433 3692 498 20

278 577 650 652 simplicibus
690 576 1147 649 confessoribus,
1174 593 1240 633 eo
1274 577 1426 649 quod
1463 576 1546 631 illi
1577 574 2053 649 persecutionum
2089 577 2351 644 tempore
2380 571 2803 646 frequentiores
2827 573 2885 629 et
2926 569 3186 629 notiores
3217 569 3475 627 fuerunt.
3506 568 3693 626 Nullas

278 673 420 724 sunt
449 667 842 740 apostolorum
876 668 1068 723 Missae
1100 666 1346 741 propriae
1377 667 1490 721 nisi
1522 670 1860 721 sanctorum
1894 662 2047 719 Petri
2079 668 2135 717 et
2164 662 2350 729 Pauli,
2377 668 2434 718 S.
2468 664 2710 719 Andreas
2740 667 2797 718 et
2826 664 2883 719 S.
2917 664 3083 718 Joan.
3117 660 3448 732 Evangelist
3476 677 3525 715 c.
3547 663 3691 716 Cum

276 774 413 814 vero
442 757 778 813 inveniatur
808 757 983 812 Missa
1030 757 1102 811 de
1156 756 1433 812 omnibus
1463 754 1746 827 apostolis
1780 754 1933 808 infra
1962 756 2222 807 octavam
2256 753 2351 808 SS.
2387 753 2539 807 Petri
2567 757 2624 808 et
2652 752 2838 818 Pauli,
2882 768 3023 807 num
3075 748 3395 823 peculiaria
3443 749 3691 805 aliorum

278 846 675 920 apostolorum
708 846 853 901 festa
885 846 1078 900 Romae
1110 861 1215 918 per
1242 846 1352 901 hoc
1374 850 1609 917 tempus
1640 860 1753 899 non
1787 842 2179 908 celebrantur,
2211 843 2311 896 sed
2363 858 2428 897 eo
2477 843 2569 897 die
2600 843 2933 897 communis
2965 856 3166 897 eorum
3197 839 3476 895 memoria
3507 838 3694 902 fieret,

278 953 351 991 an
384 952 516 991 vero
548 952 655 991 suo
688 935 976 1006 cujusque
1010 934 1155 989 festo
1187 933 1362 988 Missa
1386 937 1715 989 sumeretur
1744 948 1811 987 ex
1841 931 2278 996 communibus,
2312 930 2559 985 aliorum
2587 930 2881 1001 judicium
2913 928 3007 983 sit.

353 1025 439 1079 14.
463 1028 543 1078 ΠΧ
573 1026 775 1080 nostro
799 1023 1264 1079 Sacramentario
1297 1022 1471 1078 etiam
1504 1021 1789 1077 discimus
1820 1036 1995 1092 quam
2030 1023 2316 1074 vetustam
2350 1020 2631 1091 originem
2665 1019 2920 1074 habeant
2970 1018 3258 1097 pleraeque
3289 1016 3603 1084 orationes,
3637 1019 3695 1072 et

282 1113 653 1185 praefationes
686 1111 1001 1179 nonnullae,
1035 1129 1161 1184 quae
1194 1128 1308 1166 non
1343 1111 1530 1166 solum
1565 1110 1623 1164 in
1674 1108 1981 1165 Gelasiano
2040 1115 2099 1163 et
2146 1108 2499 1178 Gregoriano
2531 1108 2852 1178 codicibus,
2895 1123 3096 1162 verum
3128 1108 3305 1161 etiam
3344 1107 3403 1161 in
3435 1106 3694 1161 Romano

279 1201 500 1258 Missali
543 1200 935 1257 continentur.
972 1200 1083 1255 Has
1111 1201 1169 1254 in
1209 1199 1687 1255 annotationibus
1722 1198 2136 1253 indicabimus.
2170 1198 2610 1252 Conferentibus
2638 1212 2772 1253 vero
2822 1195 3088 1268 singulas
3132 1195 3455 1267 apparebit,
3486 1198 3695 1266 quate-

282 1308 395 1347 nus
425 1290 674 1347 leviores
706 1291 997 1362 quasdam
1026 1306 1237 1346 vocum
1273 1290 1623 1345 mutationes
1654 1288 1864 1360 aliqua
1895 1287 2188 1343 orationes
2218 1288 2561 1358 receperint,
2589 1291 2647 1341 et
2676 1287 2969 1358 quomodo
3000 1301 3444 1354 nonnumquam
3474 1301 3543 1339 ex
3564 1282 3694 1355 plu-

283 1380 451 1436 ribus
481 1378 923 1452 prefationibus
955 1379 1011 1433 in
1047 1395 1163 1433 uno
1194 1377 1656 1435 Sacramentario
1688 1377 1986 1443 exhibitis,
2018 1376 2240 1447 aliquot
2270 1376 2576 1431 sententiis
2606 1392 2672 1430 ac
2694 1375 2883 1431 verbis
2917 1376 3053 1430 hinc
3081 1378 3138 1429 et
3167 1373 3301 1428 hinc
3333 1372 3619 1444 excerptis
3640 1377 3699 1427 et

285 1467 1167 1542 colligatis,nonnulla:Missalis
1187 1468 1555 1540 prmfationes
1578 1466 1918 1522 coaluerint.
1932 1466 2117 1522 Unum
2145 1465 2237 1519 hic
2254 1465 2586 1537 exemplum
2605 1466 2797 1537 quoad
2820 1464 3156 1535 prazfatione
3173 1462 3698 1535 prolerimus.Praa-

277 1558 419 1615 latio
441 1558 513 1613 de
539 1558 895 1613 Ascensione
917 1557 1302 1629 Demini,quae
1324 1556 1382 1612 in
1407 1555 1627 1612 Missali
1650 1560 1907 1612 Romano
1928 1556 2351 1627 etGregoriano
2377 1556 2776 1625 esteadem,ex
2800 1553 3102 1625 particulis
3128 1553 3378 1608 duarum
3402 1551 3696 1624 praefatio-

282 1662 426 1702 num
459 1643 644 1701 nostri
668 1645 1115 1701 Sacramentarii
1152 1648 1454 1717 compacta
1477 1644 1606 1699 fuit.
1631 1644 1820 1699 Verba
1849 1644 2031 1711 enim,
2050 1644 2155 1711 Qui
2174 1647 2293 1713 post
2321 1645 2778 1698 resurrectionem
2805 1658 2963 1696 suam
2992 1641 3244 1697 omnibus
3268 1640 3558 1712 discipulis
3582 1640 3698 1694 suis

280 1735 607 1805 manifestus
637 1735 919 1806 apparuit,
949 1737 1003 1788 ct
1032 1734 1164 1805 ipsis
1192 1733 1547 1789 cernentibus
1573 1738 1653 1789 est
1672 1734 1913 1788 elevatus
1947 1735 2004 1788 in
2036 1732 2255 1797 caelum,
2287 1731 2670 1787 inveniuntur
2698 1732 2759 1787 in
2790 1731 3130 1787 Praafatione
3162 1730 3353 1803 prima
3383 1728 3566 1785 nostri
3600 1744 3697 1783 co-

282 1823 430 1880 dicis
456 1840 471 1891 ;
502 1822 604 1879 illa
633 1838 785 1891 vero,
813 1823 876 1881 Ut
894 1838 991 1879 nos
1015 1823 1335 1879 Divinitatis
1355 1821 1757 1879 suaetribueret
1777 1838 1889 1877 esse
1915 1821 2514 1894 participes,leguntur
2540 1822 2599 1874 in
2629 1821 2908 1875 secunda.
2933 1819 3104 1876 Aliud
3136 1818 3468 1888 exemplum
3498 1816 3695 1888 quoad

283 1911 577 1970 orationes
607 1914 667 1967 et
693 1927 900 1967 vocum
932 1909 1258 1967 levissimas
1293 1910 1650 1967 mutationes
1698 1911 1931 1966 damus.
1981 1910 2180 1967 Oratio
2210 1910 2311 1964 illa
2341 1909 2583 1965 Romani
2614 1908 2865 1965 Missalis
2895 1909 2988 1964 die
3013 1910 3242 1965 sabbati
3276 1913 3405 1977 post
3437 1905 3698 1963 Domini-

282 2017 411 2057 cam
446 2018 497 2056 ιν
518 1999 1146 2073 ρυαάιιιεθείωω,ᾳυω
1168 2000 1373 2072 incipit
1407 2001 1516 2055 Tua
1542 2015 1658 2066 nos,
1691 2000 1748 2053 in
1782 2015 1886 2054 nos

2088 1999 2471 2053 cramentario
2501 1998 2754 2053 occurrit
2782 2013 2983 2053 mense
3010 1997 3334 2069 Septembri
3364 1997 3517 2052 inter
3538 2008 3699 2050 com‘

282 2106 516 2159 munes,
550 2090 578 2164 Ξ
606 2091 696 2156 39,
728 2107 787 2145 n.
821 2091 907 2159 12,
941 2090 1039 2146 ubi
1072 2091 1269 2160 verba,
1305 2090 1657 2162 Operationes
1686 2105 1807 2147 sua?
1832 2090 2121 2161 perﬁciant
2149 2104 2249 2143 nos
2276 2097 2522 2160 pacatos,
2551 2088 2662 2157 vel,
2696 2092 2761 2143 ut
2787 2087 2849 2143 in
2879 2089 3046 2143 codd.
3090 2088 3481 2158 Gregorianis,
3513 2084 3691 2157 placi-

281 2189 383 2250 tos,
418 2181 477 2237 in
509 2180 748 2235 laudato
780 2178 998 2235 Missali
1030 2179 1114 2235 sic
1145 2183 1373 2236 mutata
1406 2180 1640 2235 fuerunt
1692 2196 1705 2235 :
1751 2178 2082 2251 Operatione
2126 2194 2229 2234 sua
2276 2179 2377 2233 tibi
2401 2179 2630 2249 placitos
2659 2193 2773 2234 esse
2796 2178 3104 2249 perﬁciant.
3148 2176 3278 2233 Alia
3308 2176 3529 2233 similia
3558 2175 3693 2235 aliis

282 2268 638 2325 conferenda
667 2266 1077 2340 relinquimus.

351 2359 437 2414 15.
470 2359 651 2413 Multa
681 2374 850 2431 porro
882 2357 942 2414 in
972 2358 1082 2414 hoc
1112 2357 1597 2431 praestantissimo
1627 2374 1693 2412 ac
1720 2356 2121 2414 vetustissimo
2153 2356 2618 2413 Sacramentario
2649 2360 2969 2412 occureunt
2999 2356 3069 2411 ad
3102 2355 3390 2412 catholica
3419 2356 3699 2428 dogmata

277 2450 481 2504 contra
509 2446 725 2502 novitio
761 2462 986 2502 errores
1018 2447 1441 2512 confirmanda,
1473 2449 1529 2501 et
1553 2446 1625 2501 ad
1656 2444 2034 2517 disciplinam
2066 2445 2466 2518 antiquiorum
2498 2450 2830 2517 temporum
2868 2445 3342 2516 cognoscendum
3375 2444 3698 2516 utilia,quaa

274 2551 408 2592 cum
441 2536 511 2591 ad
542 2535 860 2608 posteriora
891 2535 1293 2591 additamenta
1323 2535 1395 2590 ab
1427 2534 1536 2590 hoc
1565 2534 1763 2590 codice
1794 2534 1983 2590 aliena
2014 2535 2213 2589 referri
2259 2538 2568 2604 nequeant,
2604 2551 2637 2588 a
2684 2533 3110 2590 recentioribus
3147 2533 3431 2589 haereticis
3474 2550 3541 2588 eo
3594 2551 3694 2588 no—

276 2624 432 2681 mine
461 2623 619 2680 eludi
647 2642 758 2680 non
793 2629 1085 2696 poterunt,
1118 2641 1229 2695 quo
1262 2623 1513 2679 aliorum
1541 2623 2139 2679 Sacramentariorum
2174 2623 2579 2679 auctoritatem
2607 2627 2919 2679 extenuare
2949 2622 3240 2678 nituntur.
3275 2623 3435 2686 Quod
3470 2623 3520 2678 si
3554 2622 3700 2694 pris‘

274 2730 477 2771 corum
511 2715 747 2769 Patrum
778 2713 1117 2769 testimonia
1150 2712 1390 2785 plurimi
1418 2715 1587 2781 fiunt,
1615 2712 1820 2785 quanti
1849 2712 2111 2768 facienda
2144 2716 2315 2767 erunt
2340 2711 2435 2766 illa
2467 2711 2644 2781 hujus
2673 2710 3146 2778 Sacramentarii,
3176 2712 3327 2782 quod
3371 2728 3486 2767 non
3521 2711 3699 2767 unius

276 2807 379 2861 aut
425 2802 666 2858 alterius
706 2801 897 2858 sancti
958 2801 1166 2869 Patris,
1199 2802 1300 2857 sed
1348 2818 1720 2859 summorum
1755 2800 2419 2873 antiquissimorumque
2451 2799 2812 2871 ponlificum,
2846 2806 3021 2872 atque
3049 2799 3319 2856 Ecclesiae
3353 2800 3695 2872 principalis

276 2891 604 2947 doctrinam
637 2907 703 2947 ac
726 2890 1099 2963 disciplinam
1134 2891 1191 2945 in
1224 2889 1472 2963 publicis
1505 2891 1694 2946 officis
1725 2889 2083 2963 propositam
2114 2894 2286 2960 atque
2318 2904 2654 2960 expressam
2685 2888 2967 2945 exhibet?
2990 2888 3284 2945 Nonnulla
3312 2893 3447 2944 Jesu
3480 2888 3696 2945 Christi

275 2978 673 3047 Divinitatem,
701 2979 969 3051 quaedam
996 2978 1206 3035 realem
1241 2981 1368 3051 ejus
1401 2979 1769 3052 praesentiam
1806 2979 1859 3034 in
1895 2978 2276 3045 Eucharistia,
2313 2977 2481 3050 plura
2509 2978 2581 3033 de
2621 2982 2957 3033 sanctorum
2989 2978 3150 3033 cultu
3203 2982 3261 3033 et
3304 2977 3696 3043 invocatione,

276 3066 348 3122 de
379 3067 643 3139 ipsorum
669 3083 804 3123 cum
832 3071 1152 3141 martyrum
1186 3070 1310 3123 tum
1345 3068 1742 3123 confessorum
1794 3068 2001 3139 gloria,
2049 3067 2119 3122 de
2157 3066 2317 3121 cultu
2364 3080 2661 3121 sacrarum
2708 3064 3114 3138 reliquiarum,
3146 3067 3216 3122 de
3248 3066 3596 3122 necessitate
3641 3070 3700 3123 et

273 3155 590 3211 efﬁcientia
619 3156 839 3229 gratiae,
873 3157 943 3210 de
975 3161 1210 3228 peccato
1237 3156 1527 3227 originali,
1559 3157 1631 3212 de
1656 3156 2016 3227 jejuniorum
2048 3156 2319 3223 utilitate,
2354 3156 2424 3209 de
2455 3155 2787 3226 prazstantia
2815 3156 2935 3210 voti
2966 3155 3349 3226 continentia,
3392 3156 3464 3210 de
3523 3157 3698 3210 bene-

273 3243 529 3300 dictione
551 3245 892 3318 nuptiarum
915 3247 985 3302 de
1012 3245 1307 3319 suffragiis
1328 3246 1839 3311 del'unctorum,de
1865 3261 2076 3317 magno
2095 3261 2338 3300 numero
2368 3249 2715 3317 martyrum,
2741 3244 2811 3300 de
2832 3243 3583 3316 episcoporumeminentia,
3621 3244 3694 3299 de

279 3334 1325 3407 supremaRomanorumlpontiﬁcum
1351 3334 1953 3406 auctoritate,aliaque
1985 3335 2055 3389 de
2072 3334 2203 3390 aliis
2220 3335 2596 3406 dogmatibus
2619 3326 3228 3405 testimoniasingulis
3251 3334 3430 3405 probe
3446 3332 3616 3389 lineis
3639 3332 3700 3387 in

280 3420 483 3478 oculos
514 3422 835 3479 incurrent.
872 3424 1292 3496 Antiquitatem
1321 3424 1533 3496 jejunii
1566 3441 1700 3480 cum
1724 3424 1924 3494 vigilia
1953 3429 2088 3479 ante
2118 3422 2516 3495 apostolorum
2550 3423 2789 3483 festa.ex
2820 3422 2994 3477 tertia
3022 3422 3203 3478 Missa
3233 3422 3291 3476 in
3339 3422 3485 3477 festo
3508 3423 3611 3477 S.A
3632 3438 3696 3476 n-

274 3510 426 3566 dreaa
459 3510 731 3584 colligere
758 3511 913 3569 licet.
948 3513 1145 3569 Ritum
1176 3513 1482 3569 velationis
1533 3529 1881 3585 sponsorum
1945 3511 2004 3566 in
2055 3512 2455 3567 benedictione
2502 3511 2867 3583 nuptiarum,
2902 3509 3076 3566 ladiis
3130 3516 3186 3566 et
3218 3510 3410 3566 mellis
3441 3517 3696 3566 veterem

273 3613 450 3654 usum
482 3598 541 3654 in
573 3600 890 3672 baptismo,
910 3602 1289 3658 ecclesiarum
1321 3603 1771 3671 dedicationem,
1796 3601 2246 3656 celebrationem
2279 3600 2548 3655 sacrificii
2572 3600 2631 3655 in
2664 3600 3010 3656 cmmeteriis
3037 3605 3455 3675 martyrum,et
3475 3599 3586 3655 alia
3606 3615 3696 3655 ve'

274 3686 545 3743 tustioris
575 3689 900 3761 disciplina:
932 3692 1185 3762 quisque
1212 3691 1464 3763 deteget.
1495 3691 1550 3744 Si
1582 3689 1753 3762 primi
1795 3690 2210 3761 quaterniones
2258 3690 2508 3757 codices,
2543 3689 2645 3761 qui
2675 3706 2708 3745 a
2734 3689 3016 3745 Januario
3070 3690 3140 3745 ad
3192 3689 3427 3745 initium
3478 3690 3696 3762 Aprilis

273 3774 655 3833 solemniores
683 3777 1045 3850 Epiphania,
1077 3779 1566 3850 Quadragesimae,
1600 3785 1656 3834 et
1687 3778 1987 3835 Paschatis
2008 3778 2213 3834 Missas
2256 3778 2815 3851 complectebantur,
2846 3777 3065 3849 injuria
3090 3783 3421 3851 temporum
3453 3794 3568 3834 non
3600 3779 3691 3833 in-

272 3863 669 3931 tercidissent,
702 3866 888 3922 multo
925 3866 1094 3939 plura
1123 3868 1381 3923 invenire
1414 3867 1627 3924 liceret.

348 3953 433 4006 16.
464 3953 779 4026 Reliquum
816 3962 902 4011 est
935 3961 1000 4010 ut
1030 3957 1102 4012 de
1132 3956 1260 4029 ipso
1291 3957 1694 4030 manuscripto
1726 3959 1991 4028 quaedam
2024 3957 2340 4030 peculiaria
2369 3957 2654 4013 dicamus.
2688 3961 2750 4012 In
2785 3958 2892 4013 hoc
2922 3956 3136 4030 duplex
3167 3973 3547 4013 numerorum
3598 3973 3689 4012 se-

246 4056 367 4101 res
401 4046 656 4099 notatur.
679 4044 789 4098 Alii
821 4044 974 4100 enim
1012 4046 1276 4101 numeris
1309 4046 1617 4115 signantur
1645 4047 1702 4101 in
1743 4048 2025 4117 margine,
2048 4046 2146 4101 alii
2178 4064 2309 4101 vero
2340 4047 2631 4102 contextui
2666 4047 3029 4102 inceruntur.
3063 4046 3300 4103 Numeri
3333 4046 3393 4101 in
3426 4045 3691 4116 margine

271 4129 574 4202 descripti,
607 4132 678 4187 ab
709 4131 874 4187 initio
905 4134 1358 4190 Sacramentarii
1392 4136 1463 4189 ad
1498 4136 1673 4190 finem
1707 4152 1895 4207 usque
1944 4136 2225 4192 continua
2256 4136 2627 4192 successione
2657 4137 3100 4210 producuntur;
3152 4136 3451 4207 totiusque
3498 4137 3690 4207 operis

270 4216 644 4290 partitionem
691 4236 757 4275 ac
789 4222 1217 4295 praecipuorum
1240 4224 1500 4295 capitum
1534 4238 1636 4279 seu
1669 4223 1975 4279 titulorum
2010 4224 2403 4279 diversitatem
2437 4224 2767 4296 designant.
2800 4225 3036 4280 Primus
3069 4240 3352 4280 numerus
3383 4224 3455 4279 ob
3504 4224 3692 4279 defec-

269 4308 398 4361 tum
431 4305 657 4378 aliquot
690 4308 961 4365 foliorum
993 4316 1081 4367 est
1106 4326 1160 4367 lx
1193 4311 1363 4366 initio
1394 4312 1617 4367 mensis
1648 4312 1797 4378 Maii,
1818 4314 1908 4368 cui
1947 4319 2273 4384 przeceeunt
2307 4314 2501 4385 plures
2533 4314 2726 4370 missae
2757 4314 2946 4369 mensi
2977 4314 3156 4385 Aprili
3183 4314 3435 4380 inserta),
3459 4330 3584 4384 qua:
3616 4313 3688 4368 ad

270 4409 581 4451 numerum
614 4413 715 4452 νιιι
748 4399 1036 4469 pertinere
1068 4405 1432 4469 noscuntur;
1469 4407 1802 4473 postremus
1835 4419 1985 4467 vero,
2020 4403 2113 4473 qui
2149 4404 2367 4457 desinit
2424 4404 2480 4456 in
2527 4404 2638 4457 fine
2687 4403 3040 4468 Decembris,
3074 4407 3163 4458 est
3213 4418 3499 4458 numerus
3532 4418 3669 4457 xuii

341 4483 458 4540 Hos
486 4502 762 4542 numeros
790 4504 822 4543 a
847 4489 1160 4544 Muratorio
1192 4490 1443 4546 omissos
1474 4508 1578 4545 nos
1610 4508 1716 4545 suo
1750 4492 1895 4555 loco,
1932 4509 2102 4563 quem
2139 4493 2193 4547 in
2226 4493 2423 4547 codice
2456 4491 2739 4558 obtinent,
2794 4493 3115 4547 referemus
3164 4493 3225 4548 in
3263 4492 3544 4564 margine.
3581 4476 3687 4546 Alii

268 4573 520 4640 numeri,
549 4576 650 4646 qui
681 4575 1026 4634 inseruntur
1056 4579 1374 4650 contextui,
1408 4580 1721 4636 Missarum
1757 4597 2066 4635 numerum
2101 4597 2167 4635 ac
2198 4580 2542 4635 divisionem
2576 4580 2690 4635 sub
2722 4581 2930 4652 quovis
2962 4580 3136 4637 titulo
3165 4581 3285 4636 fere
3326 4568 3683 4651 indigitant;

268 4660 351 4716 ita
381 4664 572 4717 tamen
608 4668 672 4719 ut
700 4664 977 4721 collector
1006 4683 1116 4722 non
1154 4668 1469 4722 admodum
1505 4671 1811 4722 accuratus
1842 4669 1988 4723 duas
2021 4685 2468 4739 nonnumquam
2500 4667 2713 4724 Missas
2743 4669 3108 4741 distinguere
3137 4668 3376 4736 oblitus,
3411 4668 3523 4723 sub
3553 4667 3682 4723 uni-

268 4762 335 4802 co
375 4764 619 4805 numero
650 4752 964 4809 collocarit.
1000 4756 1139 4811 Dein
1194 4755 1462 4828 pluribus
1509 4757 1565 4809 in
1600 4756 1744 4833 locis
1775 4758 2065 4813 variantes
2111 4758 2391 4813 lectiones
2421 4757 2604 4812 textui
2636 4758 2994 4823 inseruntur,
3029 4757 3375 4828 plerumque
3404 4756 3532 4811 sine
3563 4757 3683 4811 dis-

270 4836 552 4894 tinctione
584 4838 736 4908 ulla;
763 4844 1107 4917 plerumque,
1143 4846 1406 4916 inquam,
1428 4845 1746 4918 aliquando
1778 4846 1934 4901 enim
1963 4847 2340 4918 prmmittitur
2369 4846 2607 4918 signum
2636 4846 2918 4903 variantis
2949 4847 3132 4902 aliter.
3157 4846 3251 4902 Hea
3282 4849 3479 4902 autem
3512 4846 3682 4902 variis

264 4923 549 4983 lectiones
580 4944 611 4984 θ
640 4929 888 4988 diversis
917 4934 1181 5003 ejusdem
1215 4933 1401 4990 Missas
1432 4933 1881 5006 exemplaribus,
1920 4950 2047 5005 qua:
2078 4934 2138 4988 in
2171 4933 2502 4990 collecturis
2535 4952 2747 4990 manus
2779 4935 3063 5006 venerint,
3097 4936 3329 5008 prodire
3357 4935 3632 4990 videntur
3662 4952 3676 4991 :

272 5014 487 5086 saepius
517 5016 675 5073 enim
708 5024 849 5075 sunt
877 5022 1167 5091 ejusmodi
1203 5028 1266 5079 ut
1299 5041 1412 5079 non
1445 5024 1516 5079 ab
1548 5021 2002 5079 amanuensium
2037 5022 2347 5078 oscitantia
2373 5023 2460 5079 vel
2510 5024 2752 5081 arbitrio
2787 5025 3095 5097 pendeant,
3124 5026 3223 5082 sed
3258 5025 3329 5081 ab
3363 5024 3435 5079 iis
3462 5025 3680 5095 prolec-

270 5106 340 5158 tas
372 5112 685 5161 noscantur
733 5109 832 5179 qui
892 5111 1159 5166 eamdem
1209 5112 1534 5169 orationem
1594 5111 1681 5169 vel
1739 5112 2135 5182 praefationem
2169 5113 2225 5167 in
2260 5130 2425 5170 sacro
2474 5113 2802 5171 ministerio
2836 5114 3160 5186 repetituri,
3192 5113 3419 5185 aliquid
3452 5116 3682 5168 mutare

252 5192 580 5248 voluerunt.
616 5197 890 5261 Quardam
927 5201 1163 5254 tandem
1201 5200 1324 5256 loca
1352 5202 1516 5256 valde
1548 5200 1746 5256 luxata
1779 5207 1939 5255 sunt.
1976 5202 2032 5256 P.
2078 5202 2455 5257 Blauchinius
2513 5204 2728 5275 saepius
2785 5221 2850 5259 ex
2906 5204 3245 5275 conjectura
3286 5205 3679 5274 congruentes

250 5281 694 5340 emendationes
722 5284 779 5341 in
814 5288 1214 5343 potationibus
1245 5290 1570 5362 proposuit.
1607 5292 1721 5345 Has
1750 5308 1858 5345 non
1897 5308 2026 5346 raro
2067 5290 2423 5345 Muratorius
2457 5291 2692 5363 recepit,
2726 5309 2791 5346 ac
2821 5293 3002 5347 textui
3038 5292 3308 5360 inseruit,
3342 5309 3446 5347 nec
3478 5290 3674 5347 lectio-

250 5384 386 5425 nem
416 5371 637 5428 codicis
670 5373 967 5431 indicavit.
1005 5379 1188 5433 immo
1220 5378 1535 5435 nonnullas
1567 5396 1801 5451 quoque
1832 5396 1897 5434 ex
1930 5379 2002 5435 iis
2060 5381 2574 5435 emendatiouibus
2633 5382 2871 5453 recepit,
2908 5398 3052 5452 quas
3108 5382 3234 5453 ipse
3291 5380 3675 5437 Blanchinius

252 5457 679 5528 posterioribus
709 5463 866 5518 curis
898 5466 1229 5521 retractavit
1261 5467 1317 5521 in
1355 5467 1508 5523 foliis
1564 5467 2028 5523 Sacramentario
2080 5467 2349 5539 pra-lixis,
2383 5484 2507 5538 qua:
2543 5468 2841 5525 Muralorii
2892 5469 3257 5542 diligentiam
3318 5469 3666 5542 praeteriere.

258 5542 377 5599 Nos
426 5563 662 5618 semper
720 5550 1030 5608 lectionem
1082 5555 1468 5627 manuscripti
1511 5555 1598 5610 vel
1657 5557 2019 5628 proferemus
2078 5557 2135 5610 in
2182 5560 2363 5623 textu,
2423 5556 2509 5612 vel
2586 5558 2642 5612 in
2701 5558 3181 5615 annotationibus
3236 5558 3666 5626 exhibebimus,

256 5631 462 5705 paucis
496 5634 639 5693 locis
668 5640 943 5713 exceptis,
976 5642 1071 5698 ubi
1125 5643 1473 5700 manifestus
1501 5642 1720 5701 librarii
1753 5644 1957 5716 lapsus
1987 5644 2461 5717 deprehenditur.
