4080 6220
210 319 283 379 33
1012 312 1237 373 LIBER
1282 306 1973 371 SACRAMENTSRUM
2023 310 2415 373 ECCLESIB
2460 311 2836 375 ROMAN/E.
3543 320 3627 378 34

208 449 449 513 dens,ut
478 446 637 500 sicut
660 444 830 501 nobis
859 444 985 515 ejus
1016 443 1209 515 passio
1240 442 1492 499 contulit
1520 441 1871 497 hodiernum
1899 441 1954 508 Α
2053 441 2294 498 XXXVI.
2325 446 2460 499 Item
2491 444 2625 499 alia.
2659 475 2727 485 -—
2760 445 2992 500 Prosint
3039 446 3107 517 (ε)
3147 446 3393 514 meritis,
3425 446 3622 502 Domi-

209 537 268 592 in
299 542 401 591 tua
430 536 656 590 virtute
679 539 1027 589 conventum
1049 532 1383 605 (laetitiam),
1408 532 1489 588 ita
1518 531 1871 603 suffragetur

213 632 267 684 et
297 626 603 682 meritum.
645 625 769 694 Per,
801 630 910 679 etc.

283 718 430 781 Fiat,
464 714 737 781 Domine,
763 730 1122 783 quaesumus,
1146 712 1340 768 hostia
1372 710 1656 767 sacranda
1686 708 1875 782 placa-

215 807 351 862 bilis
370 806 609 877 pretiosi
629 803 970 859 celebritate
990 801 1411 875 martyrii,qua3
1427 801 1566 869 et(a)
1582 800 1757 854 corda
1776 816 1873 855 no-

214 903 338 953 stra
363 895 655 968 purilicet,
678 899 735 948 et
765 899 997 948 tuorum
1020 893 1125 947 tibi
1149 896 1278 947 vota
1301 890 1586 946 conciliet.
1613 890 1737 957 Per,
1761 894 1871 945 etc.

289 986 437 1041 Vere
468 984 736 1052 dignum.
774 982 1126 1051 Propensius
1158 985 1486 1046 exorantes,
1510 984 1574 1034 ut
1599 979 1751 1034 sicut
1784 978 1875 1032 in-

218 1075 485 1131 ﬁrmitati
515 1078 723 1128 nostra:
757 1071 1035 1144 prmscius
1064 1069 1365 1126 contulisti
1391 1068 1657 1126 subsidia
1678 1068 1874 1138 copio-

215 1183 283 1222 sa
305 1166 632 1235 justorum,
666 1163 745 1216 ita
774 1160 943 1217 nobis
974 1176 1177 1216 eorum
1200 1160 1426 1216 tribuas
1456 1157 1876 1214 intercessione

214 1254 484 1312 refoveri.
521 1252 646 1318 Per,
679 1255 788 1306 etc.

287 1342 513 1399 Exaudi
546 1358 675 1410 nos,
727 1339 995 1408 Domine,
1047 1337 1370 1395 clamantes
1402 1339 1474 1394 ad
1509 1342 1587 1405 te,
1640 1342 1697 1393 et
1728 1352 1876 1408 quos

211 1451 330 1490 non
376 1430 599 1488 deseris
629 1429 1036 1496 sacramentis,
1070 1429 1416 1486 necessariis
1449 1427 1645 1483 attolle
1675 1424 1877 1499 ρι’ωεὶ-

214 1524 354 1579 diis.
390 1523 521 1590 Per,
554 1525 665 1576 etc.
1630 1522 1641 1535 '

747 1608 824 1682 (b)
875 1626 930 1664 IN
964 1624 1353 1664 DEDICATIONE.

288 1710 540 1768 XXXIV.
576 1711 703 1765 Item
732 1709 869 1764 alia.
904 1740 969 1749 ——
1003 1713 1173 1774 Deus,
1207 1706 1307 1778 qui
1362 1704 1515 1760 beati
1560 1703 1708 1759 Petri
1742 1718 1879 1774 apo-

1981 546 2073 598 ne,
2107 531 2429 602 patrocinia
2462 532 2777 604 multiplita
2806 538 3167 603 sanctorum,
3201 540 3257 591 et
3296 535 3620 607 injustitias

1982 624 2212 675 nostras
2245 624 2327 675 tot
2360 622 2542 677 oratio
2573 623 2874 677 beatorum
2908 641 3011 695 pro
3054 625 3221 680 nobis
3254 625 3384 681 fusa
3415 626 3623 683 dissol-

1980 713 2094 764 vat.
2132 710 2255 780 Per,
2289 715 2399 764 etc.

2053 799 2155 869 Ne,
2188 815 2544 869 quaesumus,
2599 800 2859 867 Domine,
2892 820 2995 873 pro
3040 803 3259 859 nostris
3291 805 3626 861 excessibus

1983 903 2228 941 numera
2260 888 2449 942 delata
2480 889 2786 959 despicias,
2817 893 2915 945 sed
2953 908 3053 963 pro
3086 901 3315 948 tuorum
3350 894 3626 951 interces-

1984 975 2145 1030 sione
2187 982 2519 1031 sanctorum
2558 980 2748 1047 potius
2793 981 2862 1033 ad
2910 980 3332 1053 indulgentiam
3384 999 3626 1038 conver-

1984 1071 2103 1120 tere
2132 1066 2515 1136 supplicibus.
2550 1071 2678 1134 Per,
2709 1074 2817 1122 etc.

2054 1152 2199 1209 Vere
2220 1155 2483 1225 dignum.
2512 1157 2597 1210 Tu
2620 1157 3416 1229 etenim,Domine,discernis
3440 1179 3623 1234 popu-

1983 1242 2104 1297 lum
2130 1248 2329 1311 tuum;
2354 1250 2411 1299 et
2431 1245 2515 1314 (α)
2538 1246 2607 1299 ad
2634 1252 2953 1318 martyrum
2982 1248 3128 1303 festa
3153 1249 3467 1307 multitudo
3488 1268 3625 1307 con-

1986 1332 2304 1403 veniat,qui
2322 1334 2377 1387 in
2400 1338 2634 1389 tuorum
2654 1352 2786 1390 vere
2809 1335 3060 1390 fidelium
3082 1337 3201 1391 sint
3217 1343 3377 1410 parte
3391 1356 3631 1411 cognos-

1988 1421 2103 1489 cis;
2130 1427 2301 1492 atque
2325 1423 2448 1477 ideo
2486 1423 2538 1476 in
2566 1424 2727 1478 nulla
2770 1432 3067 1480 remaneat
3096 1427 3309 1482 diaboli
3343 1430 3625 1500 portione,

1988 1512 2089 1583 qui
2124 1512 2182 1565 in
2211 1516 2547 1567 sanctorum
2580 1513 2741 1585 cupit
2773 1520 2927 1569 sorte
2960 1517 3277 1572 numerari.
3311 1518 3433 1585 Per,
3467 1523 3578 1575 etc.

2060 1614 2286 1680 Annue,
2317 1629 2671 1680 quassamus,
2720 1614 2977 1680 Domine,
3033 1616 3214 1669 sacris
3275 1617 3628 1688 martyribus

1992 1700 2131 1769 tuis,
2164 1705 2227 1754 ut
2256 1718 2424 1773 opem
2460 1702 2625 1757 nobis
2657 1720 2777 1757 suae
2809 1705 3235 1775 deprecationis
3266 1705 3629 1777 impendant,

216 1802 351 1859 stoli
387 1800 736 1872 dignitatem
771 1798 989 1870 ubique
1022 1796 1164 1852 facis
1193 1811 1322 1852 esse
1348 1795 1667 1868 gloriosam
1693 1811 1705 1852 :
1736 1810 1878 1864 prae-
1912 1829 1959 1892 B
1992 1794 2049 1843 et
2080 1789 2226 1844 iram
2258 1794 2443 1855 tuam,
2476 1806 2651 1860 quam
2685 1791 2901 1846 nostris
2944 1794 3039 1846 17
3090 1794 3479 1864 pravitatibus
3512 1811 3633 1852 me-

220 1896 718 1961 sta,quaesumus,
744 1891 810 1941 ut
840 1890 896 1941 et
927 1885 1193 1941 doctrina
1217 1901 1448 1955 semper
1478 1882 1664 1954 ipsius
1688 1882 1879 1937 fovea-

222 1995 357 2033 mur
388 1983 447 2031 et
480 1974 725 2030 meritis.
762 1973 888 2044 Per,
923 1978 1032 2027 etc.

292 2066 564 2136 Suscipe,
587 2063 830 2117 Domine
862 2077 1223 2133 quaasumus,
1250 2058 1493 2126 hostias,
1521 2076 1665 2130 quas
1697 2059 1882 2129 maje-

228 2156 361 2212 stati
393 2164 512 2209 tuae
540 2153 600 2207 in
633 2153 855 2208 honore
881 2150 1031 2206 beati
1063 2149 1309 2221 apostoli
1335 2150 1506 2215 Petri,
1532 2151 1623 2204 cui
1650 2150 1768 2203 haec
1797 2151 1886 2204 est

233 2244 472 2301 basilica
505 2246 756 2311 sacrata,
808 2240 1153 2309 deferimus,
1186 2244 1241 2294 et
1287 2240 1417 2310 ejus
1478 2240 1747 2310 precibus
1779 2253 1885 2292 nos

228 2341 415 2399 tuere,
446 2334 569 2401 Per,
607 2336 717 2387 etc.

290 2428 441 2478 Vere
474 2422 747 2493 dignum.
783 2417 892 2483 Qui
925 2423 987 2473 ut
1019 2418 1074 2473 in
1118 2417 1279 2473 omni
1310 2417 1435 2473 loco
1469 2417 1886 2475 dominationis

218 2521 333 2570 tuae
364 2512 520 2567 beati
550 2509 702 2565 Petri
735 2507 983 2580 apostoli
1016 2508 1358 2580 magnificas
1389 2510 1887 2579 potestatem,non

222 2605 417 2660 solum
451 2600 555 2657 ubi
586 2597 949 2655 venerabiles
982 2597 1109 2666 ejus
1142 2596 1402 2668 reliquize
1441 2599 1889 2669 conquiescunt,

224 2694 325 2749 sed
360 2692 728 2760 ubicumque
760 2686 1019 2759 pretiosa
1044 2686 1369 2742 reverentia
1400 2686 1571 2741 fuerit
1604 2687 1888 2760 invocata,

226 2781 443 2837 tribuis
465 2796 599 2835 esse
619 2781 966 2850 przesentem
988 2800 1001 2843 ;
1035 2791 1192 2830 nunc
1214 2773 1392 2830 etiam
1416 2792 1781 2846 perseverare
1800 2778 1896 2833 de.

231 2876 557 2934 monstres,
579 2867 737 2938 quod
761 2866 819 2920 in
849 2881 1085 2921 omnem
1104 2869 1319 2919 terram
1344 2880 1526 2920 sonus
1556 2866 1683 2937 ejus
1705 2872 1889 2933 exeat,

233 2965 285 3015 et
314 2965 437 3014 toto
471 2960 618 3012 orbe
647 2954 931 3011 salutaria
962 2954 1137 3008 verba
1168 2954 1503 3009 decurrant.
1534 2954 1657 3025 Per,
1691 2959 1799 3011 etc.

297 3044 741 3108 Benedicimus,
766 3041 1474 3112 Domine,misericordias
1496 3044 1756 3116 tuas,qui
1786 3062 1892 3101 nos

242 3133 673 3192 incessabiliter
695 3131 847 3187 beati
884 3130 1130 3202 apostoli
1164 3130 1249 3185 tui
1278 3130 1433 3186 Petri
1466 3132 1613 3187 sinis
1646 3150 1895 3190 comme-

1990 1878 2239 1945 ruimus,
2270 1879 2605 1934 evadamus.
2641 1878 2763 1948 Per,
2795 1884 2903 1935 etc.
3618 1938 3621 1941 .

2061 1968 2321 2023 XXXVII.
2357 1969 2490 2023 Item
2522 1969 2659 2024 alia.
2705 2001 2770 2010 —
2802 1974 2923 2025 Non
2976 1971 3316 2040 obruamur,
3369 1973 3635 2043 Domine,

1993 2057 2629 2129 quaesumus,quamvis
2654 2058 2958 2115 immensis
2978 2060 3231 2115 molibus
3252 2066 3636 2131 peccatorum,

1993 2148 2092 2219 qui
2125 2148 2342 2219 ubique
2369 2147 2585 2202 sanctis
2617 2147 2733 2203 tuis
2766 2150 3212 2220 deprecantibus
3244 2156 3643 2220 exoramus,ut

1996 2236 2166 2291 malis
2198 2238 2415 2292 nostris
2438 2236 2697 2292 offensus
2729 2245 3041 2308 praesentes
3071 2240 3292 2295 hostias
3317 2258 3429 2295 non
3465 2240 3643 2313 repel-

1998 2328 2102 2393 las,
2136 2327 2234 2381 scd
2268 2326 2374 2381 tibi
2408 2344 2513 2382 nos
2543 2327 2788 2399 placitos
2843 2329 3194 2384 sacramenti
3224 2328 3433 2385 virtute
3469 2332 3641 2403 perfi-

1996 2416 2136 2473 cias.
2172 2417 2297 2481 Per,
2330 2423 2437 2471 etc.
3481 2406 3489 2413 ’

2070 2510 2213 2561 Vere
2244 2505 2511 2576 dignum.
2539 2506 2747 2561 Donari
2775 2507 2944 2562 nobis
2967 2507 3311 2580 suppliciter
3338 2514 3644 2566 exorantes

1999 2600 2062 2651 ut
2092 2596 2243 2650 sicut
2274 2594 2459 2649 sancti
2487 2595 2566 2649 tui
2603 2597 2889 2650 mundum
2924 2596 2979 2651 in
3007 2602 3103 2651 tua
3123 2597 3336 2653 virtute
3358 2598 3641 2666 vicerunt,

2000 2686 2079 2740 ita
2111 2701 2216 2739 nos
2268 2702 2301 2739 a
2337 2684 2655 2740 mundanis
2688 2685 2983 2741 erroribus
3036 2675 3332 2757 postulent
3361 2688 3643 2759 expediri.

2003 2780 2125 2843 Per,
2158 2779 2268 2829 etc.
3630 2820 3633 2821 ν

2070 2864 2216 2929 Quia
2249 2868 2457 2919 nostra:
2489 2881 2675 2930 voces,
2699 2864 2963 2929 Domine,
2997 2881 3111 2920 non
3145 2871 3444 2922 merentur
3473 2865 3645 2923 audi-

2000 2956 2069 3025 ri,
2104 2959 2440 3010 sanctorum
2482 2954 2846 3023 interventio,
2880 2972 3240 3025 quaesumus,
3292 2956 3365 3012 sit
3411 2961 3648 3030 accepta

2001 3047 2065 3115 (ε)
2100 3044 2225 3111 (fiat
2253 3045 2440 3113 grata)
2474 3060 2575 3115 pro
2606 3044 2795 3100 nobis.
2828 3045 2954 3111 Per,
2989 3049 3099 3101 etc.
3196 3046 3199 3047 ⁷

2073 3132 2367 3188 XXXVIII.
2400 3135 2532 3188 Item
2557 3134 2703 3189 alia.
2739 3165 2806 3174 ——
2838 3134 3039 3189 Preces
3084 3140 3334 3206 nostras,
3382 3135 3650 3205 Domine,

229 3225 563 3282 moratione
599 3219 1149 3291 foveri,suppliciter
1178 3224 1477 3276 exorantes
1510 3227 1575 3276 ut
1605 3223 1776 3291 cujus
1798 3239 1891 3278 so-
1923 3203 1965 3269 (ἶ
2008 3222 2360 3295 propitiatus
2390 3223 2655 3287 admitte,
2680 3228 2735 3277 et
2768 3228 2830 3278 ut
2860 3223 3034 3296 digne
3067 3225 3183 3279 tuis
3217 3203 3533 3281 tumuletur
3563 3203 3647 3282 al;

224 3315 450 3371 lemnia
482 3312 772 3385 gerimus,
806 3308 1127 3381 patrocinia
1151 3309 1499 3364 sentiamus.
1534 3310 1658 3377 Per,
1692 3317 1803 3367 etc.

291 3406 402 3460 16
436 3400 651 3457 XXXV.
690 3401 819 3455 Item
850 3400 988 3453 alia.
1020 3430 1089 3439 --
1120 3398 1178 3453 Si
1213 3399 1319 3463 vis,
1374 3403 1580 3468 potens
1619 3417 1680 3455 es
1726 3418 1897 3456 mun-

225 3498 391 3560 dare,
426 3491 679 3547 Domine
706 3514 720 3555 ;
746 3495 804 3543 et
833 3504 1010 3559 quam
1044 3504 1150 3542 vox
1179 3487 1510 3559 iniquitatis
1540 3494 1748 3544 nostra}
1782 3507 1897 3546 non

226 3584 740 3648 obtinet,tuorum
766 3579 933 3634 nobis
956 3577 1228 3649 precibus
1250 3576 1482 3632 veniam
1515 3578 1732 3635 donare
1762 3597 1898 3636 san-

228 3679 493 3728 ctorum.
530 3673 657 3735 Per,
690 3671 803 3721 etc.

298 3759 608 3832 Supliees,
641 3757 903 3822 Domine,
930 3761 986 3810 te
1019 3771 1317 3827 rogamus,
1344 3759 1409 3810 ut
1430 3758 1698 3827 quamvis
1730 3759 1901 3814 oﬂ'en-

228 3853 443 3908 siones
477 3850 691 3902 nostrae
725 3845 1069 3916 impediant,
1098 3844 1496 3900 recordatione
1528 3851 1721 3901 tamen
1756 3864 1903 3902 mar-

224 3946 439 4011 tyrum
480 3941 721 3991 tuorum
759 3951 976 3989 munus
1026 3938 1295 3989 nostrum
1327 3951 1440 3989 non
1471 3936 1547 3989 sit
1577 3935 1897 4008 ingratum.

224 4030 364 4095 Per,
404 4033 520 4083 etc.

294 4119 456 4174 Vere
478 4116 752 4188 dignum.
774 4112 1069 4168 Prostrato
1092 4112 1266 4167 corde
1283 4118 1586 4185 poscentes
1607 4118 1671 4170 ut
1693 4133 1899 4187 quam-

218 4209 311 4265 vis
347 4212 528 4263 tanta
560 4205 681 4261 sint
732 4206 934 4258 nostra
981 4201 1259 4271 facinora,
1293 4204 1510 4273 quibus
1558 4205 1733 4259 etiam
1767 4222 1899 4261 cum

218 4294 787 4355 innumerabilibus
830 4295 1167 4347 sanctorum
1201 4292 1496 4364 suffragiis
1545 4292 1901 4363 laboremus,

216 4394 280 4442 tu
314 4394 527 4442 tamen
563 4384 860 4437 immensa
892 4379 1104 4452 pietate
1135 4382 1418 4436 concedas
1440 4398 1510 4436 ne
1528 4382 1748 4437 scelera
1778 4399 1900 4437 ma-

213 4477 311 4548 gis
350 4480 569 4529 nostra
602 4467 975 4542 praevaleant,
1008 4484 1189 4539 quam
1224 4470 1548 4525 satisfactio
1596 4486 1699 4540 pro
1732 4471 1902 4527 nobis

216 4565 480 4637 copiosa
506 4563 832 4633 justorum.
870 4558 994 4623 Per,
1027 4562 1138 4612 etc.

290 4658 560 4716 Praesta,
592 4649 1255 4718 Domine,quzesumus,
1292 4650 1356 4701 ut
1384 4664 1562 4718 quam
1595 4648 1902 4707 immensis

213 4743 543 4799 erroribus
574 4735 875 4810 aggravati
902 4735 1175 4789 fiduciam
1199 4736 1567 4791 conscientiae
1593 4755 1705 4793 non
1725 4739 1903 4794 habe-

211 4850 393 4898 mus,
420 4838 754 4901 martyrum
784 4831 1021 4882 tuorum
1042 4825 1212 4879 nobis
1243 4825 1553 4896 suplicatio
1577 4828 1746 4884 beata
1764 4828 1904 4883 sub-

208 4922 456 4977 veniat.
496 4919 625 4985 Per,
660 4922 771 4970 etc.

290 5028 384 5097 (ιι)
418 5024 640 5080 Primis
686 5022 846 5097 curis
892 5019 1209 5097 scripserat
1240 5024 1620 5080 amanuensis
1666 5029 1906 5095 peccata,

209 5092 527 5157 secundis
558 5112 692 5151 vero
726 5092 1034 5148 substituit
1062 5092 1245 5147 corda.

2006 3312 2255 3378 taribus,
2290 3316 2625 3367 sanctorum
2659 3317 2894 3367 tuorum
2938 3330 3043 3369 nos
3075 3314 3490 3371 intercessione
3521 3332 3653 3372 cus—

2006 3401 2149 3455 todi.
2185 3400 2309 3467 Per,
2344 3405 2453 3455 etc.

2080 3490 2295 3544 Tribue
2320 3506 2447 3554 nos,
2472 3489 2733 3559 Domine,
2759 3506 3124 3560 quaesumus,
3150 3492 3317 3547 donis
3340 3490 3657 3547 tuislibera

2009 3585 2202 3636 mente
2225 3580 2462 3635 servire.
2489 3584 2569 3649 ut,
2596 3580 2941 3651 purificante
2967 3598 3070 3636 nos
3098 3581 3284 3653 gratia
3314 3580 3655 3644 tua,iisdem

2010 3668 2226 3741 quibus
2260 3668 2618 3723 famulamur
2649 3669 2939 3742 mysteriis
2970 3671 3369 3725 emcndemur.
3406 3670 3657 3732 Per.etc.

2082 3758 2226 3814 Vere
2257 3759 2525 3830 dignum.
2558 3758 2686 3814 Tibi
2719 3760 2959 3827 etenim,
3000 3759 3266 3823 Domine,
3299 3777 3467 3814 sacra
3498 3758 3661 3814 festi-

2011 3850 2158 3904 vitas
2176 3848 2387 3919 agitur,
2412 3847 2515 3902 tibi
2549 3848 2672 3903 dies
2694 3854 2924 3904 sacrata
2942 3848 3298 3920 celebratur,
3316 3866 3492 3920 quam
3526 3848 3665 3903 bea-

2012 3943 2203 3994 torum
2242 3942 2563 4008 martyrum
2595 3944 2827 3993 tuorum
2863 3937 3126 4008 sanguis,
3160 3937 3216 3991 in
3250 3938 3510 3993 veritatis
3549 3941 3662 3991 ture

2014 4027 2422 4083 testificatione
2454 4026 2751 4097 profusus,
2786 4026 3099 4098 magnifica
3147 4026 3404 4082 nominis
3440 4026 3529 4080 tui
3560 4027 3664 4079 bo-

2016 4133 2155 4171 nore
2186 4115 2456 4186 signavit.
2488 4116 2613 4181 Per,
2645 4119 2754 4171 etc.

2086 4205 2470 4275 Omnipotens
2497 4204 2850 4274 sempiterno
2887 4206 3058 4273 Deus,
3091 4204 3192 4276 qui
3225 4202 3527 4275 fragilitati
3561 4220 3666 4259 no-

2016 4299 2147 4351 strae
2178 4292 2513 4361 consulens,
2548 4293 2787 4349 assidua
2820 4310 2924 4348 nos
2955 4299 3293 4349 sanctorum
3327 4292 3666 4349 celebritate

2016 4382 2245 4449 solaris,
2279 4383 2353 4437 da
2385 4383 2552 4437 nobis
2590 4382 2701 4437 sub
2752 4382 3009 4452 patronis
3057 4382 3276 4438 talibus
3307 4380 3665 4448 constitutis,

2017 4478 2073 4528 et
2104 4477 2382 4544 perpetua
2424 4471 2733 4527 securitate
2775 4471 3012 4541 muniri,
3045 4479 3102 4527 et
3132 4470 3372 4527 salutari
3414 4470 3664 4542 gaudere

1934 4579 1981 4643 D
2017 4562 2297 4633 profectu.
2330 4562 2455 4627 Per,
2489 4567 2599 4617 etc.

2084 4652 2150 4721 (Γ)
2180 4654 2354 4705 Grata
2384 4650 2488 4705 tibi
2520 4667 2767 4705 munera
2810 4656 3009 4707 nostra
3055 4651 3193 4716 sint,
3226 4650 3493 4716 Domine,
3530 4664 3658 4720 quae

2017 4742 2073 4792 et
2104 4736 2219 4791 tuis
2249 4741 2389 4791 sunt
2418 4736 2690 4792 instituta
2717 4738 3041 4809 praeceptis,
3073 4744 3129 4791 et
3158 4741 3499 4792 sanctorum
3531 4741 3663 4792 tuo-

2020 4841 2145 4879 rum
2182 4824 2463 4880 festivitas
2494 4824 2748 4896 gloriosa
2775 4826 3163 4880 commendat.
3200 4829 3325 4893 Per,
3358 4829 3467 4880 etc.

2088 4914 2232 4968 Vere
2264 4915 2527 4985 dignum.
2554 4916 2708 4970 Tuas
2733 4915 2911 4977 enim,
2936 4914 3200 4982 Domine,
3224 4915 3489 4985 virtutes,
3512 4917 3670 4968 tuas-

2021 5020 2259 5076 Missam
2297 5020 2448 5075 inter
2477 5037 2819 5075 communes
2868 5022 3153 5075 recenseri
3187 5020 3367 5092 Aprili
3399 5018 3669 5092 arcollec-

2021 5098 2144 5148 tore
2172 5092 2480 5146 arbitraria
2510 5092 2759 5146 insertas
2787 5109 2800 5155 ;
2835 5094 2989 5148 unde
3018 5110 3087 5147 ex
3118 5091 3381 5149 hoc’loco
3414 5091 3535 5161 lligi
3569 5106 3668 5144 ne-

290 5169 617 5244 (biVerba
642 5168 703 5221 In
734 5165 1073 5244 dedicatione
1111 5164 1290 5244 videri
1322 5166 1619 5244 aerugini
1644 5166 1910 5244 margine
1944 5164 1947 5167 .

290 5184 387 5244 (ο)
429 5184 617 5223 verna
642 5184 703 5221 In
734 5184 1073 5245 ίιεαιεαςτοησ
1111 5184 1290 5219 Vluerl
1322 5184 1540 5292 scripta
1562 5184 1619 5220 1n
1644 5184 1906 5238 marglue

213 5245 293 5299 ab
322 5242 459 5298 alio
485 5238 1109 5309 antiquario.primum
1130 5241 1428 5293 notaverat
1488 5238 1906 5306 .Blanchinius;

210 5317 327 5371 sed
370 5314 438 5367 in
475 5308 938 5381 correctionibus
970 5324 1118 5379 quas
1151 5314 1349 5381 postea
1376 5310 1911 5381 praemisit,sincere

211 5405 330 5444 con
345 5386 556 5440 fessus
598 5395 682 5437 est
714 5398 782 5437 ea
809 5380 986 5453 verba
1016 5393 1146 5433 esse
1177 5380 1441 5453 ejusdem
1476 5382 1816 5453 antiquarii,
1848 5386 1913 5437 ut

214 5459 517 5515 monitus
551 5456 661 5509 fuit
690 5472 723 5508 a
752 5450 1159 5526 Bartholonaao
1191 5450 1727 5526 Campagnolafqui
1760 5450 1914 5509 cedi-

216 5530 536 5596 cem,ipso
562 5525 907 5582 Blanchinio
929 5522 1249 5597 ﬂagitante,
1267 5522 1573 5597 diligénter
1592 5522 1909 5581 consuluit.

216 5593 691 5660 Dedicationem
723 5597 958 5669 quidem
990 5593 1246 5669 ecclesiae
1269 5601 1324 5650 S.
1352 5593 1502 5653 Petri
1533 5598 1909 5653 videnturin-

218 5691 425 5750 nnere
462 5671 642 5727 verba
664 5666 950 5750 orationis
979 5666 1294 5750 secundae}
1335 5671 1427 5725 cui
1453 5671 1665 5741 (Petro)
1686 5672 1804 5750 haec
1831 5677 1916 5725 est

225 5748 490 5811 basilica
513 5750 751 5802 sacrata.
784 5738 1384 5800 Animadvertendum
1415 5738 1587 5818 perro
1634 5738 1724 5804 est
1761 5742 1913 5801 hanc

2021 5164 2149 5236 quit
2179 5164 2353 5218 veluti
2385 5168 2630 5232 certum,
2665 5164 3087 5219 dedicationem
3124 5165 3371 5220 basilica}
3403 5167 3458 5218 S.
3498 5160 3667 5236 Petri.

2020 5232 2122 5293 aut
2145 5236 2299 5290 aliud
2331 5237 2593 5304 ejusdem
2618 5236 2865 5308 apostoli
2890 5238 3102 5292 festum
3128 5241 3184 5292 in
3220 5240 3482 5291 menéem
3504 5232 3672 5306 Apri-

2019 5310 2135 5365 lem
2166 5309 2462 5363 incidisse.

2091 5384 2163 5451 (ε)
2198 5381 2382 5452 Magis
2412 5381 2668 5452 placeret
2699 5380 3010 5445 i‘mnwritts.

2095 5448 2172 5524 (ά)
2199 5448 2526 5507 Αεεῖιῐείὴίο
2548 5466 2609 5505 se
2642 5453 2896 5523 produnt
2924 5453 3099 5508 verba
3128 5451 3197 5507 ad
3228 5454 3539 5524 martyrum
3554 5448 3672 5518 λθε-

2022 5535 2079 5581 ta
2104 5522 2400 5579 multitudo
2428 5522 2751 5584 conveniat;
2782 5524 2867 5578 vel
2897 5531 3030 5579 ante
3063 5541 3228 5579 voces
3257 5522 3327 5578 ad
3358 5524 3677 5592 martyrum

2026 5595 2246 5665 aliquid
2281 5595 2673 5667 supplendum
2708 5600 2817 5661 est,
2848 5611 2917 5650 ex
2948 5614 3058 5668 gr.,
3090 5613 3233 5651 cum.

2098 5662 2171 5738 (ὸ)
2202 5670 2323 5723 Fiat
2351 5662 2517 5737 prata
2544 5673 2633 5723 est
2663 5669 2893 5722 varians
2933 5662 3100 5723 lactis
3142 5669 3201 5723 in
3233 5669 3457 5738 textum
3490 5662 3672 5738 illata.

2098 5735 2163 5814 (Ι)
2186 5740 2316 5799 Haec
2341 5735 2457 5799 alia
2490 5738 2671 5799 Missa
2686 5742 2797 5811 est,
2820 5739 2953 5798 licet
2972 5756 3217 5800 numero
3234 5755 3351 5798 non
3376 5735 3671 5796 distincta.
