4120 6236
393 270 472 336 35
740 304 745 305 ί
1352 269 1613 338 OPERA
1657 270 1723 335 s.
1769 267 2003 335 LEONI
2048 264 2324 336 MAGNO
2368 268 2843 338 ATTRIBUTA.
3018 252 3027 255 ’
3722 238 3805 348 ac

389 425 504 479 que
535 409 806 465 victorias
835 410 1234 478 admiramur;
1283 409 1510 481 quoties
1556 408 1614 463 id
1647 407 1904 465 Ecclesia
1940 412 2043 464 tua
2072 411 2124 476 Α
2155 408 2327 463 statis
2357 408 2678 480 offerimus,
2711 409 3046 466 subsidium
3087 412 3257 469 nobis
3285 418 3519 471 tuorum
3550 419 3806 476 concede

390 497 603 553 horum
625 498 855 555 dierum
877 498 1163 556 solemnia
1191 499 1744 569 celebramus,quos
1775 496 2039 570 insignes
2147 504 2508 554 sanctorum.
2543 502 2670 567 Per,
2705 503 2817 555 etc.

392 586 794 643 confessorum
830 594 1063 643 tuorum
1096 593 1152 642 et
1183 593 1506 659 martyrum
1558 586 1765 657 palmae
1812 586 1886 641 ad
1938 602 2037 657 pe-

2214 585 2362 642 Vcre
2390 586 2656 657 dignum.
2681 588 2790 642 Tui
2820 590 2977 645 enim
3004 590 3219 662 operis,
3252 591 3518 663 Domine,
3544 594 3640 649 I9
3667 600 3806 651 tuaa-

388 691 631 731 rennem
677 676 1020 732 memoriam
1054 681 1438 746 sanctamque
1466 675 1729 731 laetitiam
1763 674 2037 731 ﬁdelibus
2145 692 2260 746 que
2275 674 2700 743 virtutisest,ut
2723 675 2999 735 inimicus
3022 682 3290 737 humanae
3313 683 3655 739 substantiae
3682 702 3797 742 non

383 764 619 837 populis
649 770 1040 820 sacraverant.
1072 764 1200 833 Per,
1232 772 1341 820 etc.

456 852 1078 919 Quaesumus,l)omine
1104 853 1256 909 Deus
1281 861 1493 921 noster,
1519 853 1797 910 utdivina
1819 858 2032 925 myste-

385 943 630 1015 ria,quae
651 942 709 997 in
732 949 966 998 tuorum
991 943 1547 998 commemoratione
1570 947 1902 998 sanctorum
1922 943 2031 998 fre-

386 1037 764 1103 quentamus,
795 1036 926 1086 actu
973 1033 1408 1104 subsequamur
1433 1039 1490 1087 et
1518 1048 1714 1087 sensu.
1752 1030 1876 1086 Per.
1919 1038 2028 1088 etc.

455 1121 554 1176 18
585 1122 822 1186 Adesto,
869 1119 1132 1188 Domine,
1192 1121 1403 1192 populo
1460 1127 1560 1175 tuo
1609 1137 1743 1175 cum
1794 1126 2029 1176 sancto-

383 1226 511 1264 rum
548 1210 868 1281 patroeinio
900 1208 1350 1279 snppiicanti,ut
1379 1209 1531 1280 quod
1560 1208 1791 1280 propria
1817 1208 2030 1264 ﬁducia

382 1316 498 1355 non
534 1298 1328 1370 praesumit,sutl‘ragantium
1359 1298 1585 1353 meritis
1615 1308 2026 1369 consequatur,

377 1392 508 1454 Per,
539 1395 650 1444 etc.

446 1477 684 1533 XXXIX.
732 1478 866 1532 Item
908 1476 1041 1531 alia.
1093 1506 1164 1517 —-
1214 1475 1599 1542 Omnipotens
1669 1476 2027 1547 sempiterna

375 1566 555 1635 Deus,
587 1567 687 1638 qui
719 1583 824 1621 nos
856 1564 1098 1620 idoneos
1130 1582 1243 1619 non
1271 1580 1401 1621 esse
1453 1565 1761 1636 perpendis
1792 1566 1863 1620 ad
1896 1582 2025 1621 ma-

368 1657 644 1727 jestatem
672 1660 857 1720 tuam,
909 1654 1064 1710 sicut
1092 1654 1336 1723 dignum
1387 1660 1495 1720 est,
1545 1654 1917 1719 exorandam,
1950 1654 2025 1709 da

2143 767 2374 820 tantum
2407 779 2509 836 per
2550 764 2758 821 Filium
2805 772 2971 823 tuum
3003 768 3320 825 Dominum
3368 775 3660 837 nostrum,
3694 775 3797 830 sed

2141 854 2318 911 etiam
2349 870 2448 927 per
2490 860 2725 911 sanctos
2774 862 3057 929 martyres
3106 864 3239 914 tuos
3278 860 3543 916 debitrici
3576 863 3642 933 (Ῑ)
3674 880 3796 919 sua;

2141 945 2442 1014 quondam
2490 948 2712 999 naturae
2764 946 3040 1012 reddetur
3082 948 3388 1020 obnoxius,
3439 954 3498 1005 et
3548 952 3798 1007 subdita:

2139 1030 2254 1087 sibi
2283 1033 2652 1089 subderetur.
2688 1034 2757 1089 Et
2788 1034 2914 1089 ideo
2934 1052 3067 1090 cum
3099 1036 3346 1109 angelis.
3381 1042 3488 1094 etc.

2210 1120 2380 1176 XLII.
2414 1122 2546 1176 Item
2572 1122 2708 1176 alia.
2740 1153 2809 1163 -—
2839 1122 3208 1192 Quaesumus,
3238 1127 3478 1182 Domine
3515 1128 3662 1183 Deus
3697 1146 3795 1184 no-

2137 1213 2355 1279 ster,ne
2386 1211 2541 1282 apud
2568 1211 2867 1281 justitiam
2897 1216 3058 1267 tuam
3082 1220 3318 1284 peccata
3347 1223 3547 1272 nostra
3570 1233 3679 1273 nos
3699 1234 3796 1291 ag-

2135 1301 2584 1371 gravent,quam
2609 1303 2720 1354 ture
2756 1299 2990 1372 pietatis
3020 1301 3237 1357 invicta
3268 1304 3794 1362 miseratio.....nec

2136 1402 2265 1456 nos,
2297 1387 2623 1458 quamlibet
2652 1387 2984 1445 innumeris
3021 1389 3249 1461 gravari
3308 1393 3548 1463 patiaris
3578 1394 3793 1450 errori-

2134 1475 2267 1545 bus,
2300 1493 2448 1548 quos
2479 1476 2659 1533 tantis
2702 1478 2939 1534 voluisti
2987 1484 3328 1536 sanctorum
3380 1486 3615 1537 tuorum
3666 1485 3792 1540 suf-

2134 1564 2338 1636 fragiis
2369 1565 2656 1635 adjuvari,
2693 1570 2817 1632 Per,
2846 1572 2956 1625 etc.

2203 1655 2288 1726 (g)
2320 1654 2560 1726 Respice
2582 1655 2889 1726 propitius,
2924 1657 3194 1721 Domine.
3222 1675 3401 1731 super
3432 1659 3552 1716 haec
3576 1678 3787 1718 mune-

375 1750 611 1800 sanctos
644 1748 926 1814 martyres
959 1748 1091 1797 tuos
1125 1760 1225 1814 pro
1270 1744 1486 1798 nostris
1519 1742 1850 1814 supplicare
1890 1758 2021 1814 pec-
2051 1771 2099 1838 Β
2132 1758 2198 1798 ra
2226 1759 2351 1814 quae
2381 1750 2439 1799 et
2460 1760 2562 1815 pro
2593 1750 2932 1801 sanctorum
2962 1752 3201 1804 tuorum
3231 1750 3792 1809 commemoratione

373 1834 538 1900 eatis,
568 1849 715 1905 quos
745 1831 921 1902 digne
950 1831 1141 1902 possis
1170 1832 1394 1887 audire.
1426 1835 1551 1887 Per.
1582 1838 1691 1887 etc.

453 1923 683 1993 Adjuva
716 1920 1360 1991 nos,Domine,tuorum
1395 1938 1563 1992 prece
1592 1925 2022 1989 sanctorum,ut

370 2029 622 2084 quorum
669 2012 817 2066 festa
856 2011 1134 2082 gerimus,
1181 2010 1508 2066 sentiamus
1551 2008 1854 2066 auxilium.
1888 2014 2015 2079 Per,

369 2105 479 2159 etc.

440 2191 802 2261 oblationem
861 2188 1093 2244 familiae
1152 2194 1285 2254 tuae,
1345 2188 1611 2258 Domine,
1679 2192 2017 2245 sanctorum

371 2284 698 2352 martyrum
752 2278 1021 2350 praesidia
1069 2279 1348 2349 deputata
1393 2279 1825 2345 commendent,
1855 2284 1914 2333 et
1957 2282 2020 2332 ut

370 2368 479 2426 tibi
528 2376 695 2442 grata
742 2367 879 2435 sint,
922 2365 1275 2439 placentium
1323 2366 1427 2421 tibi
1488 2365 2019 2439 supplicationibus

367 2459 703 2515 offerantur.
738 2462 866 2524 Per,
906 2464 1015 2512 etc.

441 2547 584 2603 Vere
613 2547 881 2618 dignum.
907 2545 1012 2611 Qui
1037 2562 1148 2600 non
1178 2544 1369 2599 solum
1393 2545 1657 2600 debitum
1680 2544 1887 2599 mortis
1911 2561 2018 2599 an-

365 2637 563 2708 tiques,
596 2652 711 2707 quo
744 2636 897 2690 idem
932 2651 1042 2689 non
1077 2634 1407 2703 tenebatur,
1441 2632 1762 2700 exsolvens,
1794 2649 1895 2703 pro
1919 2633 2017 2688 de-

365 2725 654 2781 bitoribus
685 2722 1167 2795 repensavipsed
1221 2723 1576 2792 martyribus
1618 2721 1743 2777 suis
1773 2721 2022 2777 contulit

365 2818 447 2883 ut,
481 2815 635 2886 quod
669 2794 792 2868 huu
817 2830 927 2867 ana
957 2794 1288 2866 substantia
1309 2815 1511 2865 contra
1536 2808 1893 2865 voluntatem
1926 2810 2018 2865 sui

364 2902 655 2958 Creatoris
685 2901 909 2973 agendo
940 2902 1390 2965 contraxerat,et
1412 2899 1643 2969 praefixa
1674 2897 1800 2968 lege
1834 2900 2021 2954 fuerat

365 2991 651 3058 solutura,
684 2991 823 3045 dum
868 3005 969 3061 pro
1020 2987 1355 3043 testimonio
1386 2986 1676 3043 Creatoris
1706 2992 1911 3057 sponte
1941 2986 2018 3058 (a)

366 3081 756 3152 susciperent,
792 3079 951 3133 fieret
998 3077 1082 3132 eis
1122 3078 1192 3131 du
1242 3081 1400 3131 reatu
1444 3074 1698 3146 justitia,
1732 3081 1788 3130 et
1844 3092 2015 3147 paena

362 3169 645 3226 transiret
675 3169 746 3223 ad
779 3166 1046 3239 gloriam.
1080 3170 1208 3236 Per,
1236 3170 1341 3219 etc.

433 3259 543 3315 XL.
577 3260 711 3314 Item
739 3258 878 3312 alia.
910 3287 979 3296 ——
1008 3255 1140 3311 Sint
1185 3255 1289 3309 tibi
1345 3253 1576 3326 placita,
1612 3253 1878 3324 Domine,
1910 3269 2012 3325 po-

360 3348 488 3423 puli
521 3348 603 3404 tui
629 3347 821 3403 votiva
852 3344 1157 3415 sacriﬁcia,
1190 3349 1248 3400 et
1277 3344 1431 3414 quod
1483 3343 1764 3413 fragilitas
1815 3350 2015 3400 nostra

363 3456 478 3495 non
511 3438 810 3509 impetrat.
845 3435 921 3508 (ὁ)
951 3450 1152 3490 eorum
1205 3432 1573 3505 snpplicatio,
1609 3450 1711 3504 pro
1758 3449 2010 3504 quorum

361 3527 548 3602 gloria
577 3526 941 3594 deferuntur,
974 3522 1252 3579 obtineat.
1286 3526 1414 3587 Per,
1447 3525 1556 3577 etc.

434 3616 638 3673 Dicata
667 3613 891 3671 nomini
928 3617 1030 3667 tuo
1081 3626 1341 3679 munera,
1375 3609 1639 3678 Domine,
1670 3614 2009 3665 sanctorum

362 3712 603 3761 tuorum
635 3720 736 3775 pro
770 3701 939 3757 nobis
987 3698 1306 3755 satisfactio
1338 3704 1753 3769 prosequatur;
1806 3706 1871 3753 ut
1920 3700 2008 3754 of-

363 3796 538 3849 fensas
571 3797 780 3848 nostrae
812 3807 914 3862 per
932 3805 1051 3854 eos,
1069 3788 1140 3859 (ι’)
1163 3786 1262 3859 qui
1294 3786 1350 3841 in
1373 3792 1687 3858 conspectu
1715 3791 1813 3842 tuo
1844 3788 2007 3859 digni

359 3886 522 3952 sunt,
555 3879 901 3938 relaxentur.
935 3882 1062 3947 Per,
1083 3881 1193 3932 etc.

436 3970 577 4026 Vere
619 3969 886 4040 dignum.
933 3965 1039 4032 Qui
1083 3966 1156 4020 ad
1206 3965 1487 4036 majorem
1521 3964 1888 4036 triumphum
1935 3966 2007 4021 de

358 4058 601 4115 humani
634 4056 863 4129 generis
894 4055 1063 4109 hoste
1092 4051 1680 4124 capiendum,praater
1710 4053 1865 4107 illam
1888 4051 2007 4125 glo-

357 4148 507 4203 riam
539 4143 924 4217 singularem,
965 4140 1042 4213 (d)
1090 4157 1208 4212 qua
1250 4139 1644 4209 insatiabilibus
1676 4141 1862 4196 modis
1893 4141 2005 4197 Do-

357 4236 501 4291 mini
536 4235 745 4289 virtute
777 4236 1106 4305 prostratus
1129 4234 1310 4297 est,ut
1329 4230 1502 4286 etiam
1537 4249 1569 4285 a
1600 4232 1820 4286 sanctis
1853 4248 2005 4286 mar-

356 4325 582 4397 tyribus
610 4326 1007 4394 superaretur,
1038 4318 1263 4385 effecit;
1308 4319 1378 4390 (θ)
1409 4323 1584 4389 atque
1616 4319 1671 4373 in
1728 4319 2008 4376 membris

358 4429 591 4485 quoque
620 4412 746 4466 suis
778 4408 1016 4465 victoria
1048 4413 1409 4479 sequeretur,
1445 4424 1568 4478 quaa
1621 4410 1915 4479 praecessit
1946 4410 2002 4464 in

358 4503 567 4575 capite.
600 4505 726 4570 Per,
757 4504 867 4555 etc.

429 4591 571 4647 XLI.
608 4592 740 4646 Item
769 4588 905 4643 alia.
954 4616 1019 4626 ——
1056 4585 1296 4653 Exaudi,
1347 4585 1609 4655 Domine,
1660 4602 1857 4657 preces
1897 4603 1997 4642 no-

356 4684 511 4737 stras
534 4698 548 4748 ;
572 4683 630 4737 et
651 4677 907 4748 utdigna
931 4675 1050 4731 sint
1071 4690 1313 4730 munera
1334 4691 1460 4745 quae
1479 4674 1665 4730 oculis
1686 4679 1799 4730 tua
1823 4676 2000 4746 maje-

428 4876 666 4949 (a)_Haac
694 4874 894 4949 eadem
931 4870 1188 4949 praefatio
1218 4868 1500 4941 repetitur
1520 4870 1579 4949 in
1606 4870 2003 4949 Missaprima

362 4943 465 5006 SS.
489 4943 740 5028 Joannis
760 4950 817 5028 et
842 4944 1004 5028 gauli
1031 4961 1056 5028 ;‘
1088 4943 1409 5028 ibi‘que‘pro
1428 4943 1766 5028 susciperent
1789 4944 2003 5015 legitur

356 5020 684 5090 suscipiunt,
720 5017 815 5071 ubi
851 5016 995 5070 forte
1025 5015 1387 5070 desideratur
1418 5016 1776 5084 martyrium.

426 5091 502 5156 (b)
526 5090 589 5144 In
620 5087 798 5144 Missa
828 5103 868 5142 ιι
899 5087 1238 5141 eorumdem
1282 5085 1623 5156 martyrium
1656 5085 1901 5141 Joannis
1947 5090 2004 5142 et

426 5091 502 5217 (ὁὶ
526 5091 589 5144 In
620 5091 798 5144 Missa
828 5103 868 5142 ιι
899 5091 1238 5141 eorumdem
1282 5091 1623 5156 martyrium
1656 5091 1901 5141 Joannis
1947 5091 2002 5142 et

356 5168 474 5218 Pau
508 5163 545 5230 i,
570 5161 667 5216 ubi
700 5159 821 5215 haec
849 5158 1033 5214 oratio
1062 5157 1278 5228 pariter
1307 5157 1537 5228 legitur,
1563 5174 1665 5229 pro
1685 5172 1873 5213 eorum
1904 5157 2002 5214 ha-

356 5236 528 5291 betur
553 5240 883 5289 sanetorum.

428 5306 497 5378 (ε)
531 5306 594 5360 In
635 5304 839 5361 eadem
883 5300 1064 5356 Missa
1094 5314 1155 5365 ιι,
1189 5298 1286 5369 qui
1314 5299 1415 5354 tibi
1437 5299 1550 5354 sint
1593 5300 1811 5371 placiti,
1844 5299 1999 5356 rela-

353 5383 690 5521 xeztti‘glias
732 5444 790 5500 in
834 5442 1037 5500 eadem
1084 5439 1264 5497 Missa
1311 5457 1373 5509 ιι,
1426 5458 1536 5514 qua
1582 5442 1754 5514 ipsius
1782 5443 2003 5500 Domini

349 5525 590 5666 mittitis
623 5584 1047 5666 eadem__M_issa_
1068 5582 1290 5666 meliori
1339 5581 1607 5666 lectione,
1643 5602 1783 5666 qua;
1823 5587 1999 5643 Leoni

353 5655 555 5726 nostro
586 5659 929 5737 congruit,et
946 5655 1135 5717 eadem
1156 5656 1395 5716 victoria
1413 5655 1729 5734 sequeretur
1749 5659 1808 5718 in
1831 5675 1997 5719 mem-

2130 1830 2473 1900 deferimus,
2513 1837 2570 1887 et
2616 1850 2720 1905 pro
2760 1835 2977 1889 nostris
3025 1836 3452 1894 offensionibus
3509 1839 3788 1895 immola-

2126 1936 2282 1975 mus.
2319 1921 2446 1989 Per,
2477 1926 2586 1977 etc.

2196 2008 2340 2065 Vere
2369 2008 2927 2082 dignum.Pugnavit
2952 2014 3109 2067 enim
3142 2013 3200 2068 in
3224 2014 3411 2070 beatis
3439 2015 3793 2090 martyiibus

2125 2098 2243 2152 tuis
2274 2108 2474 2153 contra
2503 2099 2912 2169 prot'anitatem
2946 2101 3153 2155 mundi
3189 2107 3300 2157 tuae
3351 2104 3484 2159 ﬁdei
3530 2103 3787 2177 gloriosa

2129 2188 2460 2253 confessio;
2508 2191 2711 2243 contra
2754 2188 3214 2246 irrationabilem
3267 2193 3547 2248 saevitiam
3591 2210 3787 2266 perse-

2128 2276 2432 2347 quentium
2485 2276 2723 2346 sapiens
2768 2285 3088 2349 sanctaque
3127 2280 3456 2350 patientia;
3485 2288 3686 2339 contra
3715 2282 3791 2337 il-

2128 2363 2387 2420 lecebras
2432 2364 2784 2435 temporales
2833 2382 2969 2436 spes
3017 2367 3343 2423 ccelestium
3377 2369 3453 2439 (Ιι)
3488 2371 3781 2441 (ρι-ωιιιιοο

2129 2470 2258 2508 rum
2286 2471 2298 2520 ;
2331 2460 2535 2509 contra
2558 2454 2685 2507 vitae
2708 2455 3012 2526 praesentis
3043 2455 3315 2512 affectum
3347 2463 3600 2515 venturas
3631 2459 3791 2515 salu-

2126 2543 2203 2598 tis
2233 2543 2558 2610 aeternitas;
2610 2548 2667 2597 et
2705 2543 2763 2598 in
2809 2545 3086 2599 omnibus
3134 2546 3434 2602 frementis
3483 2548 3783 2604 machina-

2129 2638 2326 2687 menta
2356 2630 2574 2687 diaboli
2605 2631 2823 2687 diaboli
2853 2633 3089 2688 dextera
3119 2639 3222 2689 tua
3245 2635 3305 2689 in
3329 2636 3412 2689 eis
3442 2636 3780 2703 dimicante,

2126 2722 2413 2775 vicerunt.
2449 2720 2575 2784 Per,
2606 2725 2715 2775 etc.

2197 2808 2393 2864 XLIII.
2413 2809 2549 2864 Item
2569 2808 3138 2865 aliu.—0blationes
3156 2816 3781 2884 nostras,quassumus.

2127 2896 2505 2963 Domine,tua
2535 2896 2639 2951 tibi
2670 2897 3010 2968 dignatione
3041 2899 3130 2954 fac
3162 2899 3406 2971 placitas
3434 2916 3448 2954 :
3474 2901 3613 2973 quia
3634 2902 3781 2958 nihil

2127 2985 2186 3040 in
2220 2986 2409 3052 nobis,
2442 2986 2596 3057 quod
2629 2985 2857 3057 placare
2882 2990 2939 3042 te
2964 2988 3780 3061 possit,nisi,deprecantibus

2128 3074 2369 3143 sanctis,
2402 3081 2504 3130 tua
2538 3091 2641 3130 nos
2672 3074 3080 3147 propitiatione
3124 3078 3464 3148 praevenias.
3499 3082 3628 3145 Per,
3658 3084 3771 3135 etc.

2040 3140 2083 3207 (ἶ
2194 3163 2338 3219 Vere
2356 3140 2633 3236 dignum.
2660 3140 3095 3219 Venerabilium
3124 3140 3451 3236 martyrum
3485 3140 3773 3237 praeconia
3812 3156 3823 3163 ’

2122 3253 2490 3309 recolentes:
2536 3254 2815 3324 quoniam
2863 3256 2949 3309 tui
3001 3256 3215 3327 operis,
3256 3256 3514 3325 Domine,
3546 3261 3778 3329 tuaique

2118 3342 2356 3399 virtutis
2386 3347 2496 3411 est,
2528 3348 2637 3397 etc.
2671 3343 2736 3413 (ί)
2944 3350 2949 3353 ⁴

2191 3438 2258 3487 Et
2303 3430 2591 3487 Natalitiis
2639 3435 2999 3497 sanctorum,
3032 3432 3294 3496 Domine.
3329 3438 3388 3489 et
3427 3435 3778 3491 sacramenti

2119 3536 2361 3577 munere
2393 3517 2658 3590 vegetati,
2693 3535 3053 3589 quaesumus,
3106 3526 3170 3575 ut
3220 3521 3390 3577 bonis
3421 3522 3638 3594 quibus
3672 3539 3777 3595 per

2116 3614 2280 3666 tuam
2312 3608 2558 3681 gratiam
2594 3624 2750 3663 nunc
2800 3607 3081 3677 fovemur,
3112 3612 3488 3681 prot’ruamur
3515 3613 3771 3670 aeternis.

2115 3702 2242 3766 Per,
2274 3703 2383 3754 etc.

2188 3787 2370 3852 Adsit,
2398 3785 2662 3854 Domine,
2685 3801 3046 3856 quaesumus,
3071 3786 3404 3858 propitiatio
3425 3793 3525 3843 tua
3559 3786 3771 3860 populo

2117 3874 2513 3948 supplicanti;
2547 3880 2611 3929 ut
2641 3874 2821 3943 quod,
2852 3884 2909 3929 te
2939 3875 3266 3947 inspirante
3312 3876 3559 3933 ﬁdeliter
3605 3893 3773 3949 expe-

2118 3967 2204 4031 tit,
2239 3969 2339 4020 tua
2368 3963 2539 4019 celeri
2572 3963 2841 4036 largitate
2872 3965 3175 4037 percipiat.
3211 3970 3342 4035 Per,
3372 3972 3481 4023 etc.

2702 4070 2944 4155 MENSE
2986 4071 3183 4127 MAtO.

2524 4245 2733 4287 PRECES
2772 4248 2832 4286 IN
2870 4247 3114 4287 ASCENSA
3157 4248 3361 4287 DOMINI

2186 4324 2250 4394 (ί)
2284 4325 2512 4378 Adesto.
2549 4320 2806 4386 Domine,
2841 4320 3376 4392 supplicationibus
3418 4321 3674 4392 nostris;
3706 4328 3774 4380 ut

2116 4412 2269 4469 sicut
2296 4410 2542 4466 humani
2573 4410 2805 4480 generis
2836 4408 3195 4465 Salvatorem
3228 4412 3544 4468 consedere
3575 4417 3764 4468 tecum

2030 4506 2077 4571 ι)
2108 4501 2170 4556 in
2200 4505 2303 4555 tua
2329 4501 2634 4569 majestate
2663 4497 3039 4565 confidimus,
3064 4497 3145 4553 ita
3176 4514 3363 4571 usque
3393 4500 3464 4554 ad
3496 4516 3770 4556 consum-

2109 4588 2425 4644 mationem
2468 4584 2663 4642 saeculi
2696 4586 2797 4642 20
2833 4601 3067 4641 manere
3116 4587 3454 4653 nobiscum,
3487 4588 3769 4659 quemad-

2113 4676 2353 4733 modum
2394 4692 2457 4731 es
2487 4671 2804 4746 pollicitus,
2838 4673 3185 4731 sentiamus.
3220 4679 3348 4744 Per,
3375 4680 3488 4732 etc.

2114 4873 2249 4939 bris,
2281 4884 2406 4941 qua?
2434 4867 2713 4941 praecessit
2741 4867 2804 4921 in
2831 4867 3025 4941 rapite.
3059 4865 3272 4923 Praeter
3298 4867 3450 4923 hanc
3481 4884 3616 4923 vero
3646 4866 3763 4941 lec-

2110 4939 2355 5009 tionem,
2414 4939 2591 5012 hujus
2624 4955 2858 5010 quoque
2901 4939 3011 4995 loci
3053 4940 3280 4995 varians
3331 4941 3501 4995 lectio
3544 4940 3764 4995 ibidem

2111 5016 2372 5072 affertur.

2183 5086 2250 5159 (Γ)
2284 5087 2343 5140 In
2373 5081 2544 5159 tertia
2573 5080 2753 5159 Missa
2779 5086 2873 5135 SS.
2908 5080 3154 5137 Joannis
3185 5085 3240 5137 et
3280 5079 3439 5137 Pauli
3469 5081 3589 5137 haec
3621 5098 3769 5153 pra».

2111 5153 2253 5215 fatio
2285 5153 2816 5228 repetitur_omissa
2844 5168 2982 5228 voce
3010 5170 3144 5208 sum.

2183 5231 2258 5303 (εί)
2286 5223 2523 5303 Missale
2562 5223 3107 5303 ‘Ro‘manumnhanc
3159 5224 3479 5280 orationem
3531 5223 3767 5279 exhibet

2109 5293 2349 5357 2‘3‘J'ulti
2376 5300 2435 5354 in
2468 5299 2613 5352 festo
2643 5299 2697 5350 S.
2729 5293 3145 5367 Appollinaris.

2181 5372 2261 5443 (ἡ)
2290 5370 2413 5443 Vox
2441 5367 2732 5443 promissio
2760 5366 2849 5423 est
2876 5367 3121 5443 varians
3136 5366 3331 5443 lectio.

2181 5436 2253 5514 (θ’
2278 5442 2350 5498 Ut
2382 5436 2452 5496 in'
2476 5437 2816 5514 praefatione
2865 5439 3056 5514 prima
3091 5437 3291 5514 Missae
3340 5437 3626 5510 septimae,
3658 5436 3760 5493 ubi

2107 5510 2337 5571 tantum
2371 5511 2727 5568 omittuntur
2753 5525 2922 5566 voces
2946 5510 3235 5566 Dominum
3267 5513 3540 5564 nostrum.

2183 5586 2248 5657 (ἱ)
2281 5584 2410 5641 Hac
2438 5583 2622 5640 oratio
2651 5583 2820 5657 estin
2844 5581 3307 5657 Sacramentario
3328 5577 3752 5657 _Gel_esi_ano_lib.

2109 5676 2149 5734 ι,
2173 5647 2241 5719 ιῖξ
2255 5658 2346 5732 64,
2371 5672 2478 5718 nec
2505 5671 2624 5717 non
2652 5654 2715 5715 in
2729 5656 2962 5728 Gregor.
2985 5654 3080 5715 die
3099 5653 3477 5713 Ascensionis
3496 5647 3751 5712 Domini.
