4120 6236
278 269 355 328 37
1069 260 1300 323 LIBER
1343 259 2049 326 SAGRAMENTORUM
2091 262 2493 327 ECCLESI/E
2534 264 2910 327 ROMANIE.
3620 267 3698 349 38

350 394 734 467 Omnipotens
773 393 1128 465 sempiterne
1159 394 1334 463 Deus,
1371 393 1566 450 tribue
1597 392 1767 450 nobis
1810 408 1932 448 mu-
1970 395 2018 464 Α
2052 408 2155 465 per
2185 395 2341 452 hunc
2372 398 2647 454 eumdem
2686 398 2889 454 Jesum
2921 396 3216 454 Christum
3248 397 3558 455 Dominum
3592 416 3695 455 no-

278 502 419 544 nere
449 482 782 541 festivitatis
812 483 1125 552 hodiernae,
1151 488 1215 539 ut
1243 483 1382 540 illuc
1414 483 1668 540 filiorum
1700 489 1936 539 tuorum

279 576 571 648 dirigatur
596 573 870 646 intentio,
904 589 1020 646 quo
1060 573 1119 629 in
1150 577 1250 631 tuo
1281 573 1592 647 Unigenito
1623 577 1818 631 tecum
1849 575 1941 629 est

279 669 490 723 nostra
518 661 876 721 substantia.
911 666 1041 730 Per,
1073 667 1182 719 etc.

350 752 577 809 Exaudi
637 768 764 823 nos,
815 750 1149 807 misericors
1195 751 1371 820 Deus,
1412 755 1471 809 et
1518 752 1591 807 da
1641 751 1939 807 mentibus

278 841 525 911 nostris,
558 856 675 911 quo
706 839 1064 911 Redemptor
1102 844 1303 896 noster
1331 840 1690 908 conscendit,
1728 839 1937 906 attolli,

277 935 345 987 ut
374 929 633 986 secundo
664 927 998 984 Mediatoris
1049 928 1300 984 adventu
1353 928 1663 985 manifesto
1698 944 1940 984 munere

277 1019 608 1092 capiamus,
627 1016 780 1090 quod
806 1033 964 1072 nunc
984 1018 1275 1074 audemus
1299 1033 1530 1089 sperare
1556 1016 1936 1090 promissum.

276 1110 410 1173 Per,
442 1112 554 1163 etc.

350 1198 432 1270 (α)
468 1198 682 1253 Praesta
712 1197 906 1269 nobis,
930 1196 1305 1269 omnipotens
1328 1201 1386 1255 et
1407 1196 1744 1255 misericors
1766 1202 1939 1268 Deus,

279 1292 347 1344 ut
377 1304 508 1359 qum
540 1284 876 1342 visibilibus
927 1286 1223 1359 mysteriis
1271 1286 1621 1343 celebrando
1672 1286 1941 1359 suscepi-

283 1393 442 1446 mus,
474 1374 756 1431 invisibili
792 1391 1227 1446 consequamur
1253 1376 1481 1433 ell'cctu.
1518 1376 1644 1444 Per,
1683 1380 1793 1432 etc.

354 1471 437 1522 Da
470 1464 664 1532 nobis,
684 1463 947 1535 Domine,
968 1481 1083 1521 non
1114 1468 1348 1523 terrena
1369 1482 1596 1539 sapere,
1621 1467 1721 1522 sed
1743 1481 1942 1522 amare

281 1553 567 1622 cmlestia,
621 1557 681 1610 et
735 1552 890 1609 inter
945 1554 1360 1625 praetereuntis
1416 1555 1767 1612 constitutos
1812 1556 1939 1628 jam

290 1660 443 1700 nunc
468 1642 759 1698 inhaerere
789 1644 1109 1700 mansuris.
1140 1644 1269 1711 Per,
1301 1648 1411 1700 etc.

358 1730 579 1788 Exaudi
612 1748 744 1797 nos,
774 1731 932 1788 Deus
962 1730 1241 1788 salutaris
1272 1738 1489 1803 noster,
1518 1734 1657 1808 quia
1688 1750 1792 1808 per
1820 1734 1941 1791 haec

285 1825 664 1878 sacrosancta
686 1819 960 1894 mysteria
977 1821 1052 1893 (b)
1075 1822 1450 1889 commercia)
1471 1822 1530 1880 in
1554 1824 1733 1879 totius
1757 1824 1945 1880 Eccle-

285 1912 391 1966 siae
417 1909 775 1965 conﬁdimus
804 1925 1046 1982 corpore
1078 1910 1433 1983 faciendum,
1458 1912 1613 1984 quod
1641 1913 1768 1984 eius
1800 1930 1946 1986 pris-

287 2000 472 2057 cessit
498 2000 561 2056 in
592 1999 804 2072 capite,
838 2017 943 2073 per
971 2001 1244 2057 eumdem
1278 2003 1478 2059 Jesum
1509 2004 1804 2061 Christum
1840 2006 1945 2061 Do-

287 2091 525 2146 minum
559 2094 852 2146 nostrum.

362 2179 388 2236 Ι
411 2178 570 2251 —(c)
592 2178 738 2234 Vere
761 2178 1005 2251 dignum
1053 2179 1158 2244 Qui
1183 2185 1314 2252 post
1335 2182 1817 2239 resurrectionem
1843 2200 1946 2240 sae-

302 2267 451 2324 culis
478 2267 760 2325 omnibus
798 2266 1469 2343 gloriosam,discipulis
1502 2272 1629 2329 suis
1659 2273 1788 2329 visu
1819 2290 1953 2330 con-

288 2357 562 2431 spicuus,
594 2359 876 2429 tactuque
905 2356 1220 2430 palpabilis
1251 2376 1438 2432 usque
1479 2361 1537 2416 in
1569 2363 1951 2436 quadragesi-

284 2464 456 2503 mum
490 2447 647 2502 diem
682 2446 1035 2502 manifestus
1069 2449 1372 2521 apparuit;
1418 2450 1683 2523 ipsisque
1712 2468 1954 2509 cernen-

279 2536 453 2592 tibus
482 2539 575 2591 est
621 2533 878 2591 elevatus
908 2534 968 2590 in
1000 2536 1210 2593 coelum
1246 2554 1259 2593 :
1292 2537 1351 2593 in
1402 2538 1460 2594 id
1510 2540 1954 2612 proﬁcientibus

285 2642 392 2699 per
421 2624 537 2680 has
587 2640 783 2680 moras
830 2623 1101 2681 Ecclesia
1151 2626 1487 2699 primitivis,
1520 2633 1585 2684 ut
1633 2633 1691 2685 et
1736 2631 1954 2686 certius

286 2715 458 2770 ﬁeret
487 2713 647 2785 quod
683 2713 1097 2785 credidissent,
1129 2718 1187 2771 et
1217 2714 1452 2788 plenius
1480 2717 1774 2775 discerent
1802 2720 1954 2791 quod

288 2804 597 2860 docerent.
627 2801 754 2872 Per,
781 2805 889 2858 etc.

367 2893 439 2948 II.
462 2922 533 2932 —-
552 2890 703 2947 Vere
723 2891 990 2964 dignum.
1005 2890 1175 2948 Justa
1196 2892 1349 2949 enim
1374 2894 1543 2950 nobis
1566 2894 1958 2954 exsultatione

293 2981 621 3037 laetandum
641 2979 898 3036 estinter
916 2981 1132 3052 gaudia
1151 2980 1478 3039 festivitatis
1496 2984 1955 3058 hodiernm,quia

298 3072 353 3126 in
375 3069 564 3127 caelos
587 3069 865 3124 Ascensio
884 3069 1228 3131 mediatoris
1242 3070 1343 3127 Dei
1367 3074 1424 3127 et
1448 3072 1749 3129 hominum
1775 3073 1955 3130 homi-

2049 487 2261 553 strum,
2299 501 2399 558 per
2428 503 2603 558 quem
2635 491 2690 544 te
2720 487 2967 544 laudant
2999 486 3214 559 angeli,
3243 491 3354 544 etc.

2119 572 2195 645 (ά)
2244 574 2479 642 Praesta,
2541 593 2908 648 quaesumus,
2967 576 3343 649 omnipotens
3402 578 3576 646 Deus,
3637 580 3701 633 ut

2050 666 2267 718 nostrae
2301 664 2518 719 mentis
2548 664 2816 731 intentio,
2841 682 2957 737 quo
2988 665 3379 722 solemnitatis
3409 665 3700 722 hodiernae

2049 750 2342 824 gloriosus
2386 757 2588 809 auctor
2635 753 2939 825 ingressus
2985 760 3095 821 est,
3126 771 3362 828 semper
3412 756 3698 823 intendat,

2050 844 2107 896 ct
2134 858 2249 913 quo
2272 843 2383 898 ﬁde
2406 842 2615 914 pergit,
2638 843 3079 898 conversatione
3102 844 3419 915 perveniat.
3444 844 3565 914 Per,
3589 849 3699 900 etc.

2121 929 2187 986 V.
2223 935 2355 986 Item
2386 933 2520 987 alia.
2544 963 2612 972 —-
2646 931 3061 987 Exaltationem
3109 936 3318 987 nostra-
3351 932 3703 990 conditionis

2052 1019 2120 1091 (θ)
2144 1020 2444 1092 (humana:
2473 1020 2843 1091 substantia)
2877 1020 3120 1092 respice,
3154 1020 3333 1091 Deus,
3366 1024 3449 1090 ut,
3480 1025 3584 1078 tua
3613 1021 3700 1078 di-

2050 1110 2328 1179 gnatione
2395 1108 2690 1177 mandati,
2753 1109 3136 1165 sacramentis
3192 1125 3416 1181 magum
3469 1109 3703 1181 pietatis

2049 1201 2341 1269 aptemur.
2378 1202 2504 1265 Per,
2539 1203 2648 1253 etc.

2122 1285 2266 1341 Vere
2297 1286 2563 1359 dignum.
2589 1288 2658 1343 Ut
2688 1286 2965 1343 sensibus
3015 1286 3230 1341 nostris
3271 1286 3584 1359 dignanter
3614 1287 3699 1343 in-
3734 1356 3735 1363 γ

2053 1375 2287 1443 fundas,
2317 1392 2391 1430 ne
2422 1376 2665 1431 terrenis
2687 1375 3093 1431 affectionibus
3125 1374 3481 1444 inbzercndo,
3504 1375 3704 1432 oculos

2051 1464 2123 1519 ad
2155 1464 2415 1521 ccelestia
2446 1482 2560 1520 non
2604 1464 2864 1521 levemus
2901 1481 2913 1519 :
2951 1480 3022 1520 ne
3053 1463 3276 1519 infimis
3307 1464 3704 1535 voluptatibus

2051 1553 2344 1625 occupati,
2377 1559 2603 1609 mentes
2652 1570 2769 1608 non
2802 1552 3099 1608 valeamus
3148 1551 3410 1608 attollere
3440 1569 3554 1626 quo
3581 1552 3706 1610 Sal-

2050 1646 2215 1697 valor
2245 1646 2445 1698 noster
2475 1642 2771 1707 ascendit;
2807 1658 2878 1697 ne
2909 1640 3198 1696 diabolica
3231 1642 3508 1697 scctando
3538 1641 3709 1698 vesti-

2052 1731 2170 1803 gia,
2201 1748 2235 1787 a
2266 1731 2477 1788 Christi
2511 1730 2802 1787 consortio
2831 1730 3173 1786 recedamus
3200 1747 3212 1786 :
3237 1728 3375 1802 quia
3409 1746 3579 1787 nemo
3612 1747 3710 1803 po-

2054 1823 2168 1876 test
2196 1821 2414 1876 summi
2439 1821 2675 1892 verique
2706 1819 2880 1892 Regis
2902 1818 3252 1875 celsitudine
3274 1818 3568 1891 delectari,
3594 1818 3709 1877 nisi

2055 1909 2155 1982 qui
2190 1910 2465 1983 pestifera
2494 1910 2789 1966 destructa
2813 1908 2887 1981 (ι’)
2931 1908 3259 1982 (subversa)
3290 1909 3547 1981 Tyranni
3571 1910 3710 1983 jura

2056 1998 2315 2056 calcarit.
2350 1999 2478 2066 Per,
2507 2003 2615 2055 etc.

2128 2088 2224 2145 Vl.
2262 2093 2399 2145 Item
2428 2089 2563 2144 alia.
2586 2121 2654 2129 ——
2695 2088 2773 2160 (9)
2808 2093 2907 2153 Da,
2940 2104 3302 2160 quaesumus,
3335 2088 3707 2160 omnipotens

2059 2179 2235 2250 Deus,
2275 2177 2415 2233 illuc
2462 2177 2745 2249 subsequi
2805 2182 3039 2231 tuorum
3102 2177 3368 2232 membra
3423 2177 3705 2245 fidelium,
3739 2220 3753 2247 ,

2060 2285 2178 2340 quo
2258 2271 2434 2339 caput
2499 2270 2766 2323 nostrum
2832 2265 3306 2339 principiumque
3390 2267 3707 2340 praecessit.

2062 2361 2190 2425 Per,
2223 2361 2333 2413 etc.

2132 2445 2279 2500 Vere
2317 2444 2585 2517 dignum.
2639 2446 2697 2500 In
2750 2445 2855 2501 hac
2905 2444 3018 2508 die,
3066 2461 3179 2516 qua
3220 2448 3394 2501 Jesus
3424 2444 3709 2518 Christus,

2066 2534 2243 2589 Filius
2291 2538 2452 2603 tuus,
2494 2533 2777 2589 Dominus
2824 2538 3041 2604 noster,
3075 2534 3255 2588 divini
3300 2539 3712 2591 consummato

2064 2625 2181 2680 ﬁne
2215 2621 2497 2695 mysterii,
2531 2622 2938 2694 dispositionis
2984 2621 3235 2694 antiquae
3266 2639 3483 2679 munus
3507 2623 3586 2696 (ἡ)
3616 2641 3712 2679 ex-

2064 2712 2297 2785 plicuit;
2332 2716 2398 2767 ut
2427 2711 2649 2768 scilicet
2678 2715 2736 2767 et
2766 2710 3066 2767 diabolum
3099 2712 3352 2767 ccelestis
3385 2712 3577 2784 cperis
3607 2712 3714 2768 ini-

2064 2802 2306 2871 micum,
2331 2803 2431 2858 22
2462 2818 2566 2874 per
2594 2802 2914 2872 hominem,
2941 2817 3113 2874 quem
3145 2802 3511 2875 subjugarat,
3535 2802 3713 2860 elide-

2064 2897 2173 2958 ret,
2207 2896 2263 2948 et
2292 2891 2612 2947 humanam
2659 2891 2963 2947 reduceret
2991 2892 3061 2946 ad
3095 2907 3353 2964 superna
3383 2893 3536 2949 dona
3574 2894 3710 2951 sub—

2062 2981 2360 3037 stantiam.
2395 2984 2521 3050 Per,
2553 2984 2642 3036 etc

2136 3071 2200 3142 (ἱ)
2231 3071 2469 3136 Tribus,
2500 3086 2864 3142 quaesumus,
2912 3070 3168 3137 Domine,
3214 3075 3271 3126 et
3316 3070 3458 3128 illuc
3509 3071 3718 3128 tendat

296 3159 386 3215 nis
416 3159 564 3216 Jesu
590 3157 826 3223 Christi,
850 3174 883 3213 a
913 3163 1115 3214 nostra
1135 3176 1251 3215 non
1277 3164 1367 3216 est
1388 3160 1719 3219 humilitate
1740 3164 1954 3220 disces~
1982 3142 2025 3209 (ἶ
2065 3158 2406 3217 Christianae
2440 3163 2646 3215 nostrae
2688 3159 3014 3215 devotionis
3063 3160 3327 3228 allectus,
3353 3178 3468 3233 quo
3520 3165 3715 3217 tecum

288 3249 409 3315 sio;
428 3248 577 3302 dum
603 3251 659 3302 et
682 3247 739 3301 in
760 3263 829 3302 ea
849 3246 1055 3319 gloria,
1070 3263 1243 3320 quam
1263 3253 1453 3306 tecum
1475 3266 1709 3324 semper
1727 3251 1952 3324 habuit,

284 3338 435 3393 etin
470 3353 541 3392 ea
573 3340 784 3390 natura
813 3340 921 3407 est,
955 3352 1134 3407 quam
1168 3353 1336 3394 suam
1374 3338 1507 3394 fecit
1537 3355 1605 3395 ex
1637 3339 1805 3396 nobis
1840 3357 1852 3396 :
1889 3357 1956 3397 ac

283 3425 371 3481 sic
401 3425 586 3481 homo
618 3423 897 3496 dignatus
944 3423 1193 3482 existere
1241 3431 1349 3498 est,
1385 3432 1451 3483 ut
1479 3444 1585 3484 nos
1630 3428 1956 3487 divinitatis

286 3531 414 3571 suae
442 3514 731 3569 tribueret
758 3530 888 3570 esse
921 3513 1253 3587 participes.
1284 3520 1619 3591 Propterea,
1652 3523 1761 3575 etc.

370 3602 474 3658 IlI.
508 3633 577 3643 -—
623 3601 769 3658 Vere
834 3602 1101 3671 dignam.
1154 3604 1303 3671 Quia
1358 3605 1713 3664 mirantibus
1781 3624 1957 3683 ange-

290 3692 390 3761 lis,
422 3690 892 3764 angelorumque
935 3691 1327 3765 principibus,
1364 3694 1482 3751 Rex
1523 3696 1743 3768 gloriae,
1773 3696 1955 3753 Domi-

286 3797 534 3853 nusque
572 3781 879 3847 virtutum,
919 3782 1368 3839 resurrectionis
1416 3784 1596 3840 beatas
1643 3786 1958 3858 primitias,

286 3872 513 3928 throno
534 3874 647 3926 tuae
670 3870 998 3941 majestatis
1025 3870 1275 3943 oblatas,
1298 3871 1356 3927 in
1379 3875 1482 3929 tua
1504 3890 1703 3930 secum
1727 3874 1961 3932 dextera

294 3959 635 4016 collocavit.
671 3962 739 4015 Et
767 3959 919 4029 ideo,
951 3963 1061 4016 etc.

372 4049 467 4106 21
509 4047 1027 4105 Communicantes
1059 4052 1116 4105 et
1137 4049 1293 4107 diem
1318 4051 1786 4110 sacratissimum
1819 4053 1961 4110 cele-

299 4137 542 4193 brantes
582 4136 962 4193 Ascensionis
994 4137 1054 4192 in
1087 4137 1293 4194 caelum
1326 4139 1559 4196 Domini
1605 4142 1787 4198 nostri
1818 4146 1957 4198 Jesu

291 4226 542 4293 Christi,
575 4225 677 4281 sed
709 4229 768 4280 et
798 4224 1145 4282 memoriam
1179 4232 1541 4295 venerantes,
1571 4233 1681 4286 etc.

369 4314 465 4372 IV.
486 4345 555 4355 —
578 4316 713 4370 Item
734 4313 946 4369 alia.—
970 4314 1107 4371 Vere
1124 4315 1599 4389 dignum.Teque
1619 4318 1963 4391 suppliciter

290 4418 566 4472 exorare,
586 4406 651 4458 ut
672 4403 973 4459 mentibus
998 4405 1221 4461 nostris
1240 4409 1341 4461 tua
1360 4405 1743 4477 inspiratione
1763 4424 1963 4464 conce-

2063 3251 2152 3304 est
2182 3251 2381 3303 nostra
2419 3245 2768 3302 substantia.
2804 3250 2931 3314 Per,
2965 3252 3075 3303 etc.

2137 3336 2201 3409 (ι)
2233 3334 2773 3404 Communicantes,
2805 3338 2862 3392 et
2891 3335 3045 3392 diem
3076 3337 3543 3394 sacratissimum
3577 3337 3724 3396 cele-

2066 3424 2335 3493 brantes,
2378 3439 2492 3496 quo
2553 3424 2833 3479 Dominus
2890 3429 3093 3480 noster
3141 3425 3486 3498 unigenitus
3536 3427 3720 3484 Filius

2068 3517 2204 3570 tuus
2238 3512 2466 3569 unitum
2510 3513 2619 3568 sibi
2666 3512 2963 3569 hominem
2995 3519 3209 3570 nostra;
3258 3515 3606 3573 substantiae
3657 3515 3716 3572 in

2066 3603 2263 3677 gloriae
2329 3608 2442 3659 tua=
2510 3603 2745 3660 dextera
2810 3602 3146 3674 collocavit;
3205 3606 3302 3661 sed
3375 3613 3429 3662 et
3496 3623 3721 3664 memo-

2068 3694 2239 3766 riam,
2276 3698 2387 3749 etc.

2394 3888 2708 3927 ORATIONES
2749 3888 2943 3927 PRIDIE
2985 3889 3399 3931 PENTECOSTEN.

2141 3960 2320 4026 Deus,
2352 3960 2449 4032 qui
2485 3960 2531 4015 si
2566 3959 2709 4016 velis
2742 3961 2981 4017 reddere
3011 3963 3164 4033 quod
3213 3979 3528 4031 meremur,
3562 3964 3726 4037 prius

2070 4048 2376 4105 deficimus
2402 4065 2576 4121 quam
2608 4049 2819 4105 merita
2845 4048 3136 4122 supplicia
3165 4052 3552 4123 perferamus,
3576 4069 3729 4125 quaa-

2070 4154 2299 4205 sumus,
2325 4134 2817 4194 absolve‘nostros
2843 4139 3115 4210 placatuv
3137 4155 3387 4207 errores,
3410 4144 3485 4210 et,
3511 4146 3573 4197 ut
3598 4159 3727 4215 pos-

2070 4228 2258 4284 simus
2290 4228 2360 4281 ad
2396 4230 2496 4281 tua
2545 4231 2833 4299 praecepta
2864 4228 3143 4298 converti,
3168 4228 3406 4301 copiosa
3455 4230 3730 4304 propitia-

2069 4317 2229 4373 tionc
2262 4332 2368 4372 nos
2400 4314 2668 4388 praeveni.
2702 4316 2830 4381 Per,
2863 4320 2973 4372 etc.

2144 4404 2437 4470 Clemens,
2470 4403 2862 4475 omnipotens,
2895 4411 2952 4460 et
2996 4405 3331 4462 misericors
3362 4406 3535 4474 Deus,
3569 4408 3728 4465 duri-

290 4496 433 4563 das,
483 4508 600 4564 quo
644 4492 1003 4565 Redemptor
1044 4498 1243 4550 noster
1274 4494 1636 4564 conscendit,
1663 4495 1875 4565 attolli,
1899 4498 1965 4552 ut
1990 4510 2038 4576 D
2073 4494 2212 4551 tiam
2247 4493 2431 4549 nostri
2457 4493 2649 4548 cordis
2678 4497 2891 4562 averte,
2916 4509 3029 4564 qua
3052 4511 3161 4551 nos
3181 4496 3420 4552 verbera
3446 4496 3728 4569 multipli-

290 4582 568 4641 secundo
599 4580 935 4637 Mediatoris
965 4581 1239 4647 adventu,
1264 4583 1570 4639 manifesto
1600 4600 1843 4642 munere
1874 4602 1964 4641 ca-

292 4672 547 4747 piamus
578 4670 733 4744 quod
769 4687 927 4726 nunc
974 4671 1265 4728 audemus
1294 4688 1530 4745 sperare
1578 4674 1963 4746 promissum,

382 4873 464 5000 (ﬂ
499 4874 559 4929 In
580 4874 787 4929 eodem
811 4877 1069 4932 Sacram.
1092 4874 1329 4947 Gregor.
1348 4875 1551 4933 eadem
1580 4877 1694 4951 die,
1720 4893 1824 4935 nec
1851 4894 1968 4935 non

463 4945 629 4999 issali
660 4946 937 5000 Romano.

293 4946 367 5002 in
393 4945 629 5000 'Missali
660 4946 937 5001 Romano.

378 5017 462 5088 (b)
494 5017 617 5072 Vox
644 5020 971 5073 commercia
1003 5018 1236 5074 varians
1264 5017 1455 5075 lectio.

377 5089 452 5161 (ο)
486 5088 584 5162 Est
628 5088 690 5143 in
734 5088 956 5162 Missali
982 5090 1393 5162 rAmbrosiano
1444 5090 1595 5162 apud
1650 5090 1969 5147 Pamelium

292 5159 458 5235 tum.
498 5159 541 5226 I,
574 5176 704 5235 pag.
737 5161 862 5235 374.
898 5161 1093 5235 Prima
1134 5161 1253 5217 hac
1281 5159 1542 5235 prmfatio
1574 5162 1856 5218 Leontina
1887 5164 1972 5219 vi-

292 5234 507 5296 detur,
542 5234 699 5285 sicut
727 5232 903 5287 etiam
934 5232 1126 5287 tertia.

376 5304 473 5372 (τι)
506 5302 706 5357 Exstat
736 5303 794 5357 in
827 5304 1086 5359 Sacram.
1118 5302 1311 5359 Gelas.
1344 5303 1447 5359 lib.
1482 5322 1521 5373 ι,
1556 5321 1615 5359 n.
1647 5305 1738 5360 63.

377 5375 460 5499 ες)
497 5373 745 5456 Varians
782 5373 955 5432 lectio
1002 5390 1171 5432 voces
1219 5375 1478 5431 humanm
1523 5376 1973 5434 substaniiwin-

404 5451 453 5499 It
494 5462 557 5499 in
589 5450 834 5499 textum.

296 5450 453 5500 tulit
494 5450 557 5499 in
589 5450 834 5502 textum.

379 5519 456 5587 (1)
490 5516 768 5573 Subversa
803 5517 1038 5573 varians
1067 5517 1259 5573 lectio.

381 5589 466 5661 (ρ)
508 5588 611 5673 Est
638 5589 698 5671 in
728 5589 983 5673 §acram.
1004 5589 1272 5673 gregarii
1315 5590 1866 5673 apud.Menardum_
1881 5590 1976 5646 die

302 5659 707 5720 Ascensionis
728 5659 978 5720 Domini.
1003 5659 1226 5720 Similis
1246 5659 1538 5721 sententia
1554 5667 1643 5721 est
1663 5662 1819 5739 apud
1842 5661 1980 5722 Leo-

2074 4586 2204 4638 cata
2236 4580 2578 4651 metuimus,
2610 4596 2715 4636 nec
2761 4580 2941 4636 tantis
2973 4581 3268 4652 mysteriis
3316 4581 3529 4637 collata
3573 4583 3729 4638 dona

2075 4670 2394 4738 sentimus;
2426 4673 2484 4725 et
2529 4673 2632 4725 tua
2660 4668 2829 4725 nobis
2861 4668 3242 4741 inspiratione
3272 4670 3546 4738 concede,
3576 4676 3643 4727 ut
3672 4674 3731 4728 et

2079 4891 2213 4932 nem
2244 4875 2431 4930 Serm.
2468 4874 2493 4929 1
2530 4872 2587 4928 in
2636 4875 2874 4929 Ascens.
2914 4872 3140 4948 Domini
3173 4890 3223 4928 c.
3259 4874 3289 4928 4
3322 4891 3335 4931 :
3372 4877 3513 4944 Quia
3561 4876 3731 4948 igitur

2082 4948 2287 5003 Christi
2316 4947 2558 5020 ascensio
2579 4953 2767 5001 nostra
2793 4946 3066 5015 provectio
3094 4949 3209 5006 est;
3238 4950 3291 5001 et
3309 4963 3416 5017 quo
3442 4946 3729 5020 praecessit

2079 5020 2282 5093 gloria_
2297 5019 2513 5093 capitis,
2544 5033 2609 5073 eo
2637 5033 2759 5093 spes
2789 5021 3015 5093 vocatur
3033 5025 3092 5087 et
3115 5022 3382 5093 corporis.

2152 5090 2232 5162 (h)
2265 5090 2326 5144 In
2359 5086 2617 5162 Sacram.
2643 5086 2832 5162 Gelae.
2868 5088 2967 5162 lib.
2993 5086 3037 5154 1,
3067 5105 3123 5143 n.
3146 5086 3238 5148 64.
3261 5096 3319 5145 et
3349 5091 3501 5161 apud
3538 5091 3734 5146 Pame—

2082 5159 2227 5217 lium
2261 5164 2404 5215 tom.
2438 5159 2506 5223 Il,
2543 5175 2673 5234 pag.
2705 5160 2831 5234 569,
2864 5159 2922 5214 ἱη
2956 5162 3170 5234 quibus
3212 5162 3330 5216 haec
3362 5159 3620 5234 praefatio
3650 5162 3732 5217 le-

2082 5234 2260 5307 gitur,
2297 5231 3119 5307 proexplicuiefortemelius
3151 5231 3400 5289 habetur
3426 5236 3686 5307 expiauit.

2153 5302 2448 5378 (i)7Codd‘._
2482 5302 2827 5378 Cregoriani
2887 5302 3036 5359 hanc
3086 5306 3407 5362 orationem
3459 5302 3737 5362 eihibent

2084 5374 2257 5435 fer.'4
2288 5379 2345 5431 in
2380 5374 2549 5430 albis.

2155 5450 2233 5521 (j)
2269 5449 2326 5502 ln
2358 5446 2662 5521 Gelasiano
2696 5444 2903 5501 iisdem
2927 5446 3118 5521 verbis
3148 5452 3335 5503 exstat
3359 5447 3460 5521 lib.
3492 5448 3731 5521 r,qn.63.

2086 5518 2536 5591 In'Gregoriano
2584 5526 2776 5591 autem
2811 5534 2878 5573 ac
2916 5521 2974 5573 in
3029 5519 3290 5575 Romano
3339 5519 3561 5576 Missali
3613 5520 3736 5577 haec

2087 5591 2211 5647 sola
2243 5589 2491 5646 mutatio
2519 5589 2736 5662 legitur
2762 5591 2980 5645 unitum
3006 5592 3117 5647 sibi
3159 5591 3491 5665 fragilitatis
3534 5601 3740 5651 nostra

2088 5662 2480 5720 substantiam.

2088 5663 2480 5722 substantiam.
