4120 6236
326 334 402 394 39
1041 281 1044 284 ἢ
1297 331 1556 392 ΟΡΕΗΑ
1599 332 1663 393 S.
1711 332 1945 395 LEONI

2080 334 2260 396 ιϐιΝο
2301 334 2771 400 ATTRIBUTA.

3667 348 3748 408 40

327 464 559 521 delictis
589 463 818 520 veniam
850 461 1239 535 postulamus,
1275 468 1332 519 et
1360 464 1582 536 gratias
1627 483 1729 538 pro
1773 471 1977 524 nostra
2003 469 2058 535 Α
2089 468 2262 540 desit,
2294 471 2450 528 unde
2498 471 2814 541 subsistat;
2859 475 2917 528 et
2964 471 3119 529 adsit
3163 473 3554 548 observantia,
3587 481 3745 538 unde

325 553 649 611 salvatione
679 553 1016 609 reddamus.
1050 553 1176 621 Pcr,
1209 557 1317 608 etc.

393 643 639 699 Domine
667 644 817 699 Deus
839 646 1057 709 noster,
1084 643 1254 712 cujus
1276 647 1365 697 est
1387 643 1576 715 prima
1595 661 1774 701 causa
1799 645 1971 703 mise-

319 733 635 806 rendi,qua
665 748 878 789 nomen
902 736 1068 786 tuum
1101 729 1416 787 timeamus
1441 736 1496 788 et
1521 750 1789 791 amemus
1814 753 1826 791 :
1852 752 1971 791 eor-

321 822 495 878 dibus
527 821 747 878 nostris
780 820 1134 876 miseramus
1173 820 1435 888 infunde,
1470 827 1532 878 ut
1562 839 1692 894 quae
1716 822 1822 879 tibi
1855 841 1969 880 non

317 912 574 984 placent,
618 911 958 975 refutantes,
993 908 1220 964 sincera
1249 909 1355 965 tibi
1410 910 1707 968 voluntate
1750 914 1967 970 subda-

321 1019 477 1057 mur.
509 1001 634 1066 Per,
666 1004 777 1055 etc.

389 1091 582 1155 Parce,
619 1088 883 1159 Domine,
913 1105 1082 1160 parce
1115 1089 1523 1159 peccantibus;
1556 1096 1612 1145 et
1643 1094 1704 1146 ut
1735 1093 1805 1147 ad
1840 1110 1966 1164 pro-

315 1177 684 1253 pitiationem
717 1183 880 1233 tuam
913 1178 1212 1249 possimus
1236 1179 1531 1246 accedere,
1554 1179 1836 1250 Spiritum
1869 1199 1965 1238 no-

315 1269 406 1325 bis
435 1267 627 1323 tribue
658 1267 1010 1338 corrigendi.
1045 1271 1171 1332 Per,
1203 1273 1312 1322 etc.

388 1358 459 1428 (a)
473 1358 603 1412 Item
617 1355 905 1427 alia.—(b)
918 1356 1299 1427 Omnipotens
1313 1372 1434 1411 sem
1445 1356 1666 1427 piterne
1680 1358 1962 1431 Deus,qui

316 1444 595 1516 paschale
619 1449 1054 1500 sacramentum
1081 1443 1507 1516 quinquaginta
1529 1445 1756 1501 dierum
1777 1447 1963 1503 volui-

313 1533 388 1589 sti
411 1536 692 1606 mysterio
715 1532 1020 1603 contineri,
1051 1537 1281 1604 praesta,
1305 1545 1365 1587 ut
1388 1534 1651 1605 gentium
1676 1536 1830 1591 facta
1851 1537 1966 1594 dis-

314 1623 509 1695 persio
541 1621 826 1678 divisione
853 1622 1208 1693 linguarum,
1234 1623 1304 1677 ad
1332 1641 1507 1678 unam
1533 1624 1961 1683 confessionem

310 1712 399 1767 tui
430 1712 687 1768 nominis
719 1710 939 1767 cwlesti
990 1727 1228 1767 munere
1258 1718 1657 1784 congregetur.
1689 1713 1814 1786 Per,
1846 1721 1958 1772 etc.

383 1801 692 1873 Supplices
745 1805 928 1870 tuam,
970 1799 1236 1871 Domine,
1277 1790 1646 1858 clementiam
1694 1804 1965 1876 depreca-

310 1905 466 1958 mur,
498 1896 563 1946 ut
591 1889 692 1962 qui
724 1907 838 1962 prie
871 1890 1032 1945 venis
1065 1906 1298 1962 semper
1339 1889 1493 1946 mala
1523 1891 1732 1948 merita
1761 1900 1964 1950 nostra

311 1979 667 2048 miserendo,
699 1979 805 2034 tibi
837 1979 1054 2051 placita
1073 1978 1143 2050 (υ)
1169 1978 1288 2033 tieri
1321 1978 1431 2050 piis
1463 1981 1696 2037 actibus
1728 1986 1785 2038 et
1807 1984 1960 2054 jeju-

309 2068 423 2125 niis
454 2067 792 2124 salubribus
821 2068 1129 2140 expiando.
1162 2073 1290 2138 Per,
1317 2074 1426 2124 etc.

380 2158 457 2230 (cl)
489 2153 728 2223 Praista,
751 2175 1113 2229 quaesumus,
1141 2157 1514 2230 omnipotens
1562 2160 1736 2229 Deus,
1765 2163 1864 2218 23
1896 2168 1961 2218 ut

309 2247 568 2319 dignitas
599 2247 954 2303 conditionis
999 2247 1268 2302 humana:
1300 2265 1403 2318 per
1446 2248 1958 2308 immoderantiam

311 2337 592 2408 sauciata,
629 2336 998 2392 medicinalis
1025 2336 1397 2408 parcimonize
1438 2341 1633 2395 studio
1683 2343 1959 2398 reforme-

313 2432 425 2480 tur.
459 2430 588 2496 Per,
619 2434 731 2483 etc.

381 2516 449 2586 (e)
482 2517 711 2583 Annue,
744 2514 1078 2570 misericors
1112 2520 1282 2585 Deus,
1317 2521 1382 2572 ut
1421 2518 1519 2589 qui
1570 2519 1766 2576 divina
1813 2539 1958 2592 pra:-

311 2609 478 2676 cepta
524 2605 816 2675 violando,
869 2606 1123 2676 paradisi
1174 2607 1448 2662 felicitate
1497 2608 1843 2677 decidimus,
1885 2613 1955 2667 ad

311 2697 536 2749 tBtBI‘DtB
571 2693 954 2750 beatitudinis
994 2695 1304 2750 redeamus
1351 2713 1651 2753 accessum
1685 2716 1788 2770 per
1827 2704 1958 2756 tuo-

310 2799 441 2838 rum
472 2783 802 2839 custodiam
837 2783 1268 2839 mandaturum.
1305 2787 1426 2853 Per,
1454 2791 1562 2841 etc.

382 2872 618 2938 Adesto,
650 2872 914 2940 Domine,
952 2872 1223 2927 lidclibus
1265 2874 1406 2943 tuis,
1438 2875 1633 2930 adesto
1681 2878 1958 2949 supplici-

312 2961 420 3017 bus
452 2979 466 3018 :
499 2967 556 3017 et
585 2962 960 3018 terrestribus
987 2979 1103 3016 non
1135 2961 1369 3016 deseras
1402 2964 1781 3034 adjumentis,
1807 2984 1956 3038 quos

308 3051 630 3106 caelestium
665 3069 856 3106 rerum
891 3051 1032 3106 t’acis
1063 3067 1191 3106 esse
1220 3051 1554 3124 participes.
1586 3057 1712 3124 Per,
1746 3060 1856 3110 etc.

339 3133 348 3136 ’
377 3139 533 3194 Sacri
566 3157 693 3206 nos,
727 3139 990 3206 Domine,
1023 3140 1286 3194 muneris
1323 3142 1580 3211 operatio
1623 3145 1868 3200 mandet
1897 3151 1954 3201 et

2088 573 2256 614 meus
2287 559 2522 631 polleat.
2548 561 2673 632 Per,
2705 565 2814 618 etc.

2160 648 2231 720 (g)
2264 649 2455 706 Sacris
2485 650 2840 720 coelestibus,
2871 652 3140 720 Domine,
3171 652 3312 710 vitia
3359 660 3560 715 nostra
3604 677 3743 732 pur-

2087 742 2317 809 gentur,
2343 745 2407 795 ut
2435 740 2781 797 muneribus
2803 741 2923 798 tuis
2943 742 3243 815 possimus
3265 760 3499 817 semper
3528 750 3736 822 aptari.

2087 827 2211 896 Per,
2242 832 2348 885 etc.

2159 917 2494 990 Supplicem
2529 919 2660 989 tibi,
2691 920 2958 992 Domine,
2982 922 3214 994 plebem
3246 924 3516 997 placatus
3547 925 3736 983 inten-

2087 1006 2179 1076 de,
2209 1013 2268 1062 et
2296 1008 2354 1064 in
2389 1013 2489 1064 tua
2531 1010 2934 1066 misericordia
2983 1012 3375 1070 confidentem
3427 1014 3739 1072 clementia

2085 1095 2334 1168 largiore
2366 1098 2673 1160 comitare;
2709 1105 2773 1154 ut
2805 1101 2943 1170 quia
2993 1101 3118 1156 sine
3150 1107 3204 1156 te
3238 1120 3352 1158 non
3385 1111 3575 1176 potest
3610 1122 3737 1160 om-

2084 1185 2223 1240 nino
2273 1188 2615 1256 consistere,
2639 1188 2756 1244 tuis
2810 1189 3106 1244 beneficiis
3153 1193 3578 1264 temporalibus
3626 1210 3734 1266 gu-

2082 1275 2376 1346 bernetur,
2410 1283 2476 1332 ut
2505 1277 2770 1349 proficiat
2798 1279 2870 1334 ad
2901 1285 3134 1334 aeterna.
3167 1279 3292 1353 Per,
3321 1289 3431 1338 etc.

2259 1427 2320 1466 IN
2359 1427 2748 1467 PENTECOSTEN
2782 1427 3244 1469 ASCENDENTIBUS
3281 1432 3318 1467 A
3355 1433 3550 1472 FONTE.

2151 1535 2195 1590 Ι.
2219 1567 2288 1577 —-
2307 1536 2521 1593 Prmsta
2551 1537 2740 1608 nobis,
2765 1535 3079 1592 ineﬂ‘abilis
3106 1542 3162 1592 et
3189 1537 3522 1596 misericors
3554 1541 3730 1610 Deus,

2081 1629 2144 1680 ut
2178 1625 2432 1697 adoptio,
2468 1643 2644 1698 quam
2678 1627 2736 1681 in
2769 1627 3032 1698 idipsum
3074 1633 3317 1683 sanctus
3347 1629 3599 1701 Spiritus
3629 1631 3730 1686 ad-

2078 1715 2424 1786 vocavit(h),
2468 1714 2615 1770 nihil
2646 1715 2704 1770 in
2737 1715 3046 1772 dilectione
3094 1721 3414 1784 terrenum,
3451 1718 3594 1773 nihil
3624 1719 3728 1776 ba-

2079 1803 2211 1859 beat
2241 1804 2298 1858 in
2331 1804 2697 1861 confessione
2728 1804 3047 1860 diversum.
3083 1805 3211 1875 Per,
3242 1810 3348 1861 etc.

2145 1894 2202 1964 (ί)
2223 1893 2538 1964 Propitius,
2554 1893 3319 1965 Dominc,qua:sumus,hazc
3342 1895 3494 1951 dona
3511 1896 3729 1953 sancti-

2070 1983 2201 2048 ﬁca,
2224 1987 2282 2038 et
2304 1982 2505 2037 hostiae
2528 1982 2810 2054 spiritalis
2833 1983 3124 2040 oblatione
3147 1985 3247 2040 24
3271 1993 3566 2057 suscepta,
3593 2003 3724 2043 nos-

2071 2072 2352 2143 metipsos
2387 2071 2491 2126 tibi
2523 2072 2732 2143 perﬁce
2763 2090 2978 2127 munus
3008 2078 3314 2128 aeternum.
3350 2074 3476 2140 Per,
3500 2081 3612 2131 etc.

2139 2161 2215 2232 (j)
2236 2161 2380 2216 Vere
2401 2161 2665 2233 dignum.
2683 2161 2787 2227 Qui
2813 2162 3077 2217 ascendit
3099 2179 3278 2234 super
3299 2180 3502 2220 omnes
3525 2163 3718 2222 ecclos.

2069 2251 2400 2321 sedensque
2430 2251 2499 2304 ad
2525 2251 2817 2306 dexteram
2843 2257 3026 2322 tuam,
3052 2252 3411 2322 promissum
3438 2253 3721 2324 Spiritum

2069 2341 2341 2391 sanctum
2374 2337 2429 2391 in
2465 2337 2615 2392 tilios
2637 2338 2970 2409 adoptionis
3002 2339 3244 2395 etl’udit:
3275 2341 3430 2396 unde
3460 2340 3721 2396 laetantes

2069 2426 2220 2481 inter
2272 2426 2481 2482 altaria
2533 2431 2653 2498 tua,
2686 2427 2930 2483 Domine
2982 2429 3288 2501 virtutum,
3329 2428 3555 2485 hostias
3611 2431 3722 2485 tibi

2068 2514 2262 2571 laudis
2293 2515 2618 2581 offerimus,
2646 2523 2757 2572 etc.

2139 2604 2214 2676 (At)
2248 2605 2410 2659 Hanc
2450 2606 2631 2676 igitur
2659 2604 3036 2672 oblationem,
3071 2623 3244 2677 quam
3281 2606 3384 2662 tibi
3419 2608 3721 2665 offerimus

2067 2710 2170 2765 pro
2201 2694 2293 2748 bis
2324 2710 2472 2764 quos
2511 2711 2581 2749 ex
2623 2711 2777 2766 aqua
2806 2701 2863 2750 et
2889 2696 3109 2767 Spiritu
3141 2700 3346 2752 sancto
3377 2713 3721 2768 regenerare

2067 2782 2344 2855 dignatus
2397 2799 2482 2854 es,
2534 2783 2799 2839 tribuens
2855 2784 2940 2840 eis
2999 2785 3406 2841 remissionem
3451 2786 3717 2841 omnium

2067 2877 2464 2944 peccatorum,
2493 2888 2854 2943 quaesumus,
2887 2872 3153 2945 placatus
3184 2875 3460 2947 accipias,
3491 2892 3719 2931 eorum-

2065 2977 2179 3032 que
2220 2959 2459 3016 nomina
2517 2961 2732 3016 ascribi
2783 2962 2995 3031 jubeas
3053 2962 3112 3016 in
3173 2961 3323 3018 libro
3372 2962 3714 3020 viventium.

2067 3054 2191 3106 Per.
2225 3054 2334 3105 etc.

2135 3093 2191 3118 η,
2226 3093 2334 3105 νη.

2135 3137 2198 3207 (ι)
2233 3136 2770 3205 Communicantes,
2802 3141 2859 3193 et
2901 3138 3055 3193 diem
3105 3139 3484 3196 Pentecosten
3515 3157 3716 3196 saera-

309 3229 496 3284 foveat
525 3229 592 3300 (/)
622 3230 920 3301 (renovet),
974 3234 1030 3284 et
1088 3227 1258 3285 donis
1314 3231 1496 3285 societ
1553 3233 1948 3304 sempiternis,
1981 3229 2023 3295 C
2061 3225 2360 3281 tissimum
2392 3225 2775 3296 celebrantes,
2809 3243 2924 3296 quo
2972 3227 3224 3299 Spiritus
3269 3233 3510 3285 sanctus
3541 3247 3712 3301 apos-

303 3317 430 3386 Per,
459 3322 568 3372 etc.

372 3405 520 3462 Vere
551 3405 817 3479 dignum.
841 3407 970 3473 Qui,
1005 3410 1068 3462 ut
1098 3407 1169 3461 ad
1203 3406 1259 3462 id
1292 3409 1447 3478 quod
1481 3409 1632 3466 facta
1661 3416 1768 3479 est,
1791 3430 1952 3485 repa-

301 3498 462 3551 retur
506 3495 767 3552 humana
798 3495 1074 3564 conditio,
1107 3495 1165 3549 in
1199 3513 1313 3551 uno
1345 3498 1666 3569 eodemque
1714 3500 1950 3555 homine

297 3600 473 3640 suum
504 3587 716 3657 cuique
748 3585 1156 3640 convenienter
1186 3586 1482 3640 attribuis.
1509 3587 1732 3658 Corpus
1774 3588 1950 3643 alitur

295 3675 467 3743 escis,
491 3674 947 3743 animajejuniis
970 3673 1303 3743 saginatur;
1338 3674 1451 3727 nisi
1482 3676 1947 3744 competentibus

293 3767 624 3818 sustentata
647 3762 794 3816 cibis
825 3763 1090 3816 membra
1113 3778 1226 3815 non
1253 3761 1534 3828 serviunt,
1558 3764 1782 3834 absque
1811 3782 1947 3821 con-

292 3850 542 3907 tinentia
569 3867 681 3905 non
704 3851 852 3921 viget
880 3850 1092 3904 mentis
1115 3848 1451 3921 imperium.
1478 3850 1539 3905 In
1565 3868 1681 3922 qua
1703 3853 1948 3909 diversi-

290 3945 410 3995 tate
437 3939 783 3995 substantia
813 3938 898 3994 sic
927 3943 1027 3993 tuo
1062 3939 1459 3994 moderamine
1492 3957 1597 3994 nos
1627 3941 1948 4022 gubernas,

292 4033 356 4083 ut
386 4029 527 4100 quia
547 4029 673 4085 sine
697 4028 790 4084 his
814 4045 926 4084 non
959 4033 1148 4100 potest
1170 4033 1457 4098 constare,
1484 4029 1697 4099 quibus
1728 4033 1947 4087 refove-

288 4120 385 4172 tur
415 4117 790 4182 alterutrum,
823 4117 928 4172 hac
959 4116 1239 4186 temperie
1290 4115 1446 4170 sumi
1479 4117 1804 4190 praecipias,
1830 4137 1948 4192 qua

289 4211 608 4276 utrumque
648 4210 945 4278 vegetetur
977 4222 990 4262 :
1023 4221 1089 4260 ac
1111 4203 1289 4260 simul
1312 4204 1590 4261 alimonia
1639 4209 1799 4262 carni
1833 4227 1945 4266 non

359 4312 438 4385 (a)
473 4310 602 4385 Haec
625 4312 898 4385 _formula
927 4315 1060 4368 Item
1091 4313 1228 4378 alia,
1259 4329 1290 4365 a
1329 4311 1640 4385 Muratorio
1689 4315 1940 4382 omissa,

290 4385 347 4439 in
369 4383 576 4439 codice
623 4383 851 4455 legitur.
887 4386 988 4439 Est
1038 4385 1216 4439 Missa
1265 4383 1504 4454 quinem
1555 4386 1856 4453 distincta,
1891 4395 1947 4443 et

298 4456 570 4528 instituta
605 4462 735 4526 post
785 4459 1118 4511 institutum
1153 4455 1210 4508 in
1241 4455 1436 4525 vigilia
1464 4456 1831 4528 Pentecostes
1856 4461 1944 4528 je-

284 4527 642 4602 jun_ium,_de
671 4529 874 4602 quoin
906 4528 1290 4600 sequentibus
1321 4527 1688 4583 orationibus
1719 4537 1775 4585 et
1804 4527 1946 4602 pra:-

292 4600 513 4656 l'atione
545 4599 611 4654 tit
643 4599 881 4656 mentio.

358 4673 436 4741 (ὁ)
459 4672 619 4727 Hanc
637 4673 957 4728 orationem
983 4670 1154 4724 liabet
1171 4671 1543 4722 Sacramenta
1554 4669 1700 4724 rium
1728 4669 1938 4726 Gelasii

286 4742 389 4798 lib.
415 4760 454 4814 ι,
481 4761 537 4797 u.
560 4744 651 4808 80,
677 4745 733 4798 in
770 4743 1065 4800 Dominan
1091 4745 1486 4795 Pentecosten.
1513 4741 1936 4812 Gregorianum

287 4820 482 4869 autem
516 4815 573 4867 in
600 4815 851 4872 Sabbato
881 4823 1013 4872 ante
1044 4815 1446 4869 Pentecosten.

379 4885 428 4963 (ί)
459 4885 696 4963 ﬁectius
727 4889 926 4963 lacius.
1096 4956 1106 4963 Δ
1183 4955 1216 4963 Α
1263 4952 1273 4963 ι
1354 4953 1364 4963 0
1568 4958 1576 4963 _
1609 4952 1620 4962 ,

380 4952 434 5024 ἀ)
459 4952 858 5012 Ηαὺθῖυιυᾙωο
885 4963 1067 5014 oratio
1094 4956 1152 5011 in
1177 4952 1505 5026 Gelasiano,
1529 4958 1585 5007 et
1607 4952 1664 5007 in
1693 4953 1933 5026 Gregor.

286 5025 545 5082 Menardi
578 5028 722 5081 feria
749 5031 783 5081 7
815 5031 1185 5084 hebdomadas
1220 5025 1401 5098 tertiis
1424 5025 1933 5098 AQuadragesimaa.

284 5101 346 5155 In
377 5099 747 5169 Gregorianis
778 5107 972 5155 autem
1005 5100 1304 5155 codicibus
1327 5117 1358 5152 a
1385 5096 1703 5153 Muratorio
1735 5101 1934 5169 editis,

282 5177 342 5227 et
373 5172 428 5226 in
462 5174 723 5226 Romano
754 5172 974 5227 Missali
1008 5173 1146 5226 feria
1173 5172 1208 5223 5
1239 5175 1369 5241 post
1400 5169 1763 5226 Dominicam
1798 5172 1935 5228 Pas-

285 5258 491 5298 810018.

352 5315 424 5387 (e)
453 5312 637 5387 [idem
683 5314 851 5368 codd.
887 5312 1187 5387 ll/Iuratorii
1218 5311 1368 5387 hanc
1412 5312 1932 5387 orationem_refe-

282 5382 418 5441 runt
449 5385 693 5440 sabbato
725 5391 857 5441 ante
888 5385 1260 5441 Pentecosten
1292 5382 1362 5437 ad
1392 5382 1710 5438 descensum
1736 5385 1928 5454 fontis.

355 5458 427 5528 (f)
462 5457 692 5528 Renovet
721 5463 810 5512 est
837 5457 1072 5513 varians
1102 5453 1297 5528 lectio.

354 5531 430 5604 (ρ)
463 5527 561 5604 Est
589 5528 647 5582 in
680 5528 869 5604 Getas.
903 5529 1007 5584 lib.
1042 5527 1289 5604 1,7n._79.
1377 5595 1387 5604 ,

381 5597 600 5672 Ii)_l_laec
631 5602 945 5657 Leoninam
978 5597 1269 5672 syntaxim
1301 5597 1548 5672 spirant.

381 5601 435 5668 Ii)
470 5601 600 5653 Hth
631 5602 945 5657 Leoninam
978 5601 1269 5672 syntaxim
1301 5601 1548 5666 spirant.

453 5668 584 5725 Hac
612 5673 798 5730 oratio
825 5675 1079 5728 occurrit
1107 5667 1367 5750 etiamin
1393 5666 1654 5721 Sacram.
1679 5668 1848 5740 Greg.
1876 5673 1934 5726 et

430 5740 593 5802 issali
614 5741 781 5803 Rom.
806 5745 911 5804 fer.
929 5748 965 5804 2
989 5749 1122 5804 post
1142 5742 1508 5801 Dominicam
1535 5737 1927 5800 Pentecostes.

282 5754 345 5817 in
362 5737 593 5804 Missali
614 5741 781 5803 Rom.
806 5745 911 5804 fer.
929 5748 965 5804 2
987 5749 1122 5822 post
1142 5738 1508 5801 Dominicam
1535 5737 1927 5800 Pentecostes.

2061 3314 2210 3371 tolos
2242 3312 2588 3386 plebemque
2619 3315 2983 3370 credentium
3016 3317 3328 3387 priesentia
3350 3334 3468 3372 sum
3503 3320 3715 3389 majes-

2058 3406 2198 3460 tatis
2231 3403 2472 3475 inplevit
2496 3422 2509 3458 :
2533 3405 2633 3458 sed
2658 3410 2714 3458 et
2739 3405 3082 3460 memoriam
3110 3410 3477 3473 venerantes,
3511 3411 3622 3463 etc.

2133 3494 2226 3564 (τη)
2243 3493 2512 3560 Benedic,
2534 3493 2792 3560 Domine,
2807 3498 2866 3548 et
2886 3493 2992 3549 has
3015 3499 3146 3550 tuas
3165 3501 3460 3552 creaturas
3485 3497 3709 3570 (fontis)

2058 3582 2255 3637 mellis
2276 3585 2332 3635 et
2361 3581 2555 3648 lactis;
2590 3586 2648 3636 et
2678 3587 2816 3652 pota
2847 3583 3098 3639 famulos
3150 3590 3281 3641 tuos
3311 3603 3381 3641 ex
3412 3587 3518 3642 hoc
3552 3589 3708 3642 fonte

2057 3687 2222 3742 aqua:
2245 3669 2373 3723 vitae
2396 3669 2797 3741 perennis,qui
2818 3676 2907 3726 est
2925 3673 3180 3744 Spiritus
3201 3674 3481 3742 veritatis,
3498 3679 3551 3730 et
3569 3692 3712 3730 enu-

2055 3759 2129 3814 tri
2147 3775 2244 3814 eos
2264 3758 2333 3812 de
2357 3757 2463 3812 hoc
2486 3757 2632 3814 lacte
2649 3764 2704 3814 et
2722 3759 3166 3833 melle,quemad
3180 3764 3417 3818 modum
3440 3764 3706 3835 patribus

2057 3848 2270 3904 nostris
2292 3846 2602 3911 Abraham,
2627 3847 2808 3919 Isaac,
2828 3854 2884 3904 et
2902 3850 3082 3906 Jacob
3101 3851 3181 3922 (η)
3199 3853 3509 3922 promisisti
3529 3853 3708 3908 intro-

2057 3939 2270 3994 ducere
2291 3939 2346 3991 te
2367 3952 2466 3991 eos
2499 3935 2555 3990 in
2585 3940 2798 3992 terram
2831 3940 3261 4011 promissionis,
3286 3946 3498 3996 terram
3525 3940 3705 3996 ﬂuen-

2055 4033 2173 4082 tem
2197 4023 2369 4080 melle
2387 4029 2446 4080 et
2465 4024 2633 4079 lacte.
2656 4024 2955 4099 Conjunge
2977 4044 3112 4099 ergo
3138 4029 3386 4084 famulos
3409 4033 3560 4097 tuos,
3590 4028 3700 4083 Do-

2057 4113 2492 4184 mine,Spiritui
2515 4117 2738 4181 sancto,
2759 4114 2911 4170 sicut
2937 4119 3321 4188 conjunctum
3343 4116 3563 4173 esthoc
3591 4116 3706 4173 mel

2054 4209 2112 4261 et
2142 4203 2250 4270 lac,
2283 4220 2398 4275 quo
2431 4202 2682 4258 caelestis
2732 4208 3093 4276 terrenisque
3141 4207 3481 4262 substantiae
3521 4205 3706 4279 signi-

2125 4311 2202 4382 (j)
2235 4310 2381 4365 Tota
2411 4308 2532 4384 haec
2575 4309 2835 4384 praefatio
2885 4315 2973 4384 est
3009 4312 3078 4384 fin
3127 4312 3318 4384 Gelae,
3353 4314 3426 4368 ad
3476 4303 3707 4384 vigilias

2054 4381 2422 4454 Pentecostes
2472 4381 2573 4434 lib.
2607 4397 2646 4448 ι,
2682 4398 2739 4434 n.
2770 4383 2863 4454 78,
2905 4383 2962 4435 in
2995 4383 3347 4454 Gregoriano
3399 4381 3616 4450 autem,
3649 4387 3706 4438 et

2054 4457 2112 4510 in
2143 4453 2358 4509 Missali
2383 4452 2553 4524 item.
2585 4468 2766 4522 usque
2796 4453 2874 4524 ad,
2890 4452 3138 4524 verbum
3170 4455 3380 4524 e/I‘udit.

2125 4527 2201 4594 (Ir)
2230 4523 2451 4594 Similis
2495 4525 2604 4594 est,
2635 4522 2937 4577 nonnullis
2984 4522 3348 4581 intermediis
3376 4524 3569 4579 verbis
3601 4523 3703 4580 ad-

1972 4589 2018 4653 D
2048 4589 2211 4662 ditis,
2244 4595 2303 4649 in
2337 4592 2528 4664 Gelras.
2565 4593 2623 4647 in
2677 4598 2848 4649 nocte
2895 4611 3071 4650 ccenae
3103 4596 3205 4651 lib.
3239 4615 3280 4663 ι,
3312 4614 3372 4651 n.
3402 4597 3499 4664 45;
3531 4600 3589 4650 et
3619 4612 3704 4651 re-

2050 4669 2268 4739 petitur
2307 4665 2366 4720 in
2396 4663 2592 4739 vigilia
2640 4664 3011 4723 Pentecostes
3043 4685 3099 4722 n.
3131 4671 3220 4724 78.
3253 4670 3380 4724 Non
3411 4663 3704 4723 absimilis

2045 4735 2132 4796 est
2160 4753 2392 4809 quoque
2435 4735 2491 4789 in
2524 4735 2765 4807 Gregor.
2798 4743 2856 4793 et
2906 4739 2966 4793 in
3018 4740 3238 4797 Missali
3272 4741 3441 4796 Rom.
3475 4740 3532 4794 in
3568 4739 3702 4793 Pas-

2047 4811 2213 4867 cbate
2243 4815 2301 4864 et
2330 4809 2687 4863 Pentecoste.

2115 4883 2174 4953 (ι)
2207 4882 2309 4953 Est
2354 4879 2414 4934 in
2463 4878 2654 4936 Getas.
2704 4877 2808 4934 lib.
2841 4895 2881 4951 ι,
2913 4897 2970 4935 n.
3001 4883 3092 4952 78,
3121 4888 3178 4939 et
3231 4883 3290 4937 in
3345 4877 3702 4950 Gregoriano

2044 4951 2322 5009 Menardi.

2116 5026 2212 5097 (γη)
2247 5026 2372 5078 llaec
2403 5019 2733 5076 benedictio
2763 5019 2932 5079 lactis
2962 5030 3021 5080 et
3052 5024 3243 5080 mellis
3276 5027 3468 5080 exstat
3498 5019 3557 5074 in
3588 5018 3699 5074 Or-

2045 5098 2181 5153 dine
2212 5098 2470 5152 Romano
2515 5091 2786 5164 Hittorpii
2820 5095 2881 5149 in
2939 5098 3186 5152 Sabbato
3229 5098 3441 5151 Sancto
3473 5097 3616 5146 tom.
3652 5090 3697 5155 Ι,

2046 5186 2179 5241 pag.
2213 5164 2621 5243 37.*Lacti_s__ac
2655 5164 3048 5243 mc‘llisnusum
3081 5174 3212 5243 post
3240 5166 3691 5243 baptismame-

2046 5233 2280 5296 inerant
2309 5235 2702 5293 Tertullianus
2735 5239 2806 5291 De
2837 5238 3047 5295 Corona
3076 5233 3248 5294 inim.
3283 5233 3336 5292 οῖ
3367 5237 3420 5302 3,
3455 5241 3512 5289 et
3541 5233 3642 5288 lib.
3679 5249 3699 5285 1

2045 5313 2325 5368 adversus
2354 5307 2727 5382 Marcionem,
2759 5308 2915 5382 ae__S.
2950 5311 3338 5382 Hieronymus
3361 5309 3420 5362 in
3455 5305 3697 5382 Dialogo

2043 5386 2325 5440 adversus
2369 5377 2782 5434 Luciferianos.
2813 5379 2961 5437 Vide
3002 5375 3260 5438 Marténe
3289 5383 3363 5436 De
3393 5380 3565 5448 antiq.
3600 5375 3700 5430 Ec-

2041 5457 2226 5512 clesiae
2281 5451 2495 5524 [litibus
2549 5453 2693 5524 tom.
2745 5450 2791 5518 Ι,
2842 5450 2943 5508 lib.
2978 5471 3017 5522 ι,
3059 5472 3109 5510 c.
3162 5455 3214 5524 1,
3266 5459 3375 5509 art.
3421 5452 3514 5524 t5.
3562 5451 3704 5524 P_ost

2043 5543 2228 5598 pauca
2252 5539 2365 5601 vos
2411 5522 2582 5601 [catis
2613 5537 2919 5601 perperam
2951 5518 3211 5596 iutrusa,
3233 5524 3294 5581 in
3325 5521 3540 5580 Ordine
3587 5518 3699 5575 Ro-

2042 5591 2216 5654 inano
2252 5591 2516 5663 Hittorpii
2540 5591 2675 5662 jure
2699 5591 3010 5653 omittitur.

2111 5661 2924 5752 (msgppleiiqigglyerbum
2979 5669 3285 5743 promisisti
3332 5683 3401 5724 ex
3459 5661 3698 5721 laudato

2039 5734 2254 5802 Ordine
2281 5734 2546 5798 Romano
2576 5734 2872 5813 Hittorpii.
