4080 6220
266 543 403 599 quem
436 529 564 587 haec
595 532 812 600 omnia,
844 537 951 588 etc.

242 976 349 1046 ejus
377 980 722 1036 muneribus
756 981 1032 1053 aptiores.
1060 986 1188 1052 Per,
1221 986 1331 1039 etc.

503 1097 597 1153 25
641 1096 716 1168 (b)
751 1113 804 1151 IN
848 1114 1077 1153 JEJUNIO
1109 1115 1319 1161 QUARTI
1356 1117 1585 1157 MENSIS.

290 1201 465 1272 (chon
476 1204 611 1259 cede
623 1202 811 1275 nobis,
824 1202 1347 1277 Domine,pra3sidia
1360 1206 1581 1263 militiae
1596 1189 1873 1273 Christia:

224 1308 301 1344 nas
321 1291 536 1347 sanctis
561 1291 1123 1363 inchoarejejuniis;
1145 1299 1209 1349 ut
1231 1299 1433 1351 contra
1456 1298 1749 1368 spiritales
1774 1317 1845 1357 ne

219 1380 428 1451 quitias
459 1382 798 1455 pugnaturi,
831 1382 1201 1439 continentiae
1234 1385 1574 1441 muniumur
1615 1389 1866 1462 auxiliis.

221 1470 336 1535 Per,
360 1474 473 1525 etc.

284 1558 457 1628 Deus,
500 1562 671 1631 cujus
710 1562 1007 1634 mysteriis
1038 1563 1399 1621 mundamur
1443 1570 1500 1622 et
1549 1568 1869 1649 poscimur,

214 1654 426 1718 praesta
469 1653 535 1703 ut
580 1650 781 1706 eadem
825 1652 910 1706 sic
957 1653 1358 1724 temporaliter
1386 1656 1771 1729 celebremus,
1804 1664 1870 1714 ut

224 1735 391 1792 nobis
421 1736 791 1809 experiamur
820 1742 1055 1796 acterna.
1090 1740 1216 1809 Per,
1249 1746 1391 1805 etc.—-
1442 1770 1451 1773 ἡ

212 1868 235 1879 ‘
298 1874 341 1888 ἐ
378 1848 770 1929 ηυιηεςωήῥῑῖο
798 1862 848 1914 et
879 1840 1167 1929 Reparatio
1194 1860 1371 1931 primi
1399 1859 1658 1915 hominis.

237 1964 415 2021 Vere
447 1966 719 2037 dignum.
753 1965 858 2030 Qui
890 1969 1021 2037 post
1050 1964 1194 2020 illud
1228 1965 1600 2022 inefI‘abiliter
1629 1967 1864 2025 institu-

160 2059 313 2110 tum
351 2056 568 2110 divinas
595 2055 986 2126 humanaeque
1017 2060 1235 2110 natura:
1260 2040 1865 2129 consortium,8ponsi

168 2144 350 2200 ﬁlios
384 2160 577 2215 usque
619 2146 689 2200 ad
722 2146 848 2216 ejus
881 2145 1220 2201 abscessum
1252 2163 1367 2201 non
1399 2163 1569 2219 posse
1593 2147 1864 2218 jejunare

175 2234 597 2306 praemonuit;
634 2250 703 2289 ne
735 2234 909 2288 rudes
948 2233 1175 2289 animos
1206 2237 1600 2305 parvulorum,
1654 2253 1862 2309 super-

172 2324 283 2379 nis
316 2322 1416 2390 eruditionibusimbuendos,oneraret
1434 2326 1861 2383 austerioribus

186 2412 674 2485 disciplinis,sed
710 2411 1144 2483 proficientibus
1176 2414 1449 2469 exercitia
1480 2416 1703 2485 majora
1737 2433 1863 2471 ser-

185 2507 366 2557 varet
395 2519 410 2558 :
446 2501 661 2573 quibus
695 2502 957 2557 uberiore
988 2502 1139 2557 dono
1180 2503 1433 2574 Spiritus
1477 2505 1665 2561 sancti
1698 2506 1862 2560 sufﬁ-

189 2592 430 2648 cienter
457 2590 985 2662 instructisjejunii
1007 2592 1423 2663 subsequentis
1444 2593 1738 2665 primitias
1768 2596 1861 2651 de-

188 2680 456 2737 dicavit:
491 2685 557 2736 ut
586 2680 714 2752 quia
737 2684 869 2752 post
899 2680 1441 2753 creationemprimi
1466 2682 1723 2739 hominis
1752 2684 1863 2740 ini-

186 2771 350 2825 tium
388 2770 605 2841 peccati
636 2769 1105 2841 concupiscentia
1131 2770 1515 2841 ministraret,
1542 2777 1672 2843 post
1702 2790 1863 2845 repa-

185 2860 494 2915 rationem
525 2859 753 2924 generis
792 2858 1035 2914 humani
1092 2859 1447 2915 continentia
1490 2862 1652 2917 fieret
1700 2863 1861 2936 origo

182 2950 513 3004 virtutum.
547 2949 673 3018 Per,
703 2952 813 3004 etc.

262 3038 658 3110 Omnipotens
681 3037 1032 3109 sempiterne
1048 3038 1325 3109 Deus,qui
1346 3040 1640 3111 paschalis
1661 3041 1859 3098 solem-

182 3128 409 3183 nitatis
439 3143 721 3190 arcanum
760 3126 836 3198 (ἀ)
883 3126 1149 3183 hodierni
1199 3129 1459 3196 mysterii
1500 3129 1861 3201 plenitudine

311 617 364 673 If.
401 620 539 674 Item
569 621 712 676 alia.
746 653 810 663 —
844 622 919 693 (a)
953 623 1034 678 Da
1064 624 1255 696 nobis,
1288 642 1648 697 quaesumus,
1682 626 1877 683 Domi-

254 721 326 774 ne,
354 724 454 779 per
484 710 734 781 gratiam
770 712 1023 783 Spiritus
1048 715 1232 769 sancti
1263 732 1473 770 novam
1515 716 1601 771 tui
1631 716 1880 773 Paracli-

1894 1834 1941 1899 B

272 305 319 363 ll
1020 311 1252 373 LlBER
1297 312 1860 376 SACRAMENTUH

2042 315 2183 377 ECC
2193 314 2437 375 LESLE
2479 313 2856 375 ΗΟΜΑΝᾸΞ.
3556 315 3638 375 42

268 435 441 494 ficatur
469 439 659 496 unitio
686 441 747 497 in
777 441 1005 499 Christo
1033 442 1173 500 Jesu
1228 444 1474 501 Domino
1506 450 1723 502 nostro.
1765 447 1875 503 Per
1900 453 1956 519 Α
2056 448 2196 505 Vere
2225 448 2491 520 dignum.
2525 448 2585 503 In
2610 447 2704 503 die
2747 445 3137 502 solemnitatis
3166 445 3483 518 hodiernae,
3515 464 3635 520 quo

1992 538 2311 594 humanam
2351 538 2422 592 de
2453 537 2612 593 varia
2659 535 3074 608 superstitione
3106 537 3207 592 20
3237 537 3634 593 substantiam

1990 627 2196 699 spiritu
2225 643 2370 682 verse
2402 626 2632 698 perficis
2662 626 2962 697 religionis
2994 624 3241 680 unitam.
3276 626 3401 694 Per,
3436 630 3547 682 eto.

2060 718 2125 789 (f)
2156 718 2390 785 Adesto,
2424 716 2687 783 Domine,
2738 731 3098 786 quaesumus,
3148 714 3361 787 populo
3413 718 3536 786 tuo,
3580 720 3639 773 et

247 795 282 849 ti
330 798 608 869 spiritalis
667 801 1045 856 observantiae
1094 803 1485 876 disciplinam,
1528 810 1593 860 ut
1650 812 1875 862 mentes
1986 824 2159 879 quem
2207 805 2497 877 mysteriis
2546 805 2877 861 caelestibus
2922 803 3213 872 imbuisti,
3271 804 3342 860 ab
3375 803 3636 862 hostium

242 892 455 957 nostra,
490 906 655 946 sacro
696 896 953 963 purgatas
987 892 1235 963 jejunio,
1283 895 1507 950 cunctis
1552 897 1877 953 reddantur
1984 896 2176 953 furore
2209 896 2471 953 defende.
2507 896 2632 963 Per,
2663 898 2772 950 etc.

2763 984 2858 1039 XI.

2389 1092 2447 1129 IN
2477 1089 2799 1129 DOMINICUM
2828 1088 3232 1128 PENTECOSTEN.

2049 1164 2285 1231 Adesto,
2338 1163 2604 1229 Domine,
2655 1162 2926 1234 precibus
2975 1160 3215 1231 nostris,
3263 1163 3326 1217 ut
3373 1161 3636 1238 adoptio,

1979 1270 2151 1325 quam
2189 1253 2245 1308 in
2280 1253 2564 1323 idipsum,
2596 1256 2706 1307 etc.
2744 1252 2816 1322 (g)

2049 1342 2362 1414 Propitius,
2398 1341 2660 1412 Domine,
2695 1355 3054 1413 quaesumus,
3088 1339 3210 1395 haec
3242 1339 3395 1395 dona
3424 1340 3638 1395 sancti-

1979 1432 2109 1503 ﬁca,
2143 1436 2251 1487 etc.
2282 1432 2383 1503 (h).

2049 1520 2194 1576 Vere
2216 1520 2483 1592 dignum.
2508 1520 2636 1575 Haec
2658 1518 2765 1573 tibi
2786 1522 2986 1574 nostra
3005 1516 3489 1585 confessio,Pater
3508 1518 3632 1589 glo-

1981 1611 2101 1677 riae,
2134 1626 2362 1681 semper
2390 1614 2626 1681 accepta
2654 1608 2751 1675 sit,
2784 1609 2854 1661 de
2899 1607 3173 1662 cordibus
3209 1606 3463 1663 ﬁliorum
3496 1624 3629 1679 pro-

1982 1699 2281 1754 missionis
2304 1697 2519 1753 emissa
2540 1715 2551 1753 :
2569 1696 2707 1768 quia
2727 1695 2871 1751 nihil
2894 1693 3211 1751 sublimius
3234 1694 3509 1751 collatum
3533 1700 3634 1752 Ec-

1980 1788 2166 1845 clesiae
2200 1791 2310 1842 tua:
2360 1786 2677 1859 probamus
2707 1785 2981 1854 exordiis,
3014 1801 3192 1855 quam
3225 1789 3290 1840 ut
3337 1783 3631 1856 Evangelii

1973 1878 2060 1934 tui
2088 1877 2372 1950 praeconia
2389 1876 2609 1948 linguis
2631 1876 2893 1930 omnium
2916 1875 3279 1931 credentium
3303 1891 3406 1931 ora
3424 1874 3634 1947 loque-

1974 1972 2214 2034 rentur;
2268 1972 2333 2021 ut
2374 1970 2430 2021 et
2461 1965 2560 2020 illa
2590 1966 2898 2033 sententia,
2932 1980 3110 2036 quam
3144 1965 3411 2037 superbae
3443 1981 3632 2036 quon-

1972 2059 2106 2114 dam
2137 2055 2339 2112 Turris
2362 2055 2676 2111 exstructio
2701 2055 2935 2121 meruit,
2954 2053 3298 2120 solveretur,
3331 2057 3387 2109 et
3416 2070 3626 2110 vocum

1970 2148 2221 2204 varietas
2252 2146 2619 2202 aadificationi
2643 2146 2707 2217 (ἰ)
2730 2143 3137 2200 ecclesiasticae
3164 2161 3278 2199 non
3311 2143 3630 2201 difficulta-

1972 2242 2086 2293 tem
2119 2238 2354 2306 faceret,
2382 2237 2480 2291 sed
2515 2238 2753 2307 augeret
2792 2233 2985 2306 potius
3017 2233 3323 2288 unitatem.
3359 2234 3483 2300 Per,
3515 2237 3626 2290 etc.

2142 2326 2351 2381 Contra
2384 2325 2444 2397 (i)
2476 2326 2733 2381 inimicos
2760 2323 3046 2380 catholicae
3071 2323 3452 2394 professionis.

2042 2412 2084 2468 Ι.
2117 2444 2185 2452 -
2215 2412 2456 2479 Exaudi,
2509 2410 2773 2479 Domine,
2824 2425 3024 2482 preces
3075 2414 3330 2477 nostras,
3362 2412 3419 2465 et
3471 2408 3627 2465 sicut

1972 2502 2245 2573 profanas
2278 2500 2483 2555 mundi
2514 2499 2789 2571 caligines
2821 2499 3008 2554 sancti
3051 2498 3302 2570 Spiritus
3331 2498 3461 2553 luce
3491 2514 3617 2553 eva-

1972 2591 2194 2657 cuasti;
2231 2589 2314 2644 sic
2339 2588 2536 2644 hostes
2565 2588 2807 2643 Romani
2841 2587 3118 2654 nominis,
3141 2591 3199 2642 et
3226 2586 3497 2644 inimicos
3527 2602 3624 2655 ca-

1971 2678 2197 2735 tholicae
2221 2677 2602 2750 professionis
2630 2692 2918 2749 expugna.
2952 2677 3078 2742 Per,
3110 2680 3220 2732 etc.

2498 2765 2691 2821 Contra
2722 2767 3100 2837 Imperatores.

2046 2858 2222 2928 Deus,
2278 2856 2378 2928 qui
2425 2855 2735 2912 vastatoris
2786 2855 3011 2926 antiqui
3063 2854 3368 2926 perﬁdiam
3414 2853 3631 2911 virtute

1971 2947 2097 3003 Filii
2131 2946 2213 3002 tui
2245 2950 2301 3003 et
2331 2946 2521 3002 sancti
2568 2944 2823 3017 Spiritus
2868 2944 3246 3012 destruendo,
3279 2942 3492 2999 dedisti
3526 2960 3630 2998 no-

1972 3038 2063 3093 bis
2094 3038 2163 3092 de
2189 3035 2524 3108 captivitate
2552 3034 2855 3090 victoriam
2890 3050 2904 3089 :
2941 3034 3210 3097 concede,
3263 3048 3627 3104 quzesumus.

1972 3130 2038 3182 ut
2067 3126 2165 3200 qui
2200 3143 2305 3181 nos
2334 3124 2613 3196 impetere
2646 3120 2988 3195 moliuntur,
3023 3122 3292 3195 potentias
3349 3126 3459 3178 tuas
3492 3122 3629 3177 dex-

180 3216 522 3289 perfecisti,
555 3218 648 3285 da,
690 3232 1046 3287 quesumus,
1099 3220 1164 3271 ut
1212 3215 1313 3270 ﬁlii
1364 3221 1473 3272 tua:
1526 3220 1855 3291 adoptionis
1887 3208 1929 3275 C
1967 3220 2091 3274 tera
2120 3219 2513 3272 conterantur.
2548 3214 2675 3283 Per,
2709 3218 2816 3269 etc.

182 3306 417 3373 effecti,
459 3322 637 3377 quam
669 3305 953 3361 Dominus
984 3309 1183 3361 noster
1207 3310 1375 3361 Jesus
1400 3306 1669 3363 Christus
1701 3309 1771 3363 ad
1808 3315 1862 3365 te

178 3396 446 3452 veniens
476 3394 800 3466 deriliquit,
835 3399 1170 3451 mereantur
1200 3410 1424 3466 pacem.
1464 3396 1597 3466 Per,
1626 3401 1734 3452 etc.

258 3486 335 3558 (ε)
376 3490 478 3551 Da,
502 3492 859 3556 qhzesumus.
884 3483 1147 3539 Ecclesia:
1172 3488 1303 3553 tum,
1331 3486 1663 3541 misericors
1684 3486 1861 3553 Deus,

178 3580 251 3631 ut
305 3578 521 3631 sancto
580 3574 805 3646 Spiritu
857 3578 1227 3646 congregata,
1262 3574 1463 3631 hostili
1523 3575 1862 3632 nullatenus

179 3664 546 3721 incursione
577 3665 866 3719 turbetur.
902 3664 1028 3730 Per,
1060 3667 1170 3719 etc.

247 3754 501 3809 Hostias
521 3751 725 3824 populi
754 3752 1240 3824 tui,quaasumus,
1264 3753 1525 3819 Domine,
1548 3754 1864 3812 miseratus

174 3843 475 3910 intende;
510 3846 565 3897 et
594 3846 659 3897 ut
682 3841 788 3897 tibi
822 3842 1139 3897 reddantur
1171 3849 1438 3915 acceptae,
1474 3844 1865 3901 conscientias

175 3938 434 3988 nostras
484 3930 673 3987 sancti
703 3930 957 4003 Spiritus
1006 3930 1281 3986 salutaris
1327 3933 1613 3989 adventus
1658 3951 1863 3990 emun-

175 4022 313 4077 det.
353 4025 486 4089 Per,
519 4023 631 4075 etc.

263 4128 355 4197 (a)
386 4125 910 4201 EstinACelasiano
939 4124 1038 4201 lib.
1096 4142 1134 4194 I,
1188 4142 1244 4201 ῃ.
1276 4126 1367 4197 79,
1399 4126 1458 4183 in
1505 4127 1861 4201 Gregoriano

174 4198 509 4274 Maratorii
564 4197 680 4252 diei
732 4197 1144 4274 sabbatiuante
1191 4198 1586 4269 Pcntecosten,
1620 4197 1676 4257 et
1706 4204 1862 4274 apud

170 4271 532 4328 Pamelium
566 4276 709 4325 tom.
747 4270 790 4339 Ι,
822 4285 881 4340 p.
915 4270 1043 4324 378.

251 4345 345 4413 (ὁ)
363 4343 469 4398 Hic
489 4342 697 4416 titulus
719 4339 1024 4416 perperam
1047 4339 1313 4416 intrusuﬂs
1330 4342 1560 4398 videtur
1580 4359 1591 4397 :
1615 4360 1865 4416 sequen-

172 4416 266 4471 tia
303 4416 481 4470 enim
513 4415 585 4468 ad
610 4413 907 4487 jejunium
940 4413 998 4467 in
1045 4413 1243 4487 vigilia
1274 4415 1643 4487 Pentecostes
1684 4413 1865 4487 perti-

170 4492 364 4551 nent,
410 4490 481 4540 ut
510 4493 708 4541 annot.
737 4486 815 4557 29~
837 4485 988 4554 (mox
1015 4502 1073 4539 η.
1106 4485 1183 4557 (d)
1215 4486 1451 4556 patebit.
1486 4487 1651 4543 Forte
1682 4485 1865 4544 oratio

172 4575 337 4651 mox
369 4557 666 4641 subjecta,
693 4562 763 4637 et_
802 4555 1112 4651 lucubratis
1158 4555 1536 4651 eo‘tempore,
1570 4576 1684 4642 quo
1717 4577 1863 4615 non-
1896 4589 1944 4651 Ι)

166 4632 340 4685 dum
381 4629 682 4700 jejunium
714 4627 925 4699 vigiliae
955 4633 1323 4684 Pentecostes
1353 4627 1477 4685 erat
1507 4627 1863 4700 institutum,

163 4710 374 4758 antea
416 4700 871 4776 descriptaerat
899 4701 999 4776 fer.
1024 4701 1075 4753 4.
1112 4702 1410 4776 injejunio
1444 4704 1667 4776 mensis
1698 4722 1870 4776 quar-

164 4777 242 4840 ti,
290 4788 410 4845 pro
448 4789 565 4843 quo
596 4771 834 4835 quidem
866 4789 900 4826 a
950 4771 1136 4845 Leone
1167 4773 1402 4845 condita
1433 4774 1680 4830 videtur.
1716 4771 1872 4831 'Post

168 4843 557 4901 institutum
614 4859 750 4898 vero
795 4843 1089 4912 jejunium
1144 4844 1346 4915 vigiliae
1385 4847 1653 4902 traducta
1701 4847 1810 4903 fuit
1840 4864 1873 4903 a

168 4919 348 4991 feria
380 4916 415 4969 4
452 4916 521 4970 ad
551 4915 701 4991 hanc
721 4914 928 4991 vigilia:
943 4915 1118 4982 diem,
1140 4914 1558 4991 qu’ojejunium
1582 4923 1714 4987 post
1738 4937 1870 4991 pas-

167 4988 372 5045 chale
409 4991 648 5058 tempus
683 4985 997 5043 inchoabat
1024 5005 1037 5042 :
1062 4993 1118 5043 et
1148 4985 1281 5042 cum
1309 4988 1437 5058 ipsa
1455 4985 1720 5045 oratione
1740 4985 1876 5045 titu-

165 5062 286 5116 lus
316 5059 508 5115 etiam
536 5075 637 5130 per
658 5059 1025 5114 oscitantiam
1049 5060 1438 5131 transcriptus
1461 5060 1589 5115 fuit.
1612 5062 1756 5119 Hine
1779 5079 1873 5118 se-

169 5132 458 5204 quentia
476 5148 609 5186 cum
634 5131 890 5204 oratione
904 5132 1247 5204 praecedenti
1263 5132 1333 5187 ad
1355 5134 1621 5188 eamdem
1636 5134 1873 5191 Missam

170 5201 524 5261 referenda
552 5208 714 5268 sunt,
748 5207 811 5257 ut
833 5202 892 5257 in
933 5201 1237 5259 Gelasiano
1278 5204 1744 5263 Sacramentario
1779 5222 1874 5263 co-

170 5276 649 5350 pulantursub
672 5274 989 5350 titulozliz
1044 5276 1240 5350 vigitie
1294 5277 1651 5333 Pentecostes.

257 5349 346 5419 (ε)
386 5347 493 5402 Est
519 5347 578 5402 in
610 5345 919 5419 Gelasiano
965 5348 1024 5419 in
1066 5346 1264 5419 vigilia
1293 5352 1663 5405 Pentecostes
1694 5365 1750 5404 n.
1781 5351 1873 5417 '79,

162 5424 237 5474 et
270 5418 518 5492 iterum
553 5437 609 5473 n.
633 5419 740 5492 _83,_
764 5418 867 5473 fer.
897 5418 957 5492 {1,
988 5418 1048 5472 in
1089 5419 1316 5492 jejunio
1363 5420 1583 5476 mensis
1632 5423 1824 5492 quarti
1859 5438 1872 5476 :

166 5508 250 5547 ac
284 5492 357 5546 in
395 5490 777 5562 Gregorianis
808 5490 977 5562 codd.
1019 5494 1077 5545 et
1112 5490 1172 5545 in
1205 5492 1426 5546 Missali
1474 5490 1815 5548 Romfl‘eria
1846 5494 1878 5547 4

166 5561 838 5620 Cinerum.Nonnulla
867 5561 963 5634 hic
986 5566 1126 5618 sunt
1155 5577 1225 5617 ex
1257 5564 1464 5619 Leonis
1498 5582 1673 5620 serm.
1704 5566 1795 5634 78,
1825 5581 1875 5621 e.

162 5638 233 5703 2,
278 5636 455 5691 sicut
484 5636 543 5689 et
573 5634 632 5688 in
675 5633 941 5704 sequenti
992 5634 1345 5705 praefatione.
1382 5635 1577 5706 Stylus
1609 5644 1762 5693 certe
1793 5641 1879 5692 at-

166 5724 315 5779 que,
348 5706 1012 5779 sententiaaconeinunt
1041 5723 1175 5763 cum
1208 5723 1383 5763 serm.
1404 5709 1475 5763 78
1504 5714 1561 5765 et
1581 5710 1651 5763 79
1682 5726 1715 5765 a
1745 5713 1880 5766 Leo-

166 5777 738 5863 nellu'qubratis'in
761 5778 989 5863 jejunio
1021 5779 1241 5863 mensis
1264 5780 1486 5863 quarti.

260 5850 564 5925 (d)Yoces
576 5850 836 5925 hodierni
846 5853 1105 5922 mysterii
1118 5869 1232 5909 non
1248 5850 1672 5925 diebusjejunii
1688 5851 1881 5925 quarti

173 5922 473 5989 mensis,
499 5923 601 5981 sed
626 5923 771 5979 festo
790 5927 1158 5982 Pentecostes
1179 5922 1541 5997 congruunt}
1585 5922 1740 5982 unde
1760 5924 1880 5983 haec

550 6051 820 6119 Pas-non;
861 6051 989 6115 LV.

2042 3306 2115 3378 (k)
2146 3305 2377 3375 Accipe,
2403 3319 2764 3376 quaesumus,
2789 3302 3048 3371 Domine,
3075 3319 3292 3357 munus
3326 3300 3624 3369 oblatum;

1972 3400 2030 3451 et
2060 3396 2370 3467 dignanter
2422 3409 2682 3464 operare,
2716 3392 2776 3447 ui
2831 3393 2984 3464 quod
3036 3391 3331 3462 mysteriis
3372 3390 3624 3463 agimus,

1973 3484 2084 3557 piis
2115 3483 2416 3539 effectibus
2446 3480 2833 3537 celebremus.
2867 3481 2992 3548 Per,
3023 3486 3133 3537 etc.

2045 3575 2140 3631 27
2178 3577 2321 3628 Vere
2344 3572 2613 3643 dignum.
2647 3569 3027 3626 Clementiam
3077 3571 3241 3623 tuam
3282 3566 3628 3639 suppliciter

1972 3666 2297 3728 exorantes,
2318 3664 2384 3715 ut
2412 3660 2565 3715 sicut
2595 3658 2764 3714 nobis
2795 3661 3020 3713 aeterna
3051 3655 3380 3713 securitatis
3401 3655 3627 3711 aditum

1974 3753 2252 3809 Passione
2275 3749 2502 3806 Domini
2529 3749 2670 3804 Jesu
2692 3746 2905 3803 Christi
2928 3751 2985 3801 et
3006 3746 3192 3803 sancti
3218 3745 3473 3816 Spiritus
3493 3743 3629 3798 illu-

1974 3841 2296 3899 minatioue
2335 3836 2630 3908 reserasti,
2660 3837 2744 3891 sic
2787 3836 2963 3890 etiam
3006 3833 3473 3905 tranquilitatem
3502 3832 3631 3887 vita;

1974 3930 2278 4005 praesentis
2309 3926 2635 3998 indulgeas,
2660 3940 2762 3997 per
2790 3940 2966 3996 quam
2989 3923 3135 3979 tanti
3168 3922 3305 3978 doni
3337 3921 3633 3994 particeps

1974 4020 2200 4076 devotio
2231 4017 2426 4090 quieta
2456 4014 2742 4087 proﬁciat,
2774 4016 2831 4068 et
2878 4011 3232 4084 negligentia
3261 4012 3321 4084 (ι)
3354 4015 3412 4067 et
3441 4014 3631 4067 terror

1976 4127 2089 4184 alia
2135 4125 2315 4181 Missa
2363 4126 2452 4179 est
2496 4135 2797 4193 perperam
2830 4122 3031 4174 assuta
3078 4132 3211 4193 cum
3263 4116 3628 4173 antecedenti

1975 4200 2084 4256 sub
2117 4196 2289 4252 titulo
2325 4212 2337 4249 :
2371 4198 2434 4251 In
2464 4190 2671 4265 jejunio
2700 4193 2904 4246 mensis
2932 4190 3137 4265 quarti.

2048 4271 2117 4342 (ε)
2149 4274 2248 4342 Est
2278 4267 2336 4342 in
2395 4258 2637 4342 Cre’gor;
2678 4258 3157 4342 Sacramentariis
3189 4262 3245 4314 et
3274 4258 3333 4342 in
3365 4259 3626 4342 Romano

1976 4330 2192 4397 Missali
2230 4338 2421 4394 feriati
2445 4330 2574 4408 post
2604 4334 2965 4391 Dominicam
2996 4332 3485 4408 Pent_ecostes._De
3517 4330 3625 4385 hu-

1966 4416 2067 4486 jus
2099 4411 2379 4486 orationis
2402 4402 2767 4486 institutione
2800 4423 2864 4462 ac
2897 4421 3074 4460 sensu
3096 4402 3225 4459 vide
3248 4402 3492 4459 inferius
3515 4420 3625 4458 an-

1974 4481 2094 4541 hot-
2127 4487 2197 4539 35
2228 4481 2630 4557 (In/m_n-_J'l-_
2682 4549 2715 4557 _.
2783 4552 2811 4557 ,
3102 4549 3112 4557 .
3194 4545 3227 4557 ..
3583 4542 3622 4557 ,.

2046 4557 2111 4629 (f)
2148 4542 2382 4637 Legitur
2412 4553 2469 4606 in
2502 4542 2751 4637 l'a'u‘datis
2780 4545 3263 4637 Sacramentariis
3307 4548 3364 4600 et
3403 4542 3624 4600 Missali

1977 4623 2141 4686 Rom.
2179 4623 2319 4682 feria
2348 4626 2382 4679 2
2414 4629 2544 4696 post
2576 4623 2976 4696 Pentecosten.

2050 4704 2123 4772 (g)
2151 4685 2663 4772 Qumsequuntur,
2699 4693 2965 4772 repetitio
3010 4691 3153 4772 sunt
3194 4685 3472 4772 orationis
3510 4685 3630 4759 pri-

1982 4760 2093 4827 ma;
2111 4760 2725 4843 superius-descriptis
2750 4760 3207 4843 ascendentibus
3246 4776 3280 4843 ρ.
3310 4760 3489 4843 fonte.

2052 4845 2131 4915 (ἡ)
2166 4831 2455 4915 ﬁepetitur
2491 4839 2583 4895 hic
2619 4831 2843 4902 'oratio,
2874 4850 3001 4906 quis
3058 4831 3182 4887 loco
3243 4831 3498 4887 indicato
3544 4832 3635 4885 est

1982 4913 2197 4987 pariter
2226 4913 2503 4987 secunda.

2053 4988 2116 5059 (ἱ)
2151 4987 2331 5059 Magis
2362 4977 2920 5059 placeret_Ecclesi.g.
3002 5046 3018 5059 ‘
3064 5045 3101 5059 Η
3164 5046 3177 5059 ι
3233 5045 3243 5056 _
3336 5043 3348 5055 ο
3412 5050 3413 5053 η
3490 5043 3501 5055 ε

2053 5045 2118 5130 (j)
2152 5045 2829 5130 Hicuirndicarigvid‘entur
2857 5045 3104 5130 Vandali
3148 5045 3372 5129 Ariani,
3406 5045 3505 5130 qui
3536 5060 3632 5130 an.

1984 5116 2112 5200 1155',
2144 5131 2252 5184 sub
2286 5129 2497 5200 festum
2528 5125 2923 5200 Pentecostes,
2954 5116 3584 5200 Romai'imminebant
3615 5130 3631 5197 ξ

1984 5188 2109 5258 tres,
2131 5201 2287 5257 enim
2310 5198 2431 5253 dies
2462 5201 2592 5267 post
2623 5195 2778 5267 idem
2813 5194 3033 5267 festum
3051 5192 3109 5267 in
3138 5190 3349 5267 Urbem
3382 5188 3634 5267 ingressi

1986 5278 2143 5343 sunt,
2174 5272 2255 5328 uti
2288 5258 2653 5327 ostendimus
2698 5265 2755 5319 iu
2787 5263 3200 5343 admonitione
3230 5262 3301 5316 ad
3319 5258 3509 5343 ‘serm.
3541 5258 3631 5343 8‘4.

1984 5328 2282 5414 Haec'ergo
2313 5346 2368 5397 et
2396 5355 2647 5414 sequens
2677 5337 2880 5400 oratio,
2914 5332 3431 5414 sicutetiamiduzp
3462 5328 3634 5413 paulo

1988 5423 2120 5474 ante
2173 5404 2497 5483 dsseriptae,
2548 5412 2625 5466 Da
2676 5424 3001 5483 quaesumus,
3036 5408 3108 5483 et
3142 5404 3352 5483 ᾼιίεδεο,
3386 5404 3635 5483 Domine,

1988 5473 2438 5560 quibuscont‘ra
2482 5473 2774 5560 ejusmodi
2823 5479 3022 5534 hostes
3054 5476 3318 5560 divinum
3350 5473 3637 5529 auxilium

1988 5550 2344 5633 deposcitur.
2379 5550 2627 5633 Leonem
2662 5553 2873 5633 habere
2902 5552 3151 5633 possunt
3178 5550 3495 5633 auctorem:

2061 5616 2134 5703 (Ιί)
2167 5632 2296 5687 Haec
2346 5628 2527 5703 oratio
2573 5627 2631 5703 in
2662 5616 3272 5703 SacramI_Gregor.let
3300 5616 3360 5672 in
3410 5616 3644 5673 Missale

1989 5694 2151 5761 Rom.
2185 5704 2456 5759 traducta
2484 5700 2699 5771 legitur
2726 5695 2881 5772 ferali
2914 5694 3300 5772 Pentecostes.
3329 5760 3361 5772 η

2147 5758 2282 5832 Erat
2303 5775 2361 5830 in
2380 5758 2575 5839 editis”,
2589 5777 2640 5826 et
2654 5770 2909 5846 erronqu
2916 5780 2977 5846 In
2986 5780 3116 5819 vero
3133 5764 3202 5846 de
3214 5760 3481 5846 hostibus
3492 5758 3646 5846 Van-

2084 5778 2123 5846 ι)
2147 5780 2282 5832 Erat
2303 5778 2361 5830 in
2380 5778 2575 5839 editis,
2589 5778 2640 5826 et
2654 5778 2971 5825 errantium
2986 5780 3116 5819 vero
3133 5778 3202 5819 oe
3215 5778 3481 5818 nostinus
3504 5778 3532 5812 ν
3545 5778 3645 5814 an-

1991 5778 2080 5906 del
2091 5849 2140 5907 is
2156 5840 2833 5917 Romamimpetentibus
2854 5836 2946 5917 his
2963 5834 3021 5891 in
3036 5834 3397 5917 orationibus
3418 5832 3645 5917 agatur,

1995 5901 2467 5981 uti—monuimus
2500 5901 2705 5972 annot.
2753 5910 2822 5962 35
2868 5907 3095 5978 (Supra,
3141 5922 3199 5962 η.
3227 5907 3297 5973 j),
3328 5901 3643 5974 legendum

3277 6030 3316 6086 2
