4080 6220
298 406 372 462 49
1089 393 1322 453 LlBEB
1364 388 1970 451 SACHAMENTORI

2116 391 2507 453 ECCLESIAB
2554 394 2927 455 ΙὶΟΜΑΝίΕ.
3632 398 3715 459 50

373 530 496 587 VII.
530 532 673 586 Item
704 530 840 584 alia.
864 556 936 569 -
976 522 1293 596 Propitius,
1328 519 1586 591 Domine,
1620 534 1960 591 quaesumus
1989 519 2044 586 Α
2074 526 2714 595 sacratarum,quarum
2739 529 2871 581 ante
2893 530 3162 584 sanctum
3179 527 3499 585 altaretum
3522 525 3719 585 oblata

298 621 669 679 oblationem
712 622 926 674 nostra:
976 612 1273 672 servitutis
1332 611 1604 677 intende;
1637 614 1693 665 ct
1725 613 1788 663 ut
1819 625 1959 664 san-

300 718 538 768 ctorum
572 714 815 765 tuorum
868 706 1141 779 precibus
1199 700 1664 764 commendetur,
1696 696 1956 769 indulge.

302 802 434 868 Per,
466 803 581 855 etc.

376 893 528 944 Vere
558 888 833 959 dignum.
868 885 1048 957 Cujus
1098 880 1482 955 inspiratione
1512 876 1779 934 succensi
1808 874 1959 931 beati

304 984 593 1051 martyres
615 978 687 1032 ad
712 974 1007 1048 passionis
1029 972 1276 1045 gloriam
1302 971 1684 1026 cucurrerunt
1710 991 1723 1034 ;
1755 982 1869 1021 non
1891 964 1960 1020 ti-

302 1073 537 1124 mentes
556 1066 660 1138 qui
693 1081 908 1137 corpus
944 1062 1293 1129 occiderent,
1328 1059 1425 1115 sed
1460 1074 1594 1114 eum
1618 1055 1717 1127 qui
1750 1070 1960 1125 corpus

299 1157 690 1226 animamque
740 1154 974 1209 mittere
1023 1154 1248 1223 poterat
1276 1149 1337 1204 in
1386 1146 1754 1219 gehennam;
1789 1147 1963 1215 atque

302 1246 437 1302 ideo
480 1245 613 1300 illos
656 1242 985 1316 persecutio
1011 1258 1160 1297 saeva
1180 1256 1295 1294 non
1329 1235 1602 1309 perdidit,
1628 1235 1729 1291 sed
1762 1233 1966 1290 beatea

305 1335 606 1393 confessio
637 1332 997 1389 sublimavit.
1033 1330 1159 1400 Per,
1191 1333 1301 1384 etc.

374 1424 525 1480 VIII.
551 1428 685 1480 Item
706 1424 845 1479 alia.
866 1452 934 1461 —-
965 1420 1171 1476 Oblata
1204 1431 1450 1473 munera
1480 1413 1701 1471 nomini
1733 1416 1831 1469 tuo
1860 1411 1967 1467 Do-

303 1516 491 1581 mine,
528 1518 736 1569 nostrae
767 1507 1214 1567 sanctiﬁcationi
1246 1507 1798 1579 proficere,tuorum
1831 1517 1964 1574 pre-

304 1605 482 1660 cibus
514 1603 766 1659 concede
807 1604 1168 1657 sanctorum.
1205 1598 1331 1662 Per,
1364 1600 1473 1651 etc.

378 1693 531 1748 Vere
550 1693 819 1764 dignum.
835 1690 981 1754 Quia
1003 1694 1116 1743 tuae
1134 1686 1367 1741 virtutis
1387 1699 1515 1739 esse
1533 1681 1963 1753 cognoscimus,

308 1786 379 1838 ut
408 1782 599 1838 sancti
626 1780 731 1849 tui,
768 1780 1093 1836 secundum
1118 1775 1494 1848 magnificam
1518 1771 1747 1827 Domini
1780 1769 1969 1826 nostri

292 1873 444 1928 Jesu
458 1869 677 1927 Christi
694 1869 1106 1939 caelestemque
1120 1864 1469 1929 doctrinam,
1486 1866 1720 1919 sanctas
1739 1860 1966 1916 animas
1995 1891 2043 1957 B

298 1962 565 2018 odiendo
589 1960 919 2032 diligerent,
944 1965 996 2014 et
1022 1973 1135 2012 non
1158 1954 1463 2020 servando,
1496 1951 1689 2024 potius
1713 1949 1967 2006 custodi-

296 2057 466 2119 rent;
490 2052 641 2106 hanc
663 2049 843 2105 simul
870 2046 1103 2121 pietatis
1134 2045 1522 2101 imitationem
1556 2040 1724 2097 nobis
1746 2044 1802 2096 et
1826 2056 1964 2111 thB-

299 2142 531 2199 sidium
566 2140 989 2212 relinquentes.
1023 2138 1146 2207 Per,
1179 2141 1290 2191 etc.

385 2234 457 2303 (a)
488 2234 587 2301 Da,
623 2245 986 2302 quaesumus,
1024 2227 1264 2282 Domine
1295 2230 1446 2280 Deus
1496 2225 1785 2290 noster,ut
1813 2220 1966 2277 sicut

309 2326 552 2377 tuorum
573 2318 1128 2376 commemoratione
1159 2326 1492 2372 sanctorum
1517 2311 1822 2383 temporali
1840 2328 1967 2383 gra-

302 2410 580 2466 tulamur
593 2408 891 2478 officio,ita
904 2410 1184 2479 perpetuo
1197 2401 1965 2473 laetemuraspectu.Per,etc

383 2502 483 2557 35
522 2499 775 2554 Exsultet
799 2497 961 2569 plebs
994 2501 1114 2561 tua,
1145 2494 1411 2559 Domine,
1448 2491 1796 2564 placitorum
1820 2490 1965 2546 fulta

304 2588 634 2662 praesidiis,
654 2587 869 2659 quibus
888 2590 945 2640 et
962 2582 1487 2640 sanctificationem
1509 2580 1736 2647 referat,
1752 2583 1808 2634 et
1825 2579 1964 2635 sub-

308 2679 476 2735 sidia
506 2677 751 2750 propria
799 2674 1132 2746 fragilitatis
1162 2672 1446 2744 acquirat.
1479 2669 1605 2737 Per,
1638 2672 1749 2725 etc.

1084 2761 1203 2817 XV.

499 2872 559 2911 IN
600 2870 797 2910 NATALI
835 2867 1249 2908 APOSTOLORUM
1290 2865 1455 2905 PETRI
1494 2865 1560 2903 ΕΤ
1604 2864 1792 2903 PAULI.

392 2948 435 3002 Ι.
467 2976 536 2985 ο-
556 2946 632 3014 (b)
655 2944 827 3011 Deus,
858 2941 957 3015 qui
990 2942 1146 2996 hunc
1171 2939 1326 2994 diem
1344 2939 1647 2993 beatorum
1674 2934 1964 3007 apostolo-

306 3052 455 3092 rum
476 3033 627 3090 Petri
645 3036 700 3088 et
719 3030 882 3087 Pauli
905 3030 1181 3102 martyrio
1200 3027 1574 3095 consecrasti,
1608 3027 1682 3081 da
1700 3024 1968 3081 Ecclesiae

302 3130 455 3192 tuae,
492 3127 613 3178 toto
645 3127 931 3178 terrarum
949 3122 1086 3176 orbe
1102 3119 1348 3186 diffusas,
1368 3134 1570 3174 eorum
1590 3131 1822 3187 semper
1852 3132 1969 3171 ma-

308 3214 566 3287 gisterio
585 3209 919 3284 gubernari,
936 3226 1037 3282 per
1055 3226 1201 3282 quos
1219 3205 1789 3280 sumpsitreligionis
1801 3221 1965 3260 exor-

306 3305 507 3360 dium.
543 3302 669 3369 Per,
702 3306 812 3357 etc.

384 3397 631 3447 Munera
649 3389 833 3462 plebis
852 3394 984 3456 tuae,
1003 3388 1246 3444 Domine
1286 3403 1648 3459 quaesumus,
1668 3386 1969 3441 beatorum

308 3480 727 3556 apostolorum
756 3480 898 3535 ﬁant
918 3483 1085 3551 grata
1119 3477 1416 3548 suffragiis
1441 3497 1456 3547 ;
1491 3480 1555 3532 ut
1582 3492 1685 3548 pro
1717 3490 1968 3547 quorum

310 3569 649 3642 triumphis
689 3573 790 3624 tuo
827 3567 1049 3624 nomini
1090 3568 1457 3637 deferuntur,
1493 3565 1757 3638 ipsorum
1795 3565 1973 3635 digna

314 3661 710 3734 perficiantur
737 3662 793 3713 et
824 3656 1068 3712 meritis.
1110 3656 1240 3720 Per,
1263 3659 1375 3711 etc.

390 3749 546 3803 Vere
564 3747 833 3820 dignum.
857 3746 923 3817 (ε)
941 3744 1047 3810 Qui
1078 3743 1400 3799 secundum
1421 3742 1829 3814 promissionis
1860 3746 1973 3797 tua:

307 3836 618 3893 ineffabile
634 3833 1044 3902 constitutum,
1058 3830 1388 3903 apostolica)
1403 3828 1753 3886 confessioni
1767 3845 1975 3900 super-

310 3944 395 3983 na
418 3921 953 3994 (dldispensationo
981 3920 1236 3993 largiris,
1262 3920 1405 3975 utin
1442 3918 1974 3974 veritatistuasl'un-

311 4014 562 4071 damine
581 4012 832 4068 solidata
849 4009 1010 4065 nulla
1041 4009 1349 4065 mortiferae
1368 4007 1639 4064 falsitatis
1662 4008 1800 4079 jura
1832 4025 1975 4079 prae-

314 4104 581 4169 valeant;
605 4106 661 4157 et
688 4099 1052 4173 quantalibet
1069 4098 1279 4154 existat
1296 4097 1617 4153 errantium
1638 4096 1977 4166 multitudo,

314 4196 390 4266 (ε)
411 4192 496 4248 illi
516 4192 637 4247 sint
655 4187 1078 4260 redemptionis
1096 4192 1205 4242 tuae
1224 4185 1349 4254 filii,
1372 4191 1429 4241 et
1448 4186 1566 4241 illis
1585 4185 1839 4242 Ecclesia
1856 4190 1979 4243 tota

316 4286 693 4349 numeretur,
728 4278 831 4351 qui
857 4278 929 4334 ab
960 4276 1280 4333 electorum
1302 4280 1539 4331 tuorum
1570 4277 1637 4347 (Ι)
1669 4274 1979 4347 principali

310 4371 641 4431 traditione
684 4385 803 4425 non
836 4366 1162 4423 dissonent.
1196 4365 1322 4434 Per,
1355 4368 1465 4420 etc.

1080 4455 1228 4512 XVI.

411 4548 751 4620 Conjunctia
770 4547 847 4617 (g)
877 4545 1175 4602 oblationi:
1204 4544 1483 4615 virginum
1512 4544 1887 4600 secretarum.

2071 609 2305 666 nomina
2323 612 2663 685 recitantur,
2679 631 3021 686 quaesumus
3039 616 3306 691 placatus
3325 616 3715 688 accipias.Pro

2068 700 2285 771 quibus
2326 704 2694 773 majestatem
2743 710 2905 762 tuam
2945 706 3202 779 suplices
3241 708 3625 779 deprecamur
3651 708 3717 762 ut

2069 790 2433 862 propositum
2453 792 2741 850 castitatis
2764 796 2919 866 quod
2939 799 2993 852 te
3009 800 3243 853 auctore
3260 796 3535 870 professes
3551 798 3710 866 sunt,

2069 881 2124 934 te
2155 884 2483 951 protectore
2512 883 2860 940 custodiant.
2894 886 3022 955 Per,
3055 891 3165 943 etc.

2141 969 2212 1023 Il.
2230 970 2362 1026 Item
2382 972 2514 1027 alia.
2534 1004 2603 1012 —
2623 972 2701 1044 (h)
2720 974 3131 1046 Apostolorum
3150 979 3388 1033 tuorum
3421 974 3719 1048 precibus,

2070 1059 2335 1128 Domine,
2369 1078 2731 1132 quaesumus,
2758 1062 2943 1135 plebis
2974 1068 3086 1120 tute
3119 1065 3271 1122 dona
3300 1064 3627 1132 sanctiﬁca,
3651 1067 3719 1120 ut

2072 1166 2202 1222 quae
2231 1149 2337 1204 tibi
2366 1154 2466 1205 tuo
2497 1159 2661 1223 grata
2684 1157 2821 1207 sunt
2843 1153 3132 1222 instituto,
3166 1155 3311 1211 ﬁant
3331 1154 3586 1226 gratiora
3616 1170 3720 1227 pa-

2071 1238 2316 1295 trocinio
2347 1239 2830 1311 supplicantium.
2866 1242 2990 1313 Per,
3022 1247 3132 1299 etc.

2143 1332 2291 1385 Vere
2319 1328 2585 1401 dignum.
2606 1331 2800 1402 Teque
2833 1330 3075 1389 laudare
3097 1331 3426 1390 mirabilem
3456 1332 3640 1391 Deum
3662 1332 3724 1389 in

2074 1418 2296 1475 sanctis
2328 1419 2466 1489 tuis,
2491 1419 2550 1474 in
2579 1420 2793 1491 quibus
2813 1421 3222 1493 magniﬁcatus
3246 1438 3309 1478 es
3330 1421 3721 1491 vehementer;

2076 1524 2179 1581 per
2195 1508 2677 1581 ipsos.Unigeniti
2700 1512 2784 1565 tui
2805 1512 2905 1566 36
2926 1529 3158 1567 sacrum
3179 1528 3393 1584 corpus
3413 1528 3722 1578 exornans,

2076 1604 2133 1653 et
2171 1599 2227 1653 in
2252 1598 2398 1670 ipsis
2444 1598 2715 1656 Ecclesiae
2744 1604 2855 1655 tuae
2910 1601 3293 1657 fundamenta
3335 1600 3720 1657 constituens.

2076 1688 2331 1752 Quorum
2364 1687 2771 1745 beatissimum
2806 1691 3063 1760 Petrum,
3095 1689 3294 1763 gratia
3328 1693 3440 1746 tuas
3482 1689 3721 1746 electio-

2079 1777 2290 1849 nisque
2320 1778 2634 1849 primitias,
2665 1780 2726 1833 in
2776 1777 3108 1851 apostolica:
3152 1778 3455 1850 dignitatis
3487 1777 3721 1834 culmen

2078 1866 2350 1937 ascitum,
2382 1866 2463 1922 ita
2492 1868 2564 1923 ad
2596 1868 2995 1925 conﬁtendum
3020 1872 3075 1925 te
3104 1868 3291 1925 Deum
3313 1868 3509 1925 vivum
3534 1870 3592 1924 et
3613 1868 3727 1924 Do-

2074 1956 2301 2012 minum
2326 1961 2595 2012 nostrum
2616 1957 2819 2014 Jesum
2847 1957 3147 2014 Christum
3161 1960 3382 2014 secreta
3402 1956 3489 2015 tui
3511 1956 3736 2014 revela-

2074 2046 2233 2102 tione
2255 2046 2525 2112 docuisti,
2551 2047 2685 2103 utin
2702 2048 3106 2119 cognoscenda
3126 2046 3419 2121 Unigeniti
3436 2047 3522 2103 tui
3538 2045 3729 2119 gloria

2075 2135 2251 2191 nullis
2268 2135 2460 2191 carnis
2476 2142 2532 2191 et
2546 2136 2854 2209 sanguinis
2872 2137 2948 2192 im
2960 2135 3726 2209 pedireturobstaculis.Pro

2075 2240 2192 2297 qua
2210 2224 2487 2295 magistra
2501 2225 2765 2281 omnium
2786 2225 3149 2281 credentium
3168 2224 3301 2293 ﬁde,
3331 2225 3726 2283 confessorem

2073 2317 2243 2370 tuum
2262 2314 2540 2370 ccslorum
2572 2314 2834 2371 clavibus
2871 2315 3196 2387 praefecisti,
3222 2318 3285 2370 ut
3314 2314 3406 2370 cui
3429 2315 3502 2370 ad
3534 2317 3591 2370 te
3612 2329 3719 2386 per

2073 2407 2130 2458 te
2176 2403 2363 2459 fuerat
2394 2420 2687 2471 accessus,
2729 2420 2831 2476 per
2877 2404 3074 2476 ipsum
3108 2403 3330 2459 caeteris
3361 2404 3433 2460 ad
3473 2418 3720 2475 regnum
3764 2460 3769 2465 ,

2072 2496 2240 2548 tuum
2261 2497 2480 2564 pateret
2495 2492 2792 2549 introitus.
2816 2493 2961 2549 Huic
2979 2510 3213 2565 quoque
3233 2494 3469 2550 beatum
3492 2496 3722 2565 aposto-

2072 2579 2196 2637 lum
2231 2580 2477 2637 Paulum
2509 2582 2580 2638 ad
2604 2581 2853 2638 salutem
2872 2582 3137 2653 gentium
3168 2598 3282 2638 non
3316 2581 3527 2654 impari
3547 2596 3718 2638 voca-

2073 2670 2231 2727 tione
2244 2671 2565 2739 consocias;
2583 2687 2755 2742 quem
2771 2670 3310 2742 magnislaboribus
3325 2674 3715 2743 praeparatum

2072 2760 2370 2832 gratiatua
2386 2764 2444 2815 et
2464 2766 2722 2815 mentem
2742 2759 2988 2815 mutavit
3009 2764 3314 2815 etnomen.
3332 2758 3519 2830 Hujus
3541 2758 3723 2832 igitur

2072 2849 2361 2921 triumphi
2393 2848 2547 2904 diem
2580 2849 2863 2905 hodierna
2883 2849 3186 2907 devotione
3207 2847 3591 2918 celebrantes,
3623 2846 3725 2904 ho-

2075 2940 2220 2998 stias
2248 2939 2377 3010 tibi,
2397 2939 2657 3005 Domine,
2676 2938 2869 2994 laudis
2890 2937 3353 3009 oli‘erimus,cum
3369 2936 3620 3010 angelis,
3634 2941 3725 2993 etc

2148 3030 2397 3085 [ILIlem
2418 3028 2565 3084 alia.
2600 3059 2671 3077 -η
2700 3026 3038 3085 Oblationes
3073 3026 3276 3101 populi
3307 3027 3417 3097 tui,
3452 3024 3721 3095 Domine,

2075 3134 2439 3190 quaesumus,
2472 3117 2875 3189 apostolorum
2907 3121 3143 3173 tuorum
3167 3116 3363 3189 passio
3384 3117 3557 3173 beata
3585 3132 3725 3173 con~

2078 3207 2319 3275 ciliet,et
2353 3222 2480 3278 qua
2510 3206 2724 3263 nostris
2744 3206 2831 3279 (i)(
2862 3206 3081 3279 minus)
3103 3223 3217 3262 non
3231 3210 3377 3278 apta:
3394 3209 3534 3262 sunt
3556 3204 3733 3262 meri-

2079 3296 2178 3364 tis,
2208 3297 2351 3351 ﬁant
2369 3294 2475 3351 tibi
2491 3294 2719 3368 placitae
2740 3300 2978 3351 tuorum
2997 3294 3733 3369 deprecationejustorum.

2079 3385 2206 3453 Per,
2230 3390 2341 3441 etc.

2150 3474 2295 3530 Vere
2313 3473 2693 3545 dignum.Qui
2710 3472 3028 3529 Ecclesiam
3047 3477 3212 3529 tuam
3236 3473 3294 3529 in
3311 3473 3433 3530 tuis
3450 3472 3729 3531 fidelibus

2081 3565 2293 3635 ubique
2312 3563 2625 3636 pollentem
2645 3562 2979 3636 apostolicis
2997 3564 3139 3619 facis
3161 3567 3430 3620 constare
3449 3563 3734 3621 doctrinis

2084 3660 2148 3711 ut
2177 3670 2278 3726 per
2298 3670 2446 3726 quos
2469 3652 2703 3708 initium
2730 3652 2940 3708 divinzs
2961 3653 3319 3725 cognitionis
3351 3654 3593 3725 accepit,
3625 3660 3728 3725 per

2082 3762 2179 3801 eos
2203 3758 2390 3816 usque
2412 3743 2471 3797 in
2494 3742 2671 3798 ﬁnem
2693 3740 2893 3797 seaculi
2915 3741 3109 3814 capiat
3129 3741 3291 3815 regni
3314 3741 3565 3800 caelestis
3592 3757 3737 3815 aug-

2084 3837 2373 3887 mentum.
2393 3831 2522 3899 Per,
2553 3835 2662 3887 etc.

2155 3920 2250 3976 IV.
2282 3923 2414 3977 Item
2436 3920 2567 3975 alia.
2586 3951 2656 3961 —
2679 3919 2898 3976 Munus
2928 3920 3061 3993 hoc,
3085 3921 3345 3989 Domine,
3371 3936 3740 3994 quaesumus,

2084 4009 2403 4083 apostolica
2420 4026 2522 4082 pro
2545 4010 2712 4065 nobis
2727 4009 3070 4067 interventio
3088 4014 3570 4084 prosequatur,ut
3586 4011 3740 4083 quod

2086 4103 2374 4156 tremente
2399 4098 2635 4154 servitio
2655 4116 2758 4171 per
2780 4117 2885 4155 nos
2902 4116 3177 4156 vovemus
3196 4101 3301 4173 (Al.
3327 4100 3588 4155 oblatum
3603 4100 3737 4171 est),

2087 4206 2287 4247 eorum
2306 4186 2475 4244 nobis
2494 4188 2767 4259 precibus
2784 4188 3003 4245 efficias
3022 4188 3612 4259 sacramentum.Per,
3629 4191 3740 4245 etc.

2157 4278 2305 4333 Vere
2321 4277 2681 4349 dignum.Tu
2703 4277 2917 4334 etenim
2932 4277 3000 4350 (j)
3023 4278 3581 4346 tribus,Domine,ut
3601 4294 3743 4350 prte-

2088 4366 2399 4424 dicationis
2426 4365 2756 4438 apostolicae
2801 4366 3129 4424 claritatem
3161 4366 3327 4424 nulla
3349 4366 3506 4439 juris
3526 4365 3741 4424 inferni

2089 4455 2337 4513 subdola
2358 4455 2622 4512 doctrina
2640 4457 2958 4527 subvertet,
2980 4457 3143 4515 nulla
3171 4456 3566 4530 pravaricatio
3594 4454 3743 4512 veri-

2088 4544 2225 4601 tatis
2258 4545 2521 4601 oll'uscet.
2553 4550 2683 4617 Per,
2724 4550 2835 4603 etc.

382 4640 550 4696 Hanc
581 4638 762 4693 etiam
802 4636 1184 4703 oblationem,
1235 4634 1497 4705 Domine,
1541 4632 1651 4689 tibi
1680 4632 1975 4705 virginum
2007 4639 2054 4704 Ι)
2158 4635 2253 4690 37
2292 4633 2367 4707 (k)
2401 4635 2718 4707 Perceptis,
2747 4636 3007 4706 Domine,
3047 4634 3455 4706 sacramentis,
3497 4632 3736 4691 subdito

395 4763 475 4834 (α)
507 4766 606 4817 Est
637 4762 697 4816 in
744 4761 1108 4834 Sacrament.
1151 4761 1488 4834 Gregor._ac
1517 4757 1577 4812 in
1612 4757 1834 4834 Missali
1865 4761 1976 4814 Ro-

316 4829 504 4891 mano
530 4834 591 4889 in
624 4833 928 4889 communi
960 4832 1137 4887 unius
1171 4830 1465 4899 martyris,
1490 4836 1547 4885 et
1577 4829 1739 4885 alibi.

396 4916 473 4985 (b)
505 4915 634 4970 Haec
667 4914 857 4969 oratio
890 4916 980 4968 est
1001 4912 1056 4966 in
1081 4912 1659 4985 GelasLSacrament.
1695 4910 1795 4985 lib.
1821 4928 1885 4983 ιι,
1918 4929 1977 4967 n.

314 4983 417 5054 3i,
454 4983 511 5042 et
542 4988 601 5041 iu
632 4986 875 5058 Gregor.
914 5001 980 5040 ac
1011 4983 1233 5040 Missali
1266 4983 1429 5039 Rom.
1463 4985 1580 5039 fere
1610 4984 1835 5039 eadem.

400 5075 473 5147 (ε)
504 5073 936 5157 Hachraefatio
968 5072 1224 5157 Lepnina
1266 5071 1513 5139 videtur,
1547 5071 1703 5127 sicut
1732 5075 1789 5127 et
1813 5069 1983 5143 plura

312 5148 383 5203 in
410 5144 810 5218 sequentibus
835 5146 1015 5216 hujus
1042 5144 1195 5201 festi.

398 5227 486 5297 (tt)
521 5228 581 5281 ln
612 5226 887 5299 sequenti
938 5225 1116 5299 Missa
1164 5242 1278 5299 xu},
1312 5223 1371 5299 in
1408 5223 1982 5299 quahzecpraafatio

314 5295 637 5371 repetitur,
671 5295 774 5372 p'ro
805 5298 1208 5370 dispensatione
1236 5295 1451 5366 legitur
1479 5295 1822 5368 dignatione.

397 5378 473 5449 (ε)
496 5379 558 5432 ln
578 5380 782 5433 eadem
802 5378 980 5432 Missa
996 5393 1089 5431 xw
1110 5394 1121 5431 :
1142 5376 1236 5431 Illi
1254 5384 1433 5430 tamen
1456 5377 1850 5443 redemptionis
1869 5381 1985 5435 tua?

316 5452 439 5506 sint
472 5451 597 5516 ﬁlii,
632 5451 749 5505 illis
779 5460 832 5506 et
863 5450 1103 5504 Ecclesia
1131 5456 1321 5502 cuncto
1342 5451 1696 5502 numeratur.

400 5530 465 5599 (f)
500 5529 621 5584 Vox
638 5530 954 5600 principali
983 5528 1147 5583 deest
1178 5527 1236 5581 in
1270 5526 1451 5582 Missa
1472 5525 1670 5583 citata.

403 5618 477 5687 (g)
497 5616 840 5675 Oblationes
854 5618 1154 5690 virginum
1180 5632 1306 5687 quae
1328 5620 1437 5671 Deo
1456 5619 1621 5690 erant
1636 5622 1982 5674 consecrata:

325 5688 407 5761 ad
428 5686 664 5761 sacrum
696 5690 879 5747 altare
920 5686 1247 5746 memorant
1265 5686 1631 5761 Augustinus
1662 5689 1879 5761 epist.3
1910 5690 1981 5745 ad

325 5759 741 5835 Victorinum
760 5763 1188 5835 presbyterum,
1212 5765 1270 5816 et
1284 5758 1633 5815 Ambrosius
1656 5758 1714 5816 in
1732 5763 1983 5835 serm.ad

333 5829 651 5905 Virginem
680 5829 1108 5907 lapsameinc
1138 5837 1336 5892 autem
1357 5847 1560 5890 earum
1590 5833 1831 5891 nomina
1849 5838 1983 5892 ante

2090 4761 2286 4834 ipsum
2307 4759 2491 4817 altare
2526 4760 2585 4816 in
2605 4760 2842 4834 scriptis
2863 4760 3056 4819 oblata
3072 4777 3139 4818 ac
3171 4760 3414 4820 recitata
3433 4758 3739 4834 cognosci-

2092 4850 2246 4889 ωυε.

2164 4904 2607 4986 (h_).llze_c.oratio
2630 4903 2740 4986 legi
2744 4908 2843 4986 tur
2876 4903 2936 4958 in
2958 4904 3327 4986 .Sacrament.
3350 4907 3587 4986 Gregor.
3603 4903 3739 4986 _Me_-

2092 4976 2281 5041 nardi,
2317 4982 2374 5032 et
2395 4976 2452 5031 in
2492 4975 2715 5033 Missali
2741 4980 2908 5031 Rom.
2942 4976 3035 5032 die
3065 4977 3212 5033 festo
3244 4975 3651 5034 Conversionis
3678 4979 3736 5032 8.

2090 5047 2254 5122 Pauli
2268 5053 2329 5122 et
2348 5048 2508 5122 alibi,
2534 5065 2666 5104 cum
2684 5049 2749 5102 fit
2769 5048 3246 5122 commemoratio
3267 5049 3445 5121 hujus
3462 5046 3735 5122 apostoli.

2161 5120 2229 5191 (ἱ)
2268 5119 2388 5192 Vox
2410 5121 2602 5192 minus
2622 5123 2709 5192 est
2738 5117 2970 5192 varians
2990 5119 3180 5190 lectio,
3211 5117 3525 5192 quae'deest
3543 5121 3603 5175 in
3634 5123 3739 5192 Sa-

2091 5189 2271 5265 cram.
2325 5189 2561 5259 Gelasii,
2590 5190 2694 5265 ubi
2746 5190 2866 5265 hagc
2897 5192 3079 5265 oratio
3110 5189 3345 5265 legitur.
3386 5193 3517 5265 Mox
3558 5190 3742 5246 codex

2089 5264 2266 5320 habet
2293 5267 2421 5332 apta
2449 5268 2507 5318 et
2546 5263 2782 5332 placitae.
2816 5262 2881 5318 In
2931 5263 3159 5321 Gelasio
3172 5262 3574 5319 cohaerentius
3603 5270 3741 5332 apta

2092 5343 2151 5393 et
2188 5334 2420 5408 placita.
2463 5337 2570 5409 Sed
2604 5334 2823 5409 placuit
2868 5336 3157 5409 corrigere
3183 5344 3351 5409 aptae,
3391 5342 3460 5409 et
3487 5332 3739 5389 retinere

2089 5406 2327 5482 placitae;
2344 5423 2478 5482 nam
2501 5408 2573 5461 ad
2597 5408 2895 5482 potationes
2917 5406 3345 5482 hzsc'adjectiva
3369 5406 3735 5482 referuntur.

2161 5480 2229 5551 (j)
2258 5482 2444 5534 Codex
2464 5478 2572 5534 hoc
2601 5477 2726 5534 loco
2750 5478 2921 5534 habet
2941 5477 3285 5551 tribue£,_sed
3318 5481 3376 5533 in
3399 5478 3578 5535 Missa
3608 5494 3729 5546 vm,

2090 5552 2151 5607 in
2180 5549 2432 5622 quahtsc
2454 5551 2712 5623 praefatio
2735 5551 3033 5623 repetitur,
3052 5549 3263 5606 melius
3282 5550 3730 5623 tribuistidem

2091 5629 2295 5696 postea
2324 5640 2427 5695 pro
2458 5622 2744 5696 subvertat
2770 5622 2987 5696 legitur
3009 5622 3380 5696 commaculet.

2183 5694 2237 5767 Ιί)
2272 5690 2342 5752 In
2365 5696 2625 5753 Sacram.
2649 5690 2920 5767 Gelasfet
2949 5692 3120 5767 Greg.
3144 5709 3210 5750 ac
3231 5694 3291 5767 in
3311 5690 3729 5767 RomanoMisf

2092 5762 2312 5898 ἕωίέξέ
2316 5784 2513 5897 1pauca
2539 5766 2813 5839 excipias,
2846 5762 3169 5825 similis'est
3187 5764 3426 5825 collecta
3445 5763 3506 5821 in
3535 5762 3727 5821 Natali

2140 5879 2154 5895 ο
2193 5856 2379 5898 rauu.
