4080 6220
219 348 291 408 73
1005 345 1235 406 LIBER
1277 344 1979 410 SACRAMENTORUM
2018 348 2419 413 sccwsm
2462 348 2839 414 ROMANJE.
3546 336 3630 413 τι

222 478 424 536 merita
452 475 922 550 supp’licantum,
954 480 1055 534 tua
1087 495 1193 534 nos
1225 494 1458 551 semper
1504 477 1691 551 gratia
1722 495 1864 552 prm~
1894 485 1948 555 Α
2051 480 2116 553 (ι)
2138 482 2379 550 Exaudi,
2410 484 2671 553 Domine,
2702 501 3060 556 quasumus,
3092 483 3377 558 gemitum
3419 483 3626 558 populi

219 574 459 628 veniens
486 573 791 645 largiatur.
824 577 948 641 Per,
981 578 1089 628 etc.

286 665 589 719 Altaribus
610 662 750 730 tuis,
777 663 1040 731 Domine,
1062 678 1309 717 munera
1329 666 1543 718 nostra;
1566 662 1868 718 servitutis

218 754 549 819 inferimus,
575 769 702 823 quas
726 751 993 823 placatus
1010 752 1095 822 (α)
1112 752 1387 822 accipias,
1409 757 1465 806 et
1481 756 1777 822 acceptam
1806 752 1869 805 ti-

218 844 271 899 bi
296 848 591 909 nostrum,
626 858 986 913 quzesumus,
1026 841 1400 908 famulatum,
1440 846 1497 895 et
1530 857 1868 895 sacramen-

219 941 340 988 tum
376 934 591 987 nostris
624 929 1042 1003 redemptionis
1074 930 1351 985 efficiant.
1383 930 1512 997 Per,
1549 936 1656 985 etc.

286 1022 434 1076 Vere
457 1021 727 1092 dignum.
749 1020 799 1073 A
821 1026 922 1074 tua
939 1018 1093 1074 enim
1113 1036 1439 1090 numquam
1460 1026 1549 1074 est
1569 1020 1869 1074 laudeces—

220 1113 496 1175 sandum,
515 1126 639 1181 quas
655 1114 709 1164 et
724 1108 877 1163 inter
891 1110 1194 1178 angustias
1209 1109 1605 1164 necessarium
1634 1114 1869 1179 praestat

218 1199 527 1269 auxilium,
553 1210 608 1254 et
628 1199 687 1253 in
712 1199 1099 1270 presperitato
1121 1198 1445 1269 gratiarum
1470 1198 1573 1253 tibi
1610 1200 1867 1253 referens

217 1290 537 1355 actionem,
565 1296 785 1359 quanto
814 1304 922 1342 nos
947 1304 1239 1342 memores
1266 1287 1404 1342 facit
1425 1302 1554 1342 esse
1578 1286 1865 1353 beneficii,

214 1384 376 1434 tanto
412 1378 587 1431 nobis
617 1378 722 1431 tua
754 1377 944 1447 magis
977 1377 1132 1431 dona
1162 1376 1453 1431 conciliat.
1488 1380 1616 1439 Per,
1650 1380 1755 1431 etc.

281 1468 359 1536 (ὁ)
393 1467 771 1531 Quaesumus,
812 1465 1049 1520 Domine
1074 1466 1228 1520 Deus
1251 1471 1471 1534 noster,
1496 1469 1561 1519 ut
1590 1480 1737 1535 quos
1776 1464 1865 1518 di-

212 1557 349 1612 vina
370 1556 590 1611 tribuis
634 1554 1078 1626 participatione
1113 1554 1394 1625 gaudere,
1432 1554 1711 1609 humanis
1753 1570 1865 1609 non

219 1647 404 1700 simas
437 1644 745 1713 subjacere
777 1642 1073 1714 periculis.
1108 1642 1234 1711 Per,
1258 1649 1367 1698 etc.

284 1733 675 1805 Omnipotens
698 1731 1051 1802 sempiterna
1077 1736 1247 1798 Deus,
1271 1731 1471 1804 populi
1493 1731 1679 1787 fidelis
1705 1732 1869 1787 insti-

212 1830 370 1880 tutor
386 1829 447 1877 et
465 1821 741 1888 rector,in
762 1822 985 1875 familia
1004 1824 1370 1876 sacramento
1389 1820 1474 1876 tui
1496 1820 1752 1875 nominis
1772 1837 1866 1875 ac-

213 1914 462 1986 quisita,
500 1911 697 1984 gratiae
725 1915 839 1965 tuae
875 1910 1028 1965 dona
1068 1911 1331 1977 custodi;
1370 1914 1433 1964 ut
1466 1911 1620 1965 bona
1653 1927 1780 1981 quae
1813 1915 1867 1965 te

212 2007 458 2058 auctore
480 2000 759 2072 percepit.
790 1998 891 2054 63
912 2004 968 2052 te
992 2003 1330 2069 protegente
1351 2004 1657 2054 serventur
1677 2000 1727 2070 (c
1749 1998 1866 2054 Ali-

209 2100 322 2151 ter.
356 2097 413 2145 te
441 2091 726 2161 largiente
754 2088 1049 2159 copiosius
1082 2090 1454 2159 augeantur).
1489 2090 1615 2158 Per,
1649 2092 1756 2143 etc.

282 2180 487 2235 XVIII.
512 2181 644 2234 Item
662 2180 799 2233 alia.
819 2209 885 2218 —
905 2175 1291 2248 Omnipotens
1312 2177 1667 2248 sempiterna
1695 2178 1864 2246 Deus,

212 2272 289 2326 da
318 2270 486 2324 nobis
509 2267 868 2321 voluntatem
900 2272 1062 2321 tuam
1098 2265 1248 2321 fideli
1281 2271 1474 2321 mente
1508 2266 1777 2331 retinere,
1810 2271 1865 2320 et

206 2359 308 2431 pia
336 2357 773 2412 conversatione
787 2355 1123 2425 depromere
1149 2372 1161 2421 ;
1199 2359 1262 2408 ut
1278 2353 1532 2409 Ecclesia
1552 2359 1653 2408 tua
1670 2371 1701 2408 a
1732 2371 1865 2425 pro-

205 2447 365 2503 fanis
388 2444 751 2501 vanitatibus
776 2444 1025 2515 expiata,
1053 2460 1166 2497 non
1190 2442 1349 2497 aliud
1375 2442 1717 2514 profiteatur
1740 2458 1865 2497 ver-

211 2537 329 2602 bis,
364 2533 522 2589 aliud
547 2537 812 2588 exerceat
842 2532 1091 2587 actione.
1128 2536 1249 2599 Per,
1285 2536 1399 2586 etc.

285 2623 508 2679 Exaudi
535 2638 664 2690 nos,
681 2619 1087 2676 DomineDeus
1111 2624 1332 2687 noster,
1349 2624 1404 2675 et
1428 2636 1459 2674 a
1477 2618 1867 2691 pravitatibus

213 2704 421 2769 mundi
446 2716 686 2766 tuorum
712 2710 977 2765 discerne
1000 2709 1175 2764 corda
1206 2708 1489 2774 fidelium,
1527 2713 1591 2763 ut
1635 2709 1733 2779 qui
1759 2712 1865 2762 Do-

212 2805 449 2859 minum
484 2818 593 2856 sua
623 2816 763 2854 voce
794 2798 1202 2870 pronuntiant,
1233 2797 1292 2851 in
1343 2796 1695 2852 diabolicam
1749 2813 1865 2852 non

212 2892 487 2948 recidant
517 2888 884 2944 servitutem.
920 2891 1046 2954 Per,
1080 2890 1189 2941 etc.

287 2982 359 3038 Ut
383 2980 491 3034 tibi
516 2983 684 3051 grata
705 2978 846 3046 sint,
869 2976 1134 3042 Domine,
1170 2990 1413 3030 munera
1437 2974 1636 3047 populi
1661 2974 1768 3043 tui,
1793 2975 1865 3030 ab

221 3072 403 3133 omni,
426 3068 792 3139 quaesumus,
820 3081 927 3120 nos
951 3064 1214 3133 contagio
1240 3060 1637 3135 perversitatis
1658 3081 1864 3119 emun-

219 3162 316 3229 da,
342 3175 453 3212 nec
476 3156 641 3211 falsis
663 3154 896 3227 gaudiis
919 3153 1201 3208 inhaerere
1223 3154 1491 3225 patiaris,
1522 3153 1594 3224 (ά)
1620 3170 1767 3223 quos
1791 3153 1861 3207 ad

211 3248 483 3304 veritatis
516 3250 628 3300 ture
661 3243 899 3315 praamia
926 3242 1123 3296 venire
1156 3242 1471 3314 promittis.
1507 3246 1634 3306 Per,
1668 3248 1777 3296 etc.

280 3336 435 3391 Vere
469 3335 741 3405 dignum.
776 3332 881 3397 Qui
904 3331 1209 3386 ecclesiam
1237 3336 1397 3385 tuam
1422 3348 1453 3384 a
1478 3329 1767 3385 diabolica
1788 3330 1861 3385 si-

210 3425 541 3482 mulatione
563 3423 653 3478 vis
675 3438 803 3477 esse
822 3424 1150 3492 purgatam,
1172 3425 1347 3491 atque
1365 3425 1429 3473 ut
1447 3436 1478 3474 a
1498 3420 1651 3474 fictis
1673 3419 1863 3474 since-

212 3533 278 3570 ra
305 3514 635 3578 discernes,
667 3526 737 3564 ex
771 3524 1010 3580 operum
1046 3507 1325 3579 qualitate
1356 3509 1582 3563 fructus
1615 3507 1861 3578 intelligi

216 3599 871 3675 praecipisvoluntatum
894 3598 993 3663 ;ad
1020 3601 1075 3651 te
1096 3596 1386 3667 pertinere
1419 3614 1534 3651 non
1559 3600 1860 3667 reputans,

216 3709 364 3764 quos
382 3689 475 3745 vel
501 3684 881 3743 dissimulare
905 3700 1031 3755 qua:
1048 3690 1151 3739 tua
1174 3688 1333 3753 sunt,
1351 3686 1436 3739 vel
1454 3684 1546 3739 his
1569 3685 1864 3740 contraria

218 3778 589 3854 perSpexeris
612 3776 861 3848 operari.
885 3774 1048 3829 Unde
1067 3774 1471 3829 benedicimus
1492 3778 1569 3843 te,
1600 3775 1861 3840 Domine,

220 3876 392 3941 teque
421 3868 621 3923 debita
652 3864 932 3920 servitute
962 3862 1300 3918 laudamus.
1341 3867 1469 3934 Per,
1503 3869 1612 3920 etc.

288 3959 512 4012 Adesto
545 3952 735 4018 nobis,
769 3952 1140 4023 omnipotens
1171 3956 1226 4005 et
1252 3951 1586 4007 misericors
1608 3953 1783 4021 Deus,
1808 3956 1865 4006 et

218 4049 591 4103 sacramenta
605 4059 732 4113 quae
747 4041 1134 4111 sumpsimus,
1150 4056 1254 4095 nec
1269 4041 1485 4095 nostris
1502 4042 1719 4097 excessi
1732 4043 1860 4109 bus,

219 4152 325 4191 nec
354 4132 567 4188 alienis
598 4129 909 4202 permittas
939 4127 1143 4183 violari
1175 4129 1448 4199 peccatis.
1482 4130 1609 4195 Per,
1642 4134 1753 4184 etc.

286 4224 536 4294 Gregem
558 4225 751 4285 tuum,
778 4221 981 4272 Pastor
1014 4216 1183 4286 bone,
1227 4217 1492 4288 placatus
1518 4218 1776 4299 in‘tende,
1809 4222 1866 4272 et

222 4328 353 4367 oves
384 4327 535 4384 quas
566 4308 824 4379 pretioso
868 4306 1157 4377 sanguine
1202 4307 1526 4373 redemisti,
1575 4307 1866 4362 diabolica

224 4418 337 4456 non
370 4401 532 4455 sinas
561 4395 901 4451 incursione
929 4392 1187 4448 lacerari.
1225 4393 1349 4459 Per,
1383 4400 1492 4450 etc.

293 4489 441 4544 XIX.
467 4489 598 4543 Item
620 4484 771 4539 alia.
804 4512 869 4525 -
898 4482 972 4554 (ε)
996 4482 1264 4553 Suscipe,
1288 4498 1650 4554 quaesumus,
1679 4485 1866 4539 Domi-

226 4595 320 4643 ne,
367 4592 567 4649 preces
606 4578 862 4639 nostras,
904 4577 961 4626 et
1007 4571 1389 4627 clamantium
1436 4574 1507 4627 ad
1541 4578 1598 4628 te
1621 4574 1717 4645 pia
1736 4576 1869 4628 vota

230 4666 521 4741 prepitius
550 4665 799 4719 intuere.
833 4665 962 4731 Per,
997 4666 1106 4716 etc.

302 4776 381 4846 (α)
411 4773 547 4846 Cod.
578 4770 875 4846 accipiens,
908 4771 965 4822 et
996 4768 1168 4846 infra,
1202 4770 1426 4839 efﬁciat.

305 4839 378 4917 ib)
404 4843 639 4900 Missule
662 4839 823 4917 Ro_m.
848 4840 1000 4917 hanc
1019 4840 1341 4917 orationem
1361 4839 1667 4917 exhibetin
1692 4843 1877 4896 Domi-

234 4912 556 4973 nicaXXlII
579 4918 714 4985 post
734 4913 1131 4976 Pentecosten,
1154 4917 1211 4985 et
1228 4912 1291 4985 in
1309 4914 1726 4969 communibus
1746 4930 1875 4969 ora-

235 4990 518 5054 tionibus,
551 4984 746 5040 contra
775 4988 1142 5054 persecutores
1172 4984 1447 5039 Ecclesiae.

302 5061 374 5133 (c)
410 5056 961 5133 Adverbiumaliter
989 5055 1170 5109 textui
1212 5055 1499 5111 insertum
1550 5056 1608 5110 in
1658 5056 1874 5125 codice,

232 5129 387 5187 varia
400 5136 556 5184 ntem
592 5129 805 5182 innuit.

299 5205 377 5273 (ά)
413 5203 510 5257 Sic
537 5201 736 5273 codex.
772 5196 1148 5273 Muralorius,
1183 5197 1407 5267 quibus.

299 5268 373 5344 (ej
406 5272 613 5328 Afﬁnis
643 5276 737 5344 est
760 5268 944 5344 oratio
978 5269 1438 5344 codd._Gregor._
1485 5269 1789 5344 Muratorii
1819 5270 1879 5325 in

236 5340 510 5416 presibus
532 5340 1006 5416 matutinalibus,
1030 5341 1184 5413 apud
1211 5340 1550 5397 Menardum
1578 5359 1709 5398 vero
1732 5343 1885 5398 inter

232 5412 529 5474 orationes
560 5412 954 5487 quotidianae.

302 5492 371 5561 (Ι)
407 5483 864 5545 Hanc—referunt
890 5484 1070 5539 iidem
1105 5484 1274 5539 codd.
1309 5483 1366 5538 in
1399 5484 1767 5540 orationibus
1788 5500 1887 5558 pro

302 5564 493 5617 oculis.

228 5577 564 5707 “gigas
596 5625 1034 5707 marginalisin
1066 5627 1343 5707 cod._Ide_o
1377 5628 1591 5684 tardius
1620 5629 1887 5701 impetra.

232 5694 449 5779 ἀί
472 5694 789 5778 persevera
820 5694 996 5755 oratio
1031 5697 1386 5770 postulantis.

560 5833 827 5892 Ρλσηοι.
869 5827 996 5890 LV.

1977 570 2195 635 tui,nec
2218 572 2351 643 plus
2381 575 2533 643 apud
2568 579 2623 629 te
2652 573 2841 629 valeat
2870 574 3115 630 olfensio
3153 573 3626 646 delinquentium

1977 676 2154 730 quam
2188 663 2484 717 miseratio
2517 667 2637 729 tua,
2672 679 2913 735 semper
2949 663 3179 719 indulta
3218 664 3454 720 ﬂetibus
3485 680 3631 736 sup-

1978 748 2347 821 plicantium.
2394 755 2520 818 Per,
2552 760 2662 808 etc.

2046 839 2407 894 Sacrificium
2434 840 2559 906 tibi,
2594 841 2858 907 Domine,
2904 841 3315 897 celebrandum
3360 842 3628 915 placatus

1978 927 2215 982 intende
2241 947 2252 993 ;
2276 930 2429 999 quod
2458 934 2513 983 et
2538 946 2643 984 nos
2670 946 2702 983 a
2724 930 2879 984 vitiis
2905 936 3115 985 nostrae
3133 932 3236 986 84
3270 932 3627 988 conditionis

1978 1022 2272 1083 emundet,
2307 1024 2363 1072 et
2394 1024 2493 1073 tuo
2526 1018 2744 1073 nomini
2780 1019 2985 1073 reddat
3014 1026 3300 1091 acceptos.
3352 1021 3479 1085 Per,
3510 1026 3623 1078 etc.

2048 1109 2131 1179 (g)
2154 1107 2292 1162 Vere
2309 1108 2578 1179 dignum.
2600 1108 2705 1172 Qui
2728 1108 2855 1162 ideo
2869 1107 3065 1164 differs
3083 1115 3214 1164 vota
3228 1110 3593 1181 poscentium
3606 1152 3619 1179 ,

1985 1201 2048 1249 ut
2068 1196 2125 1249 in
2152 1197 2280 1267 ipsa
2305 1213 2536 1267 quoque
2557 1196 2985 1269 deprecationis
3020 1198 3408 1253 diuturnitate
3447 1199 3623 1269 profl-

1978 1285 2166 1353 ciant;
2187 1292 2244 1340 et
2265 1287 2491 1341 tardius
2515 1285 2810 1357 postulata
2830 1290 3184 1358 praestando,
3207 1286 3472 1342 fidelium
3496 1292 3625 1343 tuo-

1978 1391 2107 1430 rum
2135 1376 2434 1430 mentibus
2461 1380 2733 1447 prazstare
2754 1377 3123 1448 cognosceris
3148 1368 3471 1433 devotionis
3489 1392 3630 1449 aug-

1978 1468 2263 1518 mentum.
2288 1464 2416 1529 Per,
2441 1469 2548 1519 etc.

2049 1553 2412 1622 Majestatem
2435 1559 2596 1608 tuam
2623 1553 2968 1626 suppliciter
2983 1554 3631 1625 deprecamur,utsicut

1977 1659 2084 1697 nos
2101 1644 2429 1713 corporiset
2452 1643 2761 1713 sanguinis
2783 1643 3140 1698 sacrosancti
3162 1643 3356 1714 pascis
3379 1641 3630 1699 alimen-

1976 1735 2057 1797 to,
2086 1732 2166 1786 ita
2186 1732 2394 1786 divinis
2420 1736 2556 1786 natu
2568 1749 2642 1787 rte
2671 1733 2849 1787 facias
2870 1746 2999 1788 esse
3022 1730 3340 1788 consortes.
3365 1732 3493 1798 Per,
3516 1736 3631 1789 etc.

2045 1820 3633 1892 Caelestibus,Domine,qutesumus,praesidiismunian-

1976 1913 2093 1975 tur,
2110 1910 2206 1981 qui
2226 1911 2285 1964 in
2303 1917 2406 1965 tua
2424 1911 2780 1982 protectione
2794 1911 3244 1981 contidentes,in
3259 1915 3313 1965 te
3326 1910 3451 1967 solo
3466 1915 3625 1965 Prsa-

1976 1998 2101 2054 sule
2114 1999 2561 2069 gloriantes,tuo
2575 2016 2807 2072 semper
2822 2002 3121 2056 foveantur
3132 1996 3625 2065 auxilio.Per,etc.

2046 2088 2157 2143 XX.
2182 2091 2317 2144 Item
2343 2088 2486 2145 alia.
2509 2121 2581 2130 —
2601 2090 2841 2153 Exaudi,
2869 2089 3113 2145 Domine
3133 2104 3336 2160 preces
3362 2092 3622 2156 nostras,

1975 2181 2033 2229 et
2063 2176 2236 2229 celeri
2271 2191 2377 2231 nos
2409 2175 2820 2246 propitiatione
2850 2175 3097 2230 laetiﬁca.
3128 2176 3253 2242 Per,
3280 2182 3391 2231 etc.

2050 2264 2127 2333 (ἡ)
2147 2266 2403 2331 Intende,
2421 2265 2686 2330 Domine,
2703 2281 3064 2336 quaesumus,
3082 2264 3377 2337 supplices
3393 2268 3633 2333 tuos;et

1975 2354 2193 2424 pariter
2215 2354 2384 2409 nobis
2407 2353 2837 2425 indulgentiam
2862 2354 3058 2409 tribue
3076 2353 3370 2426 benignus
3402 2357 3459 2409 et
3478 2369 3628 2426 gau-

1976 2442 2159 2497 dium.
2197 2444 2319 2509 Per,
2352 2448 2463 2499 etc.

2049 2532 2114 2601 (i)
2137 2530 2388 2600 Hostias,
2413 2531 2675 2598 Domine,
2696 2532 2928 2602 suscipe
2948 2531 3214 2602 placatus
3231 2531 3458 2588 oblatas
3475 2547 3625 2602 quas

1976 2621 2418 2692 sanctificando,
2442 2620 2638 2688 nobis,
2671 2636 3038 2692 quaesumus,
3066 2620 3287 2677 efﬁcias
3307 2620 3620 2690 salutares,

1977 2708 2101 2778 Per,
2126 2714 2238 2765 ‘etc.

2046 2801 2113 2870 (j)
2127 2798 2273 2855 Vere
2286 2799 2554 2871 dignum.
2570 2799 2675 2864 Qui
2691 2799 3027 2857 caelestibus
3041 2799 3451 2872 disciplinisex
3463 2801 3626 2857 omni

1976 2894 2139 2960 parte
2160 2904 2266 2943 nos
2290 2888 2613 2958 instruens,
2650 2888 2901 2961 qualiter
2932 2908 2965 2945 a
3003 2889 3277 2946 fidelibus
3311 2889 3627 2951 tuisfalsos

1978 2978 2187 3033 fratres
2217 2977 2691 3034 discerneremus
2717 2978 2793 3049 (Ic)
2822 2980 3160 3046 ostendens,
3196 2978 3493 3051 Unigeniti
3542 2977 3629 3035 tui

1973 3082 2112 3121 voce
2137 3067 2486 3137 pronuntias
2513 3083 2527 3121 :
2554 3068 2635 3121 Ea:
2667 3068 2937 3138 fructibus
2967 3084 3161 3123 eorum
3188 3070 3517 3140 cognoscetis
3540 3084 3630 3124 eos

1974 3155 2424 3223 (Matth.vn,20).
2454 3157 2526 3210 De
2540 3157 2955 3211 hissuntenim
2988 3156 3178 3212 inﬂati
3209 3173 3385 3212 sensu
3428 3158 3627 3213 carnis

1894 3240 1938 3309 C
1978 3261 2119 3311 suae,
2144 3248 2340 3300 etnon
2367 3249 2634 3300 tenentes
2656 3251 2852 3316 caput.
2880 3246 2959 3300 De
2982 3246 3073 3301 his
3099 3251 3240 3302 sunt
3265 3246 3366 3318 qui
3397 3251 3632 3303 terrena

1974 3334 2380 3404 sapientes,ita
2392 3335 2829 3404 deprecantium
2847 3342 2899 3388 te
2912 3335 3634 3411 verba(l)fastidiunt,quia

1973 3421 2256 3477 animales
2275 3426 2451 3492 atque
2468 3421 2750 3490 carnales,
2768 3439 2894 3494 qua:
2911 3423 3306 3494 suntspiritus
3319 3423 3631 3495 Dei,stulta

1974 3515 2167 3567 mente
2186 3526 2299 3565 non
2320 3510 2578 3581 capiunt.
2610 3516 2685 3565 De
2702 3510 2795 3565 his
2817 3516 2957 3566 sunt
2982 3511 3212 3582 reprobi
3244 3511 3400 3566 circa
3421 3512 3623 3577 fidem,

1974 3600 2071 3672 qui
2092 3600 2421 3656 nescientes
2440 3615 2567 3670 quas
2587 3597 2927 3669 loquantur,
2948 3615 3135 3670 neque
3150 3600 3218 3654 de
3237 3599 3453 3672 quibus
3470 3600 3625 3654 afﬁr-

1973 3694 2153 3757 ment,
2187 3704 2336 3760 saepe
2366 3688 2700 3744 subvertere
2733 3688 2923 3742 conati
2954 3693 3095 3743 sunt
3120 3692 3179 3743 et
3207 3692 3513 3771 conantur.
3539 3688 3621 3745 De

1972 3777 2065 3833 his
2096 3784 2236 3833 sunt
2267 3777 2499 3833 subdoli
2531 3776 2804 3849 operarii,
2836 3777 2937 3847 qui
2969 3777 3288 3843 introeunt,
3319 3774 3619 3849 explorare

1970 3865 2239 3921 Ecclesiae
2264 3865 2616 3933 libertatem,
2639 3882 2815 3937 quam
2841 3866 3013 3921 habet
3033 3866 3090 3919 in
3112 3865 3361 3936 Christo,
3392 3870 3457 3921 ut
3486 3883 3615 3922 eam

1973 3971 2173 4010 secum
2204 3954 2263 4009 in
2295 3959 2527 4025 turpem
2561 3954 2831 4025 redigant
2862 3954 3224 4009 servitutem.
3262 3959 3337 4009 De
3366 3954 3460 4009 his
3482 3959 3625 4010 sunt

1973 4043 2070 4115 qui
2088 4044 2629 4115 penetrantdomos,
2646 4048 2702 4098 et
2714 4043 2971 4114 captivas
2984 4044 3207 4098 ducunt
3222 4040 3620 4111 mulierculas,

1973 4137 2240 4187 oneratas
2256 4134 2651 4202 peccatis;non
2667 4130 3277 4203 solum(m)viduarum
3292 4130 3621 4203 facultates,

1973 4221 2073 4277 sed
2097 4221 2438 4275 devorantes
2456 4223 2634 4274 etiam
2659 4220 3033 4275 maritarum.
3058 4220 3297 4291 Istijam
3316 4220 3627 4292 necjustos

1974 4314 2259 4381 appetunt
2277 4325 2338 4364 se
2357 4309 2560 4379 videri,
2584 4324 2689 4363 nec
2713 4308 2919 4363 saltem
2941 4309 3159 4365 deforis
3184 4313 3343 4379 sunt,
3367 4308 3455 4365 vel
3478 4308 3634 4364 deal-

1976 4399 2120 4467 bati,
2142 4397 2231 4453 vel
2254 4397 2377 4461 loti,
2404 4398 2503 4453 sed
2529 4396 2748 4468 palam,
2774 4399 2995 4469 pudore
3030 4397 3269 4467 calcato,
3322 4398 3391 4453 de
3438 4397 3632 4469 pravis

1976 4487 2524 4543 conversationihus
2538 4486 2664 4541 suis
2679 4488 2853 4541 etiam
2869 4486 3217 4558 gloriantur,
3232 4487 3456 4541 etdomi
3470 4485 3635 4540 foris-

1980 4591 2093 4646 que
2124 4573 2471 4645 spurcitiam
2504 4574 2942 4639 contrahentes,
2974 4592 3086 4631 non
3132 4580 3249 4629 tam
3299 4574 3394 4630 65
3440 4572 3635 4628 referti

1982 4668 2123 4718 sunt
2141 4662 2375 4718 ossibus
2390 4667 2780 4731 mortuorum,
2798 4679 2971 4734 quam
2991 4663 3180 4735 magis
3199 4663 3310 4733 ipsi
3327 4665 3469 4717 sunt
3484 4677 3638 4717 mor-

2055 4770 2131 4840 (h)
2156 4769 2332 4823 Codd.
2360 4769 2597 4840 Gregor.
2623 4768 2923 4823 Muratorii
2948 4769 3097 4823 hanc
3130 4765 3639 4840 orationemexhi-

1984 4838 2197 4898 bentin
2227 4838 2501 4912 precibus
2522 4840 2975 4912 matutinalibus
2998 4857 3098 4895 seu
3121 4838 3641 4912 vespertinalibus.

2080 4911 2303 4983 i)Estin
2319 4913 2526 4967 iisdem
2544 4911 2940 4983 mss.inMissa
2954 4911 3023 4965 de
3037 4912 3397 4982 quotidianis
3411 4911 3641 4967 diebus.

2080 4915 2303 4983 i)Estin
2319 4915 2526 4967 iisdem
2544 4915 2940 4966 mss.inMissa
2954 4915 3023 4965 de
3037 4915 3397 4982 quotidianis
3411 4915 3641 4967 diebus.

2057 4915 2132 5056 gj)
2152 4985 2382 5039 Notatio
2402 4982 2763 5056 uiarginalis:
2782 4983 2854 5037 De
2867 4983 3030 5052 falsis
3044 4984 3335 5054 fratribus.
3354 4984 3485 5040 Hac
3499 4998 3642 5055 pres-

1986 5053 2127 5137 fatio
2152 5056 2410 5111 Leonina
2434 5053 2682 5137 videtur,
2705 5053 2765 5107 in
2790 5070 2907 5137 qua
2930 5053 3335 5137 quorumdam
3358 5053 3641 5111 falsorum

1988 5130 2234 5183 fratrum
2269 5126 2527 5198 corrupti
2559 5141 2750 5198 mores
2774 5126 3207 5184 describuntur.
3232 5128 3481 5196 Quinam
3506 5141 3643 5182 vero

1990 5201 2049 5256 hi
2081 5201 2299 5254 fuerint
2330 5196 2592 5252 divinare
2621 5196 2925 5254 nolumus.

2062 5272 2138 5342 (k)
2168 5271 2466 5328 Ostendam
2496 5269 2760 5342 abundat
2791 5271 3178 5342 exrvarianti,
3230 5270 3497 5338 lectione,
3520 5264 3640 5342 nisi

1991 5337 2191 5425 mavis
2211 5343 2401 5425 legere
2447 5341 2709 5425 ostendis,
2769 5348 2826 5398 et
2876 5341 3047 5413 infra,
3105 5345 3495 5415 pronuntians,
3552 5337 3643 5394 uti

1992 5415 2380 5471 Blanchinius
2412 5415 2661 5469 monuit.

2066 5489 2130 5559 (ι)
2160 5489 2308 5542 Nota
2339 5503 2550 5560 marg,
2582 5487 2657 5542 De
2687 5485 2997 5558 fastidiosis
3016 5503 3038 5551 ,°
3066 5490 3122 5542 et
3166 5487 3301 5559 post
3338 5478 3644 5549 nonnulla,

1992 5560 2070 5615 De
2098 5560 2358 5613 subdolis.

2039 5576 2070 5615 ε
2098 5575 2358 5613 δαοαοιις.

2088 5631 2166 5703 m)
2186 5631 2315 5685 Alia
2328 5630 2672 5702 marginalia
2690 5630 2911 5686 notatio
2942 5629 3002 5686 in
3027 5628 3651 5689 codicezoavoratores:

1996 5703 2293 5758 viduarum
2322 5707 2373 5758 et
2401 5704 2754 5759 maritarum.
