4120 6236
449 309 528 369 75

1410 306 1672 368 OPERA
1714 300 1780 363 S.
1825 300 2058 362 LEONI
2103 298 2377 361 MAGNO
2419 296 2893 359 ATTBIBUTA.

3778 296 3857 359 '76

447 444 555 500 tui.
582 442 805 508 Quibus
825 442 1159 516 evangelica
1178 440 1468 500 sententia
1483 438 1892 495 convenienter
1906 433 2091 491 exola~
2122 433 2173 500 Α
2206 432 2580 488 sumentibus
2611 447 2844 503 semper
2871 429 3134 498 obsistis,
3165 430 3247 486 ita
3276 445 3391 487 non
3418 429 3643 488 deseris
3672 429 3728 486 in
3751 435 3847 488 tua

450 539 574 590 mat
597 551 610 588 ε
632 534 694 588 Si
727 532 916 588 lumen
942 533 1082 604 quod
1112 535 1174 588 in
1199 537 1250 587 te
1271 537 1352 587 est
1379 529 1616 586 tenebrae
1632 531 1780 596 sunt,
1809 528 1924 598 ipse
1941 528 2088 580 tene-

455 625 570 682 brae
585 626 808 696 quantm
821 631 950 678 sunt
975 621 1183 694 (Matth.
1209 639 1284 687 γι,
1304 619 1428 690 ‘25)?
1445 619 1592 673 Nam
1612 633 1748 672 cum
1771 616 1831 670 in
1855 615 1947 670 bis
1965 632 2090 685 quas

451 712 985 770 videnturobscura
1003 711 1142 778 sint,
1162 715 1218 764 et
1237 708 1402 764 malae
1423 709 1588 763 famae
1609 706 1772 775 nigra
1788 705 2088 770 dedecore,

451 803 594 860 satis
611 801 907 858 evidenter
945 802 1184 870 apparet
1223 797 1344 853 haec
1379 813 1477 852 eos
1517 795 1574 850 in
1611 793 1838 850 occulto
1873 807 2090 860 gerere,

446 911 572 966 quae
603 892 775 948 etiam
805 894 975 960 turpe
1007 889 1083 943 sit
1111 886 1322 942 dicere.
1358 885 1460 940 [sti
1480 900 1594 939 non
1614 884 1805 938 solum
1837 882 1909 936 ad
1932 887 2090 936 tuam

444 982 692 1057 gratiam
713 978 1014 1035 venientes
1035 977 1125 1032 sui
1152 975 1410 1030 foeditate
1433 975 1750 1040 deterrent,
1775 971 1876 1026 sed
1913 969 2089 1024 etiam

445 1063 1437 1138 intrinsecus(a)fratribusconstitu
1450 1062 1546 1126 tis,
1572 1077 1674 1132 pro
1696 1059 1913 1131 quibus
1933 1057 2092 1115 Chri-

445 1163 576 1216 stus
591 1161 680 1212 est
695 1161 986 1221 mortuus,
999 1151 1416 1208 ofl'endiculum
1431 1168 1548 1205 suae
1568 1147 1969 1220 perversitatis
1987 1164 2091 1218 op—

443 1251 688 1320 ponunt.
707 1244 874 1302 Tales
891 1259 1089 1299 cavere
1108 1259 1213 1297 nos
1222 1241 1421 1312 jubes,
1442 1255 1544 1310 per
1556 1237 1901 1309 Apostolum
1921 1241 2091 1291 tuum

445 1336 648 1392 dicens
669 1350 682 1389 :
715 1335 976 1405 Separate
993 1347 1084 1387 vos
1105 1332 1173 1386 ab
1196 1331 1348 1386 omni
1363 1331 1540 1399 fratre
1561 1325 1874 1382 inordinate
1894 1325 2090 1379 ambu-

444 1425 593 1480 lante
625 1423 694 1494 (Il
727 1422 899 1477 Thess.
934 1438 1020 1486 ιιι,
1051 1421 1128 1485 6).
1163 1420 1232 1473 Et
1261 1435 1328 1472 ea
1377 1433 1480 1487 pos
1528 1413 1794 1487 praecipis
1842 1413 2088 1483 operari,

443 1531 573 1587 quae
586 1513 844 1568 videntes
867 1509 1061 1566 cuncti
1083 1524 1214 1563 vere
1236 1505 1438 1560 ﬁdeles
1454 1506 1560 1573 tui,
1585 1509 1641 1558 te
1663 1502 1953 1558 caelestem
1979 1502 2084 1557 Pa-

439 1608 589 1659 trem
612 1600 945 1658 collaudent
966 1603 1140 1668 atque
1160 1595 1536 1668 magniﬁcent
1555 1611 1568 1660 ;
1589 1610 1621 1647 a
1637 1608 1752 1662 quo
1771 1591 2086 1646 rationabi-

441 1693 516 1749 lis
547 1689 913 1747 conscientiae
945 1689 1225 1757 bonaeque
1248 1686 1414 1740 fama:
1437 1684 1654 1738 donum
1679 1697 1850 1736 omne
1872 1680 2087 1752 perfec-

439 1786 566 1838 tum
598 1779 1005 1851 optimumque
1035 1775 1354 1831 descendit.
1387 1773 1512 1839 Per,
1545 1777 1658 1827 etc.

2199 521 2606 578 misericordia
2634 520 2974 592 gloriantes.
3011 523 3142 586 Per,
3174 523 3283 575 etc.

2268 615 2528 677 Munera,
2559 610 2822 676 Domine,
2857 625 3220 680 quaesumus,
3253 609 3581 677 offerentes,
3617 613 3680 663 ut
3699 613 3755 664 et
3777 609 3845 664 ab

2198 701 2475 756 omnibus
2500 700 2785 755 mundare
2820 700 3094 770 peccatis.
3123 704 3180 753 et
3210 715 3244 754 a
3273 698 3498 754 cunctis
3531 715 3635 754 nos
3667 703 3844 769 prote-

2197 805 2333 862 gere
2364 790 2625 862 digneris
2657 788 2938 844 adversis.
2973 788 3081 842 Per
3105 794 3214 842 etc.

2271 880 2341 951 (Γ)
2364 881 2505 937 Vere
2528 880 2792 952 dignum.
2813 878 2960 943 Quia
2981 895 3114 934 cum
3138 895 3312 934 omne
3332 895 3480 951 opus
3503 878 3721 934 bonum
3740 895 3772 934 a
3794 881 3846 934 te

2203 968 2464 1025 inchoari
2497 974 2743 1036 constet,
2775 974 2830 1023 et
2861 968 3059 1040 perlici
3093 967 3244 1022 hanc
3264 967 3454 1039 ipsam
3479 985 3654 1040 quam
3679 968 3846 1024 nobis

2200 1057 2414 1114 tribuis
2441 1057 2930 1130 perseverantiam
2988 1055 3383 1127 supplicandi,
3442 1058 3583 1112 certi
3639 1073 3846 1113 sumus

2201 1146 2518 1218 impetrare
2549 1163 2656 1202 nos
2687 1163 2879 1218 posse,
2911 1163 3039 1217 quae
3069 1145 3391 1217 poscimus.
3432 1146 3558 1216 Per,
3589 1150 3701 1202 etc.

2271 1237 2343 1308 (g)
2377 1235 2588 1290 Tribus
2619 1234 2808 1304 nobis,
2847 1233 3104 1300 Domine,
3135 1233 3386 1289 caelestis
3417 1251 3634 1290 mensas
3665 1234 3844 1291 virtu-

2199 1325 2255 1377 te
2287 1325 2540 1392 satiatis,
2573 1329 2629 1379 et
2657 1324 2993 1380 desiderare
3022 1339 3150 1394 quae
3182 1327 3338 1380 recta
3357 1328 3517 1392 sunt,
3541 1329 3597 1380 et
3617 1323 3844 1380 deside-

2199 1417 2325 1467 rata
2356 1413 2671 1484 percipere.
2705 1413 2830 1478 Per,
2863 1416 2972 1468 etc.

2269 1502 2354 1556 Tu
2382 1507 2530 1567 esto,
2564 1517 2923 1572 quaesumus,
2955 1501 3218 1567 Domine,
3253 1500 3451 1573 populi
3509 1501 3594 1557 tui
3649 1503 3844 1558 muni-

2195 1605 2330 1644 men
2363 1597 2419 1646 et
2440 1596 2638 1646 custos
2664 1607 2676 1657 ;
2700 1603 2764 1645 tu
2786 1591 2913 1645 vita:
2938 1591 3242 1661 praesentis
3264 1595 3624 1646 sustentator
3642 1597 3699 1647 et
3718 1608 3848 1647 rec-

2191 1681 2320 1746 tor;
2353 1684 2415 1734 tu
2448 1679 2694 1746 collator
2723 1688 2968 1734 aeternae.
3003 1679 3126 1744 Per,
3161 1684 3270 1735 etc.

2264 1768 2456 1823 ΧΧΙΙΙ.
2488 1770 2626 1824 Item
2671 1769 2806 1824 alia.
2833 1798 2904 1809 -—-
2932 1769 3140 1835 Tuere,
3189 1768 3450 1839 Domine,
3500 1786 3846 1840 quasumus

518 1878 588 1951 (b)
620 1878 780 1943 Quod
827 1893 924 1932 ore
973 1873 1360 1944 sumpsimus,
1421 1869 1684 1936 Domine,
1727 1882 2085 1939 quaesumus,
2119 1841 2168 1905 B
2197 1873 2292 1912 nos
2323 1857 2578 1913 famulos
2609 1862 2761 1924 tuos,
2795 1862 2860 1913 ut
2888 1874 2921 1912 a
2952 1857 3204 1928 peccatis
3235 1857 3510 1913 omnibus
3541 1859 3846 1916 abstinen-

444 1971 638 2023 mente
669 1965 991 2036 capiamus,
1022 1968 1079 2018 et
1103 1963 1174 2016 de
1201 1977 1442 2016 munere
1468 1956 1777 2029 temporali
1800 1956 1900 2010 ﬁat
1921 1955 2088 2011 nobis

439 2055 766 2112 remedium
798 2053 1222 2124 sempiternum
1254 2049 1382 2114 Per,
1414 2052 1524 2103 etc.

509 2152 855 2209 Famuloset
875 2148 1144 2214 famulas,
1165 2146 1433 2212 Domine,
1454 2158 1815 2216 quaesumus,
1834 2141 2081 2208 intuere,

435 2241 730 2315 quibusin
752 2245 808 2295 te
829 2254 1066 2310 sperare
1087 2235 1358 2303 donasti;
1393 2251 1459 2290 ac
1490 2232 1703 2304 pariter
1732 2231 1837 2298 eis;
1869 2234 1926 2284 et
1954 2245 2081 2300 quae

427 2331 536 2386 tibi
567 2331 837 2403 placeant
866 2326 1182 2401 postulare,
1213 2330 1270 2381 et
1299 2324 1370 2398 (c)
1401 2323 1596 2395 potius
1625 2318 1920 2392 postulata
1942 2334 2078 2373 con-

426 2421 585 2476 cede.
619 2421 746 2490 Per,
777 2422 887 2474 etc.

495 2517 640 2573 XXI.
665 2520 798 2574 Item
821 2517 960 2572 alia.
988 2545 1050 2554 -—
1077 2513 1156 2587 (ιι)
1176 2511 1437 2568 Concede
1463 2508 1655 2574 nobis,
1681 2505 1947 2574 Domine,
1979 2520 2074 2560 ve-

429 2607 590 2663 niam
614 2606 985 2675 delictorum,
1009 2608 1066 2659 et
1086 2619 1186 2658 eos
1209 2602 1306 2673 qui
1333 2615 1439 2654 nos
1462 2598 1809 2670 impugnare
1826 2593 2074 2650 moliun-

423 2700 520 2752 tur
551 2712 857 2769 expugna;
893 2693 1030 2764 quia
1061 2691 1171 2746 sub
1208 2695 1312 2744 tuo
1364 2685 1692 2742 munimine
1740 2681 2076 2740 constitutis

426 2785 591 2842 nulla
621 2783 835 2840 diaboli
868 2780 1100 2838 nocebit
1128 2776 1412 2850 obreptio.
1448 2776 1576 2843 Per,
1607 2777 1717 2830 etc.

498 2883 796 2938 Protector
833 2881 892 2934 in
919 2885 976 2935 te
1005 2876 1393 2950 sperantium,
1431 2879 1606 2940 Deus,
1638 2869 1846 2927 exaudi
1877 2886 2077 2942 preces

427 2975 684 3041 nostras,
715 2972 772 3025 et
793 2967 1072 3024 miserere
1095 2963 1278 3020 nostri
1305 2981 1320 3033 ;
1345 2967 1409 3016 ut
1430 2976 1668 3032 corpore
1689 2963 1747 3013 et
1769 2963 1960 3013 mente
1977 2972 2075 3012 ve-

427 3059 607 3133 getati
637 3059 754 3114 tuis
786 3073 1019 3128 semper
1048 3054 1432 3109 inhaereamus
1469 3047 1698 3104 officiis.
1731 3051 1858 3112 Per,
1889 3050 2000 3100 etc.

497 3156 803 3230 Supplices
834 3159 890 3210 te
919 3168 1218 3225 rogamus,
1250 3154 1423 3218 Deus,
1455 3153 1519 3202 ut
1549 3163 1795 3202 munera
1823 3161 1946 3214 quae
1969 3144 2075 3200 de-

986 3210 1020 3225 υ
1204 3210 1216 3221 ,
1409 3210 1420 3218 .
1839 3210 1855 3214 _

423 3247 695 3312 ferimus,
723 3249 780 3301 et
811 3241 1137 3299 devotionis
1168 3238 1419 3312 gratiam
1462 3235 1632 3313 nobis
1662 3234 1983 3300 conferant,
2015 3237 2071 3288 et
2101 3210 2144 3278 (ἶ

422 3335 694 3392 salutem.
730 3334 858 3403 Per,
891 3337 1000 3388 etc.

493 3434 556 3505 (e)
589 3432 734 3489 Vere
764 3431 1029 3504 dignum.
1063 3428 1209 3495 Quia
1255 3425 1524 3482 Ecclesia
1572 3429 1684 3479 tua:
1735 3423 1885 3478 filios
1917 3421 2071 3477 sicut

420 3521 653 3578 erudire
684 3537 798 3576 non
831 3533 1050 3586 cessas,
1096 3516 1179 3570 ita
1239 3531 1355 3570 non
1407 3512 1629 3568 desinis
1677 3511 1973 3580 adjuvare,
2007 3513 2072 3562 ut

421 3615 578 3666 recte
600 3609 866 3665 facienda
886 3607 1264 3677 cognoscant,
1289 3605 1346 3657 et
1367 3599 1816 3673 possibilitatem
1838 3597 2072 3669 capiant

423 3698 798 3770 exsequendi.
831 3697 959 3760 Per,
989 3699 1099 3748 etc.

499 3798 809 3850 Sumentes
839 3793 994 3848 dona
1023 3787 1300 3854 ccelestia,
1333 3785 1551 3860 gratias
1599 3786 1706 3841 tibi
1738 3785 2069 3853 referimus,

429 3890 629 3946 sancte
671 3883 859 3950 Pater,
892 3880 1286 3951 omnipotens,
1321 3881 1531 3932 reterns
1573 3875 1747 3931 Deus.
1801 3873 1926 3942 Per,
1958 3878 2066 3929 etc.

499 3986 762 4055 Protege,
798 3978 1059 4048 Domine,
1088 3975 1289 4032 ﬁdeles
1319 3978 1474 4043 tuos,
1517 3978 1575 4030 et
1622 3987 1770 4044 quos
1816 3969 2072 4043 spiritali

424 4075 554 4132 cibo
583 4071 872 4128 vivificare
896 4068 1169 4140 dignatus
1200 4082 1282 4135 es,
1317 4067 1596 4136 perpetua
1626 4059 1946 4116 salvatione
1975 4076 2072 4115 co-

423 4167 652 4223 mitare.
683 4163 812 4232 Per,
844 4164 952 4216 etc.

491 4266 593 4321 66
614 4262 784 4318 XXII.
811 4262 945 4316 Item
963 4259 1099 4313 alia.
1121 4287 1190 4298 —
1207 4257 1372 4328 Auge
1397 4253 1570 4308 ﬁdem
1595 4256 1782 4319 tuam,
1802 4250 2069 4318 Domine,

420 4367 784 4429 quaesumus,
818 4348 1134 4403 miseratus
1166 4346 1225 4400 in
1262 4343 1472 4409 nobis;
1507 4341 1648 4412 quia
1690 4340 1926 4411 pietatis
1959 4346 2071 4396 tum

421 4441 686 4503 subsidia
715 4455 830 4494 non
865 4435 1128 4509 negabis,
1163 4433 1379 4506 quibus
1406 4431 1464 4485 in
1489 4434 1543 4485 te
1573 4429 1845 4485 credendi
1873 4433 2071 4485 contu-

419 4534 558 4593 leris
591 4529 949 4586 firmitatem.
985 4525 1108 4591 Per,
1141 4526 1251 4578 etc.

2195 1948 2306 2014 tes,
2342 1956 2614 2018 prompta
2645 1946 2749 2001 tibi
2781 1945 3080 2003 voluntate
3113 1945 3487 2001 famulemur.
3521 1951 3646 2013 Per,
3680 1953 3798 2007 etc.

2265 2040 2439 2091 Grata
2469 2035 2572 2090 tibi
2601 2035 2697 2106 sit,
2745 2051 3108 2107 quaesumus,
3163 2036 3438 2105 Dominae,
3490 2041 3603 2092 tuae
3653 2036 3844 2108 plebis

2193 2123 2432 2190 oblatio,
2468 2141 2571 2195 per
2611 2140 2788 2196 quam
2837 2129 2894 2179 et
2946 2124 3470 2180 sanctificationem
3519 2127 3751 2197 referat,
3787 2132 3846 2184 et

2193 2230 2321 2285 quae
2355 2214 2447 2284 pie
2489 2218 2758 2285 precatur
2788 2214 3066 2269 obtineat.
3100 2214 3228 2285 Per,
3261 2221 3374 2271 etc.

2260 2302 2340 2373 (ἡ)
2363 2302 2504 2358 Vere
2523 2301 2789 2374 dignum.
2814 2303 2960 2366 Quia
2981 2302 3352 2375 fragilitatem
3376 2310 3635 2360 nostram
3656 2305 3843 2362 mise-

2190 2395 2356 2447 ratus
2386 2391 2718 2459 intendens,
2751 2396 2809 2446 et
2841 2396 3097 2447 mentem
3131 2392 3299 2447 nobis
3346 2393 3562 2449 tribuis
3610 2394 3843 2466 suppli-

2189 2481 2383 2547 candi,
2415 2486 2470 2535 et
2502 2489 2597 2536 tua
2627 2480 2995 2552 supplicibus
3026 2480 3179 2536 dona
3207 2480 3461 2553 largiris.
3496 2483 3620 2552 Per,
3653 2488 3764 2538 etc.

2261 2569 2324 2642 (ἱ)
2345 2570 2560 2624 Adesto
2575 2569 2770 2636 nobis,
2797 2568 3038 2625 Domine
3062 2575 3214 2625 Deus
3243 2575 3463 2640 noster,
3485 2573 3844 2642 etquostuis

2187 2658 2483 2730 mysteriis
2529 2658 2825 2725 recreasti,
2879 2657 3178 2730 prepetuis
3227 2659 3472 2714 defende
3523 2659 3842 2730 praesidiis.

2185 2751 2313 2813 Per,
2348 2751 2457 2802 etc.

2254 2835 2559 2891 Familiam
2578 2839 2765 2904 tuam,
2783 2835 3046 2903 Domine,
3071 2836 3363 2908 benignus
3383 2835 3632 2907 illustra,
3657 2843 3714 2894 et
3733 2839 3842 2896 be-

2184 2925 2530 2980 nedictionis
2557 2929 2668 2980 tuas
2688 2924 2955 2996 largitate
2977 2925 3288 2993 confirma;
3317 2930 3380 2981 ut
3396 2931 3450 2982 te
3472 2927 3530 2982 in
3553 2928 3844 2986 omnibus

2183 3013 2412 3078 ducem,
2442 3018 2501 3069 te
2528 3018 2822 3069 mereatur
2849 3013 3065 3070 habere
3095 3015 3417 3072 custodem.
3453 3019 3578 3088 Per,
3610 3022 3720 3072 etc.

2253 3103 2440 3159 XXIV.
2460 3105 2594 3158 Item
2608 3103 2744 3158 alia.
2759 3134 2827 3143 —
2839 3104 3218 3176 Omnigotens
3237 3108 3294 3158 et
3307 3103 3638 3161 misericors
3653 3110 3841 3175 Deus,

2183 3191 2254 3246 ad
2280 3193 2449 3263 cujus
2467 3191 2892 3248 beatitudinem
2912 3193 3355 3264 sempiternam,
3378 3209 3492 3248 non
3516 3193 3846 3266 fragilitate

2182 3281 2396 3348 carnis,
2420 3281 2521 3336 sed
2540 3279 2844 3336 alacritate
2867 3280 3081 3336 mentis
3103 3282 3461 3347 ascenditur,
3485 3283 3573 3337 fac
3593 3283 3688 3338 67
3721 3301 3844 3341 nos

2179 3370 2330 3425 atria
2359 3385 2626 3440 supernae
2675 3368 2928 3424 civitatis
2985 3373 3043 3424 et
3099 3375 3154 3424 te
3214 3371 3541 3442 inspirante
3597 3389 3848 3444 semper

2179 3456 2420 3526 ambire,
2444 3461 2502 3512 et
2527 3461 2624 3511 tua
2644 3456 3015 3528 indulgentia
3038 3458 3282 3512 fidenter
3301 3458 3534 3529 intrare.
3563 3465 3688 3527 Per,
3712 3468 3843 3520 etc.

2253 3547 2425 3612 Deus,
2447 3545 2545 3616 qui
2568 3561 2701 3600 cum
2726 3545 3072 3601 muneribus
3091 3546 3268 3602 nullis
3287 3547 3571 3619 indigeas,
3592 3549 3715 3620 ipse
3731 3568 3849 3607 no-

2178 3633 2268 3688 bis
2286 3648 2532 3687 munera
2547 3638 2758 3688 cuncta
2775 3633 3030 3704 largiris,
3050 3635 3245 3706 accipe
3276 3636 3564 3706 propitius
3595 3654 3722 3709 qua:
3759 3641 3843 3697 de

2179 3721 2298 3777 tuis
2317 3722 2486 3776 donis
2502 3721 2607 3776 tibi
2625 3739 2730 3776 nos
2748 3722 2954 3777 offerre
2971 3722 3240 3791 voluisti;
3267 3741 3380 3780 non
3400 3725 3587 3781 solum
3611 3732 3844 3786 nostrae

2181 3815 2462 3882 reputans
2484 3810 2772 3867 devotioni
2797 3828 2922 3883 quae
2939 3816 3043 3868 tua
3063 3817 3224 3880 sunt,
3246 3813 3345 3868 sed
3371 3814 3546 3869 etiam
3580 3833 3682 3887 per
3712 3815 3857 3875 haec

2183 3917 2288 3956 nos
2320 3900 2390 3955 ad
2423 3899 2682 3956 coelestia
2710 3901 3267 3988 reggipgdﬂgens.
3307 3903 3428 3976 Per,
3473 3908 3582 3959 etc.

2252 4077 2482 4133 Gratias
2503 4075 2638 4144 tibi,
2665 4077 2929 4144 Domine,
2949 4077 3273 4151 laudesque
3295 4080 3709 4152 persolvimus,
3736 4085 3858 4156 qui

2182 4183 2290 4222 nos
2321 4166 2581 4238 corporis
2613 4170 2670 4221 et
2691 4167 2999 4239 sanguinis
3032 4167 3400 4224 dilectissimi
3446 4169 3573 4226 Filii
3605 4172 3691 4226 tui
3727 4178 3856 4230 Do-

2183 4255 2328 4312 mini
2361 4256 2546 4310 nostri
2579 4255 2994 4311 communione
3016 4259 3294 4328 vegetasti
3323 4277 3337 4326 ;
3363 4259 3857 4320 misericordiam

2181 4349 2345 4400 tuam
2377 4343 2723 4416 suppliciter
2760 4350 3085 4415 exorantes,
3117 4346 3182 4417 (j)
3205 4347 3394 4403 uthoc
3417 4354 3609 4417 tuum,
3635 4353 3860 4408 Domi-

2183 4449 2274 4500 ne,
2305 4436 2736 4488 sacramentum
2771 4449 2886 4488 non
2918 4434 2994 4488 sit
3021 4435 3192 4490 nobis
3225 4445 3420 4492 realus
3468 4438 3540 4493 ad
3569 4455 3856 4510 poenam,

2183 4523 2281 4578 sed
2314 4523 2415 4576 ﬁat
2444 4521 2786 4576 intercessio
2829 4522 3106 4578 salutaris
3137 4525 3208 4579 ad
3240 4526 3491 4580 veniam.

493 4631 580 4686 Da
609 4627 799 4696 nobis,
831 4585 1103 4690 Domine,
1133 4633 1496 4692 quaasumus,
1529 4616 1588 4670 in
1622 4619 1679 4670 te
1723 4619 1844 4670 tota
1879 4620 2071 4672 mente
2102 4585 2150 4650 D
2254 4609 2421 4665 XXV-
2447 4611 2579 4664 Item
2599 4610 3076 4683 alia.-—Protege,
3101 4615 3860 4694 quarsumus,Domine,(k)

423 4719 741 4783 confidere;
759 4713 1038 4787 quoniam
1057 4711 1211 4766 sicut
1227 4706 1497 4779 superbis
1515 4705 1574 4760 in
1588 4721 1692 4760 sua
1707 4704 1856 4760 virtu
1866 4710 1918 4760 te
1931 4722 2074 4777 prae-

495 4825 574 4896 (a)
593 4821 720 4896 Alia
741 4825 881 4896 nota
898 4817 1149 4896 margin.
1175 4815 1233 4869 in
1257 4814 1408 4871 cod.:
1434 4812 1785 4867 Subversores
1801 4813 2066 4881 fratrum.

425 4892 734 4955 Cauendum
765 4892 830 4946 ab
861 4893 957 4945 eis.

495 4969 570 5042 (b)
594 4967 652 5021 In
677 4965 934 5042 Sacram;
959 4959 1264 5042 Gelasiano
1285 4955 1499 5037 legitur
1528 4955 1694 5042 fer.‘7
1717 4958 1850 5042 post
1871 4953 2069 5042 Domi-

420 5025 611 5098 uicani
641 5035 873 5090 tertiam
898 5025 1370 5098 Quadragesimai
1388 5068 1401 5092 ,
1428 5026 1485 5081 in
1509 5025 1674 5081 codd.
1701 5031 1896 5080 autem
1927 5027 2066 5082 Gre-

417 5097 887 5188 gor._Mura-torii.
909 5103 1061 5186 ac_in
1097 5100 1316 5158 Missali
1367 5099 1533 5154 Rom.
1568 5097 1673 5153 fer.
1716 5098 1751 5151 5
1791 5103 1924 5168 post
1953 5099 2066 5154 Do-

417 5173 695 5242 minicam
727 5173 1045 5232 Passionis.

509 5257 558 5317 ο)
590 5254 757 5308 Forte
789 5247 1092 5317 legendum
1135 5243 1430 5317 propitius.

509 5273 537 5311 c
590 5257 757 5308 Forte
789 5257 1092 5317 legendum
1135 5257 1430 5314 propmus.

487 5257 561 5399 id;
580 5326 743 5399 Inte_r_
756 5313 1356 5399 preces-matutinales
1385 5313 1531 5399 hanc
1554 5310 1870 5399 praeferunt
1890 5309 2060 5365 codd.

416 5385 659 5470 Gr‘egor.
694 5385 991 5470 Muratorii
1025 5405 1212 5459 usque
1243 5387 1312 5470 ad
1344 5385 1585 5440 verbum
1615 5398 1891 5453 expugna.

508 5458 567 5538 εἷ
592 5468 655 5522 In
688 5481 898 5538 marg.,
931 5464 1089 5517 Recte
1117 5458 1420 5538 agendam.

508 5475 560 5538 ε)
592 5471 655 5522 In
688 5481 898 5536 marg.,
931 5471 1089 5517 ﬂecte
1117 5471 1420 5533 agendum.

485 5471 554 5614 Et)
583 5539 832 5614 Notatur
860 5535 916 5588 in
951 5535 1216 5605 margine
1247 5528 1505 5585 codicis:
1556 5525 1618 5578 In
1665 5523 1920 5594 operibus
1965 5523 2064 5579 Dei

415 5607 628 5688 gratia;
652 5607 942 5688 αρεημέῖιηι-
963 5675 997 5688 ..
1015 5675 1054 5688 ..
1207 5676 1243 5688 ,κ

584 5664 760 5742 Est‘in
777 5675 1000 5739 Missali
1015 5675 1182 5735 Rom.
1201 5667 1503 5730 Dominica
1521 5664 1568 5721 V
1587 5667 1722 5738 post
1743 5665 1993 5738 Pascha,
2006 5671 2062 5724 et

2182 4697 2426 4755 Romani
2462 4698 2720 4753 nominis
2752 4699 2969 4770 ubique
2990 4706 3267 4771 rectores,
3293 4707 3357 4758 ut
3376 4703 3470 4758 his
3497 4711 3595 4760 tua
3615 4704 3862 4766 virtute

2180 4807 2238 4860 in
2264 4802 2468 4876 vigilia
2496 4805 2895 4860 Ascensionis.

2249 4876 2325 4946 (b)
2355 4880 2504 4930 Nota
2535 4891 2743 4947 marg.:
2776 4877 3087 4932 Humilibus
3109 4878 3293 4935 adesse
3323 4885 3500 4936 Deum
3532 4882 3594 4937 in
3621 4888 3863 4943 cunctis

2175 4947 2439 5021 operibus
2464 4962 2681 5021 eorum.

2247 5021 2310 5091 (ἰ)
2347 5019 2577 5089 Legitur
2611 5020 2909 5075 Dominica
2939 5019 3238 5078 Passionis
3269 5027 3395 5078 tum
3451 5023 3507 5078 in
3562 5024 3856 5086 Sacram.

2177 5093 2440 5162 Gregor.,
2469 5095 2594 5144 tum
2627 5093 2686 5146 in
2719 5092 2942 5147 Missali
2977 5093 3142 5148 Rom.

2219 5162 2309 5246 .(i)
2342 5162 2658 5232 Sequentia
2689 5163 2910 5218 incerta
2941 5169 3080 5246 sunt
3109 5164 3358 5246 orationi
3393 5170 3523 5246 post
3559 5182 3856 5246 commu-

2174 5236 2801 5315 nionem’comimunern
2833 5252 2935 5315 pro
2952 5236 3098 5315 vivis
3121 5243 3177 5289 et
3199 5237 3512 5305 defunctis,
3536 5255 3664 5309 quaa
3688 5240 3858 5300 item

2172 5305 2386 5378 legitur
2416 5305 2475 5378 in
2510 5303 2707 5378 Missis
2738 5303 3228 5378 Quadragesimaa.

2242 5375 2316 5446 (k)
2343 5376 2420 5428 Ex
2441 5375 2547 5450 boc
2571 5381 2628 5450 et
2649 5375 2942 5450 similibus
2965 5375 3127 5445 locis,
3152 5379 3208 5432 in
3235 5378 3450 5450 quibus
3473 5379 3716 5436 Romani
3739 5397 3858 5438 re-

2170 5445 2363 5511 ctores,
2388 5445 2474 5528 vel
2496 5449 2771 5528 principes
2797 5449 3004 5521 plurali
3023 5445 3268 5528 numero
3290 5449 3678 5522 appellantur,
3702 5469 3858 5514 non

2170 5535 2340 5575 nemo
2355 5515 3242 5595 collegithocSaéramentarium
3257 5515 3865 5595 compactumfuisse

2168 5609 2234 5676 eo
2251 5596 2656 5676 temporaque
2679 5592 2792 5676 duo
2814 5593 3198 5676 imperatores
3228 5592 3570 5676 regnabant,
3589 5594 3739 5676 alter
3768 5597 3856 5657 in

2170 5663 2424 5735 Oriente,
2455 5661 2603 5718 alter
2633 5664 2691 5721 in
2727 5661 3059 5726 Occidente.
3091 5669 3200 5726 Sed
3227 5661 3404 5739 qu'am
3432 5661 3716 5726 hmc'ratio
3749 5673 3867 5732 sit
