4080 6220
221 330 295 387 77
998 326 1228 388 LIBER
1274 322 1979 388 SACRAMENTORUM
2019 321 2417 386 ECCLESLE
2458 322 2839 385 ROMANE.
2902 264 2917 289 ί
3546 320 3628 381 ⁸18

222 459 1861 536 vincentibus,paxpopulituisecureproveniet.Per,etc.
1894 466 1947 532 Α
2050 459 2307 531 Respice,
2340 476 2697 531 quaesumus,
2729 458 2993 527 Domine,
3034 472 3235 531 preces
3281 460 3533 525 nostras,
3567 458 3627 513 et

287 556 363 622 (ιι)
427 554 728 609 Praetende
788 554 977 619 nobis,
1067 551 1332 619 Domine,
1412 550 1872 606 misericordiam

219 648 397 710 tuam,
435 648 501 696 ut
529 659 656 713 quae
691 642 842 696 votis
872 640 1222 712 expetimus,
1285 640 1724 695 conversatione
1768 638 1874 693 tibi

220 732 430 803 placita
456 747 916 802 consequamur.
950 733 1077 797 Per,
1111 734 1221 783 etc.

278 822 351 891 (b)
384 820 628 886 Exaudi,
658 819 1127 889 Domine,preces
1164 821 1419 884 nostras,
1442 820 1505 871 ut
1530 816 1877 888 redemptio-

220 911 307 964 nis
338 915 553 964 nostra:
596 911 970 964 sacrosancta
1018 906 1372 961 commercia
1424 910 1483 959 et
1534 904 1662 959 vita:
1706 904 1876 959 nobis

222 1002 525 1054 conferant
557 998 861 1069 pressantis
894 995 1201 1060 auxilium,
1234 999 1292 1048 et
1324 992 1539 1065 gaudia
1570 992 1875 1064 sempiter-

224 1105 295 1142 na
322 1086 660 1142 concilient.
694 1085 821 1151 Per,
853 1090 967 1138 etc.

846 1156 1247 1227 1ῑίῖέΞὶ

288 1266 808 1320 Sacramentorum
833 1265 1072 1317 tuorum
1093 1259 1493 1316 benedictione
1507 1256 1703 1315 satiati
1721 1273 1875 1328 quaa-

222 1371 453 1419 sumus,
490 1353 760 1421 Domine,
791 1355 856 1405 ut
883 1368 983 1422 per
1013 1350 1131 1404 haec
1162 1365 1400 1421 semper
1429 1348 1819 1404 emundemur
1845 1362 1878 1400 a

221 1444 373 1498 vitiis
406 1448 467 1497 et
498 1439 777 1513 periculis
811 1440 880 1512 (ε)
913 1455 1245 1495 caveamus.

290 1533 530 1598 Adesto,
562 1544 924 1600 quaesumus,
966 1527 1235 1594 Domine,
1266 1524 1421 1598 plebi
1450 1529 1599 1582 tum:
1637 1529 1701 1579 ut.
1755 1540 1879 1594 qua

227 1623 301 1693 (si)
335 1620 601 1692 sumpsit
632 1617 904 1683 ﬁdeliter,
937 1622 994 1671 et
1026 1621 1217 1670 mente
1242 1614 1420 1670 simul
1453 1619 1511 1670 et
1536 1629 1793 1685 corpore,
1826 1616 1881 1667 te

227 1714 596 1783 protegente,
625 1706 935 1762 custodiat.
967 1704 1094 1771 Per,
1126 1712 1236 1760 etc.

1982 548 2075 603 his
2100 548 2443 603 muneribus
2458 549 2824 620 praesentiam
2840 553 2950 602 tute
2966 547 3290 619 majestatis
3309 548 3619 614 intersere;

1984 642 2048 693 ut
2077 639 2227 708 quod
2261 644 2458 693 nostro
2489 638 2719 693 servitio
2750 638 2991 710 geritur,
3026 641 3084 692 te
3114 638 3310 709 potius
3345 641 3621 709 operante

1983 727 2284 781 formetur.
2320 728 2444 794 Per,
2470 732 2577 782 etc.

2053 817 2134 887 (h)
2164 816 2309 871 Vere
2332 818 2598 887 dignum.
2622 816 2800 887 Cujus
2822 815 3291 888 propitiationem
3310 815 3369 870 in
3388 815 3496 870 hac
3513 814 3629 887 pri-

1985 923 2145 960 mum
2174 914 2333 976 parte
2367 905 2815 971 sentimus,cum
2848 921 2917 959 ea
2946 921 3070 975 qnaa
3102 904 3204 959 tibi
3237 908 3378 959 sunt
3413 904 3626 977 placita

1985 999 2043 1050 et
2058 994 2224 1049 nobis
2256 993 2535 1049 salutaria
2551 994 2955 1048 desideramus
2986 998 3279 1065 appetere.
3303 993 3454 1048 Dum
3473 992 3631 1048 enim

1986 1082 2112 1139 sine
2143 1089 2197 1137 te
2239 1083 2383 1137 nihil
2427 1084 2565 1138 recti
2598 1084 2697 1137 89
2730 1082 2874 1137 velle
2922 1084 3240 1153 possimus,
3294 1086 3396 1137 aut
3433 1097 3625 1154 agere,

1986 1179 2085 1227 au:
2116 1174 2390 1243 perﬁcere
2425 1189 2438 1238 ;
2486 1172 2887 1226 indubitanter
2928 1176 3016 1225 est
3062 1171 3282 1241 gratia),
3333 1168 3621 1242 quidquid

1987 1262 2396 1317 convenienter
2424 1278 2755 1333 operemur.
2784 1260 2908 1328 Per,
2941 1265 3051 1315 etc.

2060 1352 2123 1422 (ἱ)
2154 1350 2422 1405 Coelestia
2473 1352 2625 1405 dona
2673 1349 3061 1422 capientibus,
3123 1366 3483 1420 quaesumus,
3516 1349 3630 1405 Do-

1990 1439 2163 1509 mine,
2198 1457 2314 1495 non
2373 1441 2444 1495 ad
2470 1439 2761 1510 judicium
2812 1439 3115 1511 provenire
3164 1438 3428 1510 patiaris,
3475 1437 3631 1510 quod

1989 1528 2261 1585 fidelibus
2292 1530 2409 1584 tuis
2440 1530 2509 1584 ad
2544 1529 2867 1584 remedium
2895 1528 3219 1599 providisti.
3254 1528 3378 1597 Per,
3404 1532 3518 1583 etc.

2058 1619 2293 1673 Adesto.
2326 1619 2591 1685 Domine,
2626 1617 2859 1689 populis
2889 1618 2990 1688 qui
3023 1633 3188 1672 sacra
3217 1617 3462 1673 donaria
3493 1634 3633 1673 con-

1988 1706 2267 1777 tigerunt,
2293 1712 2356 1761 ut
2385 1705 2567 1761 nullis
2598 1706 2873 1777 periculis
2905 1705 3260 1778 afﬂigantur,
3294 1706 3393 1778 qui
3426 1710 3483 1762 te
3505 1723 3636 1778 pro-

302 1800 402 1855 68
434 1798 640 1852 XXVI.
675 1796 806 1850 Item
835 1796 975 1850 alia.
1009 1824 1076 1833 —-
1108 1793 1349 1862 Exaudi,
1382 1791 1647 1855 Domine,
1683 1807 1879 1861 preces
1912 1841 1957 1866 η
1986 1799 2204 1849 tectore
2232 1796 2553 1851 conﬁdunt.
2589 1795 2715 1866 Per,
2748 1801 2859 1851 etc.

232 1896 486 1955 nostras,
521 1890 578 1941 et
609 1890 675 1939 ut
694 1885 812 1938 tuis
841 1900 946 1938 nos
972 1881 1882 1953 muneribusjugiterprosequa-
1912 1841 1959 1906 Β
2060 1885 2303 1939 XXVIII.
2338 1888 2474 1940 Item
2503 1886 2637 1940 alia.
2672 1841 2741 1925 -’—
2768 1885 3256 1958 Magniﬁcentiam
3296 1890 3481 1951 tuam,
3516 1890 3636 1942 Do-

234 1979 333 2044 ris,
367 1974 668 2046 majestati
697 1977 807 2026 tuae
842 1973 931 2026 fac
957 1988 1189 2042 semper
1219 1971 1479 2026 devotos.
1508 1969 1631 2037 Per,
1664 1974 1772 2023 etc.

300 2066 692 2136 Omnipotens
722 2062 1077 2130 sempiterne
1100 2066 1272 2127 Deus,
1293 2060 1394 2130 qui
1429 2076 1535 2114 nos
1565 2058 1734 2113 donis
1765 2057 1884 2113 tuis

236 2155 512 2229 praevenis
536 2155 849 2224 dignanter
877 2151 1225 2216 immeritos,
1277 2150 1351 2204 da
1402 2155 1464 2204 ut
1512 2148 1619 2203 tibi
1666 2148 1883 2219 gratias

239 2247 573 2310 referentes,
607 2241 934 2297 efﬁciamur
963 2245 1018 2294 et
1052 2239 1267 2294 meriti.
1296 2239 1421 2304 Per,
1453 2243 1561 2293 etc.

304 2337 374 2406 (e)
405 2331 719 2388 Olferimus
750 2329 877 2399 tibi,
912 2328 1175 2395 Domine,
1212 2344 1457 2382 munera
1488 2343 1616 2397 quae
1649 2324 1884 2389 dedisti,

240 2430 300 2479 ut
328 2429 384 2479 et
416 2420 734 2476 creetionis
781 2424 893 2472 tuae
954 2416 1107 2471 circa
1157 2415 1572 2471 mortalitatem
1624 2420 1883 2469 nostram

239 2513 624 2569 testiﬁcentur
655 2506 963 2573 auxilium,
997 2512 1053 2560 et
1084 2506 1407 2561 remedium
1440 2504 1609 2560 nobis
1640 2503 1887 2558 immor-

240 2600 484 2657 talitatis
514 2602 851 2669 operentur.
885 2596 1011 2662 Per,
1046 2600 1156 2649 etc.

306 2694 370 2761 (Γ)
417 2688 567 2742 Vere
608 2687 878 2757 dignum.
931 2683 1097 2749 Quia,
1139 2700 1273 2737 cum
1316 2688 1517 2737 nostra
1550 2680 1724 2736 laude
1772 2697 1888 2735 non

241 2797 427 2853 egeas,
455 2782 622 2849 grata
654 2775 759 2829 tibi
792 2779 985 2828 tamen
1019 2778 1107 2827 est
1136 2778 1373 2827 tuorum
1398 2770 1891 2841 devotio_famulo-

240 2887 402 2933 rum;
430 2883 538 2921 nec
571 2870 624 2919 te
657 2867 876 2934 augent
908 2867 1105 2916 nostra
1135 2859 1546 2932 przeconia,sed
1574 2859 1741 2914 nobis
1759 2875 1889 2930 pro-

242 2960 443 3016 ﬁciunt
474 2956 545 3010 ad
581 2952 853 3008 salutem.
879 2951 1165 3014 Quoniam
1190 2951 1343 3004 sicut
1368 2950 1581 3003 fontem
1610 2948 1891 3018 vitzeprae-

240 3050 430 3113 terire,
467 3059 645 3100 causa
666 3040 951 3095 moriendi
976 3044 1084 3105 est,
1108 3039 1189 3092 sic
1214 3038 1415 3092 eodem
1438 3035 1660 3107 jugiter
1675 3038 1891 3090 redun-

244 3140 395 3205 dare,
430 3134 673 3189 elfectus
704 3134 793 3184 est
822 3129 947 3183 sine
978 3128 1093 3181 ﬁne
1127 3126 1380 3181 vivendi.
1414 3127 1541 3194 Per,
1575 3130 1684 3179 etc.

1991 1976 2170 2043 mine,
2194 1974 2601 2046 praadicamus,
2635 1975 2981 2047 suppliciter
3012 1974 3398 2047 implorantes
3430 1980 3495 2031 ut
3530 1976 3633 2048 qui

1992 2080 2098 2118 nos
2113 2063 2556 2119 imminentibus
2570 2064 2844 2135 periculis
2856 2064 3128 2130 exuisti,a
3141 2064 3393 2136 peccatis
3408 2081 3639 2137 quoque

1992 2152 2283 2224 benignus
2311 2153 2603 2209 absolvas:
2644 2158 2708 2208 ut
2742 2154 3023 2209 beneﬁcia
3045 2153 3213 2209 nobis
3244 2155 3470 2226 majora
3499 2170 3638 2210 con-

1993 2242 2187 2309 cedas,
2223 2246 2280 2297 et
2309 2242 2427 2297 tuis
2446 2258 2552 2297 nos
2580 2242 2758 2297 facias
2791 2258 2993 2314 parere
3024 2243 3338 2298 mandatis.
3365 2244 3492 2311 Per,
3523 2248 3638 2300 etc.

2067 2331 2310 2386 Munera
2343 2331 2562 2386 nomini
2592 2337 2715 2398 tuo,
2744 2332 3009 2401 Domine,
3045 2349 3176 2387 cum
3199 2333 3521 2405 gratiarum
3543 2350 3638 2389 ac-

1994 2418 2151 2474 tione
2200 2420 2542 2486 deferimus,
2574 2421 2674 2492 qui
2718 2438 2824 2475 nos
2860 2422 2923 2491 (i)
2967 2422 3038 2476 ab
3086 2421 3315 2477 infestis
3364 2421 3637 2478 hostibus

1994 2506 2271 2563 liberatos
2285 2506 2558 2579 paschale
2571 2514 3006 2563 sacramentum
3029 2526 3234 2564 secura
3257 2510 3363 2579 (Al.
3387 2509 3637 2581 placida)

1994 2596 2206 2652 tribuis
2240 2604 2433 2653 mente
2462 2598 2783 2668 suscipere.
2802 2599 2929 2664 Per,
2960 2602 3070 2653 etc.

2070 2686 2144 2757 (Ir)
2174 2686 2318 2741 Vere
2349 2686 2997 2757 dignum,Majestatem
3015 2689 3176 2741 tuam
3211 2685 3348 2741 totis
3367 2684 3641 2742 sensibus

1999 2777 2472 2847 deprecantes,ut
2493 2775 2576 2831 sic
2598 2776 2737 2830 vitia
2766 2780 2967 2831 nostra
2982 2775 3642 2847 depellas,sicutcorpo-

2002 2882 2130 2920 rum
2168 2866 2369 2920 ferales
2393 2864 2716 2937 exstinguis
2755 2864 3060 2933 inimicos;
3111 2880 3215 2919 nec
3247 2864 3641 2936 captivitatem

2003 2970 2176 3024 quam
2195 2955 2558 3009 extrinsecus
2580 2953 2947 3019 submovisli,
2963 2954 3255 3008 sustinere
3275 2970 3379 3008 nos
3402 2952 3645 3025 patieris

2000 3042 2315 3097 internam.
2331 3042 2439 3097 Sed
2457 3046 2518 3095 ut
2540 3042 2711 3096 noxia
2730 3058 2971 3113 qumque
2989 3041 3646 3115 discutias,etprospera

1995 3132 2217 3203 jugiter
2236 3130 2529 3202 largiaris,
2553 3147 2783 3203 semper
2808 3147 2915 3186 nos
2937 3136 2993 3185 et
3025 3148 3153 3202 quas
3174 3148 3349 3203 prava
3364 3136 3504 3187 sunt
3540 3133 3643 3187 de-

309 3227 606 3289 Libentes,
644 3218 904 3283 Domine,
937 3217 1090 3271 dona
1120 3215 1395 3285 calestia,
1421 3214 1757 3286 praesidium
1786 3228 1886 3267 no-

2021 3221 2218 3275 :linare
2246 3221 2533 3291 perﬁcies,
2566 3225 2623 3275 et
2653 3237 2849 3276 amere
2880 3222 3187 3291 quasjusta
3205 3224 3363 3275 sunt.
3380 3220 3507 3289 Per,
3530 3225 3643 3276 etc.

244 3318 329 3374 bis
360 3317 561 3369 inesse
589 3308 939 3381 gaudemus,
971 3310 1029 3360 et
1059 3307 1209 3360 inter
1238 3305 1351 3359 ista
1382 3321 1509 3375 quas
1561 3306 1890 3369 transeunt,

249 3408 318 3477 (ο)
349 3418 555 3460 eorum
590 3414 719 3469 qua:
754 3400 894 3451 sunt
925 3412 1206 3450 mansura
1237 3393 1611 3447 conﬁdimus.
1632 3392 1756 3457 Per,
1782 3396 1890 3445 etc.

310 3495 581 3561 Protege,
618 3484 881 3551 Domine,
918 3484 1169 3539 famulos
1201 3487 1371 3549 tuos;
1408 3479 1689 3537 subsidiis
1721 3495 1893 3551 pasce

246 3586 583 3660 corporeis;
620 3590 677 3639 et
734 3579 1101 3654 spiritalibus
1157 3578 1461 3632 enutriens
1511 3576 1828 3643 alimentis,
1861 3593 1894 3631 a

248 3677 471 3736 cunctis
503 3674 775 3729 hostibus
806 3670 981 3725 redde
1010 3684 1268 3724 securos.
1303 3667 1426 3736 Per,
1461 3670 1570 3720 etc.

309 3764 526 3821 XXVII.
558 3764 698 3817 Item
724 3762 867 3816 alia.
902 3789 966 3798 —
999 3760 1279 3811 Converte
1312 3772 1439 3820 nos,
1476 3754 1738 3821 Domine,
1778 3758 1895 3808 tuas

242 3851 677 3929 propitiationis
690 3844 1325 3916 auxilio;utcastigatio
1341 3844 1742 3915 peccatoribus
1757 3859 1893 3897 con-

239 3948 539 4001 venienter
568 3938 835 3995 adhibita
858 3937 959 3991 ﬁat
990 3932 1271 3989 correctio
1305 3931 1605 3987 salutaris.
1631 3932 1754 4000 Per,
1780 3936 1892 3987 etc.

244 4047 668 4112 imbecillis,ex
698 4060 765 4099 eo
787 4047 945 4120 patet
966 4040 1121 4120 quod
1153 4040 1367 4120 eaedem
1394 4038 1655 4120 formulae
1682 4037 1892 4120 legun-

244 4123 529 4177 tnretiam
547 4109 604 4172 in
621 4109 923 4171 nonnullis
940 4109 1304 4168 orationibus
1318 4109 1764 4165 Sacramentarii
1784 4109 1893 4165 Ge-

247 4194 455 4250 lasiani
476 4192 627 4246 libro
658 4188 975 4243 111.Etenim
1002 4201 1166 4239 num.
1188 4186 1258 4237 59
1282 4189 1427 4237 orat.
1458 4184 1509 4236 3.
1538 4183 1766 4235 Romani
1786 4185 1896 4235 im-

244 4269 394 4334 perii
426 4264 741 4335 propitiare
763 4257 1109 4335 principibus
1132 4272 1238 4335 ;‘_n.
1271 4256 1304 4309 6
1335 4257 1479 4335 orat.
1512 4254 1566 4319 2,
1618 4255 1899 4335 Ργορίιλάε

248 4326 485 4393 Romani
512 4326 891 4387 dominis-esto
918 4329 1288 4400 principibus,
1323 4332 1379 4380 et
1411 4326 1468 4400 in
1500 4330 1757 4400 secreta:
1792 4328 1897 4400 I30-

245 4413 402 4463 mam’
438 4407 665 4476 imperii
691 4398 931 4529 dianae;
950 4409 1201 4465 rectores,
1236 4406 1291 4454 et
1323 4416 1378 4451 n.
1412 4398 1470 4450 6|
1513 4402 1658 4451 orat.
1700 4398 1745 4460 l,
1800 4398 1898 4450 Ro-

245 4485 404 4529 mani
438 4479 664 4529 imperii
693 4492 743 4528 a.
794 4479 874 4529 sto
902 4473 1228 4529 rectoribus,
1253 4478 1358 4524 etc.
1392 4468 1489 4523 Hae
1506 4468 1740 4529 quidem
1767 4485 1898 4521 ore—

245 4485 404 4534 mam'
438 4468 664 4548 imperii
693 4468 874 4529 adesto
902 4473 1358 4548 rectoribus,_et_c.
1392 4468 1489 4548 llas
1506 4468 1740 4548 quidem
1767 4485 1900 4548 ora-

242 4555 448 4608 tiones
476 4538 772 4604 lucubreri
808 4549 1124 4617 potuerunt
1154 4543 1517 4617 subgduobus
1538 4538 1901 4617 imperatori-

246 4625 365 4679 bus
393 4652 409 4689 ;
436 4624 577 4677 etin
621 4612 1155 4689 Sacramentarium
1194 4614 1391 4689 referri
1425 4612 1689 4689 potuisse
1728 4612 1903 4667 etiam

246 4685 722 4767 post'sublatuin
774 4689 1046 4767 ultimum
1078 4686 1435 4767 Occidentis.
1468 4685 1905 4767 imperatorem,

246 4756 630 4824 demonstrat
659 4759 1198 4817 Sacramentarium
1227 4756 1462 4819 Gelesii,
1493 4772 1605 4826 quo
1638 4756 1909 4828 pontiﬁce

248 4855 419 4895 unus
454 4839 774 4908 imperator
803 4834 860 4888 in
893 4831 1124 4908 Oriente
1144 4831 1588 4908 dominabatur.

328 4915 409 4977 (α)
446 4898 605 4963 Inter
633 4906 926 4962 orationes
959 4902 1334 4977 quotidianus
1366 4904 1661 4972 postrema
1710 4902 1800 4953 est
1854 4898 1911 4952 in

249 4976 431 5037 codd.
465 4986 703 5052 Gregor.
739 4976 1061 5032 Muretorii.

327 5055 410 5123 (b)
444 5040 803 5107 Sacrament.
838 5052 1008 5123 Greg.
1060 5042 1322 5123 Menardi
1370 5046 1427 5096 et
1459 5040 1696 5123 Missale
1746 5040 1914 5095 Rom.

246 5112 413 5180 hanc
449 5125 775 5199 orationem
809 5112 1125 5199 praeférunt
1155 5117 1259 5171 fer.
1292 5117 1327 5170 5
1357 5119 1488 5186 post
1514 5112 1755 5167 Pascha.

324 5201 401 5266 (ε)
437 5197 600 5261 Cod.,
635 5208 956 5257 caueamur,
993 5197 1165 5266 maie_.

326 5256 407 5337 ξεί)
444 5256 609 5333 Cod.,
658 5256 965 5337 sumpsere,
1009 5261 1162 5337 quod
1216 5256 1472 5337 retineri‘
1508 5258 1727 5326 posset,
1785 5270 1918 5309 cum

252 5327 412 5410 plebs
447 5327 898 5410 multitudinem
921 5327 1261 5410 signiﬁcans
1287 5327 1571 5410 pluralem
1609 5343 1918 5410 numerum

252 5399 521 5485 recipere
551 5411 759 5485 possit.
795 5410 866 5461 At
888 5399 1040 5485 infra
1062 5399 1744 5485 c_oh:erenterlegendum
1770 5404 1925 5455 esset

254 5472 608 5542 ευςὼιίιάἡι.
644 5484 776 5538 Mox
799 5495 902 5552 pro
932 5476 1120 5552 simul,
1153 5475 1329 5552 codex
1360 5473 1533 5526 habet
1562 5472 1689 5552 sibi.

341 5558 419 5629 (ε)
447 5557 627 5611 Codd.
665 5542 904 5623 Gregor.
941 5547 1242 5629 Muratorii
1276 5546 1428 5599 hanc
1460 5542 1782 5629 orationem
1832 5542 1925 5597 in-

401 5614 569 5685 ierunt
596 5614 1123 5701 poslréjmzeﬁMissm
1154 5620 1395 5701 dier'um‘
1431 5614 1923 5701 quotidi-auarum.

330 5703 407 5775 (fl
446 5687 971 5768 Nota‘merginalis
998 5693 1055 5746 in
1091 5708 1201 5746 ms.
1225 5707 1236 5743 ;
1265 5690 1482 5743 Fonlem
1504 5687 1624 5741 vitae
1640 5690 1752 5742 toto
1771 5687 1932 5744 corde

272 5634 569 5685 terserunt

2073 3308 2300 3363 Laudes
2332 3312 2483 3373 tuas,
2536 3308 2921 3378 Domine,non
2971 3309 3401 3381 tacemus,quia
3460 3325 3566 3365 nos
3614 3311 3649 3364 a

2002 3397 2172 3454 malis
2191 3414 2317 3467 quae
2341 3397 2712 3452 merebamur
2731 3397 3064 3467 expediens,
3091 3398 3244 3453 bona
3268 3402 3370 3453 tua
3400 3402 3646 3469 praestas

2001 3486 2293 3545 celebrare
2325 3486 2608 3541 laetantes.
2644 3490 2771 3555 Per,
2803 3490 2917 3541 etc.

2073 3579 2175 3644 De,
2220 3593 2582 3649 quasumus,
2618 3576 2879 3648 Domine,
2913 3575 3184 3631 ﬁdelibus
3225 3575 3343 3631 tuis
3373 3576 3433 3630 in
3475 3591 3644 3631 sacra

2002 3684 2235 3739 semper
2256 3667 2481 3721 actione
2511 3665 2847 3737 persistere,
2878 3670 2943 3721 ut
2989 3666 3089 3737 qui
3138 3671 3240 3721 tua
3269 3665 3646 3721 miseratione

2002 3762 2141 3813 sunt
2179 3755 2340 3827 digni
2372 3754 2515 3809 ﬁant
2540 3755 2773 3826 pietatis
2812 3755 3004 3810 ofﬁcio
3044 3755 3361 3827 digniores.
3383 3755 3511 3824 Per,
3535 3759 3644 3810 etc.

2070 3845 2259 3900 XXIX.
2291 3846 2425 3899 Item
2454 3845 2588 3898 alia.
2613 3875 2681 3883 ——
2713 3844 2776 3915 (ι)
2807 3844 3191 3915 Omnipotens
3224 3849 3281 3899 et
3310 3844 3647 3899 misericors

2000 3934 2253 4005 Deus,de
2273 3932 2442 4003 cujus
2478 3948 2718 3987 munere
2737 3933 2893 3988 venit
2916 3937 2977 3987 ut
3008 3933 3112 3987 tibi
3150 3950 3185 3989 a
3224 3932 3499 3988 ﬁdelibus
3528 3930 3652 3990 tuis

2000 4038 2451 4110 diligendum,id
2497 4048 2599 4105 est,
2627 4039 2899 4093 Christum
2938 4044 3343 4109 Redemptorem
3371 4042 3645 4094 nostrum.

2004 4109 2133 4169 Haec
2165 4109 2421 4183 praefatio
2453 4121 2541 4164 est
2570 4111 2628 4165 in
2671 4112 2839 4166 codd.
2875 4112 3043 4183 Greg.
3086 4112 3457 4167 hebdomade
3507 4126 3646 4165 xvm

2006 4130 2133 4169 meo
2165 4130 2421 4237 granum
2453 4130 2541 4164 eat

2006 4191 2143 4259 post
2196 4187 2563 4259 gentecosten.

2080 4257 2152 4327 (g)
2185 4256 2345 4320 Cod.,
2379 4263 2432 4309 et
2458 4268 2644 4308 eorum
2667 4268 2791 4324 quae
2817 4270 3111 4327 mansura.
3147 4258 3334 4327 Locus
3356 4252 3423 4327 in
3448 4253 3653 4327 vulga-

2006 4326 2463 4383 tisemendetus
2486 4344 2498 4393 ;
2522 4326 2621 4379 sed
2648 4342 2760 4379 non
2780 4326 2950 4395 plane
2972 4326 3283 4382 satisfecit.
3319 4326 3505 4398 Magis
3529 4326 3653 4397 pla-

2010 4403 2185 4465 ceret,
2216 4416 2281 4453 ea
2309 4412 2434 4469 quae
2456 4401 2590 4469 psunt
2620 4414 2903 4452 mansura.

2081 4471 2164 4542 (h)
2188 4471 2247 4524 In
2283 4468 2778 4542 marginecodicis
2807 4469 3208 4542 :Indubitanter
3227 4470 3407 4542 gratia
3438 4468 3654 4542 (Forte,

2011 4538 2223 4615 gratim)
2270 4543 2364 4596 Dei
2401 4538 2769 4611 reputandum
2798 4541 3063 4613 quidquid
3105 4543 3323 4609 agimus
3370 4540 3509 4609 ﬁdei
3546 4538 3657 4591 mi-

2014 4616 2197 4670 nistri.

2088 4687 2152 4757 (ἱ)
2188 4685 2249 4739 In
2279 4687 2537 4739 Sacram.
2570 4683 2759 4739 Gelae.
2795 4687 2852 4738 et
2884 4683 2938 4737 in
2973 4682 3208 4753 Gregor.
3236 4680 3390 4751 apud
3430 4679 3662 4734 Menar-

2019 4757 2508 4834 dumlegiturfer.
2539 4755 2573 4809 3
2606 4760 2736 4834 po~st
2766 4754 3127 4834 Dominicam
3170 4753 3241 4834 IV_
3275 4749 3666 4834 Quadragesi-

2020 4846 2125 4885 mea
2154 4847 2166 4895 ;
2204 4825 2260 4882 in
2286 4829 2453 4882 codd.
2485 4843 2621 4883 vero
2654 4827 2822 4897 Greg.
2859 4827 3011 4897 apud
3060 4825 3467 4894 Muratorium,
3518 4829 3577 4879 et
3606 4825 3667 4877 in

2022 4900 2243 4958 Missali
2276 4904 2464 4960 Rom..
2503 4902 2642 4954 feria
2656 4900 2709 4953 5.

2094 4974 2157 5043 (j)
2190 4971 2244 5026 Si
2278 4971 2474 5043 Hunni
2499 4970 2594 5025 hic
2618 4968 3038 5043 indicerentur,
3066 4968 3156 5043 uti
3179 4970 3368 5043 putet
3395 4964 3670 5043 Acamius

2025 5039 2475 5115 part.}i,§9,par
2504 5059 2635 5097 cum
2670 5040 2758 5095 his
2783 5058 2815 5115 a
2846 5040 3034 5115 Leone
3063 5039 3674 5115 initiadicendaesset

2028 5107 2159 5169 ante
2182 5107 2421 5169 Pascha.
2447 5115 2562 5169 Cur
2582 5118 2776 5168 autem
2800 5112 2909 5168 hac
2928 5113 2988 5167 in
3013 5130 3071 5169 re
3102 5113 3464 5176 dubitemus,
3501 5107 3673 5163 intel-

2026 5188 2174 5258 liges
2200 5202 2261 5239 ex
2302 5190 2501 5241 annot.
2534 5185 2735 5258 77(Col.
2769 5186 2958 5249 281,n.
2995 5186 3049 5255 a)
3082 5185 3140 5241 in
3164 5186 3401 5258 dissert.
3436 5183 3673 5258 lQues-

2031 5252 2165 5315 uelli
2199 5257 2268 5312 ad
2294 5276 2385 5313 an.
2423 5259 2545 5312 452.
2581 5257 2712 5313 Mox
2738 5258 2959 5328 placida
2987 5252 3077 5312 est
3117 5257 3348 5312 varians
3376 5252 3568 5328 lectio:

2107 5331 2186 5402 (Ic)
2220 5335 2282 5384 In
2320 5332 2620 5401 margine:
2681 5324 2960 5387 orandum
2991 5337 3050 5385 ut
3096 5331 3242 5402 vitia,
3282 5346 3314 5383 α
3350 5325 3511 5381 nobis
3541 5324 3683 5402 Deus

2034 5397 2288 5474 depellat.
2354 5397 2490 5457 Dein
2544 5419 2648 5475 pro
2696 5418 2983 5475 corporum
3040 5401 3100 5456 in
3144 5401 3274 5457 cod.
3324 5412 3562 5454 errones
3593 5397 3685 5451 est

2070 5490 2286 5529 uorum.

2036 5493 2302 5615 θαῗῦηὲξὶ
2325 5543 2381 5597 in
2402 5544 2707 5600 Gelasiano
2726 5545 2825 5601 lib.
2853 5563 2934 5605 III.
2959 5561 3015 5598 n.
3049 5545 3101 5599 8.
3128 5540 3529 5615 MssLGregor.
3557 5537 3687 5593 Mu-

2038 5610 2570 5690 ratorii,l)omrinica
2594 5618 2717 5690 XIII
2734 5623 2864 5690 post
2888 5617 3110 5673 Pentec.
3129 5630 3146 5683 ;
3162 5616 3221 5671 in
3245 5610 3471 5671 Missali
3490 5616 3690 5668 autem

2038 5694 2231 5760 Rom.,
2257 5688 2561 5744 Dominica
2593 5689 2714 5743 XII.
