4080 6220
465 368 548 428 ’19
1433 361 1695 425 OPEBA
1737 363 1801 422 S.
1848 358 2084 421 LEONI
2126 353 2397 418 MAGNO
2439 353 2912 417 A'I‘TRIBUTA.
3799 346 3877 408 80

466 500 641 570 digne
660 503 718 556 et
747 499 1120 556 laudabiliter
1139 495 1639 564 serviatur,tribue
1671 497 1735 549 ut
1763 493 1834 549 ad
1858 490 2114 564 promis-
2143 492 2196 557 Α
2225 505 2260 543 a
2287 487 2663 543 tenebrarum
2695 485 2992 559 distingue
3023 485 3300 557 caligine,
3351 487 3419 540 ut
3467 498 3702 555 semper
3742 497 3863 552 quin

469 590 664 645 siones
698 593 832 644 tuas
864 588 994 646 sine
1022 587 1340 644 offensione
1370 601 1699 641 curramus.
1737 583 1863 647 Per,
1895 585 2006 636 etc.

539 675 1716 750 Suscipe,quaasumus,Domine,munera
1745 688 1872 743 quae
1905 673 1975 725 de
1997 668 2116 724 tuis

469 767 769 824 offerimus
796 766 1006 822 collata
1038 765 1356 834 beneﬁciis,
1380 768 1438 819 et
1471 764 1568 818 70
1590 761 1744 834 quod
1778 764 1988 815 nostra:
2014 759 2117 813 de-

2227 582 2434 633 sancta
2461 580 2601 630 sunt
2630 575 2996 641 meditantes,
3043 575 3105 630 in
3133 578 3238 631 tua
3272 572 3499 646 jugiter
3543 571 3674 627 luce
3715 571 3871 626 viva-

2229 683 2382 721 mus.
2417 669 2545 735 Per,
2579 669 2668 719 etc
2683 708 2695 720 .

2296 757 2520 820 Annue,
2555 751 2821 819 Domine,
2845 753 3118 824 precibus
3139 749 3380 816 nostris,
3404 755 3463 806 et
3482 750 3597 806 tuis
3620 748 3870 805 servitiis

467 855 689 912 votioni
719 855 988 912 concedis
1034 855 1186 910 efﬁci
1225 851 1589 924 temporalis,
1636 855 1748 905 tuae
1799 848 1967 904 nobis
2017 847 2118 901 ﬁat
2225 843 2596 911 inhaerentes,
2627 841 2888 912 pervigili
2913 841 3269 912 protectione
3291 839 3544 895 custodi.
3581 839 3704 907 Per,
3725 843 3836 894 etc.

465 946 773 1018 praemium
805 944 1223 1017 redemptionis
1253 949 1501 998 aeternas.
1535 941 1661 1008 Per,
1695 944 1802 995 etc.
1886 986 1889 990 .

532 1140 696 1197 XXX.
730 1144 864 1198 Item
892 1140 1035 1197 alia.
1069 1172 1137 1180 —
1158 1140 1236 1210 (a)
1265 1138 1347 1194 Ne
1365 1131 2107 1207 despicias.Domine,qum-

2297 933 2540 988 Domine
2562 936 2711 986 Deus
2730 930 3380 996 noster,diurnolabore
3406 929 3678 1000 fatigatos
3701 944 3872 1000 sopo-

2225 1022 2308 1078 ris
2339 1021 2534 1092 quiete
2566 1037 2670 1076 nos
2702 1018 2889 1075 refove
2916 1037 2931 1088 ;
2966 1024 3029 1074 ut
3059 1019 3126 1075 ad
3129 1019 3246 1089 juti
3280 1018 3612 1074 necessario
3646 1016 3873 1089 fragili-

2212 1113 2352 1168 tatis
2386 1111 2622 1180 auxilio,
2656 1115 2714 1167 et
2742 1127 2984 1184 corpore
3019 1111 3124 1166 tibi
3143 1111 3332 1166 simus
3366 1116 3423 1166 et
3439 1114 3634 1165 mente
3656 1109 3872 1166 devoti.

463 1245 697 1297 sumus,
728 1229 787 1284 in
829 1229 1143 1285 afﬂictione
1168 1207 1526 1290 clamantes,
1561 1223 1662 1278 sed
1705 1219 2110 1277 laborantibus
2218 1207 2348 1297 P65.
2375 1207 2486 1297 etes

464 1317 637 1374 celeri
670 1335 945 1374 succurre
968 1317 1232 1389 placatus
1263 1314 1497 1372 auxilio.
1532 1317 1663 1378 Per,
1697 1316 1808 1366 etc.

2292 1290 2634 1362 Propitiare,
2665 1289 2926 1357 Domine,
2979 1289 3375 1361 quaerentibus
3409 1287 3875 1344 misericordiam

535 1407 780 1479 Respice
809 1424 938 1471 nos,
968 1377 1343 1478 omnipotens
1372 1409 1430 1460 et
1475 1377 1810 1457 misericors
1849 1397 2022 1463 Deus,
2055 1398 2113 1450 et
2218 1383 2744 1479 etfamilm
2774 1379 3017 1479 Βοωᾶῐξί
3047 1377 3309 1479 Ροηξίξλίθ
3353 1377 3574 1479 "NQ-‘16
3624 1377 3876 1478 ἀθῖξωίξθ

465 1497 538 1553 ab
579 1496 856 1552 omnibus
910 1493 1389 1551 tribulationibus
1447 1490 1799 1565 propitiatus
1857 1484 2114 1542 absolve.

464 1585 592 1651 Per,
615 1588 725 1642 etc.

544 1673 734 1740 Mitte,
775 1673 1040 1742 Domine,
1093 1687 1457 1744 quaesumus,
1489 1667 1770 1740 Spiritum
1820 1669 2114 1734 sanctum,

471 1761 575 1834 qui
594 1766 652 1817 et
669 1761 790 1817 haec
811 1777 1054 1817 munera
1068 1760 1378 1833 praesentia
1399 1764 1599 1814 nostra
1620 1761 1787 1811 tuum
1807 1755 1976 1810 nobis
1995 1753 2121 1807 efﬁ-

2225 1468 2300 1540 (h)
2331 1469 2436 1539 (AI.
2470 1473 2526 1523 et
2556 1468 2802 1523 Romani
2835 1467 3093 1522 nominis
3126 1467 3344 1538 ubique
3379 1470 3618 1538 protege
3649 1466 3875 1538 princi-

2226 1557 2476 1630 patum),
2509 1562 2574 1612 ut
2606 1575 2714 1628 pax
2743 1556 3023 1628 salusque
3055 1561 3343 1628 perpetua.
3391 1560 3632 1611 tuorum
3682 1555 3877 1628 possit

2223 1646 2418 1718 vigere
2448 1644 2822 1718 populorum.
2857 1645 2985 1712 Per,
3018 1649 3132 1700 etc.

2756 1737 2891 1791 Item
2919 1735 2989 1790 ad
3028 1750 3335 1803 vesperum.

474 1821 592 1906 ciat
622 1821 1162 1918 sacramentum,et
1193 1850 1264 1905 ad
1305 1848 1415 1904 hoc
1445 1846 1886 1920 percipiendum
1920 1846 2120 1898 nostra
2147 1861 2195 1926 B
2229 1915 2267 1926 η
2299 1823 2362 1896 (ί)
2396 1826 2764 1926 Ουξξξδυωξιῗο
2802 1825 3043 1926 Doni")?
3072 1828 3222 1926 990.5
3255 1827 3472 1889 Ποεῒθτι
3505 1822 3621 1923 (ξίθί
3649 1821 3878 1926 ,Πλωθε-

468 1940 644 1995 corda
675 1939 958 2010 puriﬁcet.
995 1940 1121 2008 Per,
1153 1946 1265 1995 etc.

542 2028 617 2100 (b)
644 2027 789 2084 Vere
822 2029 1090 2101 dignum.
1123 2028 1270 2094 Quia
1299 2031 1355 2082 te
1384 2028 1511 2082 sine
1541 2024 1869 2080 cessatione
1910 2019 2116 2093 praedi-

469 2118 762 2182 cantibus,
794 2133 899 2172 nec
930 2118 1172 2172 adversa
1204 2114 1542 2188 praevalent,
1575 2129 1680 2168 nec
1711 2127 1992 2184 prospera
2012 2126 2117 2164 ne-

470 2205 787 2276 gabuntur.
823 2205 950 2270 Per,
981 2211 1091 2261 etc.

541 2294 612 2365 (c)
642 2293 726 2349 Sit
755 2293 945 2359 nobis,
961 2293 1218 2360 Domine,
1236 2291 1525 2364 reparatio
1541 2291 1755 2347 mentis
1775 2292 1832 2344 et
1855 2287 2114 2358 corporis

467 2381 701 2438 caeleste
732 2383 1100 2454 mysterium,
1123 2387 1180 2438 et
1215 2383 1386 2452 cujus
1408 2380 1787 2452 exsequimur
1807 2377 2111 2444 actionem,

464 2470 792 2527 sentiamus
822 2471 1114 2528 effectum.
1147 2471 1276 2540 Per,
1309 2476 1420 2526 etc.

536 2559 707 2616 Plebs
727 2567 847 2630 tua,
872 2561 1138 2630 Domine,
1159 2555 1954 2632 quasumus,benedictionis
1977 2572 2111 2610 san-

466 2653 568 2704 ctae
601 2665 819 2705 munus
851 2649 1119 2721 accipiat,
1146 2667 1249 2721 per
1277 2649 1430 2721 quod
1462 2654 1518 2703 et
1549 2647 1722 2703 noxia
1751 2662 2000 2718 quaeque
2021 2645 2114 2699 de-

461 2736 658 2802 clinet,
692 2741 748 2793 et
777 2743 977 2809 optata
1008 2738 1280 2809 reperiat,
1319 2737 1442 2805 Per,
1475 2741 1586 2792 etc.

533 2824 728 2881 XXXI.
761 2831 897 2881 Item
927 2828 1059 2880 alia.
1091 2856 1162 2867 —
1213 2826 1290 2898 (ιί)
1329 2827 1709 2896 Omnipotens
1759 2822 2114 2894 sempiterno

467 2917 640 2982 Deus,
675 2914 774 2986 qui
809 2931 916 2970 nos
946 2920 1002 2970 et
1031 2914 1374 2986 castigando
1420 2930 1618 2982 sanas,
1650 2919 1706 2968 et
1752 2913 2111 2984 ignoscendo

467 3008 1024 3076 conservas,praasta
1054 3003 1424 3075 supplicibus
1444 3002 1563 3057 tuis
1597 3007 1658 3056 ut
1687 3009 1741 3056 et
1773 2999 2110 3071 tranquilli-

465 3091 608 3146 tatis
639 3095 846 3162 aptatm
879 3091 1278 3147 consolatione
1303 3091 1585 3156 laetemur,
1617 3094 1673 3146 et
1704 3090 1774 3145 ad
1809 3088 2114 3145 correctio-

466 3179 560 3236 nis
589 3179 860 3237 effectum
887 3181 1040 3236 dono
1065 3186 1176 3236 tuas
1209 3181 1368 3251 pacis
1399 3184 1654 3235 utamur.
1687 3179 1815 3249 Per,
1848 3183 1956 3234 etc.

2225 1915 2338 1971 tias
2369 1914 2558 1970 noctis
2589 1913 2782 1984 quiete
2815 1917 3099 1978 sustenta,
3142 1917 3206 1968 ut
3253 1914 3597 1968 necessariae
3643 1918 3878 1985 tempo-

2225 2021 2359 2060 rum
2390 2001 2797 2059 vicissitudine
2827 2002 3192 2071 succedente,
3226 2006 3428 2058 nostra
3455 2002 3752 2058 reﬁcietur
3779 2001 3878 2058 in-

2226 2093 2495 2148 ﬁrmitas.
2529 2092 2658 2160 Per,
2690 2097 2801 2148 etc.

2296 2181 2515 2236 Exaudi
2547 2197 2676 2251 nos,
2708 2181 3082 2252 omnipotens
3114 2179 3469 2252 sempiterna
3499 2180 3679 2247 Deus,
3709 2185 3769 2236 et
3799 2197 3878 2237 ne

2225 2269 2628 2327 sineterminis
2645 2287 2885 2342 operum
2903 2268 3191 2341 fragilitas
3209 2269 3468 2326 humana
3483 2269 3882 2343 deficiat,ipsa

2225 2359 2603 2414 mutabilium
2627 2375 2823 2414 rerum
2859 2361 3136 2415 varietate
3157 2375 3265 2414 nos
3288 2358 3498 2414 refove.
3527 2360 3654 2426 Per,
3687 2364 3800 2416 etc.

2292 2449 2529 2512 Adesto,
2553 2447 2818 2518 Domine,
2841 2447 3110 2520 precibus
3132 2446 3371 2517 nostris,
3393 2447 3555 2503 etdie
3577 2452 3882 2520 noctuque

2224 2542 2480 2609 protege,
2513 2541 2577 2591 ut
2607 2535 2971 2608 quibuslibet
2999 2535 3488 2592 alternationibus
3533 2542 3880 2609 temporum

2222 2629 2325 2682 tua
2346 2624 3186 2696 semperineommutabilitate
3201 2627 3262 2697 (λ)
3286 2625 3878 2688 ﬁrmemur.Per.etc.

2293 2713 2508 2769 XXXII.
2540 2715 2675 2770 Item
2696 2715 2833 2769 alia.
2863 2745 2934 2755 —
2963 2714 3206 2785 Respice
3236 2714 3547 2787 propitius,
3599 2715 3881 2785 Domine,

2222 2819 2585 2876 quaesumus,
2618 2802 2995 2858 afﬂictionem
3027 2802 3226 2876 populi
3259 2803 3370 2872 tui,
3405 2809 3462 2859 et
3501 2821 3572 2859 ne
3614 2806 3687 2860 ad
3735 2822 3881 2877 per-

2223 2893 2480 2948 dendum
2515 2896 2751 2964 peccata
2783 2898 2977 2948 nostra
3009 2892 3378 2964 prmvaleant,
3410 2894 3488 2966 (Ic)
3521 2894 3622 2950 sed
3657 2895 3730 2950 ad
3755 2895 3880 2951 sal-

2223 2981 2482 3036 vandum
2516 2997 2620 3036 nos
2650 2985 2750 3036 tua
2781 2980 2975 3052 potius
3002 2981 3403 3038 misericordia
3428 2982 3664 3055 copiosa
3719 3001 3880 3055 prai-

2221 3069 2436 3125 vincat.
2471 3074 2593 3140 Per,
2625 3075 2737 3125 etc.

2295 3158 2588 3230 Propitius
2614 3157 2842 3214 intuere
2873 3175 3140 3226 munera,
3172 3159 3437 3230 Domine,
3498 3177 3881 3232 quaesumus,

539 3268 744 3324 Preces
775 3275 1029 3340 nostras,
1065 3224 1325 3340 Domine,
1374 3268 1726 3342 propitiatus
1757 3224 2022 3335 admitte,
2056 3273 2112 3323 et
2143 3224 2186 3292 α
2225 3265 2350 3342 QE?
2383 3247 2508 3342 ’Ψίῆ
2532 3247 2680 3342 911m?
2685 3248 2816 3303 ibus
2839 3247 3204 3342 “bibimus,
3240 3254 3302 3304 υτ
3329 3249 3718 3342 (ΙΠΟά-ηοεῑτα
3748 3251 3885 3308 ἶνε-

465 3373 500 3413 a
527 3357 775 3414 terrenis
805 3359 969 3414 efﬁce
990 3359 1279 3432 contagiis
1296 3358 1579 3431 expiatos,
1605 3375 1754 3430 quos
1776 3358 2112 3414 coelestibus

463 3445 673 3502 tribuis
704 3448 918 3505 servire
948 3449 1266 3522 mysteriis.
1304 3449 1429 3516 Per,
1461 3452 1573 3504 etc.

533 3536 603 3607 (θ)
633 3535 778 3592 Vere
808 3538 1077 3610 dignum.
1105 3539 1215 3593 Per
1242 3554 1416 3609 quem
1443 3553 1550 3591 nos
1581 3536 1739 3592 eruis
1769 3553 1802 3590 a
1833 3535 2106 3607 peccatis,

461 3640 494 3679 a
526 3625 800 3695 periculis
820 3627 1005 3696 exuis,
1020 3630 1078 3681 et
1096 3626 1167 3680 ad
1182 3625 1397 3697 gaudia
1426 3624 1786 3696 sempiterna
1815 3623 2106 3696 perducis.

461 3712 590 3780 Per,
624 3718 734 3768 etc.

537 3802 672 3866 Quae
696 3817 925 3872 sumus,
949 3801 1188 3859 Domine
1219 3807 1373 3859 Deus
1405 3806 1621 3868 noster,
1655 3805 1719 3858 ut
1749 3817 1965 3858 mensa:
1997 3805 2110 3857 tua;

465 3894 670 3961 sancta
701 3890 973 3959 libantes,
1024 3908 1139 3947 non
1190 3893 1260 3947 ad
1307 3892 1602 3963 judicium
1661 3891 1851 3959 nobis,
1903 3892 2004 3946 sed
2038 3893 2110 3948 ad

457 3978 806 4049 praesidium
845 3981 1274 4054 sempiternum
1307 3981 1565 4037 coelestia
1595 3982 1748 4037 dona
1777 3997 2108 4038 sumamus.

465 4065 591 4136 Per,
615 4073 724 4125 etc.

544 4159 1090 4229 Respice,Do:nine,
1109 4159 1396 4233 propitius
1419 4157 1703 4230 populum
1733 4162 2110 4231 tuum,atque

459 4253 534 4310 ad
568 4256 730 4308 tuam
765 4250 1227 4306 misericordiam
1261 4248 1619 4320 pertinentes
1655 4250 1745 4304 τι
1799 4253 1855 4304 et
1884 4253 2108 4320 tempo-

458 4341 688 4398 ralibus
721 4339 825 4410 (Αι.
857 4337 896 4411 f
917 4337 1326 4410 presentibus)
1381 4341 1651 4393 sustenta
1700 4337 2025 4404 beneﬁciis,
2054 4342 2110 4393 et

455 4429 815 4501 aeternis(Al.
851 4426 1109 4498 futuris).
1141 4427 1268 4482 Per.
1303 4430 1417 4483 etc.

688 4517 977 4574 Orationes
1006 4517 1316 4585 matutinae,
1348 4516 1432 4571 vel
1461 4515 1535 4571 ad
1563 4531 1862 4586 vesperum.

2221 3335 2445 3408 gilitate
2477 3336 2758 3402 defertur,
2794 3341 2893 3392 tua
2922 3338 3138 3392 virtute
3167 3345 3450 3394 sacretur.
3485 3339 3613 3410 Per,
3645 3345 3758 3396 etc.

2909 3460 3147 3499 PFG

2290 3532 2353 3603 (ι)
2375 3531 2771 3603 Sumpsimus,
2805 3531 3070 3604 Domine,
3095 3533 3246 3590 sacri
3269 3534 3424 3590 dona
3445 3535 3706 3603 mysterii
3756 3535 3881 3594 hu-

2220 3619 2436 3676 militer
2464 3620 2845 3692 deprecantes
2878 3625 2940 3676 ut
2959 3637 3087 3694 qua
3109 3621 3169 3678 in
3195 3623 3281 3678 tui
3301 3626 3879 3682 commemoratione

2220 3726 2328 3766 nos
2359 3709 2546 3765 facere
2577 3709 2921 3781 praecepisti,
2956 3711 3016 3766 in
3053 3713 3148 3768 72
3182 3716 3392 3767 nostrae
3424 3712 3734 3784 proﬁciant
3776 3715 3879 3770 in-

2220 3799 2521 3853 ﬁrmitatis
2550 3798 2854 3854 auxilium.
2887 3799 3016 3870 Per,
3047 3806 3158 3856 etc.

2291 3886 2734 3959 Rege,Domine,
2751 3905 3091 3959 quaesumus
3112 3895 3346 3946 tuorum
3367 3891 3544 3946 corda
3565 3891 3838 3949 ﬁdelium
3862 3918 3880 3963 ;

2220 3980 2278 4030 et
2308 3980 2372 4030 ut
2401 3975 2554 4030 bona
2609 3979 2711 4030 tua
2756 3980 2813 4032 te
2862 3976 3144 4047 largiente
3188 3978 3537 4051 percipiant,
3595 3981 3877 4052 ipsorum

2219 4067 2494 4140 primitus
2526 4066 2710 4123 bonas
2741 4084 2871 4124 esse
2899 4070 3150 4126 concede
3169 4071 3277 4139 (AI.
3301 4070 3484 4144 efﬁce)
3510 4070 3878 4132 voluntates.

2217 4161 2328 4213 Per
2355 4162 2469 4213 etc.

2287 4245 2527 4301 XXXIII.
2559 4247 2692 4301 Item
2720 4247 2856 4302 alia.
2889 4278 2958 4288 -—-
2978 4248 3078 4321 (m)
3101 4249 3486 4323 Omnipotens
3501 4250 3878 4323 sempiterne

2217 4340 2389 4399 Deus,
2417 4337 2492 4390 da
2514 4336 2683 4391 nobis
2713 4336 2869 4403 ﬁdei,
2891 4338 3012 4407 spei
3037 4342 3094 4393 et
3117 4339 3421 4396 cbaritatis
3442 4345 3843 4413 augmentum
3862 4381 3877 4406 ,

2217 4429 2274 4480 et
2305 4428 2370 4479 ut
2400 4439 2731 4478 mereamur
2760 4425 2997 4496 assequi
3029 4428 3184 4498 quod
3234 4427 3552 4500 promittis,
3609 4429 3698 4484 fac
3763 4447 3882 4488 nos

2217 4526 2414 4567 amare
2446 4511 2597 4580 quod
2631 4512 2918 4583 praecipis.
2951 4514 3060 4569 Per
3090 4519 3200 4570 etc.

527 4609 791 4682 (g)Deus,
813 4605 916 4676 qui
947 4604 1102 4659 diem
1139 4604 1428 4661 discernis
1457 4609 1513 4659 et
1532 4607 2108 4674 noctem,actusnos-
2138 4591 2187 4658 D
2291 4600 2466 4666 Deus,
2502 4599 2601 4670 qui
2633 4599 3061 4671 plenitudinem
3093 4605 3509 4661 mandatorum
3540 4604 3599 4661 in
3657 4609 3766 4662 tua
3813 4611 3882 4663 et

527 4714 608 4787 (a)
639 4714 778 4787 Fere
794 4711 996 4766 eadem
1020 4709 1320 4787 invenitur
1351 4710 1610 4787 in_co_d_d.
1644 4709 1881 4787 Gregor.
1917 4711 1976 4787 in
2006 4727 2100 4767 se-

456 4780 545 4842 rie'
570 4780 902 4840 orationum
922 4798 1023 4852 pro
1050 4783 1303 4854 peccatis,
1325 4786 1380 4836 et
1411 4783 1469 4836 in
1503 4780 1725 4836 Missali
1761 4780 1926 4837 Rom.
1952 4785 2105 4840 inter

456 4857 750 4914 orationes
789 4871 1134 4909 communes
1162 4855 1261 4926 pro
1291 4869 1624 4926 quacumque
1651 4854 2028 4912 tribulatione.

2212 4707 2454 4769 stiones.

2282 4782 2358 4853 (g)
2389 4777 2589 4853 Exstat
2611 4778 2677 4853 in
2706 4779 2899 4853 Gelas.
2935 4782 3038 4838 lib.
3073 4801 3158 4850 ιιι,
3184 4801 3243 4840 n.
3268 4784 3358 4839 84.

2281 4850 2359 4926 (h)
2393 4850 2576 4911 Uneis
2607 4850 2835 4909 inclusa
2865 4872 2933 4910 ex
2963 4857 3210 4910 varianti
3241 4856 3539 4911 lectiones
3560 4853 3880 4914 collectore

525 4929 599 5001 (b)
631 4927 779 5001 Nota
801 4924 1233 5001 marginalisin
1253 4924 1380 4982 cod.
1408 4924 1682 4982 :Adeersa
1712 4927 1927 4996 repelli,
1938 4944 2100 4998 pros-
2209 4924 2665 5001 textuiinserta.

448 4999 585 5075 pera
614 4999 961 5075 ministrari.

2283 4977 2984 5072 (illite‘e'estpenultima
3013 4977 3347 5072 orationum
3379 4996 3875 5070 vespertinallum

521 5072 594 5143 (c)
624 5072 687 5126 In
725 5068 1145 5143 Missaliullom.
1197 5065 1419 5143 legitur,
1457 5066 1771 5143 Dominica
1803 5067 1926 5143 VIII
1967 5074 2100 5142 post
2210 5065 2447 5128 in'mss.
2483 5065 2720 5143 Gregor.
2753 5070 3071 5125 Muratorii.

451 5139 706 5210 Pentec.,
737 5158 802 5196 ac
834 5141 890 5194 in
920 5139 1013 5194 die
1042 5140 1099 5194 S.
1129 5139 1423 5197 Valentini
1457 5143 1520 5196 14
1557 5141 1721 5196 Febr.
1751 5141 1813 5195 In
1837 5139 2098 5199 Sacram.

449 5217 619 5288 Greg.
655 5212 954 5288 Muratorii
986 5211 1214 5288 Domin.
1245 5213 1466 5288 IXpost
1495 5214 1764 5280 Pentec.;
1800 5215 1954 5286 apud
1979 5215 2097 5270 Me-

449 5282 702 5344 nardum
728 5301 859 5342 vero
891 5284 985 5339 die
1012 5289 1070 5338 8.
1107 5282 1412 5339 Valentini.

516 5361 596 5431 (d)
629 5357 904 5414 Exstatin
936 5358 1065 5431 cod.
1107 5354 1335 5431 Gelasijg
1359 5355 1573 5431 libziu,
1601 5372 1659 5411 n.
1693 5355 1784 5422 37,
1836 5355 1897 5431 in
1950 5373 2092 5431 mss.

445 5426 683 5501 Gregor.
718 5435 774 5486 et
803 5428 1045 5494 Pame|.,
1081 5443 1147 5482 ac
1177 5427 1237 5484 in
1262 5426 1485 5484 Missali
1518 5433 1798 5496 Romano,
1824 5427 1894 5483 ad
1921 5430 2096 5501 repel-

448 5503 672 5559 lendam
710 5504 1102 5574 tempestatem.

519 5575 589 5644 (e)
625 5576 686 5629 In
735 5570 998 5644 margine
1045 5571 1198 5637 cod,
1231 5570 1270 5626 A
1302 5571 1536 5640 peccatis
1564 5572 1676 5627 sive
1703 5573 1971 5644 periculis
1991 5589 2092 5628 nos

448 5646 700 5702 Christus
729 5646 980 5702 redemit.

515 5719 585 5792 (f)
598 5717 996 5788 Praesentibus,
1017 5717 1075 5770 et
1109 5713 1244 5770 dein
1261 5715 1470 5786 futuris
1509 5718 1651 5771 sunt
1675 5716 1972 5776 variantes
2003 5716 2093 5773 le.

2304 5089 2447 5128 mss.
2483 5085 2592 5126 ure
2637 5085 2720 5123 or.
2753 5085 3071 5125 muratoru.

2281 5144 2344 5216 (j)
2378 5145 2540 5216 Cod.,
2561 5085 2854 5216 ﬁrmet-ur,
2889 5157 3214 5214 perperam.

2283 5213 2354 5288 (7c)
2388 5215 2490 5271 Sed
2508 5213 2804 5288 abundat.

2279 5283 2344 5357 (ι)
2378 5289 2478 5342 Est
2503 5286 2562 5340 in
2587 5283 2807 5338 Missali
2833 5283 2996 5338 Rom.
3021 5283 3174 5340 inter
3196 5299 3538 5340 communes
3559 5284 3875 5341 orationes

2203 5372 2304 5428 pro
2327 5372 2666 5430 quacumque
2686 5358 3035 5430 necessitate.

2280 5426 2372 5500 (m)
2397 5433 2553 5486 Hanc
2568 5426 2800 5486 exhibet
2822 5427 3001 5482 codex
3023 5427 3213 5500 Gelas.
3237 5426 3339 5481 lib.
3370 5443 3454 5491 ιιι,
3474 5443 3534 5482 ιι.
3555 5427 3611 5483 9.
3640 5427 3699 5482 In
3720 5429 3871 5500 Gre-

2247 5499 2330 5556 or.
2369 5499 2669 5558 Muratorii
2702 5499 3007 5555 Dominica
3035 5499 3157 5555 XIV
3206 5503 3344 5571 post
3387 5503 3663 5571 Pentec.;
3699 5499 3869 5571 apud

2265 5575 2576 5645 enardum,
2608 5572 2840 5629 Domin.
2875 5571 3008 5641 XV;
3043 5572 3102 5627 in
3135 5568 3353 5630 Missali
3386 5571 3580 5642 Rom.,
3611 5568 3869 5627 Domin.

2204 5642 2350 5700 XIII.
