4080 6220
186 322 254 382 81
1003 322 1236 384 LIBER
1278 322 1849 385 SAGRAMENTOH

1983 374 1987 383 .
2028 325 2430 391 EGCLESIJE
2471 328 2851 391 ΗΟΜΑΝᾸΞ.
3534 324 3621 387 82

187 450 447 523 proximi
473 451 796 508 dilectione
819 451 1093 525 posuisti,
1115 454 1267 509 hanc
1287 454 1457 510 nobis
1481 453 1854 527 gratiamlar-
1881 454 1936 522 Α
1968 456 2159 514 foveas
2176 460 2545 530 majestatem
2576 467 2737 516 tuam
2752 460 2977 532 jugiter
2997 462 3325 515 exorantcs.
3358 462 3486 525 Per,
3503 460 3612 511 etc.

182 541 303 611 gire
339 542 663 613 propitius,
701 546 765 596 ut
814 542 951 613 quia
998 542 1056 597 in
1108 542 1314 598 multis
1346 544 1716 612 offendimus,
1750 548 1853 598 tua

186 630 452 686 charitas
482 631 824 687 abundetin
856 631 1048 701 nobis,
1081 647 1184 704 per
1208 650 1386 705 quam
1420 638 1651 706 peccata
1684 649 1852 687 mun-

189 720 436 775 dantur.
470 720 599 789 Per,
642 725 752 776 etc.

260 808 516 864 Domine
548 813 771 880 sancte,
796 813 968 865 Pater
994 810 1389 882 omnipotens,
1422 816 1636 868 mterne
1667 812 1847 881 Deus,

198 898 539 955 oblationes
572 899 807 954 familia
834 904 949 955 tum
977 900 1326 973 propitiatus
1348 900 1605 971 intende,
1638 905 1703 958 ut
1730 902 1850 957 haec

195 988 309 1060 piae
342 987 677 1044 devotionis
707 989 989 1061 obsequia
1018 992 1075 1044 et
1105 994 1357 1046 rectores
1409 990 1771 1047 sanctiﬁcent
1800 992 1857 1046 et

185 1078 491 1149 regendos
504 1120 517 1133 .
559 1082 689 1145 Per,
716 1083 828 1134 etc.

256 1171 438 1232 Deus,
466 1167 568 1239 qui
593 1168 670 1239 (a)
703 1168 906 1225 ﬁdeles
930 1174 1063 1225 tuos
1087 1170 1157 1225 ad
1181 1187 1376 1225 veram
1408 1170 1494 1225 vis
1528 1170 1850 1225 innoncen-

183 1255 329 1310 tiam
356 1256 691 1328 pervenire,
717 1258 806 1312 fac
828 1274 935 1313 nos
954 1275 1055 1329 per
1072 1258 1499 1331 indulgentiam
1518 1264 1676 1314 tuam
1694 1257 1851 1313 illius

184 1345 515 1417 participes
542 1348 897 1413 sanctitatis,
931 1364 1061 1419 qua;
1092 1364 1197 1403 nec
1230 1347 1339 1403 sibi
1366 1350 1558 1416 noxia,
1593 1365 1699 1403 nec
1731 1346 1852 1402 cui-

186 1452 366 1505 quam
397 1433 740 1490 inveniatur
760 1438 1025 1492 adversa.
1051 1437 1177 1505 Per,
1214 1444 1323 1495 etc.

261 1523 514 1579 Domine
557 1528 777 1592 sancte,
808 1525 976 1581 Pater
1006 1526 1399 1597 omnipotens,
1434 1530 1643 1583 mterne
1674 1526 1849 1593 Deus,

191 1614 265 1667 da
297 1613 511 1680 servis,
536 1614 655 1668 tuis
684 1613 844 1669 hunc
874 1614 1154 1670 charitats
1176 1616 1543 1687 affectum,ut
1574 1617 1723 1670 bona
1750 1633 1852 1687 pro

190 1701 363 1757 malis
398 1703 652 1757 reddere
677 1707 778 1758 tuo
799 1703 1122 1758 incitentur
1142 1704 1427 1775 exemplo,
1460 1708 1517 1759 et
1549 1705 1620 1759 de
1652 1703 1849 1758 inimi-

190 1791 275 1847 cis
304 1792 437 1847 suis
470 1791 830 1847 correctione
888 1791 1076 1865 magis
1120 1793 1379 1865 cupiant,
1413 1809 1591 1865 quam
1627 1792 1851 1848 ultione

196 1882 473 1952 gaudere.
514 1879 639 1948 Per,
674 1885 784 1936 etc.

264 1968 622 2041 Propitiare,
657 1968 924 2036 Domine,
980 1969 1311 2041 supplicum
1360 1970 1531 2038 votis,
1565 1974 1623 2026 et
1654 1969 1853 2042 populi

196 2058 275 2112 tui
307 2056 721 2113 oblationibus
782 2058 1170 2131 precibusque
1225 2060 1533 2131 susceptis,
1584 2060 1850 2115 omnium

202 2154 473 2203 nostrum
504 2147 579 2202 ad
612 2150 671 2202 te
700 2148 879 2203 corda
908 2153 1195 2205 converte.
1230 2154 1358 2218 Per,
1393 2155 1501 2205 etc.

897 2291 1143 2329 PFB

231 2361 515 2433 Incipiunt
544 2377 735 2433 prece:
764 2362 990 2420 diurnae
1026 2381 1150 2419 cum
1180 2365 1426 2421 sensibus
1464 2365 1816 2420 necessariis.

264 2468 505 2525 XXXIV.
540 2499 610 2510 —
641 2468 1027 2541 Omnipotens
1055 2472 1407 2542 sempiterna
1438 2471 1614 2538 Deus,
1645 2472 1851 2527 Roma-

204 2559 287 2614 nis
338 2558 631 2614 auxiliare
661 2559 1049 2632 principibus,
1074 2566 1137 2615 ut
1165 2566 1267 2617 tua
1287 2561 1505 2616 virtute
1534 2561 1845 2628 roboratis,

206 2646 386 2702 omnis
419 2647 721 2703 hostilitas
761 2664 866 2704 nec
889 2649 1109 2705 viribus
1161 2650 1346 2723 possit
1376 2649 1707 2722 praavalere,
1742 2667 1847 2706 nec

204 2736 421 2792 fraude.
450 2737 579 2800 Per,
622 2742 731 2793 etc.

265 2825 338 2895 (b)
370 2826 629 2895 Nostris,
654 2844 1013 2898 quaesumus,
1046 2828 1312 2894 Domine,
1364 2829 1678 2901 propitiare
1698 2835 1845 2887 tem-

206 2914 462 2983 poribus,
496 2924 560 2969 ut
589 2920 691 2970 tuo
728 2932 969 2971 munere
999 2917 1330 2989 dirigantur
1371 2924 1427 2974 et
1461 2919 1723 2976 Romana
1752 2938 1845 2977 se-

209 3002 420 3058 curitas
451 3008 511 3058 et
545 3003 775 3059 devotio
820 3005 1166 3061 Christiana.
1201 3012 1329 3078 Per,
1362 3012 1471 3064 etc.

268 3091 605 3164 Supplices,
640 3094 1307 3167 Domine,deprecamur,
1332 3101 1396 3152 ut
1417 3115 1519 3169 per
1548 3098 1669 3155 haec
1695 3100 1848 3155 dona

2032 547 2266 618 Praesta,
2320 566 2682 621 quaasumus,
2734 550 2999 616 Domine,
3049 553 3116 605 ut
3170 548 3293 604 haec
3323 545 3614 603 oblatione

1959 638 2250 707 mundati,
2313 656 2622 695 sumamus
2673 644 2731 695 et
2788 638 3138 711 deprecandi
3198 636 3495 702 fiduciam,
3555 638 3615 691 et

1958 727 2231 799 gratiam,
2262 745 2389 800 quis
2429 729 2730 802 justa(Al.
2790 727 2963 801 bona)
3021 730 3183 795 sunt,
3232 722 3608 799 impetrandi.

1959 820 2090 885 Per,
2121 822 2229 873 etc.

2599 982 2660 1036 In
2716 980 2947 1047 ieiunio.

2030 1124 2177 1179 Vere
2208 1122 2475 1196 dignum.
2508 1124 2814 1195 Tantoque
2854 1122 3204 1195 propensius
3234 1135 3426 1193 agere,
3456 1119 3613 1192 quod

1962 1229 2064 1285 pro
2096 1218 2295 1268 nostro
2320 1212 2555 1268 modulo
2578 1213 2824 1267 nitimur
2844 1212 3093 1284 operari,
3127 1214 3348 1283 quanto
3367 1207 3615 1280 jejuniis

1963 1308 2019 1357 et
2050 1301 2413 1357 orationibus
2440 1303 2516 1374 (d)
2540 1319 2848 1374 speramus
2868 1299 3148 1372 consequi
3171 1316 3278 1354 nos
3292 1313 3462 1370 posse
3484 1310 3614 1368 quae

1963 1392 2286 1463 poscimus;
2322 1392 2645 1464 praesertim
2679 1393 2820 1445 dum
2852 1390 3246 1463 praestiterum
3280 1385 3612 1444 testiﬁcatio

1962 1497 2127 1553 spem
2163 1481 2383 1536 tribuat
2411 1483 2820 1553 petendorum.
2858 1482 2977 1550 Per,
3013 1485 3125 1535 etc.

2032 1570 2277 1626 Domine
2294 1575 2447 1627 Deus
2480 1575 2697 1636 noster,
2717 1570 2817 1643 qui
2850 1569 3130 1625 salutaria
3155 1571 3211 1623 et
3231 1565 3512 1639 prtsvides
3528 1580 3619 1621 so-

1960 1657 2054 1714 lus
2087 1664 2143 1715 et
2164 1660 2400 1731 tribuis,
2432 1664 2517 1730 tu,
2552 1676 2914 1732 quaesumus,
2949 1663 3007 1715 et
3060 1657 3358 1713 mentibus
3390 1653 3613 1711 nostris

1959 1748 2173 1819 largire
2194 1765 2426 1822 semper
2442 1750 2512 1821 (θ)
2527 1750 2797 1804 affectum
2817 1753 2979 1803 tuam
3003 1743 3468 1803 misericOrdiam
3485 1758 3615 1814 pos-

1880 1835 1928 1900 B
1958 1837 2206 1905 tulandi,
2239 1844 2297 1894 et
2321 1856 2451 1911 qua
2482 1838 2649 1895 nobis
2674 1842 2814 1895 sunt
2839 1837 3027 1906 utilia,
3051 1836 3315 1908 placatus
3343 1832 3609 1889 intende.

1961 1927 2088 1999 Per,
2110 1932 2223 1985 etc.

2033 2018 2314 2073 Exaudiat
2342 2034 2443 2073 vos
2493 2017 2777 2073 Dominus
2815 2017 2973 2073 Deus
3000 2019 3219 2081 noster,
3252 2016 3310 2069 et
3367 2028 3472 2084 pro
3504 2027 3615 2067 sua

1961 2123 2255 2179 quemque
2277 2107 2621 2163 necessitate
2648 2107 3001 2162 clamantem
3020 2104 3311 2177 benignus
3343 2099 3609 2172 aspiciat;

1960 2197 2170 2253 solatia
2219 2198 2503 2270 pmpitius
2549 2198 2938 2263 administrat,
2972 2213 3100 2268 quas
3133 2195 3393 2250 humana
3423 2190 3614 2264 poscit

1958 2286 2295 2354 inﬁrmitas;
2313 2292 2549 2359 peccata
2570 2304 2697 2358 qua
2708 2289 3094 2342 adversantur
3105 2286 3345 2349 avertat;
3366 2280 3614 2354 pariter-

1959 2392 2071 2447 que
2092 2376 2438 2447 corporibus
2460 2376 2669 2432 vestris
2690 2381 2747 2432 et
2776 2376 3076 2432 mentibus
3097 2389 3331 2446 semper
3350 2369 3618 2444 profutu-

1958 2481 2022 2520 ra
2053 2465 2352 2519 concedat.
2377 2469 2499 2533 Per,
2533 2469 2641 2520 etc.

2028 2552 2262 2610 XXXVI.
2296 2555 2432 2610 Item
2462 2554 2601 2609 alia.
2634 2585 2703 2595 —
2739 2553 2982 2609 Domine
3016 2554 3169 2610 Deus
3198 2558 3417 2625 noster,
3452 2571 3610 2626 ques-

1956 2659 2185 2709 sumus,
2238 2642 2488 2698 concede
2542 2642 2832 2715 propitius
2865 2647 2928 2699 ut
2956 2642 3214 2698 Ecclesia
3244 2647 3345 2699 tua
3388 2643 3612 2715 jugiter

1955 2736 2013 2788 et
2038 2730 2315 2803 religione
2345 2738 2569 2788 crescat
2597 2738 2654 2787 et
2684 2750 2842 2805 pace.
2881 2734 3001 2800 Per,
3037 2737 3148 2788 etc.

2030 2823 2129 2876 74
2154 2820 2434 2877 Conciliat
2459 2821 2627 2878 nobis
2649 2821 3112 2878 misericordiam
3135 2826 3316 2890 tuam,
3337 2819 3603 2889 Domine,

1956 2928 2175 2967 munus
2207 2911 2490 2983 oblatum,
2515 2916 2845 2984 nostra:tu
2876 2911 3053 2968 simul
3084 2911 3431 2984 protectioni
3463 2926 3601 2983 pro-

1956 3000 2114 3056 ﬁciat
2142 3005 2200 3056 et
2230 3000 2425 3057 saluti.
2460 3006 2585 3071 Per,
2617 3007 2729 3057 etc.

2026 3091 2092 3162 (Γ)
2112 3094 2256 3145 Vere
2276 3091 2541 3164 dignum.
2562 3091 2669 3157 Qui
2688 3108 2801 3147 non
2816 3091 3007 3148 solum
3036 3090 3418 3164 peccantibus
3430 3089 3603 3147 nobis

206 3181 470 3236 sacriﬁcii
503 3182 844 3253 singularis,
877 3189 934 3239 et
962 3183 1202 3241 abolitio
1233 3191 1625 3257 peccatorum,
1660 3192 1716 3244 et
1744 3193 1846 3245 tua
1878 3208 1921 3276 ρ
1957 3181 2190 3276 νςηίθῐῐι
2220 3180 2573 3248 tribUiS.88d
2593 3181 2876 3276 Postibus
2908 3181 3124 3276 matris
3155 3186 3426 3253 potenter
3451 3180 3607 3236 Obsi-

208 3272 361 3325 nobis
395 3271 790 3327 sanctiﬁcatio
843 3273 1189 3344 praebeatur.
1224 3279 1350 3341 Per,
1385 3280 1494 3331 etc.

266 3360 332 3429 (c)
348 3359 499 3414 Vere
513 3360 898 3431 dignum.Qui
916 3362 1312 3420 ineffabilibus
1328 3366 1515 3421 modis
1536 3366 1729 3422 hostes
1745 3383 1851 3422 no-

211 3454 351 3503 stros
382 3450 567 3503 etiam
592 3450 651 3503 in
676 3455 838 3505 tuam
865 3454 1082 3523 pateris
1106 3454 1523 3511 contumeliam
1558 3455 1849 3527 prosilire,

212 3544 265 3590 ut
293 3538 433 3609 quia
466 3555 575 3593 nos
595 3539 667 3593 de
689 3556 893 3595 eorum
930 3542 1026 3596 7³
1060 3542 1279 3597 εωνίῐὶα
1299 3544 1586 3599 vindicari
1621 3562 1723 3617 pro
1748 3562 1849 3600 no-

210 3627 335 3682 stris
366 3628 606 3683 actibus
643 3645 754 3684 non
790 3645 1106 3698 meremur,
1142 3632 1282 3687 dum
1316 3634 1384 3687 ad
1421 3634 1702 3690 ultionem
1735 3640 1849 3690 tua:

210 3716 552 3788 rediguntur
575 3717 831 3787 injuria,
848 3720 1016 3775 nobis
1038 3720 1470 3793 licetimprobis
1484 3724 1846 3793 consulatur;

212 3808 260 3858 te
283 3806 498 3876 pariter
528 3807 904 3877 admonente,
937 3826 1071 3865 cum
1121 3812 1525 3881 peccatoribus
1558 3814 1671 3869 ista
1710 3832 1853 3885 pran-

215 3898 451 3959 stentur,
472 3900 699 3967 quanta
720 3896 911 3968 possis
939 3899 1272 3955 ministrare
1294 3901 1589 3957 correctis.
1624 3903 1750 3973 Per,
1764 3910 1854 3959 etc

1960 3268 2089 3337 stis;
2122 3273 2178 3323 et
2204 3286 2352 3340 quos
2384 3271 2628 3341 perpeti,
2653 3270 2822 3326 malis
2853 3271 3147 3342 operibus,
3182 3285 3607 3341 promeremur,

1962 3358 2271 3428 magniﬁca
2293 3358 2503 3429 pietate
2525 3359 2788 3429 depellis,
2822 3366 2887 3415 ut
2909 3377 3015 3416 nos
3040 3361 3110 3414 ad
3130 3364 3245 3415 tua:
3276 3360 3613 3416 reverentia

1961 3446 2183 3502 cultum
2201 3450 2259 3501 et
2285 3451 2504 3503 terrore
2530 3464 2703 3519 cogas
2725 3454 2781 3503 et
2805 3466 3001 3503 amore
3023 3452 3327 3520 perducas.
3348 3454 3475 3518 Per,
3499 3452 3612 3503 etc.

2030 3536 2109 3608 (g)
2140 3536 2366 3605 Tantis,
2399 3537 2875 3609 Domine,repleti
2899 3537 3262 3605 muneribus,
3295 3542 3361 3593 ut
3394 3536 3615 3592 saluta-

1960 3625 2047 3680 ria
2074 3642 2308 3697 semper
2337 3627 2492 3681 dona
2520 3626 2847 3698 capiamus,
2890 3631 3123 3699 praesta,
3156 3640 3518 3699 quaesumus,
3552 3624 3619 3682 ut

1962 3733 1996 3771 a
2026 3720 2124 3770 tua
2156 3732 2478 3785 numquam
2512 3716 2684 3771 laude
2715 3732 3035 3773 cessemus.
3071 3721 3199 3783 Per,
3232 3722 3347 3776 etc.

2035 3805 2289 3876 Porrigo,
2323 3822 2685 3876 quaesumus,
2738 3807 3059 3875 dexteram,
3093 3806 3355 3878 Domine,
3399 3805 3613 3878 popqu

1963 3893 2322 3965 deprecanti;
2347 3899 2403 3949 et
2424 3895 2517 3950 cui
2540 3894 2751 3950 tribuis
2772 3895 3145 3967 supplicandi
3169 3896 3458 3969 benignus
3483 3894 3617 3950 affe-

272 3984 394 4038 Tua
428 4000 554 4049 nos,
592 4001 955 4055 quaesumus,
982 3989 1245 4056 Domine,
1271 3990 1568 4046 miseratio
1600 3992 1849 4063 gloriosa

1983 3998 2113 4053 .um,
2147 3984 2336 4053 praebe
2370 3982 2634 4055 placatus
2663 3984 2970 4052 auxilium;
2992 3990 3056 4040 ut
3086 3989 3143 4040 te
3166 3985 3407 4040 ductore
3432 3983 3613 4040 confl-

215 4071 492 4142 puriﬁcet,
526 4077 585 4128 et
618 4074 849 4145 dignos,
884 4076 1099 4148 quibus
1132 4095 1241 4133 sua
1290 4079 1571 4135 beneficia
1602 4087 1854 4153 praestet,

215 4160 437 4217 efficiat.
472 4162 601 4230 Per,
636 4167 745 4218 etc.

274 4250 530 4307 Fidelem
561 4252 871 4323 populum,
898 4272 1267 4327 quaesumus,
1296 4257 1562 4327 Domine,
1587 4258 1857 4330 potentia

209 4342 313 4395 tua
345 4341 580 4396 muniat
609 4341 828 4397 invicta
859 4344 1146 4414 defensio,
1180 4351 1569 4417 sanctumque
1601 4347 1713 4403 sibi
1746 4364 1859 4402 cce-

207 4423 336 4484 lesti
367 4429 814 4501 dispensatione
841 4434 1153 4506 percipiat;
1182 4440 1245 4490 ut
1269 4434 1360 4506 pio
1386 4435 1491 4489 tibi
1507 4451 1627 4491 sem
1640 4452 1740 4507 per
1761 4438 1862 4493 de-

205 4522 372 4574 votus
403 4519 637 4590 affectu,
668 4525 726 4575 et
755 4522 827 4577 ab
850 4521 1080 4579 infestis
1104 4523 1382 4580 liberetur
1412 4524 1691 4593 inimicis,
1722 4530 1779 4582 et
1799 4527 1856 4582 in

207 4612 308 4662 tua
329 4608 557 4681 jugiter
586 4610 775 4681 gratia
807 4618 1153 4682 perseveret.
1190 4618 1317 4681 Per,
1349 4619 1457 4670 etc.

273 4697 493 4753 XXXV.
512 4700 652 4754 Item
683 4700 831 4757 alia.
851 4733 915 4742 —
940 4703 1321 4775 Supplicandi
1340 4702 1467 4772 tibi,
1491 4720 1852 4775 quassumus,

1966 4072 2132 4138 dens,
2168 4076 2225 4127 et
2248 4072 2403 4128 mala
2432 4078 2647 4128 cuncta
2676 4073 2951 4143 declinet,
2985 4078 3041 4130 et
3070 4074 3271 4131 omnia
3301 4090 3431 4145 quas
3462 4073 3620 4129 bona

1968 4166 2109 4215 sunt
2139 4160 2555 4231 apprehendat.
2590 4162 2715 4228 Per,
2747 4167 2855 4218 etc.

2040 4249 2308 4304 XXXVII.
2358 4251 2493 4305 Item
2532 4250 2664 4306 alia.
2697 4283 2766 4292 -——
2823 4252 3205 4324 Omnipotens
3262 4252 3623 4323 sempiterno-

1970 4338 2145 4406 Deus,
2182 4336 2447 4394 Ecclesia:
2480 4345 2588 4395 tuae
2620 4341 2870 4396 concede
2894 4342 3184 4413 propitius
3216 4346 3281 4397 ut
3299 4341 3617 4398 mortiferis

1971 4429 2076 4498 (Αι.
2101 4428 2179 4499 (h)
2202 4427 2525 4501 sacrilegis)
2554 4430 3043 4488 oblectationibus
3076 4431 3416 4504 amputatis,
3447 4437 3616 4486 aiter-

1974 4516 2173 4573 uitatis
2203 4522 2314 4573 tute
2347 4520 2541 4591 potius
2564 4519 2943 4577 delectatione
2972 4520 3218 4577 laetetur.
3254 4522 3381 4589 Per,
3411 4524 3521 4575 etc.

1887 4590 1951 4655 Di
2037 4590 2557 4677 Auxiliarenobis,
2592 4608 2923 4666 misericors
2959 4612 3129 4679 Deus,
3178 4614 3234 4665 et
3277 4613 3342 4664 ut
3370 4610 3619 4665 cunctos

1964 4696 2162 4753 hostes
2194 4714 2526 4769 expugnare
2548 4700 2866 4770 possimus,
2901 4704 3130 4772 praesta,
3164 4714 3523 4771 quaeramus,
3548 4701 3613 4754 ut

202 4788 469 4855 Domine,
504 4788 578 4844 da
611 4789 779 4846 nobis
812 4790 938 4846 sine
975 4793 1303 4849 cessatione
1342 4793 1752 4863 constantiam,
1788 4800 1854 4851 ut
1965 4791 2197 4842 ηοδῐτοε
2218 4786 2523 4843 Vincamus
2553 4805 2799 4844 errores.
2832 4790 2955 4845 Per-
2988 4794 3097 4844 etc-

202 4890 349 4945 qnos
370 4892 487 4931 non
511 4876 736 4934 deseris
754 4879 813 4934 in
830 4880 1170 4937 triblatione
1202 4882 1519 4953 subjectos,
1553 4882 1851 4955 copiosius

266 5029 342 5098 (a)
367 5029 526 5109 god"
544 5027 1063 5109 ﬁdeliumtuorum.
1087 5034 1174 5109 Fur
1187 5038 1458 5109 contextu
1474 5040 1669 5109 autem
1690 5040 1852 5109 patet

199 5097 512 5228 lemgziiedum
544 5097 746 5171 ﬁdeles
800 5108 944 5173 tuos,
974 5105 1061 5162 vel
1110 5106 1446 5164 addendum
1504 5097 1709 5177 corda;
1748 5114 1851 5166 aut

267 5246 351 5327 (ὁ).
375 5246 675 5327 Invenitur
704 5247 763 5302 in
814 5248 983 5306 codd.
1018 5249 1322 5307 Muratcrii
1373 5252 1525 5307 inter
1556 5252 1848 5311 orationes

204 5317 589 5383 quotidianae.

264 5390 328 5456 fc)
360 5389 509 5443 Nota
567 5389 948 5460 marginalia:
980 5397 1062 5449 De
1115 5395 1450 5451 contumelia
1479 5395 1695 5464 hostili,
1727 5412 1846 5469 quae

204 5457 261 5511 ad
286 5463 681 5517 correctionem
710 5462 964 5531 ﬁdelium
990 5472 1223 5523 constat.

286 5478 681 5517 correczzonem
712 5478 964 5523 naetzum
990 5478 1223 5523 σοηιςτιιι.

265 5533 336 5603 (d)
364 5533 532 5603 Cod.,
564 5535 879 5601 erpicmur.

285 5606 329 5673 ε)
363 5606 475 5678 Cod
488 5647 526 5674 .,
562 5606 845 5678 effectum.

281 5679 326 5745 Ι)
356 5677 595 5737 Notatio
626 5678 691 5735 in
724 5694 912 5751 marg.
936 5680 1091 5752 cod.,
1114 5679 1285 5738 Omne
1304 5680 1603 5739 adversum
1630 5681 1840 5739 ad.cor-

2032 4874 2283 4947 Repelle,
2316 4875 2581 4946 Domine,
2626 4892 2986 4948 quaesumus,
3019 4894 3053 4934 a
3083 4877 3253 4935 nobis
3291 4876 3610 4953 sacrilegas

1958 5028 2257 5085 rectionem
2274 5032 2531 5100 pertinet.

2035 5101 2291 5172 (g)Estin
2312 5118 2454 5157 mss.
2470 5102 3037 5173 Gregor.Muratorii,
3052 5103 3179 5160 etin
3199 5103 3605 5163 MissaliRom.

1958 5171 2261 5227 Dominica
2292 5174 2482 5243 prima
2511 5178 2645 5244 post
2666 5171 3068 5232 Pentecosten.

2028 5252 2105 5325 (h)
2128 5253 2421 5327 Sacrilegis
2444 5253 2675 5309 varians
2700 5254 2871 5311 lectio
2896 5256 3083 5327 prima
3105 5273 3282 5312 manu
3307 5255 3486 5311 textui
3517 5255 3605 5327 in-

1955 5329 2143 5400 serta;
2174 5326 2441 5400 secunda
2463 5342 2595 5400 vero
2624 5326 2959 5399 sacrilegiis,
2989 5346 3116 5400 quae
3146 5332 3235 5384 est
3262 5329 3493 5400 varians
3524 5326 3606 5382 le-

1955 5396 2067 5451 ctio
2097 5397 2444 5453 substantivi
2504 5396 2973 5455 oblectationibus.
3006 5396 3138 5455 Hinc
3168 5400 3341 5455 Missa
3374 5398 3605 5454 videtur

1954 5484 2083 5542 esse
2112 5476 2313 5542 contra
2341 5471 2694 5541 spectacula.
2729 5478 2793 5526 ut
2814 5474 3069 5527 innuunt
3092 5472 3190 5526 illa
3210 5471 3597 5542 praefationis:

1950 5540 2091 5595 Dum
2113 5541 2319 5597 scilicet
2366 5540 2608 5613 aguntur
2659 5545 2920 5611 crimina,
2955 5545 3035 5600 vel
3062 5540 3358 5599 canuntur.
3391 5544 3592 5601 Conci-

1950 5617 2244 5685 nuntquts
2275 5618 2331 5669 Β.
2365 5619 2473 5671 Leo
2505 5615 2743 5672 disserit
2791 5634 2969 5673 serm.
2992 5616 3082 5683 84,
3115 5632 3241 5686 cap.
3276 5616 3327 5672 1.
