4120 6236
383 367 464 429 83
1395 367 1654 430 OPERA
1700 366 1764 426 S.
1811 355 2045 425 LEONI
2089 363 2364 425 MAGNO
2408 364 2892 427 ATTRIBUTA.
3725 364 3804 424 84

379 498 732 569 voluntates,
761 503 818 554 et
847 499 1044 555 tribue
1070 503 1134 555 ut
1171 498 1365 554 divina
1387 500 1493 571 (Al.
1527 498 1718 568 beata)
1748 495 2026 569 mysteria
2055 494 2112 562 Α
2144 510 2259 565 que
2288 494 2433 551 salvi
2465 497 2536 550 de
2589 496 2838 551 coelestia
2895 495 3138 551 remedii
3195 494 3562 568 plenitudine
3593 493 3802 566 glorie-

383 588 564 645 castis
586 588 1063 660 jucunditatihus
1095 588 1478 644 celebremus.
1513 587 1638 654 Per,
1681 593 1790 642 etc.

455 677 535 749 (a)
550 681 697 734 Vere
724 677 988 750 dignum.
1014 677 1365 749 Suppliciter
1387 681 1885 741 exorantes,utom
1898 674 1987 730 nis
2003 691 2036 730 a

387 771 586 822 nostro
600 766 861 823 discedat
877 767 1048 822 corde
1073 766 1417 838 profanitas,
1433 772 1488 822 et
1504 766 1658 838 quod
1679 764 2037 837 professione

385 855 746 926 respuimus,
778 856 1004 910 actione
1031 855 1286 911 vitemus
1313 872 1325 910 :
1361 855 1499 926 quia
1544 854 1723 910 nimis
1754 859 1844 910 est
1871 869 2038 908 exse-

387 943 698 1011 crandum,
728 948 794 997 ut
814 960 945 998 cum
979 960 1143 999 vante
1166 943 1604 1016 superstitionis
1628 945 1786 1014 ipsos
1806 958 2040 1014 quoque

386 1032 698 1088 removeris
727 1035 1070 1097 sectatores,
1109 1049 1142 1087 a
1171 1032 1442 1088 ﬁdelibus
1473 1033 1590 1088 tuis
1621 1030 1911 1087 diabolica
1937 1030 2041 1101 fig-

385 1126 584 1176 menta
605 1125 966 1177 tractentur:
1018 1122 1094 1192 (ὁ)
1126 1122 1264 1193 quia
1294 1121 1404 1176 hoc
1445 1123 1574 1193 ipso
1606 1121 1767 1193 pravi
1801 1121 2044 1192 spiritus

384 1214 676 1266 sectatores
708 1228 821 1266 non
858 1211 1104 1266 dubium
1125 1215 1236 1279 est,
1270 1213 1424 1283 quod
1452 1211 1622 1267 factis
1647 1213 1971 1283 probantur
1990 1212 2048 1264 et

388 1300 584 1370 dictis,
618 1299 810 1356 labem
862 1301 1126 1356 moribus
1172 1302 1451 1374 irrogare,
1511 1302 1653 1356 dum
1706 1301 1927 1356 scilicet
1957 1289 2051 1354 vel

388 1397 645 1461 aguntur
666 1390 934 1461 crimina,
959 1390 1045 1445 vel
1069 1394 1380 1445 canuntur.
1400 1390 1845 1462 Promptiusque
1867 1390 2042 1445 debe-

390 1493 545 1548 mus,
572 1477 729 1534 omni
754 1478 869 1533 ritu
894 1479 1178 1550 pestifera
1199 1480 1504 1535 vetustatis
1529 1478 1766 1544 abolito,
1789 1477 2042 1534 caelestis

388 1567 519 1622 vita
539 1566 790 1623 novitate
811 1569 1064 1640 gaudere
1080 1585 1093 1624 :
1109 1568 1247 1642 quia
1269 1573 1410 1624 tunc
1434 1568 1769 1641 propitiatio
1788 1583 2044 1640 superna

391 1673 506 1712 non
541 1657 748 1723 deerit,
781 1657 852 1728 si,
903 1660 1129 1714 cunctis
1159 1658 1696 1714 abominationibus
1733 1656 2041 1726 abdicatis,

388 1745 463 1800 ad
494 1761 639 1801 veras
687 1745 1021 1802 Divinitatis
1073 1746 1352 1802 salutaria
1396 1747 1672 1803 mandata
1717 1750 2039 1814 currentes,

393 1833 598 1890 laudes
627 1835 753 1906 ejus
784 1840 990 1891 sancta
1017 1853 1155 1892 voce
1177 1841 1502 1892 cantemus.
1537 1837 1664 1904 Per,
1689 1842 1799 1891 etc.

466 1923 741 1980 Laetiticet
771 1941 897 1990 nos,
957 1941 1317 1995 quaesumus,
1352 1926 1617 1992 Domine,
1677 1923 2040 1980 Sacramenti

389 2012 719 2068 veneranda
742 2012 1109 2084 solemnitas,
1167 2014 1503 2086 pariterque
1534 2017 1761 2070 mentes
1809 2018 2039 2069 nostras

390 2105 448 2158 et
472 2119 720 2174 corpora
751 2107 808 2158 et
837 2102 1086 2174 spiritali
1118 2103 1579 2159 sanctificatione
1613 2103 1706 2160 75
1741 2103 2034 2170 fecundet,

387 2196 446 2247 et
474 2192 655 2248 castis
692 2192 925 2264 gaudiis
956 2209 1188 2265 semper
1217 2198 1497 2249 exerceat.
1531 2194 1657 2259 Per,
1681 2198 1790 2249 etc.

459 2281 724 2349 Purifica,
758 2281 1024 2347 Domine,
1056 2299 1420 2354 quaesumus,
1447 2282 1730 2338 familiam
1762 2287 1946 2349 tuam,
1979 2286 2036 2337 et

379 2371 453 2426 ab
483 2372 760 2427 omnibus
794 2371 1083 2444 contagiis
1115 2371 1420 2443 pravitatis
1451 2373 1728 2428 emunda.
1760 2371 1828 2444 (ο)
1858 2371 2033 2438 [Tuis

378 2459 549 2516 donis
571 2459 884 2531 exsultent,
917 2465 972 2515 te
1002 2477 1236 2533 semper
1268 2460 1486 2532 ubique
1515 2460 1877 2516 collaudent:
1920 2463 1938 2532 j
1971 2464 2035 2515 ut

379 2549 682 2622 redempta
711 2566 852 2606 vasa
895 2567 1003 2606 sua
1036 2550 1269 2605 Domini
1311 2551 1582 2622 passione
1613 2567 1728 2607 non
1787 2550 2033 2626 spiritus

376 2637 670 2695 immundi
704 2655 910 2695 rursus
941 2639 1229 2706 inﬁciant,
1263 2641 1363 2695 sed
1396 2639 1640 2696 salvatio
1671 2641 2033 2712 sempiterna

380 2727 699 2800 possideat.
734 2727 858 2796 Per,
884 2731 993 2783 etc.

443 2816 742 2873 XXXVIII.
764 2821 904 2873 [tem
922 2818 1058 2874 alia.
1081 2848 1148 2857 —
1167 2817 1247 2889 (ιι)
1269 2817 1655 2888 Omnipotens
1677 2817 2033 2890 sempiterna

375 2911 550 2973 Deus,
583 2907 656 2962 ab
690 2905 950 2962 hostium
983 2922 1090 2960 nos
1133 2905 1379 2961 defende
1412 2906 1744 2972 formidine,
1776 2911 1840 2960 ut
1871 2906 2031 2963 omni

375 2994 814 3069 perturbatione
831 2995 1126 3065 submota,
1158 2993 1356 3052 liberis
1373 2995 1479 3051 tibi
1500 2996 1797 3052 mentibus
1819 2995 2031 3052 servia-

382 3101 534 3140 mus.
569 3085 692 3153 Per,
723 3087 832 3140 etc.

458 3172 699 3242 Praesta,
751 3188 1116 3244 quasumus,
1156 3171 1403 3228 Domine
1449 3173 1603 3229 Deus
1644 3178 1863 3242 noster,
1889 3178 1953 3229 ut
1976 3179 2033 3230 et

2147 600 2296 639 mur.
2331 585 2460 651 Per,
2488 590 2597 640 etc.

2217 674 2480 744 Etl‘unde,
2505 691 2867 745 quaesumus,
2891 674 3157 736 Domine,
3181 673 3462 745 Spiritum
3479 674 3677 745 gratiae
3709 690 3805 729 su-

2148 779 2250 834 per
2303 762 2583 818 familiam
2618 768 2803 829 tuam,
2837 769 2896 818 et
2950 764 3022 818 ab
3051 779 3119 818 ea
3166 762 3450 834 quidquid
3501 762 3803 818 diabolica)

2150 851 2373 907 fraudis
2404 851 2627 922 irrepit,
2652 852 2937 923 quidquid
2967 857 3207 908 terrenas
3238 851 3386 906 labis
3408 850 3673 919 incurrit,
3705 868 3802 907 ex-

2151 939 2319 1013 pelle;
2337 945 2399 996 ut
2419 941 2668 997 interius
2691 942 3063 1013 exteriusque
3086 941 3370 995 mundata
3393 944 3452 994 et
3476 956 3681 1011 puram
3697 939 3807 995 tibi

2152 1029 2516 1085 devotionem
2553 1045 2787 1102 semper
2817 1029 3107 1099 exhibeat,
3141 1035 3198 1084 et
3229 1027 3460 1084 facilius
3494 1028 3680 1100 possit
3713 1045 3805 1083 as-

2155 1120 2322 1191 sequi
2354 1121 2508 1191 quod
2539 1119 2965 1176 rationabiliter
2997 1125 3049 1175 et
3084 1120 3495 1176 convenienter
3525 1118 3806 1191 exposcit.

2155 1211 2282 1275 Per,
2315 1216 2426 1265 etc.

2225 1299 2464 1354 XXXIX.
2489 1301 2616 1354 Item
2645 1300 2779 1355 alia.
2813 1331 2876 1340 —
2899 1303 3126 1364 Annus,
3155 1315 3513 1371 quaesumus,
3542 1298 3805 1368 omnipo-

2154 1391 2285 1443 tens
2317 1393 2490 1459 Deus,
2532 1396 2596 1443 ut
2624 1393 3127 1444 sacramentorum
3170 1393 3406 1444 tuorum
3439 1393 3603 1460 gesta
3646 1403 3809 1443 reco-

2150 1481 2361 1544 lentes,
2392 1481 2449 1530 et
2478 1476 2786 1548 temporali
2845 1477 3164 1533 securitate
3212 1476 3558 1543 relevemur,
3585 1482 3643 1532 et
3671 1493 3808 1532 eru-

2150 1566 2385 1619 diamur
2412 1564 2701 1637 legalibus
2745 1565 3056 1622 institutis.
3101 1566 3224 1631 Per,
3258 1571 3367 1622 etc.

2225 1655 2321 1709 76
2355 1653 2425 1726 (g)
2454 1659 2532 1709 Da
2549 1653 2738 1723 nobis,
2763 1654 3030 1725 Domine,
3050 1656 3201 1710 Deus
3225 1660 3441 1720 noster,
3467 1658 3533 1709 ut
3561 1659 3617 1710 et
3640 1671 3811 1708 mun-

2150 1744 2206 1798 di
2237 1759 2448 1799 cursus
2471 1744 2708 1815 pacifice
2739 1744 2908 1799 nobis
2930 1749 3030 1800 tuo
3054 1744 3256 1799 ordine
3281 1743 3586 1814 dirigatur,
3621 1748 3678 1799 et
3709 1743 3811 1798 Eo-

2149 1833 2329 1889 clesia
2371 1838 2475 1888 tua
2529 1831 2853 1903 tranquilla
2909 1833 3212 1888 devotione
3253 1832 3498 1888 laetetur.
3535 1833 3660 1900 Per,
3694 1838 3808 1887 etc.

2219 1923 2298 1996 (ὴ)
2322 1923 2565 1994 Protege
2598 1939 2725 1987 nos,
2755 1921 3016 1990 Domine,
3042 1937 3407 1992 quaesumus,
3435 1920 3554 1976 tuis
3587 1925 3805 1992 myste-

2149 2015 2252 2070 riis
2282 2015 2618 2084 servientes,
2653 2017 2716 2067 ut
2747 2012 2962 2067 divinis
2991 2014 3166 2068 rebus
3198 2018 3256 2068 et
3285 2029 3523 2084 corpore
3555 2011 3798 2067 famule-

2149 2120 2281 2159 mur
2309 2108 2365 2158 et
2387 2107 2599 2158 ments.
2629 2103 2754 2172 Per,
2779 2106 2888 2156 etc.

2215 2198 2280 2270 (ἰ)
2313 2197 2457 2252 Vere
2489 2196 2755 2268 dignum.
2789 2195 2895 2260 Qui
2949 2194 3258 2267 profutura
3285 2193 3404 2248 tuis
3436 2199 3493 2248 et
3536 2192 3804 2249 facienda

2144 2286 2432 2358 provides,
2453 2290 2510 2340 et
2538 2287 2687 2340 facta
2712 2284 3044 2357 dispensas,
3071 2283 3357 2355 mirisque
3389 2283 3579 2338 modis
3611 2281 3803 2338 Eccle-

2143 2375 2241 2432 siae
2272 2380 2383 2430 tuae.
2413 2372 2813 2447 gubernacula
2861 2373 3205 2442 moderaris,
3239 2380 3302 2426 ut
3333 2381 3666 2427 exerceatur
3695 2371 3801 2427 ad-

2147 2465 2417 2534 versis,et
2439 2463 2736 2536 prosperis
2759 2462 3128 2518 sublevetur:
3148 2479 3217 2517 ne
3233 2461 3320 2516 vel
3363 2461 3805 2533 impugnatione

2143 2554 2513 2621 succumbat,
2566 2552 2652 2607 vel
2708 2550 3018 2607 securitate
3067 2555 3382 2623 torpescat,
3415 2550 3514 2605 sed
3573 2548 3806 2604 subdito

2142 2643 2249 2698 tibi
2273 2659 2506 2714 semper
2548 2642 2778 2708 affectu,
2805 2657 2910 2695 nec
2944 2641 3002 2694 in
3055 2639 3433 2695 tribulatione
3474 2637 3806 2710 supplicare

2142 2731 2397 2797 deﬁciat,
2432 2745 2534 2785 nec
2590 2729 2743 2784 inter
2793 2727 3007 2800 gaudia
3037 2727 3258 2799 gratias
3289 2726 3502 2782 referre
3533 2725 3804 2780 desistat.

2142 2821 2270 2890 Per,
2301 2824 2416 2874 etc.

2215 2910 2280 2982 (j)
2305 2907 2529 2980 Repleti
2582 2923 2814 2975 sumus,
2846 2905 3112 2972 Domine,
3147 2904 3493 2961 muneribus
3525 2905 3664 2971 tuis;
3697 2902 3806 2957 tri-

2143 3001 2256 3055 bue
2281 3013 2646 3069 quaesumus,
2671 2999 2731 3050 ut
2753 3001 2809 3051 et
2839 3011 3040 3050 eorum
3065 2995 3458 3050 emundemur
3485 2993 3716 3059 effectu,
3749 2995 3808 3046 et

2144 3087 2488 3144 muniamur
2517 3085 2754 3142 auxilio.
2785 3083 2913 3153 Per,
2945 3088 3055 3139 etc.

2214 3177 2518 3241 Adveniet,
2549 3191 2916 3247 quaesumus,
2953 3172 3213 3243 Domine,
3249 3171 3652 3228 misericordia
3671 3187 3807 3242 spe-

375 3262 532 3318 inter
561 3260 854 3333 quaslibet
882 3261 1189 3333 angustias
1221 3262 1522 3318 constituti
1556 3281 1669 3318 non
1693 3264 2033 3321 desinamus
2063 3244 2106 3312 (ἶ
2145 3273 2271 3324 rata
2314 3244 2699 3338 supplicibus,
2737 3268 2794 3319 et
2848 3262 3058 3318 iisdem
3118 3261 3371 3318 caelestis
3403 3260 3812 3317 muniﬁcentia

384 3355 489 3408 tuo
514 3350 740 3406 nomini
770 3350 1122 3424 supplicare,
1147 3355 1205 3406 et
1225 3367 1358 3406 cum
1383 3352 1714 3423 propitiatio
1741 3354 1910 3410 nobis
1929 3371 2033 3410 coe-

375 3439 541 3497 lestis
563 3439 942 3512 impenditur,
968 3457 1002 3496 a
1031 3444 1134 3496 tua
1159 3457 1486 3512 numquam
1509 3441 1681 3497 laude
1705 3458 2028 3499 cessemus.

378 3529 504 3600 Per,
537 3535 647 3587 etc.

450 3619 707 3675 Placatio
729 3623 832 3676 tua
863 3618 1057 3685 nobis,
1084 3619 1345 3689 Domine,
1378 3619 1452 3674 sit
1478 3619 1830 3692 propinqua,
1855 3638 2031 3692 quam

384 3709 494 3765 etsi
535 3708 752 3764 nostris
799 3708 1076 3779 operibus
1111 3724 1228 3763 non
1265 3723 1578 3778 meremur,
1613 3710 2035 3766 interveniente

385 3797 675 3853 sacriﬁcio
705 3795 1012 3868 singulari,
1051 3799 1152 3850 tua
1209 3795 1606 3868 percipiamus
1665 3798 2039 3855 miseratione

387 3884 686 3958 preventi.
719 3888 848 3949 Per,
879 3887 989 3938 etc.

456 3974 526 4047 (e)
556 3972 703 4029 Vere
732 3972 1101 4045 dignum.Tu
1131 3972 1287 4028 enim
1324 3988 1430 4028 nos
1455 3990 1557 4045 per
1577 3974 1920 4047 evangelica
1953 3993 2042 4032 re-

386 4062 626 4120 lationis
655 4060 1008 4134 exemplum,
1043 4061 1200 4132 quod
1234 4061 1462 4117 meritis
1493 4080 1607 4119 non
1639 4064 1921 4133 valemus,
1949 4067 2044 4137 ja-

386 4166 566 4206 nuam
590 4148 1004 4205 misericordia
1019 4152 1134 4203 tua!
1158 4147 1447 4220 pulsando
1469 4151 2049 4225 diutius,impetrare

383 4254 557 4312 posse
588 4236 861 4304 docuisti;
893 4240 1070 4308 atque
1117 4236 1246 4291 ideo
1286 4238 1586 4309 supplices
1646 4244 1701 4295 te
1748 4258 2056 4315 rogamus,

388 4332 453 4383 ut
489 4332 545 4383 et
573 4326 1066 4399 perseverantiam
1099 4325 1268 4380 nobis
1323 4327 1551 4383 tribuas
1589 4329 1978 4401 deprecandi,
2000 4351 2032 4389 e

387 4417 551 4490 pium
575 4394 808 4490 pandas
835 4421 946 4470 tuae
978 4414 1412 4487 propititaionis
1455 4394 1749 4474 auditum.
1785 4421 1909 4487 Per,
1941 4394 2060 4480 etct

459 4507 899 4581 (/)Sentiamus,
927 4504 1651 4575 Domine,quasumus,tui
1683 4505 2064 4600 peroeptioné

2140 3358 2460 3422 tribuatur,
2496 3370 2613 3426 qua
2642 3357 2699 3408 et
2719 3357 2872 3407 recte
2904 3352 3198 3424 poscenda
3227 3355 3603 3423 cognoscant,
3627 3354 3684 3404 et
3713 3364 3814 3420 po-

2141 3445 2360 3503 stulata
2391 3443 2733 3516 percipiant.
2769 3445 2892 3507 Per,
2922 3446 3035 3495 etc.

2212 3534 2326 3590 XL.
2358 3533 2491 3587 Item
2517 3531 2653 3586 alia.
2686 3562 2755 3570 —
2788 3530 3001 3585 Prmsta
3046 3529 3244 3599 nobis,
3276 3525 3540 3593 Domine,
3572 3543 3804 3597 quaesu-

2145 3640 2297 3689 mus,
2329 3620 2619 3676 auxilium
2652 3619 2851 3690 gratiae
2909 3623 3048 3689 tuae,
3079 3622 3143 3673 ut
3191 3617 3317 3673 sine
3349 3635 3465 3690 qua
3496 3615 3642 3672 nihil
3671 3614 3823 3671 boni

2147 3727 2482 3786 possumus,
2516 3710 2721 3765 eadem
2774 3707 3084 3779 largiente,
3135 3707 3310 3779 digne
3340 3724 3468 3779 quae
3515 3712 3618 3762 tua
3648 3712 3819 3778 sunt,

2147 3807 2203 3859 et
2233 3801 2490 3873 cogitare
2518 3798 2821 3853 valeamus
2860 3801 2917 3851 et
2948 3797 3156 3852 facere.
3194 3795 3319 3864 Per,
3342 3801 3454 3852 etc.

2221 3889 2481 3946 Concede
2511 3887 2703 3955 nobis,
2738 3885 2980 3940 Domine
3014 3890 3164 3940 Deus
3197 3889 3419 3953 noster,
3452 3887 3517 3940 ut
3548 3884 3818 3940 celebra-

2151 3979 2270 4035 turi
2309 3982 2647 4034 sanctorum
2677 3976 2967 4040 solemnia,
3002 3991 3119 4029 non
3149 3973 3342 4029 solum
3376 3973 3818 4030 observantiam

2156 4065 2543 4140 corporalem,
2577 4065 2699 4135 sed,
2732 4063 2888 4135 quod
2921 4067 3010 4119 est
3039 4063 3258 4135 potius,
3287 4063 3612 4119 habeamus
3644 4079 3816 4120 men-

2154 4160 2304 4216 tium
2339 4156 2672 4228 puritatem.
2709 4153 2835 4222 Per,
2869 4157 2981 4212 etc.

2232 4246 2468 4319 (k)Vere
2481 4245 2749 4316 dignum.
2769 4243 2895 4298 'I‘ua
2917 4242 3088 4297 nobis
3107 4241 3262 4297 enim
3290 4257 3537 4298 munera
3552 4242 3824 4299 conferre

2165 4353 2337 4410 posse
2364 4333 2718 4390 confidimus
2737 4331 3161 4386 abundantiam
3191 4332 3516 4388 devotionis
3546 4335 3601 4386 et
3630 4331 3824 4401 pacis,

2169 4431 2231 4482 ut
2261 4431 2318 4481 et
2349 4422 2721 4480 securitatem
2743 4421 2962 4475 tribuat
2991 4425 3145 4475 recte
3167 4425 3369 4476 curata
3400 4419 3622 4492 religio,
3646 4425 3704 4475 et
3723 4438 3826 4476 sa-

2171 4516 2286 4572 cris
2315 4510 2783 4568 solemnitatibus
2836 4507 3154 4564 famulatur
3207 4524 3486 4565 concessa
3532 4509 3828 4567 securitas

397 4596 749 4655 sacramenti
774 4593 1104 4651 subsidium
1129 4594 1344 4649 mentis
1367 4599 1424 4649 et
1446 4597 1799 4667 corporis,ut
1819 4600 1875 4653 in
1898 4591 2062 4662 utro:
2085 4620 2137 4684 ι)
2167 4591 2282 4679 (Αἰ.
2313 4598 2733 4671 tranquillitas)
2751 4597 2878 4665 Per,
2914 4602 3030 4655 etc.

469 4703 549 4776 (α)
583 4704 646 4759 In
696 4701 960 4778 margine
990 4700 1206 4757 codicis
1241 4717 1253 4756 :
1297 4701 1602 4774 Orandum,
1634 4721 1704 4760 ne
1731 4708 2048 4778 pro/unitas

399 4779 460 4834 in
489 4775 646 4831 nobis
673 4775 949 4845 subripiat

475 4848 549 4930 (ρ)
571 4847 709 4903 Cod.
728 4842 1050 4930 mendose:
1083 4844 1193 4926 Qui
1212 4842 1310 4899 hoc
1333 4845 1634 4930 ipsoﬂpravz‘
1659 4849 1914 4930 spiritus,
1938 4867 2048 4930 non

403 4916 633 4974 dubium
661 4926 758 4973 est.
792 4916 1118 4971 Blanchinii
1178 4916 1646 4973 emendationem
1681 4916 1712 4973 a
1733 4916 2047 4980 Muratorio

402 4995 706 5116 {Occeptgrnt
723 4989 1096 5057 retinuimns,
1128 4985 1264 5042 licet
1292 4986 1405 5043 alia
1427 4990 1572 5046 forte
1595 4990 1800 5047 melior
1829 5011 2048 5052 correc-

430 5079 482 5116 ιο
513 5080 582 5116 su
629 5079 676 5116 ει
711 5105 724 5116 .

400 5063 482 5119 tio
513 5061 724 5118 subsit.

471 5133 537 5206 lc)
572 5129 1004 5206 Uncis_inclusa
1060 5144 1367 5206 perperam
1417 5131 1474 5186 in
1526 5137 1744 5188 textum
1777 5135 2052 5192 videntur

400 5202 603 5262 inlata.
623 5203 800 5262 Paulo
833 5207 962 5274 post
985 5202 1164 5256 codex
1184 5203 1482 5274 mendose,
1518 5205 1750 5276 iri/fciat,
1775 5210 1866 5263 sed
1894 5213 2049 5264 salu-

404 5283 1238 5422 tatio).Affin_is_orat_io_legitur
1276 5344 1333 5399 in
1367 5346 1492 5403 cod.
1517 5347 1716 5422 Gelae.
1741 5349 1844 5405 lib.
1878 5366 1963 5417 ιιι,
1989 5367 2047 5405 n.

401 5415 493 5485 6i,
532 5415 600 5476 'et
629 5419 685 5473 in
720 5415 943 5472 Missali
979 5416 1144 5470 Rom.
1204 5416 1354 5472 inter
1383 5420 1675 5476 orationes
1706 5415 2051 5477 communes

401 5497 592 5549 contra
637 5499 1000 5562 persecutores
1029 5497 1082 5562 et
1112 5490 1257 5562 male
1275 5501 1516 5559 agentes.

473 5563 546 5636 (ο)
579 5559 725 5618 Nota
767 5559 1110 5634 marginalia
1161 5561 1220 5616 in
1282 5579 1418 5621 ωε..
1450 5565 1670 5618 Diutius
1693 5565 2050 5635 pulsandum,

408 5639 470 5692 ul
494 5637 840 5692 impetretur.

478 5708 544 5781 (ί)
567 5701 802 5780 Legitur
819 5704 881 5765 in
902 5703 1074 5766 codd.
1096 5701 1268 5776 Greg.
1291 5703 1618 5777 Murotorii,
1635 5706 2054 5766 DominicaXlI

2159 4714 2290 4785 post
2325 4709 2588 4785 l_’_en_tec.;
2632 4703 2786 4785 apud
2843 4705 3208 4785 Menardum,
3266 4705 3498 4764 Domin.
3553 4705 3718 4775 XIII;
3758 4706 3826 4763 in

2155 4775 2377 4839 Missali
2413 4779 2701 4846 Romano,
2731 4776 2963 4831 Domin.
2995 4775 3089 4832 XI.

2231 4852 2306 4923 (g)
2337 4851 2438 4905 Est
2459 4850 2519 4904 in
2552 4866 2696 4923 mss.
2723 4849 2889 4923 Greg.
2924 4847 3248 4923 Mura_torii,
3272 4847 3662 4923 Do_r_ninica
3684 4853 3830 4923 post

2161 4919 2412 4985 Pentec.,
2445 4921 2600 4993 apud
2656 4919 3022 4993 Menardum,
3077 4921 3306 4976 Domin.
3341 4920 3439 4988 VI;
3498 4923 3557 4976 in
3591 4919 3826 4978 Missali

2158 4997 2346 5065 30111.,
2378 4991 2606 5049 Domin.
2642 4991 2733 5065 ιν,

2231 5061 2652 5140 (ΜΕΧὴὶδθῐυι-
2707 5063 2766 5118 in
2785 5061 3037 5140 _Mi_ssali
3067 5065 3229 5118 Rom.
3263 5061 3416 5120 inter
3472 5079 3826 5121 communes

2159 5136 2350 5197 contra
2377 5145 2746 5209 persecutores
2775 5136 3056 5209 Ecclesiae.

2232 5214 2297 5283 (τ’)
2322 5206 2390 5264 In
2409 5211 2670 5283 margine
2687 5207 2902 5283 codicis
2925 5221 2939 5260 :
2958 5207 3196 5262 Ecclesia
3210 5206 3306 5261 Dei
3315 5211 3600 5262 exercetur
3618 5207 3824 5263 adver-

2160 5279 2254 5349 sis,
2277 5292 2338 5336 ut
2361 5279 2641 5352 prosperis
2671 5279 2996 5332 sublevetur.

2233 5355 2296 5425 (j)
2327 5349 2506 5408 Codd.
2538 5353 2781 5434 Gregor.
2814 5349 3112 5404 Muratorii
3147 5349 3297 5405 hanc
3329 5350 3647 5405 orationem
3670 5365 3824 5430 pra?-

2160 5423 2356 5480 ferunt
2389 5426 2687 5478 Dominica
2736 5419 2836 5476 VII
2871 5425 3000 5480 post
3044 5426 3252 5480 Pent:
3288 5423 3468 5477 codex
3523 5421 3817 5480 Menardi,

2161 5430 2356 5480 ferunt
2389 5430 2687 5478 Dominica
2745 5430 2836 5476 Vll
2869 5430 3000 5493 post
3044 5430 3252 5490 Pent;
3288 5430 3468 5477 codex
3523 5430 3817 5488 Menardi,

2161 5496 2394 5553 Domin.
2423 5494 2572 5561 Vlll;
2600 5491 2836 5548 Missale
2874 5498 3065 5562 Rom.,
3098 5494 3328 5549 Domin.
3360 5493 3456 5547 VI.

2234 5567 2308 5638 (It)
2337 5566 2566 5621 Notatio
2595 5565 2657 5620 in
2700 5581 2889 5636 marg.
2947 5565 3165 5622 codicis
3193 5581 3207 5622 :
3263 5565 3605 5622 Poscendam
3633 5563 3826 5620 abun-

2163 5637 2427 5699 dantiam
2454 5638 2769 5695 devotionis.
