4120 6236
261 331 326 391 85
1072 332 1301 394 LIBER
1342 327 2042 394 SACRAMENTORUM
2089 330 2483 395 ECCLESIIE
2527 335 2907 397 ROMANJE.

3574 333 3652 395 88

316 461 521 516 Tribus
552 461 744 531 nobis,
792 460 1058 529 Domine,
1090 480 1455 536 quaesumus,
1501 468 1567 519 ut
1623 460 1884 535 mysterii
1914 461 1966 527 Α
2000 464 2056 516 et
2086 462 2142 515 in
2180 466 2278 519 tua
2310 466 2717 522 misericordia
2746 464 3063 522 conﬁdenti
3108 480 3275 536 opem
3302 468 3415 520 tua:
3447 463 3649 537 propi-

256 551 514 608 salutaris
546 556 598 606 et
631 551 929 606 intellectu
964 554 1339 624 proficiamus
1362 560 1417 609 et
1440 554 1619 609 cultu.
1643 556 1886 619 Per,etc.

314 641 584 704 Famulae
615 646 671 695 et
695 641 948 696 famulas
966 647 1121 712 tuas,
1147 644 1413 709 Domine,
1437 643 1656 699 cmlesti
1690 642 1889 696 visita-

250 730 389 785 tione
418 730 762 797 circumda;
796 730 1093 787 mentibus
1123 749 1327 787 eorum
1354 738 1527 804 atque
1543 732 1887 803 corporibus

248 836 420 875 rorem
468 824 581 873 tua)
630 820 1060 876 benedictionis
1109 822 1389 889 infunde;
1423 827 1488 877 ut
1520 822 1702 877 sacris
1732 820 1887 876 sole-

248 907 581 964 mnitatibus
621 909 1035 965 convenienter
1083 912 1265 983 aptati
1298 917 1353 967 et
1402 910 1886 967 sanctificationis

243 996 479 1069 gratiam
512 998 788 1068 referant,
823 1004 877 1055 et
909 1016 1037 1071 quas
1070 1001 1163 1072 pie
1216 1007 1527 1074 precantur
1557 1001 1878 1057 obtineant.

242 1087 352 1151 Per,
384 1091 498 1141 etc.

303 1176 391 1230 71
428 1176 560 1232 XLI.
606 1178 738 1233 Item
788 1176 931 1233 alia.
978 1208 1046 1220 --
1089 1179 1473 1250 Omnipotens
1525 1180 1881 1252 sempiterne

239 1269 396 1329 Deus,
430 1270 557 1320 tota
604 1283 711 1321 nos
762 1268 832 1321 ad
886 1272 941 1322 te
973 1272 1168 1323 mente
1199 1274 1486 1335 converte,
1520 1273 1583 1323 ut
1613 1270 1707 1338 qui
1739 1270 1880 1325 talia

238 1354 376 1408 dona
408 1360 653 1425 praestas
685 1355 1017 1425 immeritis,
1053 1358 1310 1429 praebeas
1364 1360 1588 1430 majora
1631 1358 1875 1414 devotis.

237 1442 348 1508 Per,
380 1448 497 1499 etc.

292 1532 525 1588 Hostias
550 1532 680 1607 tibi,
712 1534 973 1603 Domine,
1009 1534 1200 1590 laudis
1223 1535 1547 1599 offerimus,
1578 1537 1675 1607 qui
1697 1553 1803 1591 nos
1822 1540 1876 1592 et

231 1623 611 1692 pmsentibus
632 1622 810 1678 simul
831 1623 998 1678 bonis
1021 1623 1290 1680 cumules
1307 1630 1365 1679 et
1387 1626 1873 1696 futuris.Per,etc.

290 1711 361 1781 (a)
392 1712 545 1766 Vere
567 1712 948 1784 dignum.Qui
974 1729 1105 1767 cum
1132 1713 1443 1769 desidiosis
1474 1720 1529 1770 et
1551 1715 1715 1769 duris
1740 1731 1874 1787 ope-

228 1800 381 1855 rariis
413 1801 715 1857 immensa
744 1801 1014 1873 prissidia
1046 1803 1332 1873 largioris,
1364 1809 1587 1874 quanta
1618 1808 1736 1859 toto
1767 1804 1869 1858 tibi
1903 1839 1952 1903 B

230 1890 381 1945 corde
436 1891 726 1961 subjectis
778 1892 1039 1947 conferre
1084 1893 1294 1963 possis,
1329 1894 1612 1960 ostendis,
1646 1899 1699 1948 et
1731 1895 1870 1949 dum

227 1978 330 2033 haec
358 1978 606 2051 largiris
649 1979 931 2053 indignis,
963 1980 1172 2053 dignos
1206 1982 1347 2051 fieri,
1383 1982 1599 2055 quibus
1632 1982 1873 2039 meliora

230 2068 585 2140 tribuantur,
618 2068 891 2125 hortaris.
927 2070 1049 2135 Per,
1084 2075 1193 2125 etc.

288 2155 523 2213 Gratias
553 2157 659 2213 tibi
690 2158 1015 2225 referimus,
1042 2159 1307 2227 Domine,
1331 2160 1431 2231 qui
1464 2176 1569 2215 nos
1592 2178 1625 2215 a
1655 2166 1874 2233 tempo-

226 2245 435 2301 ralibus
476 2247 622 2302 facis
654 2247 942 2319 respirare
975 2248 1362 2319 pressuris,ut
1383 2250 1455 2303 ad
1489 2249 1703 2321 gaudia
1724 2267 1875 2305 sem-

223 2332 443 2405 piterna
480 2352 845 2408 promoveas.
883 2341 1007 2403 Per,
1041 2344 1148 2392 etc.

284 2424 526 2493 Perfice,
564 2430 827 2492 Domine,
861 2426 1296 2482 misericordias
1329 2431 1462 2482 tuas
1495 2428 1708 2500 populo
1740 2445 1874 2501 sup-

221 2510 491 2583 plicanti,
523 2531 697 2583 quem
729 2518 964 2570 tuorum
1006 2514 1273 2587 largitate
1321 2516 1634 2583 donorum,
1663 2522 1720 2573 et
1745 2518 1870 2573 ins-

218 2602 425 2657 tantius
461 2603 717 2674 gratiam
746 2604 1043 2676 postulare
1067 2606 1712 2675 majorem,ﬁducialius
1734 2624 1871 2679 spe-

216 2705 328 2745 rare
362 2693 672 2747 concedis.
704 2696 833 2763 Per,
866 2699 973 2749 etc.

275 2781 438 2836 XLII.
467 2783 605 2836 Item
624 2783 759 2837 alia.
785 2814 850 2823 —
875 2781 1869 2855 Respice,Domine,quissunius,af-

214 2868 530 2926 ﬂictionem
554 2872 756 2943 populi
779 2872 887 2941 tui,
929 2877 987 2927 et
1020 2873 1091 2927 ab
1118 2873 1395 2929 omnibus
1418 2874 1867 2931 necessitatibus

211 2955 548 3027 liberatum,
572 2976 781 3015 secura
804 2960 992 3016 tribue
1023 2960 1129 3015 tibi
1162 2966 1353 3017 mente
1378 2963 1865 3028 servirc.Per,etc.

273 3048 537 3104 Laetiﬁca
582 3067 707 3117 nos,
757 3050 1027 3115 Domine,
1061 3067 1419 3119 quaesumus,
1454 3052 1867 3108 consolalioni-

211 3136 309 3191 bus
338 3140 495 3203 tuis,
516 3144 575 3193 et
604 3143 669 3193 ut
701 3140 870 3195 nobis
893 3140 1049 3195 dona
1070 3140 1321 3196 cmlestis
1342 3141 1543 3210 gratiae
1573 3142 1864 3213 largiaris,

210 3229 428 3282 veniam
470 3228 830 3299 propitiatus
860 3228 1152 3301 impende.
1186 3233 1315 3295 Per,
1346 3234 1454 3286 etc.

270 3317 680 3384 bevotione'n,
714 3335 1071 3389 quazsumus,
1106 3317 1373 3385 Domine,
1406 3324 1620 3376 nostra:
1651 3322 1866 3377 mentis

207 3404 480 3473 informa,
518 3410 584 3460 ut
634 3422 767 3461 cum
815 3406 1212 3462 oblationibus
1263 3407 1589 3464 hostiarum
1650 3427 1862 3482 purum

207 3492 298 3548 tibi
330 3500 553 3566 pectus
585 3494 875 3550 exhibeat.
914 3500 1036 3565 Per,
1063 3500 1179 3553 etc.

269 3584 337 3653 (b)
368 3584 531 3640 Vere
563 3584 833 3654 dignum.
885 3584 995 3648 Qui
1043 3585 1359 3641 Ecclesiam
1391 3590 1555 3641 tuam
1585 3594 1641 3643 et
1677 3588 1865 3644 fovere

208 3669 532 3740 beneﬁciis,
567 3676 627 3727 et
671 3689 785 3727 non
839 3672 1059 3727 desinis
1109 3690 1371 3729 exercere
1418 3677 1768 3746 promissis;
1803 3682 1867 3732 ut

209 3758 334 3815 dum
358 3762 675 3833 postulata
698 3762 1391 3829 concedis,conﬁdeutius
1411 3764 1587 3820 facias
1620 3782 1863 3837 speran-

208 3846 272 3901 da
299 3850 575 3921 deposci,
623 3851 1065 3921 gratiarumque
1096 3850 1273 3905 etiam
1306 3854 1585 3919 actiones,
1610 3854 1783 3909 etiam
1815 3856 1864 3911 si

199 3936 411 4009 jngiter
444 3941 795 4008 oﬂ‘erantur,
830 3940 957 3995 sine
990 3940 1316 3996 cessatione
1346 3942 1665 3999 debeamus
1692 3963 1704 4012 ;
1729 3962 1863 4001 cum

208 4030 255 4080 et
282 4030 695 4099 prestitorum
729 4030 1018 4101 praaconia
1050 4047 1166 4085 non
1196 4034 1485 4101 tacentur,
1512 4037 1568 4088 et
1591 4035 1659 4089 de
1690 4052 1864 4106 prme-

204 4118 386 4172 tandis
442 4120 782 4173 necessarie
808 4118 1195 4189 supplicatur.
1230 4124 1359 4186 Per,
1393 4125 1503 4174 etc.

266 4205 590 4263 Viviﬁcent
640 4224 767 4273 nos,
801 4207 1065 4273 Domine,
1090 4209 1174 4262 tui
1213 4225 1459 4264 munera
1490 4216 1859 4285 sacramenti,

203 4300 259 4347 ut
282 4297 493 4352 divina
527 4297 975 4369 participatione
1016 4314 1249 4369 semper
1280 4312 1614 4353 mereamur
1641 4302 1859 4372 augeri.

203 4381 316 4447 Per,
351 4392 472 4441 etc.

261 4474 553 4530 Famulos
606 4478 663 4529 et
711 4473 961 4530 famulas
1006 4478 1160 4541 tuas,
1195 4491 1553 4547 quazsumus,
1590 4478 1860 4545 Domine,

199 4564 496 4653 propitius
540 4564 791 4633 intuere,
839 4568 903 4618 ut
940 4580 1008 4619 ea
1047 4579 1279 4634 semper
1308 4565 1567 4637 cupiant,
1606 4567 1701 4622 78
1734 4582 1865 4640 qua
1892 4588 1938 4653 Β

197 4651 294 4706 tibi
330 4652 580 4723 placita,
615 4661 670 4707 et
715 4668 780 4708 ea
829 4669 1081 4724 semper,
1111 4668 1239 4723 quas
1295 4658 1433 4709 sunt
1463 4654 1547 4710 eis
1578 4654 1861 4725 salubria,
1886 4651 1899 4683 ’ί

197 4745 660 4811 consequantur.
694 4745 821 4811 Per,
853 4746 960 4797 etc.

261 4829 471 4885 XLIII.
509 4830 642 4885 Item
676 4831 820 4886 alia.
852 4861 919 4871 —
960 4831 1201 4899 Adesto,
1236 4832 1501 4901 Domine,
1533 4834 1692 4906 plebi
1725 4841 1858 4910 tuas,

264 4970 342 5052 (a)
379 4971 511 5052 Alia
546 4976 684 5052 nota
715 4972 1097 5052 marginalis:
1132 4975 1404 5052 Praesidio
1432 4974 1623 5052 divina
1641 4994 1863 5052 semper

197 5044 389 5117 adesse
420 5044 583 5099 duris
613 5049 661 5099 et
692 5044 978 5101 desidiosis
1001 5050 1292 5117 operariis,
1326 5049 1381 5101 id
1410 5056 1490 5102 est
1516 5050 1694 5107 nobis.

260 5116 339 5183 (b)
380 5119 535 5170 Item
568 5118 626 5170 in
671 5120 937 5189 margine
988 5116 1341 5173 :Ecclesiam
1387 5135 1543 5175 suam
1594 5123 1863 5180 Daminus

194 5201 413 5256 semper
432 5190 612 5261 fovet,
646 5195 700 5244 et
730 5206 838 5261 non
867 5190 1070 5244 desinit
1097 5205 1350 5261 exercere
1378 5195 1697 5261 promissis.

262 5262 336 5327 ξε)
372 5259 514 5313 Alia
556 5260 900 5331 marginalia
946 5260 1165 5315 notatio
1202 5278 1213 5315 :
1263 5259 1502 5318 Ecclesia
1557 5266 1676 5332 Dei,
1738 5282 1862 5322 cum

196 5334 440 5405 putatur
472 5346 745 5405 oppressa,
780 5338 910 5387 tunc
935 5333 1115 5405 potius
1143 5337 1385 5405 excitata
1413 5338 1697 5405 praevalet.

266 5402 339 5465 id)
376 5403 877 5467 Cod.,declinarat.
904 5403 1259 5459 Bancbinius
1278 5402 1709 5463 emendandum
1742 5424 1857 5463 cre'

202 5471 347 5550 didit
383 5475 649 5550 declinat.
684 5477 967 5550 Correctio
1001 5476 1300 5550 Muratorii
1330 5479 1517 5549 magis
1550 5480 1787 5550 placuit.

272 5546 339 5617 te)
381 5546 446 5600 In
487 5562 662 5623 marg.
700 5548 915 5623 codicis
948 5565 962 5603 :
994 5546 1612 5623 suspendunturmob'is
1635 5567 1863 5623 prospe-

206 5632 282 5679 να,
316 5623 384 5671 ut
419 5618 660 5673 velocius
691 5620 925 5674 caelestia
955 5621 1286 5675 ambiamus.

272 5690 341 5759 (f)
370 5688 524 5746 Cod.
544 5692 801 5749 secunda
824 5694 1182 5764 manu,pacis
1201 5700 1467 5762 aeternae;
1495 5693 1688 5768 prima
1704 5709 1862 5767 vero,

1999 551 2265 609 tiationis
2296 554 2589 625 impende.
2625 560 2751 621 Per,
2787 559 2896 609 etc.

2068 644 2150 697 Ad
2202 661 2371 699 aures
2406 645 2819 700 misericordia
2850 648 2983 712 tuis,
3012 644 3277 709 Domine,
3310 642 3645 715 supplicum

1997 735 2124 785 vota
2160 733 2515 803 perveniant,
2550 739 2605 789 et
2636 738 2700 788 ut
2730 734 3027 805 possimus
3049 732 3361 804 impetrare
3388 748 3514 803 quae
3544 748 3646 803 po-

1997 821 2241 889 scimus,
2294 823 2382 879 fac
2436 840 2540 879 nos
2601 839 2833 895 semper
2878 822 2985 877 tibi
3046 822 3262 894 placita
3323 821 3642 894 postulare.

1996 910 2121 981 Per,
2154 917 2263 967 etc.

2064 1002 2317 1058 Purifica
2350 1019 2478 1070 nos,
2511 1002 2773 1071 Domine,
2824 1001 3033 1056 iisdem
3081 1001 3294 1071 quibus
3338 1000 3641 1056 servitium

1995 1088 2384 1159 dependimus
2416 1091 2909 1154 sacramentis,ut
2941 1089 3155 1145 oblatio
3191 1090 3298 1144 tibi
3321 1094 3523 1144 nostra
3555 1106 3643 1145 sa-

1994 1178 2277 1233 crificium
2307 1179 2521 1250 pariter
2549 1180 2827 1234 reddatur
2857 1183 2913 1233 et
2943 1179 3115 1233 actio.
3148 1179 3274 1243 Per,
3305 1182 3412 1233 etc.

2066 1269 2132 1337 (ε)
2158 1268 2303 1322 Vere
2328 1269 2595 1340 dignum.
2620 1269 2767 1334 Quia
2795 1274 2857 1322 tu
2880 1284 3111 1339 semper
3145 1267 3202 1321 in
3234 1272 3433 1322 nostra
3460 1266 3637 1338 perfi-

1991 1356 2153 1412 ciens
2175 1357 2515 1412 infirmitate
2538 1356 3155 1427 virtutem,Ecclesiam
3177 1361 3339 1410 tuam
3373 1356 3523 1410 inter
3543 1356 3641 1410 ad-

1989 1461 2155 1500 versa
2185 1462 2443 1502 crescere
2461 1447 2749 1512 tribuisti;
2772 1452 2833 1501 ut
2855 1463 2987 1500 cum
3012 1450 3318 1516 putaretur
3338 1460 3636 1516 oppressa,

1989 1538 2129 1589 tunc
2153 1535 2346 1606 potius
2370 1536 2624 1591 exaltata
2652 1534 3009 1607 pravaleret:
3036 1536 3175 1589 dum
3199 1533 3375 1589 simul
3401 1538 3458 1589 et
3477 1549 3638 1605 expe-

1988 1624 2259 1678 rientiam
2295 1624 2422 1679 fidei
2456 1625 2532 1696 (ά)
2565 1624 2821 1680 declarat
2852 1623 3111 1693 afflictio,
3146 1628 3203 1678 et
3232 1639 3335 1694 per
3372 1626 3427 1678 te
3458 1639 3637 1694 supe-

1988 1717 2115 1767 rata
2142 1713 2270 1767 vitae
2303 1714 2609 1784 praesentis
2640 1713 2818 1768 efﬁcit
2847 1713 3183 1784 gloriosam.
3218 1712 3348 1777 Per,
3379 1715 3488 1766 etc.

2060 1801 2317 1857 Caelestis
2350 1804 2475 1857 vitae
2507 1820 2746 1857 munere
2796 1801 3065 1874 vegetati,
3125 1818 3487 1873 quaasumus,
3516 1800 3633 1856 Do-

1984 1890 2234 1956 mine,ut
2255 1892 2409 1962 quod
2434 1896 2523 1946 est
2544 1892 2712 1946 nobis
2737 1892 2793 1945 in
2820 1891 3087 1960 praesenti
3112 1890 3228 1945 vita
3258 1889 3627 1961 mysterium,

1982 1978 2084 2033 fiat
2114 1980 2455 2035 aeternitatis
2485 1980 2792 2035 auxilium.
2818 1984 2944 2049 Per,
2978 1984 3087 2037 etc.

2055 2069 2265 2124 Praesta
2295 2069 2529 2125 famulis
2561 2070 2678 2124 tuis
2714 2067 3403 2137 Domine,abundantiam
3434 2072 3630 2140 prote-

1982 2156 2190 2213 ctionis
2222 2164 2279 2213 et
2325 2159 2542 2230 gratiae.
2596 2159 2679 2213 Da
2734 2158 2983 2214 salutem
3018 2156 3233 2213 mentis
3262 2161 3319 2213 et
3346 2159 3628 2228 corporis.

1981 2247 2064 2303 Da
2092 2247 2381 2303 continua
2405 2248 2809 2320 prosperitatis
2831 2252 3170 2319 augmenta,
3195 2250 3254 2302 et
3272 2246 3377 2301 tibi
3395 2261 3626 2317 semper

1981 2338 2070 2392 fac
2102 2353 2231 2392 esse
2262 2338 2515 2392 devotos.
2550 2337 2674 2403 Per,
2709 2341 2818 2392 etc.

2049 2426 2237 2481 XLIV.
2265 2428 2397 2481 Item
2427 2428 2642 2481 alia.-—
2660 2426 3048 2498 Omnipotens
3073 2425 3429 2498 sempiterne
3451 2430 3623 2493 Deus,

1982 2516 2227 2571 Romani
2254 2515 2509 2570 nominis
2540 2516 2784 2571 defende
2812 2520 3085 2582 rectores,
3110 2520 3173 2570 ut
3196 2516 3254 2570 in
3276 2519 3378 2570 tua
3394 2515 3630 2571 dextera

1980 2606 2337 2661 confidentes
2361 2606 2505 2659 fiant
2524 2605 2751 2660 cunctis
2774 2605 3041 2660 hostibus
3064 2606 3350 2661 fortiores.
3366 2607 3493 2672 Per,
3514 2608 3624 2660 etc.

2056 2696 2154 2759 Da,
2188 2711 2552 2766 quaesumus,
2585 2694 2829 2750 Domine
2852 2699 3003 2749 Deus
3034 2698 3252 2759 noster,
3285 2692 3487 2763 gratiae
3512 2697 3624 2747 tua:

1978 2784 2567 2854 donis,etjustificari
2592 2800 2698 2839 nos
2719 2787 3036 2854 semper,et
3060 2782 3451 2852 instrui,quos
3477 2797 3623 2852 quo-

1974 2874 2264 2929 tidianum
2285 2873 2389 2928 tibi
2411 2873 2765 2929 sacrificium
2791 2872 3059 2944 principis
3082 2871 3624 2939 exbibere.Per,etc.

2048 2984 2076 3011 ‹‹
2108 2961 2252 3015 Vere
2283 2962 2549 3032 dignum.
2575 2961 2680 3024 Qui
2706 2962 2835 3016 ideo
2859 2960 3235 3032 praesentium
3266 2975 3461 3014 rerum
3486 2974 3626 3030 pro-

1977 3068 2115 3123 pera
2147 3049 2489 3121 plerumque
2520 3050 2859 3120 suspendis,
2883 3066 2953 3104 ne
2974 3049 3068 3104 his
3101 3047 3332 3111 retenti,
3364 3046 3623 3103 ccslestia

1979 3157 2095 3195 non
2126 3155 2483 3211 quaeramus,
2510 3144 2566 3193 et
2598 3144 2737 3194 tunc
2758 3140 2957 3193 eadem
2987 3137 3175 3209 magis
3204 3136 3622 3208 benignusim-

1896 3211 1939 3277 Ο
1978 3228 2210 3301 pendis,
2242 3244 2375 3282 cum
2408 3227 2531 3282 haec
2562 3227 2619 3281 in
2653 3228 2736 3282 tui
2774 3226 3031 3283 nominis
3062 3226 3285 3282 cultum
3316 3226 3624 3281 transieri-

1978 3333 2111 3372 mus
2143 3316 2554 3387 promptiores.
2590 3316 2715 3383 Per,
2749 3320 2860 3371 etc.

2047 3404 2338 3476 Majestati
2357 3409 2490 3470 tuas,
2520 3404 2780 3471 Domine,
2809 3404 3036 3460 debitas
3065 3404 3267 3460 laudes
3298 3403 3622 3468 offerimus,

1975 3495 2073 3567 qui
2110 3511 2214 3549 nos
2245 3498 2301 3549 et
2330 3492 2755 3564 temporalibus
2776 3492 3059 3548 subsidiis
3083 3493 3304 3548 refoves
3325 3497 3381 3547 et
3406 3493 3474 3564 (Γ)
3496 3509 3625 3564 pas-

1975 3586 2057 3641 cis
2088 3584 2342 3640 aaternis.
2375 3583 2499 3649 Per,
2534 3588 2641 3637 etc.

2046 3675 2120 3746 (g)
2153 3677 2309 3741 Esto,
2334 3669 2971 3743 quaesumus,Domine,
2996 3670 3282 3742 propitius
3308 3669 3617 3741 plebitum,

1976 3768 2040 3818 ut
2072 3764 2142 3817 de
2173 3762 2264 3816 die
2297 3761 2357 3815 in
2383 3761 2536 3815 diem
2567 3776 2695 3831 quae
2727 3759 2830 3815 tibi
2863 3776 2977 3815 non
3001 3760 3233 3831 placent
3254 3762 3617 3831 respuentes,

1973 3856 2209 3907 tuorum
2244 3851 2437 3922 potius
2468 3850 2802 3921 repleantur
2854 3850 2948 3903 79
3002 3848 3414 3905 dilectionibus
3454 3865 3619 3903 man-

1974 3942 2264 4008 datorum,
2286 3944 2341 3993 et
2359 3938 2623 3993 mortalis
2646 3938 2771 3993 vitae
2797 3937 3297 3994 consolationibus
3327 3937 3619 4008 guberna-

1974 4031 2017 4086 ti
2050 4029 2357 4102 proficiant
2380 4030 2451 4083 ad
2484 4027 2949 4083 immortalitatis
2982 4028 3273 4082 effectum.
3308 4027 3437 4093 Per,
3468 4030 3579 4081 etc.

2045 4119 2211 4174 XLV.
2246 4120 2373 4173 Item
2406 4119 2543 4172 alia.
2594 4148 2663 4157 -—
2709 4117 2967 4183 Custodi,
3019 4115 3279 4182 Domine,
3333 4114 3619 4187 populum

1970 4216 2161 4279 tuum,
2182 4212 2239 4262 et
2260 4212 2323 4261 ut
2342 4207 2898 4277 eidemiperpetuam
2921 4205 3385 4262 misericordiam
3402 4205 3616 4278 largia-

1971 4300 2073 4365 ris,
2108 4303 2208 4352 tuo
2240 4312 2470 4367 sempcr
2500 4296 2724 4350 nomini
2756 4296 2845 4350 fac
2876 4295 3167 4351 devotum.
3200 4295 3328 4363 Per,
3362 4299 3474 4351 etc.

2042 4385 2349 4451 Auxiliare,
2413 4384 2675 4455 Domine,
2731 4383 3101 4456 supplicibus
3148 4384 3288 4452 tuis,
3334 4389 3399 4440 ut
3446 4400 3617 4456 opem

1970 4481 2084 4531 tuae
2115 4474 2316 4547 gratiae
2345 4479 2797 4545 consequantur,
2834 4474 2936 4545 qui
2968 4474 3029 4529 in
3059 4478 3161 4529 tua
3190 4473 3401 4546 pietate
3440 4474 3617 4529 conﬁ-

1971 4566 2138 4621 dunt.
2180 4569 2307 4635 Per,
2341 4567 2451 4618 etc.

2039 4654 2320 4724 Deus,qui
2341 4653 2751 4725 mysteriorum
2771 4657 3005 4709 tuorum
3029 4652 3336 4724 dignanter
3353 4650 3616 4725 operaria

1967 4744 2199 4813 effetus,
2235 4748 2462 4814 praasta,
2493 4758 2854 4814 quaesumus,
2880 4748 2944 4797 ut
2973 4741 3158 4797 sacris
3188 4745 3325 4813 apta
3355 4740 3614 4798 muneri-

1967 4835 2078 4890 bus
2110 4831 2252 4887 ﬁant
2284 4834 2489 4887 nostra
2522 4830 2782 4887 servitia.
2811 4834 2938 4898 Per,
2974 4834 3083 4886 etc.

1965 4976 2119 5049 pacis
2144 4974 2368 5049 aeternis
2399 4990 2411 5029 :
2438 4990 2573 5049 quis
2606 4972 3023 5049 correctionem
3054 4973 3409 5034 indicarunt.

2040 5046 2115 5117 (g)
2148 5046 2275 5100 Haec
2307 5046 2489 5100 oratio
2523 5062 2711 5116 usque
2741 5046 2808 5100 ad
2840 5046 3229 5103 mandatorum
3259 5054 3348 5105 est
3376 5050 3435 5105 in
3468 5065 3613 5106 mss.

1969 5119 2137 5194 Greg,
2173 5118 2491 5194 Muratorii,
2526 5134 2591 5194 ac
2633 5118 2698 5194 in
2744 5119 3003 5194 Romano
3040 5120 3254 5194 Missali
3288 5122 3389 5176 fer.
3421 5124 3456 5175 5
3486 5125 3619 5194 post

1970 5190 2356 5264 Dominicarn
2388 5189 2700 5264 Passionis,
2741 5191 2839 5264 ubi
2874 5196 3069 5246 tamen
3094 5210 3195 5264 pro
3224 5189 3611 5249 dilectionibus

1968 5264 2219 5318 habetur
2273 5260 2738 5317 delectationibus.
2792 5263 2933 5317 Hinc
3002 5260 3175 5318 etiam
3233 5266 3618 5319 conﬁrmatur

1971 5336 2139 5390 lectio
2173 5333 2354 5388 nostri
2385 5333 2605 5406 codicis
2636 5344 2950 5405 respuenles
2981 5340 3037 5389 et
3066 5336 3467 5406 repleantur,et
3488 5352 3619 5391 con-

1972 5412 2280 5479 sequenter
2308 5405 2609 5478 gubernati
2633 5407 3026 5477 proﬁcz'ant,ut
3056 5405 3134 5462 ne
3156 5425 3302 5477 opus
3334 5409 3409 5462 sit
3439 5409 3617 5463 corri-

1970 5478 2105 5551 gere
2137 5478 2783 5551 rcspuensgepleantur,
2814 5480 3117 5548 gubernata
3142 5480 3415 5549 proﬁciat,
3441 5496 3618 5551 quam

1972 5550 2386 5607 correctionem
2423 5550 2778 5605 Muratorius
2810 5552 3044 5622 recepit.
3074 5552 3250 5613 Plebs,
3276 5552 3430 5605 enim
3466 5550 3618 5607 mul-

1971 5622 2253 5697 titudinis
2278 5638 2489 5697 nomen
2540 5640 2673 5678 cum
2706 5622 3007 5694 adjectivis
3039 5639 3103 5677 ac
3148 5622 3339 5684 verbis
3369 5624 3617 5697 pluralis

1972 5692 2203 5751 numeri
2231 5694 2405 5767 jungi
2435 5698 2645 5767 potest.
