4080 6220
283 324 358 384 93

1072 325 1299 386 LIBER
1347 323 2054 387 SACRAMENTORUM
2100 324 2496 389 ECCLESle
2539 326 2915 389 ROMAN/E.

3617 334 3696 390 94

349 459 429 523 (a)
462 455 677 510 Refecti
712 455 841 511 cibo
872 460 1124 527 potuque
1156 456 1394 524 caelesti,
1429 459 1583 514 Deus
1616 463 1829 523 noster,
1873 463 1933 512 te
1962 457 2011 524 Α
2046 459 2276 530 Agapiti
2312 461 2457 514 festa
2484 477 2715 531 semper
2745 461 2999 531 aptanda
3029 460 3213 516 fecisti
3237 460 3526 516 celebrare
3549 478 3693 533 gau-

284 546 582 616 supplices
612 562 924 601 exoramus
949 550 1012 599 ut
1042 545 1098 600 in
1133 563 1382 617 quorum
1416 548 1535 602 haec
1562 564 1931 616 commemo-

280 636 506 689 ratione
540 634 1143 706 percepimus,eorum
1181 636 1521 691 muniamur
1550 642 1607 692 et
1639 638 1928 707 precibus.

279 724 401 790 Per,
439 727 553 778 etc.

346 813 668 881 Prsatende,
707 812 970 878 Domine,
1006 814 1472 870 misericordiam
1506 821 1689 882 tuam,
1724 821 1779 869 et
1808 819 1930 870 esto

277 901 478 973 populi
513 901 599 955 tui
633 901 905 957 defensor
925 907 983 957 et
1012 908 1304 971 custos,ut
1325 910 1661 959 sanctorum
1696 910 1931 959 tuorum

272 991 609 1046 veneranda
641 990 929 1046 solemnia
960 1007 1166 1047 securo
1200 994 1381 1065 possit
1409 994 1777 1065 frequentare
1794 1010 1930 1049 con-

272 1084 473 1134 ventu.
510 1079 635 1147 Per,
669 1083 780 1133 etc.

341 1167 586 1223 VI.Item
612 1168 749 1222 alia.
770 1199 839 1209 —
867 1168 947 1239 (ὁ)
980 1169 1089 1224 Fac
1124 1186 1249 1235 nos,
1274 1186 1637 1241 quaesumus,
1666 1171 1931 1239 Domine,

272 1263 617 1312 sanctorum
639 1261 872 1312 tuorum
895 1274 1126 1329 semper
1145 1260 1287 1313 festa
1306 1259 1791 1331 sectari,quorum
1816 1261 1934 1315 suf-

269 1345 478 1417 fragiis
511 1345 893 1415 protectionis
926 1351 1038 1401 tuas
1071 1347 1223 1402 dona
1256 1349 1600 1405 sentiamus.
1635 1353 1764 1415 Per,
1818 1354 1929 1404 etc.

344 1434 637 1499 Concede,
659 1451 1019 1505 quaesumus,
1046 1435 1293 1491 Domine
1322 1436 1474 1491 Deus
1500 1442 1719 1502 noster,
1738 1443 1802 1492 ut
1834 1455 1935 1509 per

270 1530 372 1581 tua
399 1540 639 1595 semper
670 1530 1038 1579 sacramenta
1065 1524 1502 1596 vivamus,quia
1537 1531 1832 1598 protegere
1863 1528 1933 1599 (ε)

270 1630 384 1669 non
420 1613 666 1668 desistis
700 1629 849 1685 quos
877 1613 991 1669 tuis
1023 1630 1256 1684 semper
1284 1614 1602 1670 indulseris
1652 1616 1935 1673 inhaerere

268 1702 589 1776 mysteriis.
626 1702 752 1768 Per,
786 1707 896 1757 etc.

2046 550 2334 615 dentes,et
2366 549 2463 620 qui
2497 549 2708 603 dedisti
2741 548 2915 603 ﬁdem
2949 549 3100 604 inter
3128 550 3372 604 adversa
3419 556 3694 605 constan-

2040 638 2179 701 tem,
2216 638 2421 692 reddes
2448 637 2729 693 beneficia
2758 639 2864 707 (At.
2900 644 3164 707 munera)
3198 638 3505 696 libertatis.
3556 641 3687 711 Per,

2042 731 2153 780 etc.

2114 815 2179 885 (ﬂ
2212 816 3086 888 Praesta,Domine,quzesumus,
3109 822 3172 872 ut
3201 834 3450 888 quorum
3475 836 3697 875 memo-

2042 904 2188 959 riam
2253 906 2605 961 sacramenti
2661 906 3108 977 participatione
3156 907 3484 978 recolimus,
3520 909 3693 966 fidem

2045 1006 2281 1063 quoque
2313 993 2669 1063 proﬁciendo
2705 1000 3012 1049 sectemur.
3048 999 3167 1058 Per,
3201 1000 3308 1049 etc.

2116 1081 2358 1150 Respice
2391 1082 2689 1137 subditam
2724 1084 3412 1148 tibi,llomine,familiam
3447 1091 3696 1154 tuam,et

2044 1170 2214 1238 cujus
2247 1171 2519 1225 exaudire
2548 1188 2745 1241 preces
2767 1173 2825 1225 in
2860 1188 3105 1226 mcerore
3125 1173 3400 1244 dignatus
3421 1177 3693 1241 es,actio-

2046 1271 2178 1309 nem
2211 1255 2532 1327 gratiarum
2567 1258 2917 1329 propensius
2950 1258 3195 1314 intuere.
3235 1264 3357 1328 Per,
3390 1265 3499 1315 etc.

2803 1391 2941 1447 XXI.

2609 1500 2663 1537 IV
2695 1498 2829 1537 IDUS
2859 1497 3132 1537 AUGUSTI.

2500 1590 2691 1643 Natale
2718 1590 2898 1643 sancti
2928 1588 3237 1643 Laurentii.

2117 1702 2156 1756 Ι.
2196 1733 2262 1743 -
2296 1707 2466 1771 Deus,
2501 1703 2597 1776 qui
2632 1720 2738 1758 nos
2770 1707 3103 1758 sanctorum
3141 1707 3459 1775 martyrum
3494 1702 3692 1758 muni-

331 1797 481 1847 Vere
511 1791 1161 1863 dignum).Adestenim
1187 1792 1353 1847 nobis
1383 1793 1570 1847 sancti
1603 1794 1927 1851 sacerdotis
1964 1820 2010 1884 Β
2046 1789 2203 1845 tione
2234 1809 2564 1860 conservae,
2598 1794 2672 1846 da
2702 1792 3020 1847 Ecclesiam
3054 1797 3217 1847 tuam
3259 1792 3434 1865 digne
3486 1791 3689 1847 talium

264 1888 317 1937 et
346 1881 630 1953 martyris
664 1880 743 1934 tui
784 1880 941 1952 Xysti
988 1881 1324 1936 desiderata
1382 1882 1697 1949 festivitas;
1750 1901 1927 1955 quam

266 1988 463 2026 annua
523 1968 861 2024 recursione
908 1975 1271 2035 venerantes,
1336 1971 1556 2027 hostias
1596 1972 1701 2028 tibi
1737 1972 1927 2029 laudis

271 2059 576 2115 offerimus
608 2074 741 2111 cum
774 2057 1021 2129 angelis,
1056 2064 1164 2113 etc.

340 2147 562 2219 Repleti
594 2162 827 2211 sumus,
860 2146 1124 2213 Domine,
1162 2147 1562 2204 misericordia
1591 2154 1711 2221 tua,
1745 2155 1801 2205 et
1830 2151 1925 2207 bo-

269 2237 595 2293 nedictione
625 2241 986 2307 sanctorum,
1021 2242 1079 2292 et
1104 2238 1438 2293 securitatis
1487 2254 1727 2295 munere
1776 2239 1922 2296 rele-

265 2326 399 2382 vati.
437 2326 563 2395 Per,
597 2330 708 2380 etc.

335 2415 456 2470 VII.
491 2415 627 2470 Item
658 2415 801 2469 alia.
834 2445 903 2454 —
934 2415 1108 2480 Deus,
1132 2413 1232 2485 qui
1266 2432 1369 2470 nos
1403 2415 1474 2470 ad
1509 2416 1693 2471 sancti
1727 2416 1917 2488 ponti-

267 2504 387 2559 ficis
421 2508 479 2560 et
511 2503 790 2575 martyris
821 2504 906 2557 tui
941 2502 1100 2576 Xysti
1133 2503 1399 2559 natalitia
1430 2506 1685 2561 tribuisti
1717 2523 1916 2577 perve-

268 2595 385 2649 nire
414 2592 708 2659 lmtantes,
745 2596 980 2664 praesta,
1014 2609 1378 2664 qumsumus,
1414 2598 1478 2649 ut
1511 2595 1662 2651 sicut
1695 2596 1917 2652 securis

269 2684 465 2739 eadem
499 2681 912 2747 msntibus,ita
943 2682 1139 2754 dignis
1169 2680 1528 2739 celebremus
1553 2685 1912 2753 officiis.Per,

269 2777 372 2826 etc.
1470 2757 1485 2770 ’

336 2860 550 2932 Accipe
582 2875 847 2927 munera,
906 2859 1167 2929 Domine,
1203 2876 1331 2931 quae
1363 2860 1421 2915 in
1453 2878 1653 2917 eorum
1682 2863 1779 2918 87
1815 2863 1920 2919 tibi

271 2947 638 3003 solemnitate
670 2947 1012 3016 deferimus,
1049 2964 1303 3018 quorum
1336 2949 1555 3004 scimus
1583 2951 1920 3022 patrociniis

272 3036 523 3091 liberari.
560 3037 688 3102 Per,
722 3042 832 3090 etc.

336 3126 475 3181 Vere
508 3125 779 3197 dignum.
806 3126 1233 3196 Cognoscimus
1265 3127 1443 3191 enim,
1496 3128 1757 3195 Domine,
1808 3133 1919 3184 tuas

2042 1880 2333 1935 celebrare
2366 1881 2672 1946 solemnia,
2706 1886 2763 1936 et
2796 1880 2927 1936 illos
2953 1881 3057 1935 tibi
3089 1882 3311 1953 jugiter
3357 1881 3692 1953 supplicare

2041 1984 2144 2039 pro
2177 1970 2365 2025 nobis.
2398 1971 2523 2037 Per,
2555 1975 2665 2025 etc.

2119 2062 2190 2133 (g)
2236 2059 2381 2114 Vere
2427 2059 2697 2129 dignum.
2750 2058 3177 2113 Przevenientes
3228 2059 3482 2115 natalem
3531 2060 3686 2116 diem

2034 2152 2189 2207 beati
2226 2147 2537 2212 Laurentii,
2574 2147 2673 2218 qui
2706 2146 2878 2201 levita
2910 2147 3088 2203 simul
3132 2154 3469 2221 martyrque
3514 2166 3682 2205 vene-
3734 2150 3737 2151 ⁷

2033 2241 2254 2295 randus
2303 2242 2361 2293 et
2392 2236 2623 2308 proprio
2654 2236 2865 2290 claruit
2898 2236 3191 2308 gloriosus
3223 2239 3437 2305 ofﬁcio,
3473 2243 3529 2293 et
3561 2255 3685 2294 me-

2030 2328 2315 2384 moranda
2345 2325 2574 2380 refulsit
2606 2324 2875 2395 passione
2908 2325 3199 2381 sublimis.
3237 2326 3362 2392 Per,
3392 2335 3501 2383 etc.

2099 2415 2580 2489 (h)Sumpsimus,
2594 2413 3073 2485 Domine,pignus
3088 2415 3681 2486 redemptioniseeter—

2030 2524 2137 2563 me.
2174 2507 2261 2562 Sit
2287 2505 2479 2570 nobis,
2513 2519 2872 2575 quresumus,
2902 2504 3424 2559 intervenientibus
3456 2506 3677 2578 sanctis

2028 2595 2166 2663 tuis,
2198 2596 2325 2649 vitae
2358 2592 2661 2665 praesentis
2693 2591 2999 2657 auxilium,
3052 2593 3269 2662 pariter
3326 2598 3383 2648 et
3441 2594 3672 2649 futurae.

2026 2685 2154 2751 Per,
2188 2690 2297 2740 etc.

2107 2776 2341 2841 Adesto,
2375 2768 2862 2842 Domine,populo
2891 2774 3075 2840 tuo,et
3105 2787 3278 2842 quem
3316 2773 3413 2828 88
3449 2777 3679 2829 sancto-

2028 2885 2161 2926 rum
2209 2870 2439 2920 tuorum
2500 2860 2713 2915 tribuis
2744 2860 3313 2930 frequentationibus
3368 2863 3676 2932 interesse,

2028 2954 2389 3032 protectione
2421 2953 2699 3022 perpetua
2733 2948 2819 3002 fac
2850 2965 3147 3003 securum.
3182 2950 3305 3016 Per,
3340 2956 3451 3006 etc.

2104 3048 2172 3102 ΙΙ.
2202 3047 2333 3100 Item
2364 3041 2587 3095 atia.——
2617 3037 2876 3092 Concede
2908 3038 3097 3107 nobis,
3130 3038 3397 3106 Domine,
3430 3041 3679 3111 gratiam

2031 3141 2193 3191 tuam
2226 3133 2284 3187 in
2318 3128 2470 3186 beati
2503 3126 2799 3181 Laurentii
2827 3127 3100 3199 martyris
3122 3126 3457 3183 celebritate
3480 3127 3679 3183 multi-

272 3215 497 3286 pietatis
531 3180 1016 3284 el‘fectus,quibus
1046 3231 1152 3270 nos
1183 3216 1261 3286 (d)
1291 3180 1443 3271 adeo,
1459 3215 1695 3287 gloriosi
1730 3180 1919 3273 sacer-
1950 3180 1992 3248 Ο
2031 3180 2263 3297 plicem,
2292 3224 2355 3274 ut
2386 3219 2455 3271 de
2487 3215 2632 3271 tanti
2666 3231 2879 3286 argone
2910 3180 3246 3270 certaminis
3279 3217 3466 3270 discat
3496 3234 3680 3288 popu-

270 3305 413 3360 dotis
444 3310 503 3359 et
536 3306 813 3376 martyris
845 3303 929 3359 tui
963 3304 1125 3375 Xysti
1161 3321 1393 3376 semper
1424 3305 1769 3362 honoranda
1820 3325 1918 3363 so-

272 3392 499 3465 lemnia,
536 3409 643 3447 nec
674 3393 827 3447 inter
878 3393 1200 3464 praeteritas
1252 3395 1455 3448 mundi
1507 3395 1918 3451 tribulationes

272 3484 532 3537 omittere
561 3481 823 3551 voluisti,
848 3485 903 3537 et
934 3498 1089 3537 nunc
1122 3483 1349 3538 reddita
1378 3488 1619 3555 praestas
1651 3484 1917 3541 libertate

271 3571 548 3626 venerari.
582 3571 710 3635 Per,
745 3575 856 3626 etc.

402 3661 477 3722 lin
514 3660 710 3713 Natali
734 3664 1050 3713 sanctorum
1082 3660 1412 3715 Fetidz’ssimi
1441 3665 1491 3715 et
1520 3663 1758 3733 Agapitz’.

336 3747 1454 3820 Magnificantes,Domine,elementiam
1490 3755 1673 3817 tuam,
1695 3751 1923 3823 suppli-

278 3853 362 3892 ces
392 3852 708 3892 exoramus
736 3840 797 3890 ut
836 3836 934 3907 qui
986 3852 1090 3890 nos
1139 3842 1477 3892 sanctorum
1528 3842 1761 3894 tuorum
1811 3842 1923 3895 fre-

275 3927 588 3996 quentibus
634 3924 778 3979 facis
819 3924 1102 3979 natalitiis
1156 3926 1460 3996 interesse,
1494 3930 1787 3999 perpetuis
1818 3929 1922 3984 tri-

275 4015 408 4070 buas
440 4016 699 4087 gaudere
730 4014 1065 4069 consortiis.
1104 4014 1230 4086 Per,
1263 4021 1371 4070 etc.

338 4103 416 4160 Da
445 4104 1018 4174 nobis,omnipoters
1051 4104 1289 4170 Deus,in
1315 4109 1649 4162 sanctorum
1682 4111 1919 4164 tuorum

274 4196 321 4247 te
350 4209 582 4265 semper
612 4193 1165 4249 commemoratione
1195 4193 1452 4261 laudare,
1487 4195 1622 4266 quia
1665 4197 1919 4254 refovere

276 4282 498 4337 curabis
531 4298 682 4353 quos
713 4282 771 4335 in
804 4280 1024 4337 honore
1055 4287 1154 4338 tuo
1194 4299 1562 4355 perseverare
1610 4301 1918 4343 concesse-

277 4371 368 4425 ris.
401 4372 527 4435 Per,
558 4376 674 4428 etc.

336 4461 407 4530 (ε)
435 4463 687 4531 Accepta
714 4460 819 4515 tibi
854 4461 954 4527 sit,
986 4460 1499 4523 Domine,sacratte
1533 4461 1719 4534 plebis
1751 4464 1911 4521 obla-

2026 3313 2123 3368 lus
2153 3307 2525 3365 Christianus
2560 3308 2616 3358 et
2647 3304 2813 3357 ﬁrma
2844 3303 3082 3358 solidari
3135 3304 3434 3375 patientia,
3481 3311 3539 3361 et
3586 3304 3683 3378 pia

2026 3402 2322 3458 exsultare
2352 3393 2617 3451 victoria.
2653 3392 2778 3459 Per,
2808 3397 2916 3447 etc.

2101 3490 2207 3543 Pro
2226 3486 2376 3542 beati
2408 3480 2704 3539 Laurentii
2733 3480 3003 3552 martyris
3035 3481 3306 3551 passione
3323 3483 3679 3551 veneranda,

2026 3577 2252 3634 hostias
2284 3574 2412 3638 tibi,
2453 3571 2712 3636 Domine,
2748 3569 3092 3641 suppliciter
3117 3569 3515 3634 immolemus,
3548 3572 3675 3640 ejus

2035 3667 2300 3724 oratione
2333 3661 2670 3731 placiturae,
2704 3675 2807 3730 pro
2840 3659 3010 3728 cujus
3058 3658 3281 3714 meritis
3320 3659 3676 3725 ‘otleruntur.

2036 3757 2160 3823 Per,
2194 3759 2304 3811 etc.

2102 3844 2249 3899 Vere
2281 3838 2645 3913 diguum.Et
2673 3842 2835 3892 tuam
2888 3836 3387 3907 magnificentiam
3438 3854 3682 3909 propen-

2032 3933 2157 3989 sius
2184 3946 2442 3999 exorare,
2467 3927 2565 3999 qui
2602 3926 2771 3981 nobis
2796 3925 2952 3979 hunc
2984 3926 3134 3980 diem
3169 3927 3358 3982 sancti
3388 3927 3682 3982 Laurentii

2034 4021 2311 4095 martyris
2342 4015 2601 4074 tribuisti
2632 4016 3052 4080 venerandum,
3072 4031 3245 4085 quem
3278 4015 3357 4070 ita
3386 4015 3546 4070 omni
3577 4032 3681 4087 ge-

2028 4128 2166 4167 nere
2197 4107 2428 4183 pietatis
2461 4106 2851 4173 imbueras,ut
2883 4104 3035 4158 idem
3069 4104 3171 4158 tibi
3195 4121 3295 4158 ara
3312 4108 3486 4175 atque
3504 4104 3681 4159 sacri-

2026 4200 2251 4265 ﬁcium,
2284 4200 2439 4253 idem
2472 4193 2745 4250 sacerdos
2778 4197 2933 4247 esset
2962 4198 3017 4247 et
3045 4192 3353 4264 templum.
3389 4193 3515 4261 Per,
3563 4199 3673 4249 etc.

2104 4290 2169 4360 (τ’)
2195 4279 3015 4349 Satiasti,Domine,familiam
3041 4285 3199 4335 tuam
3225 4281 3569 4336 muneribus
3591 4296 3681 4335 sa-

2025 4382 2159 4440 cris.
2179 4380 2336 4449 Ejus,
2359 4384 2968 4445 quaesumus,semper
2998 4369 3419 4425 interventione
3448 4387 3554 4425 nos
3584 4385 3677 4424 re-

2027 4472 2176 4539 fove,
2208 4466 2378 4535 cujus
2409 4458 2697 4517 solemnia
2728 4458 3110 4513 celebramus.
3146 4463 3273 4529 Per,
3306 4463 3414 4513 etc.

272 4548 346 4602 tio
368 4566 469 4619 pro
502 4554 739 4603 tuorum
772 4548 995 4605 honore
1027 4554 1386 4619 sanctorum,
1422 4567 1671 4623 quorum
1704 4570 1764 4609 se
1799 4571 1918 4610 me-
1948 4555 1997 4620 D
2104 4555 2491 4626 Omnipotens
2514 4546 2869 4619 sempiterne
2892 4546 3067 4614 Deus,
3101 4547 3365 4602 Ecclesiae
3386 4552 3494 4601 tuae
3527 4546 3677 4603 votis

273 4638 394 4694 ritis
424 4638 755 4710 percepisse
785 4639 856 4694 de
881 4638 1257 4695 tribulatione
1287 4641 1585 4713 cognoscit
1605 4643 1913 4703 auxilium.

277 4727 393 4793 Per,
423 4733 533 4783 etc.

339 4816 482 4872 Vere
510 4816 779 4889 dignum.
800 4817 904 4883 Qui
941 4834 1047 4873 nos
1078 4822 1417 4874 sanctorum
1464 4819 1811 4878 Felicissimi
1860 4827 1917 4880 et

341 4940 415 5011 (α)
445 4941 622 4996 Codd.
657 4942 827 5013 Greg.
864 4942 1139 4998 exhibent
1168 4943 1315 4999 hanc
1349 4942 1656 5001 collectam
1706 4947 1798 5002 die
1843 4948 1914 5003 24

275 5013 514 5089 Augusti
550 5012 636 5089 _in
696 5012 841 5089 festo
895 5015 1235 5089 S.‘_Eusebii
1286 5017 1644 5089 presbyteri;
1679 5017 1914 5075 Missale

273 5088 429 5139 Rom.
461 5085 663 5139 eodem
695 5085 809 5151 die,
842 5089 899 5157 et
929 5085 1064 5140 alibi
1100 5085 1335 5157 saepius.

337 5158 409 5225 (ὁ)
464 5157 618 5211 Idem
669 5155 896 5211 Missale
945 5158 1093 5212 hanc
1141 5155 1463 5214 orationem
1496 5159 1723 5228 praefert
1752 5160 1844 5216 die
1874 5162 1909 5216 9

268 5227 511 5302 Juniigin
543 5228 690 5302 festo
720 5229 817 5284 SS.
852 5236 1170 5302 martyrum
1204 5231 1380 5286 Primi
1413 5236 1470 5286 et
1501 5227 1795 5287 Feliciani.

336 5302 399 5367 (c)
432 5300 743 5375 Itacodex.
791 5302 975 5375 Magis
1007 5300 1289 5359 arrideret
1318 5320 1432 5359 non
1478 5303 1725 5375 desistas,
1750 5306 1905 5375 quod

266 5372 615 5427 Muratorius
647 5373 883 5442 recepit.

335 5445 408 5513 (ά)
440 5444 603 5511 Cod.,
636 5442 778 5511 ideo,
812 5442 983 5499 male.

330 5516 400 5590 (ej
435 5521 499 5590 In
531 5532 679 5590 mss.
711 5515 1038 5590 Gregoget
1066 5514 1124 5590 in
1155 5520 1423 5590 Romano
1446 5516 1671 5590 missali
1696 5517 1910 5590 legitur

268 5588 351 5664 die
378 5589 452 5664 22
479 5587 540 5642 in
575 5585 769 5664 Natali
800 5585 1515 5664 SS.Timothei,Hippolyti
1544 5594 1601 5647 et
1630 5585 1910 5663 Sym'pho-

267 5660 429 5733 riani,
464 5664 523 5717 et
552 5658 719 5716 alibi.

2026 4635 2379 4722 propitiatus
2402 4638 2619 4711 sepire,
2653 4640 2717 4690 ut
2739 4636 2892 4690 beati
2921 4635 3185 4690 Laurenti
3209 4636 3479 4705 martyris
3502 4635 3678 4692 meri-

2027 4739 2107 4796 tis
2138 4735 2468 4807 adjuvetur,
2499 4727 2669 4797 cujus
2702 4724 2971 4797 passione
3002 4723 3249 4781 laetatur.
3279 4725 3409 4795 Per,
3440 4730 3549 4781 etc.

2095 4831 2196 4881 III.
2234 4828 2362 4880 Item
2392 4819 2545 4876 alia.
2579 4846 2641 4855 —
2676 4812 3078 4885 Magniﬁcasti,
3125 4813 3389 4887 Domine,
3440 4819 3675 4874 sanctos

2096 4953 2158 5023 (ί)
2194 4946 2482 5023 Εχειῑᾶιᾴξη
2511 4944 2674 5023 βοτη.
2708 4938 2926 5023 ξιὶεεαΙὶ
2958 4939 3052 4996 die
3083 4940 3105 4997 Ι
3143 4943 3291 5015 Aug.
3326 4942 3386 4999 in
3413 4959 3674 5000 comme-

2025 5012 2350 5079 moratione
2381 5018 2481 5073 SS.
2515 5012 2911 5068 Machabzeoru
2925 5029 2975 5066 m
2988 5055 3001 5067 .

2091 5096 2168 5167 (g)
2202 5094 2331 5149 Haec
2361 5083 2897 5167 estltiissavigiliae
2927 5085 3038 5140 sub
3069 5087 3273 5142 eodem
3329 5086 3498 5143 titulo
3556 5104 3675 5143 una

2021 5156 2163 5224 cum,
2189 5163 2409 5221 caeteris
2442 5159 2555 5214 diei
2588 5156 2740 5212 festi.

2092 5240 2169 5310 (ἡ)
2205 5241 2263 5292 ln
2296 5234 2464 5310 codd.
2496 5230 2733 5310 Gregor.
2765 5229 2966 5310 eadem
2999 5233 3086 5284 est
3116 5230 3288 5310 die
3325 5229 3571 5310 Augusti
3602 5229 3663 5310 in

2092 5246 2169 5310 (ἡ)
2205 5246 2263 5292 ln
2296 5246 2464 5291 cedd.
2496 5246 2733 5356 ureﬁr.
2765 5246 2966 5283 eadem
2999 5246 3086 5284 est.
3116 5246 3207 5284 αιθ
3232 5246 3288 5284 11
3325 5246 3571 5301 augusu
3602 5246 3663 5285 1n

2021 5310 2200 5366 Missa
2230 5310 2287 5364 S.
2320 5303 2591 5361 Tiburtii.
2684 5300 2857 5356 issale
2898 5300 3063 5355 Rom.
3119 5302 3345 5357 modica
3392 5302 3668 5357 varietate

2020 5383 2283 5437 eamdem
2315 5379 2491 5435 habet
2520 5374 2723 5431 eodem
2755 5373 2868 5442 die,
2904 5377 2957 5427 et
2989 5373 3048 5427 in
3082 5374 3225 5429 festo
3256 5378 3311 5427 Β.
3362 5373 3663 5429 Bartbolo-

2018 5471 2171 5509 m&l.

2091 5526 2154 5597 (ί)
2185 5523 2633 5597 (ἶοάὰηβι-βεοςι.
2669 5520 2726 5571 et
2754 5513 2987 5597 Missale
3034 5514 3200 5570 Rom.
3253 5514 3469 5573 habent
3513 5517 3664 5574 hanc

2020 5586 2326 5655 collectam
2361 5593 2453 5650 die
2485 5586 2550 5647 18
2578 5592 2725 5661 Aug.
2758 5592 2815 5644 et
2842 5586 3002 5643 alibi.
