4120 6236
332 336 410 397 97
1112 329 1345 393 LIBER
1387 319 2092 390 SACRAMENTORUM
2132 314 2533 383 ECGLESLE
2568 318 2959 384 'ROMANIE.
3666 330 3747 392 98

329 470 471 525 tium
506 470 827 540 martyrem
863 469 1031 521 tuum
1076 468 1133 520 te
1180 463 1506 535 inspirante
1554 458 1879 532 diligimus,
1915 457 2063 523 utA
2160 454 2473 510 Ofi‘erimus
2512 453 2754 525 hostias,
2799 455 3060 527 Domine,
3095 458 3155 513 in
3204 460 3392 515 sancti
3448 461 3749 521 Laurentii

327 561 452 631 ejus
482 557 673 613 Natali
708 557 783 628 (α)
817 560 1143 623 ρι’ωουηῐθε
1184 553 1297 626 piis
1355 567 1587 622 semper
1614 546 1985 605 intercessio-

326 649 500 704 nibus
532 648 832 702 foveamur
861 651 917 700 et
949 643 1198 700 meritis.
1233 647 1361 707 Per,
1399 644 1509 695 etc.

394 738 487 792 XI.
522 739 661 792 Item
690 736 825 791 alia.
849 765 918 775 ——
937 740 1116 805 Auge,
1139 747 1508 803 quaasumus,
1534 726 1983 793 Domine,ﬁdem

322 824 521 898 populi
552 826 662 891 tui,
695 825 767 879 de
806 823 995 878 sancti
1033 819 1327 876 Laurentii
1361 817 1635 890 martyris
1671 815 1986 870 festivitate

323 919 687 986 conceptam,
720 918 784 967 ut
814 914 887 967 ad
929 910 1361 966 confessionem
1392 907 1476 962 tui
1518 904 1776 961 nominis
1807 903 1985 959 nullis

320 1019 634 1076 prOperare
678 1007 1008 1057 terreamur
1055 997 1337 1068 adversis,
1387 997 1489 1052 sed
1537 998 1711 1050 tantae
1749 993 1984 1049 virtutis

317 1093 536 1147 intuitu
572 1090 767 1163 potius
794 1090 1132 1145 incitemur.
1167 1088 1293 1156 Per,
1327 1091 1436 1141 etc.

383 1181 596 1237 Adsint
627 1180 817 1245 nobis,
851 1177 1114 1245 Domine,
1145 1175 1467 1247 patrocinia
1496 1173 1601 1229 tibi
1637 1177 1803 1245 grata
1851 1189 1983 1227 san-

311 1276 534 1338 torum,
568 1274 635 1325 ut
664 1286 791 1340 quas
825 1285 927 1340 pro
959 1267 1198 1323 illorum
1231 1263 1608 1320 solemnitate
1640 1262 1980 1331 deferimus,

309 1376 515 1416 corum
550 1358 933 1416 commendet
963 1356 1168 1412 oratio.
1205 1356 1326 1424 Per,
1344 1358 1452 1409 etc.

375 1451 462 1523 (ὁ)
494 1449 645 1505 Vere
675 1448 943 1520 dignum.
978 1446 1039 1501 In
1086 1445 1180 1501 die
1232 1442 1623 1500 solemnitatis
1655 1441 1974 1509 hodiernae,

308 1559 425 1614 qua
457 1539 620 1595 beati
640 1537 933 1594 Laurentii
964 1536 1215 1592 hostiam
1247 1533 1355 1590 tibi
1377 1534 1654 1606 placitam
1686 1532 1829 1589 casti
1852 1549 1976 1587 cor-

306 1631 471 1704 poris
500 1628 758 1701 glorioso
790 1626 1112 1682 certamine
1134 1622 1688 1695 suscepisti.Prunis
1719 1638 1976 1694 namque

306 1718 685 1793 superposita
716 1716 1044 1773 stridebant
1074 1714 1341 1770 membra
1363 1712 1745 1777 viventia,nec
1775 1716 1973 1767 tamen

305 1813 431 1865 erat
477 1824 653 1879 poena
712 1804 1006 1878 patientis,
1041 1804 1140 1859 sed
1184 1802 1289 1874 pia
1339 1802 1727 1857 confessionis
1774 1802 1973 1857 incen-
2002 1833 2050 1899 Β

303 1914 469 1954 sum.
504 1896 708 1967 Neque
739 1900 970 1950 terreno
1006 1892 1240 1948 liberari
1272 1893 1535 1947 cruciatu
1570 1895 1790 1963 martyr
1815 1896 1972 1963 cpta-

302 1987 427 2055 bat,
463 1985 567 2041 sed
616 1983 883 2039 coronari
909 1982 1358 2055 deprecabatur,
1392 1981 1448 2035 in
1483 1980 1664 2038 ctelis.
1701 1980 1826 2045 Per,
1859 1985 1969 2037 etc.

368 2075 501 2130 XII.
534 2075 674 2129 Item
702 2074 837 2127 alia.
894 2102 957 2112 —
1008 2073 1234 2137 Annue,
1286 2086 1646 2142 quaesumus,
1704 2070 1968 2142 Domine,

302 2163 587 2237 precibus
639 2160 858 2217 nostris
913 2164 975 2214 ut
1022 2160 1207 2215 sancti
1240 2158 1535 2213 Laurentii
1577 2160 1852 2231 martyris
1884 2160 1970 2213 tui

300 2249 622 2319 solemnia,
646 2266 774 2321 quae
808 2246 971 2303 cultu
1005 2246 1110 2302 tibi
1142 2245 1337 2302 debito
1372 2248 1969 2318 praevenimus,pros-

298 2357 442 2413 pero
481 2339 886 2411 suscipiamus
917 2337 1149 2392 effectu.
1182 2341 1315 2406 Per,
1347 2342 1459 2392 etc.

363 2431 439 2503 (ε)
480 2429 831 2485 Muneribus
864 2427 1105 2493 nostris,
1144 2426 1408 2492 Domine,
1442 2426 1629 2481 sancti
1671 2426 1968 2481 Laurentii

297 2520 589 2591 martyris
616 2516 704 2573 tui
738 2518 887 2572 festa
917 2515 1411 2588 prmcedimus,ut
1437 2532 1563 2585 quae
1596 2516 1967 2571 conscientia

296 2614 524 2664 nostrae
558 2606 996 2679 praepediuntur
1025 2604 1350 2674 obstaculo,
1381 2604 1541 2660 illius
1574 2605 1799 2660 meritis
1831 2622 1967 2677 gra-

298 2707 351 2755 ta
382 2698 747 2758 reddantur.
782 2696 910 2762 Per,
942 2699 1053 2750 etc.

360 2791 525 2844 Vere
558 2783 1119 2857 dignum.Quamvis
1141 2782 1297 2838 enim
1331 2787 1667 2839 sanctorum
1699 2786 1961 2850 tuorum,

293 2880 677 2949 propagante
704 2879 781 2943 te,
814 2873 1081 2939 Domine,
1115 2877 1237 2927 toto
1270 2872 1408 2927 orbe
1437 2872 1515 2944 (d)
1546 2872 1703 2927 clara
1733 2872 1810 2927 sit
1838 2872 1960 2944 glo-

290 2966 492 3033 ria,de
520 2964 679 3019 beati
711 2968 905 3018 tamen
936 2961 1306 3018 solemnitate
1326 2962 1620 3016 Laurentii
1648 2961 1959 3033 peculiaris

289 3073 400 3126 pra
440 3052 677 3109 ceteris
709 3053 889 3107 Roma
916 3052 1019 3107 92
1053 3050 1316 3119 laetatur;
1370 3052 1539 3123 cujus
1573 3051 1640 3123 (ε)
1669 3052 1959 3107 nascendo

289 3145 462 3212 civis,
501 3158 672 3197 sacer
702 3140 1067 3212 minister,(f)
1089 3145 1145 3196 et
1173 3141 1432 3195 dicatum
1457 3140 1681 3194 nomini
1709 3146 1807 3194 tuo
1832 3158 1958 3195 mu-

2095 544 2365 615 martyris
2396 544 2479 598 tui
2531 543 2811 600 hodierna
2840 546 3154 603 festivitate
3181 549 3298 620 (Al.
3352 551 3745 627 confessione)

2094 633 2437 704 gaudentes,
2473 650 2598 705 quae
2630 634 2820 701 nobis,
2854 641 3130 706 operante
3159 642 3239 705 te,
3278 639 3616 712 Domine,et
3648 661 3750 700 au-

2092 722 2296 777 xilium
2332 721 2577 777 contulit
2604 727 2660 778 et
2689 724 3034 794 profectum.
3071 729 3199 791 Per,
3231 732 3342 782 etc.

2165 811 2309 866 Vere
2331 811 2941 884 dignum.Praetiosam
2966 820 3211 870 mortem
3238 818 3743 878 sanctiLaurentii

2095 901 2368 973 martyris
2382 900 2909 957 tuiexsultantibus
2924 904 3138 959 animis
3152 906 3743 983 celebrantes,quam,

2094 995 2150 1046 te
2181 990 2464 1061 vincente,
2487 991 2702 1046 diaboli
2724 992 3019 1048 cernimus
3034 1010 3163 1049 esse
3184 995 3470 1053 vitricem.
3498 1000 3742 1072 Per,etc.

2163 1080 2243 1152 (It)
2273 1082 2357 1136 Da
2388 1082 2576 1150 nobis,
2612 1084 2982 1154 omnipotens
3013 1084 3187 1152 Deus,
3214 1092 3278 1141 ut
3305 1090 3460 1145 beati
3492 1091 3747 1148 Lauren-

2090 1169 2134 1224 ti
2162 1171 2434 1243 martyris
2460 1172 2542 1227 tui
2561 1173 2893 1228 veneranda
2914 1173 3260 1231 solemnitas
3293 1181 3349 1232 et
3379 1178 3745 1239 devotionem

2091 1260 2259 1315 nobis
2290 1266 2498 1333 augeat
2527 1266 2583 1316 et
2613 1261 2883 1317 salutem.
2920 1267 3049 1329 Per,
3080 1269 3191 1319 etc.

2748 1351 2829 1406 Ad
2858 1359 3091 1407 octavas.

2160 1438 2307 1493 XIV.
2342 1439 2471 1495 Item
2503 1440 2639 1495 alia.
2669 1470 2735 1481 —
2783 1444 3129 1497 Sanctorum
3182 1446 3418 1499 tuorum
3454 1463 3579 1513 nos,
3630 1451 3741 1504 Do-

2090 1529 2269 1598 mine,
2294 1528 2567 1584 continua
2590 1529 2958 1585 solemnitate
2984 1532 3284 1599 comitare,
3309 1539 3373 1588 ut
3399 1536 3499 1606 qui
3523 1537 3739 1595 nostris

2088 1618 2314 1673 meritis
2343 1618 2721 1690 impedimur,
2745 1636 2945 1675 eorum
2979 1620 3078 1691 qui
3102 1620 3207 1675 tibi
3240 1621 3586 1694 placuerunt
3606 1643 3739 1698 pre-

2085 1706 2252 1761 cibus
2286 1707 2656 1779 adjuvemur.
2689 1707 2814 1763 Per.
2850 1713 2961 1763 etc.

2155 1796 2228 1851 Ut
2258 1797 2544 1852 sacriﬁcia
2593 1802 2814 1865 nostra,
2846 1797 3111 1866 Domine,
3146 1800 3500 1872 prepitiatus
3550 1803 3741 1859 inten-

2082 1887 2209 1953 das,
2242 1888 2426 1942 sancti
2458 1887 2753 1943 Baurentii
2787 1904 2892 1943 nos
2924 1889 3200 1960 martyris
3250 1891 3333 1945 tui
3368 1894 3743 1950 commendet

2083 1976 2292 2033 oratio.
2331 1977 2459 2045 Per,
2494 1980 2607 2031 etc.

2157 2064 2297 2121 Vere
2327 2066 2592 2138 dignum.
2612 2066 2759 2130 Quia
2790 2066 2849 2121 in
2880 2070 3214 2123 sanctorum
3240 2073 3476 2125 tuorum
3506 2088 3741 2143 semper

2079 2171 2143 2210 es
2175 2154 2387 2211 virtute
2418 2155 2736 2227 gloriosus.
2768 2157 2836 2211 Et
2868 2157 3099 2228 quoties
3126 2157 3363 2214 illorum
3395 2160 3545 2216 festa
3575 2178 3737 2219 reco-

2080 2243 2282 2311 limus,
2317 2253 2366 2300 le
2397 2245 2723 2301 mirabilem
2756 2248 3138 2302 confitemur.
3175 2248 3300 2314 Per,
3335 2256 3450 2305 etc.

2150 2334 2345 2389 Sancti
2380 2334 2673 2389 Laurentii
2716 2351 2845 2401 nos,
2879 2336 3143 2401 Domine,
3176 2336 3522 2394 solemnitas
3572 2356 3735 2412 repe-

2081 2423 2186 2477 tita
2214 2429 2466 2491 tueatur,
2503 2428 2561 2478 et
2592 2424 3008 2479 misericordiae
3043 2430 3153 2479 tuae
3188 2424 3530 2484 intercessio
3562 2428 3733 2485 beata

2078 2511 2363 2567 conciliet.
2398 2516 2526 2583 Per,
2559 2518 2668 2567 etc.

2539 2601 2641 2656 93
2674 2601 2737 2673 (ἰ)
2769 2618 2955 2656 IDIBUS
2984 2619 3259 2658 AUGUSTI.

2266 2692 2461 2746 Natale
2497 2695 2809 2745 sanctorum
2839 2692 3131 2763 Hippolyti
3160 2696 3209 2747 et
3241 2695 3525 2750 Pontiani.

2145 2782 2187 2834 Ι.
2216 2811 2284 2819 -
2315 2780 2489 2850 Deus,
2515 2779 2611 2851 qui
2640 2797 2744 2835 nos
2765 2780 2824 2834 in
2856 2785 3193 2836 sanctorum
3220 2788 3542 2855 martyrum
3575 2784 3726 2839 mul-

2071 2868 2434 2940 tiplicatione
2478 2869 2762 2938 custodis,
2795 2870 2871 2925 da
2899 2874 2962 2925 ut
3005 2887 3253 2941 quorum
3296 2872 3582 2928 solemnia
3617 2874 3723 2929 fre.

2072 2964 2445 3031 quentamus,
2477 2958 2811 3014 incessabili
2836 2961 3114 3030 juvemur
3138 2960 3375 3016 auxilio.
3410 2961 3535 3027 Per,
3570 2967 3681 3018 etc.

2143 3050 2199 3120 (j)
2234 3048 3021 3119 Respice,Domine,munera
3043 3049 3240 3121 populi
3264 3051 3718 3116 tui,sanctorum

2072 3136 2383 3193 festivitate
2412 3139 2625 3202 votiva,
2659 3143 2714 3193 et
2744 3142 2855 3193 tuae
2887 3138 3220 3194 testiﬁcatio
3252 3140 3512 3196 veritatis
3545 3141 3714 3197 nobis

286 3252 399 3289 nus
435 3208 538 3288 est
569 3232 899 3303 proprium.
929 3208 1172 3302 Qui—iper
1202 3234 1365 3285 tuam
1395 3231 1660 3300 gratiam,
1686 3230 1958 3284 commis-
1988 3208 2031 3274 Ο
2069 3226 2335 3297 proﬁciat
2364 3229 2429 3281 ad
2464 3226 2737 3283 salutem.
2766 3228 2895 3293 Per,
2929 3234 3040 3283 etc.

287 3340 364 3378 sae
408 3320 541 3377 sibi
592 3318 1053 3391 dispensationis
1099 3323 1403 3374 exsecutor
1449 3318 1740 3391 egregius,
1774 3324 1838 3373 ut
1886 3320 1957 3373 ad

2140 3316 2216 3386 (k)
2252 3318 2393 3371 Vere
2426 3317 2692 3387 dignum.
2717 3317 2843 3370 Tibi
2875 3320 3051 3386 enim,
3085 3318 3349 3385 Domine,
3387 3319 3589 3376 festiva
3619 3336 3719 3377 so-

285 3411 652 3484 martyrium
676 3407 1002 3480 perveniret
1026 3432 1039 3475 ;
1063 3408 1316 3463 emeruit
1340 3425 1440 3479 pro
1474 3408 1732 3479 praemio,
1766 3412 1822 3462 et
1842 3425 1958 3480 quo
2068 3404 2343 3461 lemnitas
2374 3405 2590 3477 agitur,
2622 3405 2723 3459 tibi
2752 3406 2878 3460 dies
2909 3412 3136 3461 sacrata
3171 3407 3513 3478 celebratur,
3539 3427 3715 3480 quam

289 3500 558 3557 caelestis
576 3497 855 3552 existeret
874 3501 1223 3552 consecutus
1245 3502 1332 3552 est
1355 3496 1955 3569 passionem.Per,etc.

364 3588 733 3646 Intercessio
764 3586 918 3642 beati
950 3585 1246 3641 Laurentii
1288 3586 1562 3659 martyris
1595 3587 1700 3656 tui,
1762 3586 1957 3642 Domi-

289 3694 379 3746 ne,
417 3679 502 3733 de
541 3693 654 3733 sua
684 3674 854 3731 nobis
904 3675 1271 3730 confessione
1320 3676 1688 3731 nascentium
1735 3692 1957 3731 merea-

289 3773 384 3823 tur
408 3764 855 3839 plenitudinem
887 3764 1262 3836 gaudiorum.
1296 3764 1421 3832 Per,
1457 3768 1566 3819 etc.

354 3854 637 3911 Exsultet
684 3851 938 3924 populus
976 3856 1138 3920 tuus,
1192 3853 1456 3922 Domine,
1502 3869 1863 3925 quaesumus,
1897 3854 1958 3909 in

285 3945 485 4002 sancti
520 3941 1082 4000 commemoratione
1114 3941 1438 4009 Laurentii;
1471 3945 1528 3997 et
1557 3943 1728 4012 cujus
1762 3943 1831 3999 de
1862 3960 1957 3999 vo-

286 4034 401 4090 tivo
434 4033 682 4089 laetatur
711 4030 1224 4102 ofﬁcio,suli‘ragio
1255 4030 1544 4086 relevetur
1573 4036 1792 4103 optato.
1826 4036 1955 4104 Per,

292 4128 401 4181 etc.

352 4211 515 4268 XIII.
556 4213 703 4266 Item
730 4208 865 4263 alia.
890 4237 959 4249 --
981 4208 1055 4279 (g)
1076 4208 1243 4265 Adsit
1269 4208 1461 4277 nobis,
1488 4209 1957 4276 Domine,sancti

281 4298 597 4357 Laurentii
631 4297 903 4365 martyris
938 4296 995 4351 in
1028 4302 1128 4353 tua
1152 4296 1575 4369 gloriﬁcatione
1606 4298 1953 4372 benedictio,

282 4392 457 4462 cujus
494 4387 670 4443 nobis
692 4391 781 4442 est
802 4386 976 4442 hodie
1002 4386 1154 4444 facta
1184 4386 1529 4459 suffragium
1564 4387 1623 4443 in
1646 4392 1750 4444 tua
1776 4389 1956 4446 virtu-

282 4486 333 4535 te
364 4477 693 4535 confessio.
727 4480 860 4544 Per,
892 4478 1001 4532 etc.

2069 3494 2257 3549 sancti
2290 3493 2581 3566 Hippolyti
2631 3496 2904 3565 martyris
2933 3494 3017 3548 tui
3060 3496 3302 3565 sanguis
3345 3496 3405 3550 in
3454 3499 3718 3555 veritatis

2068 3587 2181 3638 tum
2211 3584 2616 3639 testiﬁcatione
2647 3584 2921 3654 profusus
2968 3584 3274 3656 magniﬁco
3324 3586 3579 3642 nominis
3629 3588 3718 3643 tui

2072 3673 2289 3727 honore
2320 3672 2591 3743 signavit.

2141 3762 2204 3833 (ι)
2234 3762 2408 3817 Sacra
2441 3777 2683 3816 munere
2713 3760 2928 3829 satiati,
2963 3760 3283 3834 supplices,
3319 3763 3578 3835 Domine,
3613 3766 3719 3822 de-

2070 3868 2377 3922 precamur
2408 3854 2473 3905 ut
2503 3851 2655 3921 quod
2688 3851 2891 3906 debita:
2919 3851 3215 3906 servitutis
3245 3851 3611 3910 celebramus
3634 3856 3719 3911 of-

2070 3940 2221 4007 ﬁcio,
2263 3939 2604 3996 salvationis
2634 3944 2746 3994 tua:
2787 3941 3111 3996 sentiamus
3134 3946 3537 4012 augmentum.
3590 3943 3717 4009 Per,

2068 4032 2181 4084 etc.

2138 4118 2314 4184 Deus,
2347 4118 2447 4189 qui
2478 4116 2795 4172 Ecclesium
2827 4122 2989 4173 tuam
3026 4117 3354 4173 innumeris
3379 4124 3717 4177 sanctorum

2067 4204 2386 4277 patrocinis
2416 4210 2473 4260 et
2504 4204 2798 4277 gloriﬁcas
2829 4211 2886 4260 et
2908 4207 3115 4273 tueris,
3138 4210 3347 4279 praesta
3372 4213 3436 4261 ut
3466 4224 3716 4278 quorum

2066 4293 3065 4367 celebrat,conventum,experiatur
3096 4296 3307 4351 deuota
3337 4297 3710 4369 suffragium,

2066 4384 2191 4450 Per,
2225 4386 2333 4437 etc.
3396 4442 3399 4445 Α

2136 4473 2204 4527 ΙΙ.
2234 4476 2374 4528 Item
2402 4471 2544 4529 alia.
2580 4503 2652 4515 —
2691 4473 2991 4546 Perpetuis
3023 4492 3151 4546 nos,
3184 4474 3448 4542 Domine,
3485 4480 3716 4532 sancto-

352 4585 435 4657 (a)
468 4583 595 4639 Hoc
636 4582 879 4657 verbum
927 4586 1237 4653 praeeuntes
1278 4582 1497 4639 indicat
1521 4583 1671 4639 hanc
1713 4585 1952 4642 Missam
1985 4589 2032 4654 D
2068 4598 2236 4657 [nano
2268 4581 2489 4636 Missali
2520 4582 2708 4657 Missa
2740 4583 3051 4657 communi
3085 4582 3436 4657 confesssris
3482 4582 3719 4657 pontiﬁ-

282 4653 561 4730 spectare
594 4655 666 4730 ad
697 4653 980 4730 vigiliam.

354 4730 437 4799 (ὁ)
477 4731 579 4781 Est
608 4726 668 4780 in
698 4723 957 4799 Safcram.
980 4723 1195 4799 Gelae.
1219 4724 1417 4799 libuit,
1450 4742 1506 4780 n.
1541 4726 1629 4799 {13.

354 4796 431 4871 (ε)
466 4799 603 4871 Hec
632 4797 818 4871 oratio
846 4797 1098 4871 pertinet
1129 4796 1493 4871 advigiliam
1538 4798 1595 4852 S.
1634 4799 1951 4855 Laurentii.

354 4813 431 4871 (ε)
466 4813 603 4853 nec
632 4813 818 4853 oratio
846 4813 1098 4869 pertinet
1129 4813 1199 4852 aa
1234 4813 1493 4922 νιβιιιωη
1538 4813 1595 4852 δ.
1634 4813 1951 4855 Laurentii.

280 4870 345 4942 In
382 4870 747 4942 cod.AGelas.
782 4870 1031 4942 refertur
1059 4869 1118 4923 in
1169 4868 1283 4940 vigi
1315 4869 1370 4923 ia
1418 4871 1684 4925 omnium
1716 4877 1952 4942 aposto-

282 4941 487 4998 lorum
522 4940 627 4995 lib.
659 4958 722 5003 11,
760 4958 818 4995 n.
851 4941 941 4995 34.

357 5014 439 5086 (d)
474 5014 560 5069 Ita
590 5014 791 5086 codex.
833 5012 1000 5086 Apud
1030 5010 1434 5086 Muratorium,
1468 5012 1618 5086 dcta.

359 5083 438 5155 (ε)
472 5089 683 5140 Notent
717 5083 836 5139 haec
867 5084 967 5155 qui
997 5088 1054 5140 S.
1089 5083 1470 5138 Laurentium
1504 5084 1833 5139 Romanum
1857 5099 1952 5140 ne-

284 5162 649 5297 338:.Valde
696 5225 897 5281 luxata
943 5224 1067 5297 haec
1118 5224 1374 5295 prmfatio
1422 5228 1533 5291 est,
1567 5232 1622 5280 et
1652 5226 1951 5283 difﬁcilius

284 5296 494 5354 sanari
527 5301 743 5369 potest.
774 5296 1129 5369 Muratorius
1159 5312 1227 5351 ex
1257 5296 1591 5369 suspicione
1623 5297 1952 5354 Blanchinii

284 5386 392 5443 pro
426 5368 763 5443 ctﬁdicatum
794 5369 985 5443 edidit
999 5368 1344 5443 dedicatum.

351 5442 569 5523 (gl-Est
598 5441 754 5514 apud
780 5441 939 5499 Gela.
972 5438 1075 5494 lib.
1110 5458 1171 5507 II,
1204 5457 1263 5497 n‘
1295 5442 1382 5511 43,
1404 5444 1460 5497 et
1489 5440 1547 5496 in
1580 5439 1949 5512 Gregor.Me-

286 5515 1261 5667 fugai-In.ﬁacramﬁelasmaucisn
1272 5584 1515 5667 mutatis
1546 5586 1950 5667 accommoda-

747 5655 1069 5742 Laurentii,
1102 5674 1161 5741 ῃ.
1196 5658 1283 5713 42.
1317 5658 1381 5742 In
1405 5659 1945 5742 Gregor.c‘odd.ltiu-

287 5728 503 5789 ratorii
540 5732 774 5801 aptatur
802 5728 995 5788 Missa
1025 5728 1203 5787 unius
1234 5728 1606 5801 confessoris,
1636 5734 1693 5788 et
1722 5730 1782 5787 in
1830 5735 1944 5788 Ro-

2063 4654 2169 4781 cis,
2205 4670 2476 4780 nfecfnon
2532 4654 2741 4725 vigiliae
2789 4656 2846 4712 S.
2898 4653 3311 4711 Bartholomaai
3362 4654 3634 4726 apostoli,
3666 4658 3724 4712 et

2066 4744 2097 4781 a
2125 4742 2196 4780 IIS
2251 4742 2312 4780 es
2341 4742 2410 4780 IS.

2066 4726 2196 4781 aliis
2228 4725 2410 4780 festis.

2138 4797 2208 4869 (ί)
2240 4798 2298 4851 In
2336 4794 2593 4851 Indiculo
2625 4796 3004 4860 Bucheriano,
3026 4797 3211 4851 Idibus
3243 4797 3489 4865 Augusti.
3516 4797 3718 4869 Hippo-

2066 4869 2176 4940 lyti
2206 4871 2265 4923 in
2297 4870 2604 4923 Tiburtiani
2630 4874 2683 4922 et
2714 4870 2978 4923 Pontiani
3009 4870 3217 4939 (papae)
3248 4873 3307 4923 in
3337 4869 3711 4927 Callz‘sti.Uuo

2064 4941 2292 4995 diversa
2322 4941 2655 4995 cosmeteria
2685 4940 2995 4995 distinctas
3024 4942 3229 4996 Missas
3261 4940 3591 4998 postulasse
3635 4944 3718 4998 vi-

2063 5014 2290 5077 dentur,
2326 5012 2571 5066 alteram
2603 5013 2674 5065 de
2704 5012 2760 5066 S.
2797 5011 3103 5083 Hippolyto
3134 5011 3485 5071 celebratam
3520 5015 3579 5069 in
3603 5030 3713 5070 coe-

2063 5086 2304 5138 meterio
2326 5083 2418 5138 via
2440 5083 2844 5150 Tiburtina,de
2865 5090 2919 5139 S.
2944 5085 3227 5141 Pontiano
3249 5088 3492 5143 alteram
3514 5086 3574 5140 in
3598 5103 3711 5141 coe-

2063 5155 2305 5228 meterio
2326 5154 2553 5228 Calisti.
2570 5154 2833 5224 Sequens
2854 5158 3031 5212 Missa
3051 5160 3383 5213 communis
3406 5164 3493 5215 est
3515 5158 3713 5228 S.Hip-

2060 5227 2254 5299 polyto
2285 5226 2697 5299 accomadala;
2734 5230 2884 5283 unde
2932 5231 3134 5285 eadem
3182 5230 3431 5285 aliorum
3482 5226 3715 5285 sancto-

2060 5298 2193 5373 rum
2227 5298 2667 5373 Missis,inserto
2700 5298 2957 5371 ipsorum
2983 5302 3444 5373 nomine,aptata
3474 5299 3709 5373 legitur.

2128 5372 2195 5442 (j)
2226 5372 2355 5444 Haec
2387 5370 2569 5444 oratio
2620 5376 2711 5426 est
2743 5378 2965 5428 secreta
2986 5375 3043 5427 in
3089 5374 3266 5428 Missa
3290 5370 3356 5428 'S.
3390 5370 3708 5444 Hippolyti.

2059 5447 2186 5515 tum
2220 5443 2278 5497 in
2307 5444 2477 5497 codd.
2512 5443 2775 5515 Gregor.,
2809 5450 2929 5499 tum
2966 5444 3025 5497 in
3060 5444 3319 5499 Romano
3354 5442 3600 5497 Missali.

2152 5514 2201 5583 At)
2239 5514 2378 5570 Vide
2408 5533 2587 5588 supra
2618 5514 3015 5588 praefationem
3045 5518 3231 5569 Missae
3263 5532 3295 5570 v
3322 5516 3380 5569 S.
3416 5515 3600 5642 Xfysti.

2152 5586 2188 5642 ll
2226 5586 2462 5642 Degitur
2507 5588 2567 5642 in
2618 5605 2763 5642 mss.
2815 5586 3208 5642 Gregorianis.
3242 5595 3296 5642 et
3339 5587 3398 5642 in
3500 5604 3600 5642 om.

2150 5586 2188 5653 ι)
2226 5586 2567 5658 Degitur'in
2618 5586 2763 5644 mss.
2815 5586 3296 5658 Gregorianis,iet
3339 5587 3398 5642 in
3449 5586 3709 5643 Romano

2052 5657 2277 5732 Missali
2307 5657 2399 5732 die
2426 5661 2461 5714 2
2485 5659 2647 5717 Junii
2674 5660 2867 5719 Natali
2897 5659 2999 5719 SS.
3023 5657 3344 5717 Marcellini
3376 5663 3437 5719 et
3463 5660 3710 5732 Petri,ac

2054 5729 2116 5787 in
2156 5730 2290 5789 aliis
2330 5731 2518 5791 festis.
