4120 6236
426 288 507 351 99
1387 285 1646 350 OPERA
1688 287 1754 346 S.
1799 282 2036 346 LEONI
2079 281 2359 345 MAGNO
2400 283 2884 348 ATTRIBUTA.

3716 286 3837 347 100

422 435 557 476 rum
586 422 751 476 tuere
779 418 1091 491 praesidiis,
1123 423 1179 475 et
1205 423 1424 491 quanto
1462 416 1806 490 fragiviores
1839 431 2069 482 sumus,
2102 417 2156 482 Α
2256 415 2362 471 Pro
2391 415 2615 472 familia
2642 421 2763 484 tua,
2802 416 3066 483 Domine,
3097 430 3458 487 quesumus,
3491 421 3824 476 sanctorum

415 514 582 566 tanto
614 510 804 582 magis
834 509 1177 564 necessariis
1207 509 1405 563 attolle
1435 506 1764 578 suffragiis.
1796 509 1925 571 Per,
1957 507 2071 558 etc.

493 599 567 670 (α)
596 599 964 663 Quaesumus,
999 601 1372 668 omnipotens
1419 599 1588 666 Deus,
1624 601 1688 651 ut
1735 599 2071 650 sanctorum

2185 509 2508 576 martyrum
2541 505 2888 561 venerabilis
2907 505 3230 560 intercedat
3251 505 3454 572 oratio,
3479 510 3543 560 ut
3571 523 3822 577 quorum

2182 591 2472 650 solemnia
2501 595 2708 650 devota
2739 600 2933 650 mente
2962 611 3077 649 non
3109 593 3552 661 deserit,eorum
3585 597 3697 667 piis
3731 599 3825 653 ad-

421 693 660 744 tuorum
695 686 1030 742 caelestibus
1080 686 1375 758 mystoriis
1407 684 1699 740 celebrata
1730 680 2072 758 solemnitas
2170 681 2306 751 juta
2335 683 2647 754 praesidiis,
2679 691 2736 738 et
2766 682 3223 740 consolationem
3248 684 3458 738 referat
3477 689 3534 739 et
3554 684 3821 742 salutem.

422 775 852 847 indulgentiam
913 775 1082 830 nobis
1133 755 1248 830 tuae
1307 773 1742 846 propitiationis
1785 755 2070 842 acquirat.

427 870 552 930 Per,
588 869 696 918 etc.

493 957 639 1007 Vere
669 952 934 1024 dignum.
961 951 1066 1018 Qui
1089 969 1202 1006 non
1237 950 1425 1006 solum
1462 951 1634 1006 malis
1666 950 1882 1005 nostris
1913 949 2066 1003 bona

420 1042 718 1104 retribuis,
752 1042 852 1096 sed
886 1046 951 1094 ut
991 1041 1222 1096 miseris
1274 1040 1541 1096 uberiora
1572 1042 1726 1096 dona
1756 1039 2062 1104 concedas,

418 1132 517 1202 qui
551 1131 725 1201 digne
749 1147 851 1200 pro
885 1130 1050 1184 nobis
1074 1130 1302 1200 possint
1331 1130 1712 1196 intercedere,
1737 1125 2064 1196 contulisti,

416 1230 473 1275 et
499 1220 649 1290 quod
675 1224 875 1273 nostra
895 1217 1253 1272 conscientia
1284 1235 1398 1273 non
1425 1219 1698 1288 habebat,
1723 1214 2064 1272 intercessio

414 1308 650 1380 supplet
676 1306 784 1361 tibi
815 1311 982 1377 grata
1003 1307 1329 1376 justorum.
1377 1311 1509 1374 Per,
1563 1314 1672 1362 etc.

485 1398 559 1469 (b)
593 1397 791 1452 Sancti
825 1395 1096 1468 martyris
1117 1395 1366 1467 Agapiti,
1408 1397 1665 1465 Domine,
1699 1410 2062 1466 quassumus,

411 1486 742 1542 veneranda
770 1484 1074 1550 festivitas,
1097 1483 1372 1541 salutaris
1401 1484 1603 1541 auxilii
1636 1484 2066 1555 nobispriestet

414 1579 824 1648 augmentum.
848 1577 976 1641 Per,
1010 1581 1117 1629 etc.

484 1663 657 1718 Plebs
687 1662 1315 1732 tua,Domine,lmtetur
1341 1668 1576 1719 tuorum
1596 1679 1828 1734 semper
1841 1663 1946 1716 94
1967 1661 2067 1716 ho-

2178 773 2308 835 Per,
2340 778 2450 828 etc.

2249 860 2346 917 95
2383 862 2478 916 IlI.
2510 862 2645 917 Item
2681 863 2818 917 alia.
2851 892 2922 902 —
2967 863 3337 930 Quaesumus,
3382 861 3626 919 Domine
3680 865 3824 921 Deus

2174 957 2391 1018 noster,
2426 956 2489 1006 ut
2517 969 2632 1006 non
2665 953 2938 1006 desinant
2966 951 3154 1006 sancti
3185 950 3269 1005 tui
3303 967 3405 1022 pro
3439 953 3654 1008 nostris
3686 970 3824 1025 sup-

2175 1037 2391 1108 plicare
2423 1041 2690 1112 peccatis,
2722 1058 2756 1095 a
2785 1041 3001 1111 quibus
3032 1044 3097 1094 tu
3128 1039 3366 1094 voluisti
3409 1057 3513 1111 pro
3556 1049 3821 1112 peccato-

2177 1127 2340 1183 ribus
2373 1129 2620 1185 exorari.
2657 1134 2782 1196 Per,
2815 1134 2927 1184 etc.
3239 1203 3243 1207 η

2245 1218 2316 1289 (e)
2350 1222 2561 1274 Praesta
2591 1219 2780 1286 nobis,
2813 1234 3174 1289 quaesumus,
3228 1217 3604 1290 omnipotens
3649 1219 3826 1288 Deus,

2177 1312 2242 1362 ut
2271 1307 2862 1377 nostraelhumilitatis
2895 1306 3114 1363 oblatio
3147 1311 3204 1362 et
3251 1323 3354 1378 pro
3387 1315 3622 1364 tuorum
3657 1313 3828 1380 grata

2176 1397 2255 1452 sit
2289 1397 2508 1453 honore
2554 1402 2914 1467 sanctorum,
2953 1400 3011 1450 et
3058 1413 3164 1452 nos
3215 1412 3457 1468 corpore
3504 1399 3724 1470 pariter
3770 1405 3830 1455 et

2176 1491 2369 1541 mente
2401 1486 2686 1559 purificet.
2720 1486 2847 1554 Per,
2882 1492 2995 1541 etc.

2244 1575 2391 1631 Vere
2420 1576 2687 1647 dignum.
2738 1575 2983 1632 Orantes
3027 1575 3349 1647 potentiam
3399 1579 3586 1643 tuam,
3620 1593 3692 1632 ne
3730 1577 3831 1632 di-

2175 1669 2311 1719 cant
2340 1671 2544 1736 gentes
2567 1681 2582 1720 :
2605 1666 2704 1723 Ubi
2731 1671 2808 1721 est
2838 1667 2980 1720 Deus
3009 1681 3200 1721 eorum
3222 1665 3250 1719 ‘I
3277 1665 3385 1720 Sed
3415 1670 3479 1719 ut
3508 1665 3828 1738 dignanter

411 1769 552 1809 nore
573 1757 1000 1816 sanctorum,et
1017 1769 1214 1808 eorum
1240 1753 1956 1825 percipiatintercessioue
1972 1767 2064 1806 νο-
2094 1787 2141 1853 Β
2173 1757 2450 1810 ostendas
2480 1756 2620 1827 quia
2651 1773 2764 1811 non
2799 1755 2931 1827 plus
2962 1755 3032 1809 ad
3062 1755 3425 1826 perdendum
3457 1771 3563 1809 nos
3595 1754 3830 1810 valeant

409 1841 524 1898 tiva
539 1840 1082 1911 subsidia,quorum
1098 1841 1435 1913 patrociniis
1451 1841 2062 1913 gratulatur.Per,etc.

1136 1975 1336 2031 XXIII.

839 2079 904 2118 III
943 2080 1234 2120 KALENDAS
1275 2081 1643 2120 SRPTEMBBIS.

611 2170 683 2242 (ο)
712 2171 912 2226 Natale
940 2175 1251 2227 sanctorum
1282 2172 1512 2228 Adauctz‘
1534 2177 1585 2228 et
1609 2172 1835 2227 Felicis.

480 2286 522 2344 Ι.
552 2317 622 2328 -
655 2287 732 2342 Da
759 2286 948 2356 nobis,
975 2288 1348 2358 omnipotens
1380 2293 1552 2359 Deus,
1581 2294 1643 2344 ut
1672 2305 1875 2344 eorum
1911 2304 2063 2343 sem-

407 2392 511 2448 per
538 2377 684 2431 festa
715 2380 1027 2444 sectemur,
1061 2393 1302 2448 quorum
1341 2379 1518 2451 digna
1548 2395 1652 2450 pro
1684 2377 1853 2434 nobis
1881 2377 2059 2432 inter-

404 2466 672 2521 ventione
703 2466 1076 2521 confidimus.
1115 2470 1248 2533 Per,
1281 2472 1390 2523 etc.

476 2554 826 2609 Sanctorum
861 2554 1064 2610 Felicis
1095 2559 1152 2610 et
1180 2557 1424 2612 Adaucti
1459 2556 1726 2612 natalitia
1756 2572 2057 2612 recensen-

405 2647 512 2712 tes,
549 2659 766 2698 munus
812 2643 1128 2713 offerimus,
1170 2646 1325 2716 quod
1375 2663 1578 2718 eorum
1627 2647 1758 2712 tibi,
1790 2646 2054 2716 Domine,

405 2749 770 2804 quaesumus,
803 2733 1221 2788 intercessione
1253 2734 1330 2789 sit
1360 2740 1617 2807 gratum.
1643 2737 1766 2800 Per,
1802 2740 1910 2790 etc.

474 2821 620 2876 Vere
641 2822 907 2892 dignum.
931 2825 1277 2877 Sanctorum
1302 2828 1622 2895 martyrum
1652 2823 1897 2895 gloriam
1922 2838 2055 2878 cum

406 2909 794 2966 exsultatione
842 2909 1183 2980 recolentes,
1234 2912 1293 2966 in
1345 2913 1561 2983 quibus
1611 2911 1912 2968 mirabiles
1942 2916 2055 2966 tute

408 2998 736 3070 majestatis
773 2999 1035 3066 effectus,
1065 3003 1122 3054 et
1149 3001 1473 3072 patrocinia
1504 3003 1674 3058 nobis
1707 3002 1939 3074 provisa
1968 3017 2059 3056 co-

407 3087 772 3158 gnoscimus.
807 3087 931 3156 Per,
963 3092 1073 3143 etc.

2172 1848 2373 1899 nostra
2404 1844 2633 1913 delicta,
2667 1861 2844 1916 quam
2877 1845 2949 1898 ad
2980 1842 3329 1899 salvandum
3361 1841 3447 1898 vel
3497 1844 3828 1914 patrocinia

2170 1933 2408 2006 copiosa
2446 1935 2771 2006 justorum,
2800 1932 2886 1989 vel
2938 1937 3050 1988 tuaa
3101 1931 3428 2002 majestatis
3458 1932 3675 1989 invicta
3705 1931 3828 1989 cle-

2171 2023 2407 2078 mentia.
2445 2027 2573 2090 Per,
2607 2027 2716 2078 etc.

2242 2112 2546 2183 Supplices
2577 2117 2633 2167 te
2665 2127 2963 2182 rogamus,
2997 2115 3173 2176 Deus,
3225 2125 3296 2165 ne
3328 2115 3433 2165 aut
3481 2108 3653 2165 malis
3683 2127 3826 2182 pro-

2169 2203 2312 2274 priis
2344 2217 2750 2274 aggravemur,
2781 2205 2883 2256 aut
2910 2199 3259 2256 infestemur
3288 2199 3359 2254 ab
3392 2199 3683 2267 hostibus,
3719 2201 3828 2270 qui

2167 2292 2347 2347 tantis
2389 2295 2725 2347 sanctorum
2774 2295 3010 2345 tuorum
3072 2287 3297 2344 meritis
3348 2304 3820 2346 commonemur.

2168 2380 2298 2446 Per,
2330 2385 2442 2436 etc.

2240 2473 2333 2523 IV.
2365 2472 2502 2525 Item
2527 2469 2662 2524 alia.
2686 2498 2755 2509 --
2776 2468 3122 2524 Sanctorum
3155 2470 3417 2536 tuorum,
3451 2483 3821 2538 quaesumus,

2166 2559 2431 2624 Domine,
2455 2575 2708 2630 quorum
2739 2574 2846 2613 nos
2877 2557 3132 2612 assiduis
3164 2555 3579 2610 festivitatibus
3609 2572 3824 2611 conso-

2164 2646 2326 2712 laris,
2360 2649 2603 2703 defende
2635 2647 2942 2720 praesidiis.
2975 2646 3101 2717 Per,
3133 2649 3244 2701 etc.

2237 2735 2492 2792 Salutari
2523 2736 2826 2804 sacriﬁcio,
2854 2736 3115 2804 Domine,
3141 2732 3392 2806 populus
3416 2737 3556 2788 tuus
3581 2748 3824 2805 semper

2165 2825 2433 2896 exsultet,
2465 2842 2580 2897 quo
2627 2830 2686 2880 et
2735 2825 2968 2880 debitus
2999 2823 3187 2878 honor
3233 2822 3416 2878 sacris
3457 2823 3826 2895 martyribus

2164 2914 2487 2980 exhibetur,
2515 2920 2573 2970 et
2602 2913 3087 2969 sanctiﬁcationis
3135 2917 3246 2966 tuae
3278 2923 3512 2980 ,munus
3560 2911 3825 2982 acquiri-

2164 3007 2280 3058 tur.
2318 3004 2440 3069 Per,
2471 3009 2579 3059 etc.

2235 3021 2280 3058 r.
2318 3009 2421 3060 Per
2471 3009 2579 3059 etc.

2235 3089 2380 3146 Vere
2411 3045 2676 3162 dignum.
2701 3091 2777 3145 Te
2809 3091 2866 3145 in
2897 3093 3134 3144 tuorum
3165 3087 3562 3160 gloriﬁcantes
3597 3087 3826 3145 honore

483 3176 709 3231 Gratias
729 3175 835 3231 tibi
869 3176 1197 3248 referimus,
1218 3178 1475 3246 Domine,
1499 3178 1600 3250 qui
1631 3196 1738 3235 nos
1769 3184 1825 3235 et
1854 3178 2054 3235 cmles-
2086 3159 2128 3227 (ἶ
2166 3159 2524 3247 sanctorum,
2560 3179 2660 3252 qui
2691 3185 2748 3235 et
2778 3179 2896 3234 illis
2925 3159 3184 3234 tribuisti
3212 3177 3639 3233 beatitudinem
3665 3193 3825 3234 sem-

409 3265 488 3320 tis
519 3265 959 3336 participatione
991 3269 1364 3339 sacramenti,
1397 3273 1453 3324 et
1481 3273 1718 3325 tuorum
1744 3269 1931 3325 reficis
1961 3285 2052 3325 ce-

405 3353 675 3417 lebritate
697 3357 1019 3424 justorum.
1055 3355 1180 3422 Per,
1212 3362 1322 3413 etc.

477 3444 545 3499 II.
581 3444 712 3499 Item
759 3442 904 3499 alia.
937 3475 1006 3485 -
1038 3445 1117 3517 (ά)
1144 3448 1507 3518 Majestatem
1553 3453 1739 3520 tuam,
1785 3449 2050 3516 Domine,

405 3533 701 3606 supplices
733 3533 1136 3606 deprecamur,
1171 3540 1236 3590 ut
1267 3537 1420 3592 sicut
1445 3555 1550 3593 nos
1572 3538 1795 3610 jugiter
1825 3543 2047 3595 sancto-

406 3640 539 3679 rum
569 3628 805 3680 tuorum
839 3625 1394 3681 commemoratione
1416 3625 1793 3694 laatificas,ita
1821 3645 2054 3701 semper

407 3711 837 3783 supplicatione
869 3710 1167 3768 defendas.
1207 3717 1335 3780 Per,
1371 3719 1481 3770 etc.

476 3803 664 3856 Tanto
719 3799 1058 3871 placabiles,
1110 3817 1473 3872 quaesumus.
1519 3805 1782 3877 Domine,
1841 3811 2053 3863 nostra;

403 3890 523 3946 sint
552 3888 778 3959 hostiis,
813 3897 1032 3961 quanto
1064 3895 1399 3947 sanctorum
1438 3899 1762 3967 martyrum
1792 3901 2050 3963 tuorum,

401 3995 506 4052 pro
534 3994 788 4049 quorum
837 3977 1312 4036 solemnitatibus
1343 3983 1709 4052 exhibentur,
1743 3985 1848 4040 tibi
1889 3990 2054 4057 grata

401 4072 541 4125 sunt
571 4067 805 4123 merita.
841 4067 966 4135 Per,
983 4072 1092 4125 etc.

471 4156 618 4211 Vere
651 4156 920 4227 dignum.
950 4157 1228 4223 Quamvis
1259 4161 1417 4216 enim
1448 4179 1681 4236 semper
1713 4163 1769 4218 in
1803 4163 1885 4219 tui
1911 4180 2053 4237 gau-

401 4245 648 4301 deamus
677 4244 901 4300 actione
927 4247 1212 4317 mysterii,
1236 4249 1531 4320 copiosius
1553 4257 1748 4308 tamen
1768 4254 1896 4324 ejus
1922 4271 2053 4309 mu-

403 4349 541 4390 nere
569 4331 956 4405 gratulamur,
989 4349 1124 4389 cum
1160 4352 1263 4406 pro
1310 4343 1635 4410 martyrum
1681 4341 2055 4398 solemnitate

402 4426 761 4488 sanctorum,
795 4437 896 4494 per
925 4438 1074 4493 quos
1106 4422 1211 4478 tibi
1239 4429 1747 4499 commendamur,
1791 4429 2053 4487 offertur.

400 4515 547 4578 Per,
577 4514 687 4567 etc.

472 4601 650 4658 Donis
675 4600 1031 4666 coelestibus,
1065 4617 1197 4657 cum
1231 4607 1568 4661 sanctorum
1598 4610 1836 4663 tuorum
1867 4625 2054 4665 recor-

402 4689 656 4755 datione,
690 4691 885 4745 satiati
918 4689 1138 4762 gratias
1170 4690 1277 4746 tibi
1309 4693 1640 4750 referimus.
1673 4700 1802 4766 Per,
1834 4703 1943 4754 etc.

477 4867 555 4945 (a)
587 4867 774 4945 Habes
804 4868 955 4945 hanc
981 4870 1302 4945 orationem
1335 4879 1468 4945 post
1495 4877 1969 4935 communionem
1993 4880 2050 4936 in

405 4940 586 5022 Missa
613 4943 707 4994 SS.
742 4939 1008 5022 Primiet
1037 4942 1308 5022 Feliciani
1335 4939 1432 5002 die
1477 4951 1512 5002 2
1555 4948 1716 5004 Junii
1749 4954 1903 5022 apud
1935 4953 2053 5010 Me-

401 5012 678 5078 nardum,
714 5017 771 5066 et
801 5011 857 5066 in
892 5011 1114 5066 Missali
1148 5014 1429 5074 Romano.

478 5084 552 5166 (ὁ)
585 5083 714 5166 llaec
750 5099 898 5166 nova
937 5083 1118 5166 Missa
1152 5086 1401 5166 videtur,
1434 5089 1524 5166 cui
1559 5091 1768 5149 titulus
1799 5111 1929 5150 esse
1959 5096 2052 5152 de-

401 5155 742 5239 buissetuxv
789 5155 899 5239 kat.
952 5155 1280 5239 Septembris
1326 5162 1521 5239 IYatale
1560 5169 1737 5221 sancti
1790 5168 2052 5239 Agapiti;

403 5245 517 5298 quo
549 5227 786 5299 quidem
816 5227 908 5299 die
941 5233 1176 5283 notatur
1197 5229 1305 5285 hoc
1338 5233 1548 5289 festum
1583 5253 1712 5292 cum
1749 5227 1856 5293 sua
1876 5227 2054 5294 Missa

402 5299 464 5381 in
495 5298 756 5382 sacram.
789 5298 1000 5382 Gelasii
1030 5299 1132 5354 lib.
1168 5317 1227 5367 ιι,
1255 5306 1434 5370 ῃ.·48,
1456 5311 1512 5382 et
1542 5307 1601 5364 in
1642 5311 1809 5365 codd.
1845 5311 2054 5382 Grego-

406 5371 610 5450 ri_anis.
642 5371 746 5424 Alii
783 5370 1014 5450 malunt
1039 5388 1340 5450 perperam
1383 5379 1668 5450 scriptum
1702 5383 1882 5438 fuisse
1912 5370 2052 5450 Αὖα-

402 5444 511 5527 piti
543 5459 753 5498 nomen
797 5459 899 5527 pro
931 5443 1267 5527 .Hippolyti.
1302 5450 1408 5527 Sed
1445 5443 1696 5527 duarum
1741 5443 2052 5510 Missurum

403 5515 465 5569 in
498 5530 678 5568 unam
716 5515 989 5598 confusio
1004 5515 1180 5598 apud
1204 5525 1474 5578 nostrum
1508 5525 1874 5582 collectorem
1906 5544 2054 5583 non-

407 5603 734 5654 numquam
769 5594 1040 5643 occurrit.

476 5657 546 5732 (c)
570 5657 685 5716 Hoc
706 5659 797 5717 die
820 5660 1000 5718 Missa
1012 5660 1365 5719 SS.Adaucti
1388 5669 1442 5722 et
1465 5666 1671 5729 Felicis
1692 5668 1752 5726 in
1771 5685 1894 5728 mss
1919 5670 2054 5727 Gre-

2161 3269 2474 3342 piternam,
2526 3274 2583 3324 et
2631 3267 2960 3324 infirmitati
3007 3273 3218 3322 nostris
3265 3266 3410 3320 talia
3471 3269 3825 3338 praeparasti

2163 3360 2464 3430 suffragia,
2495 3375 2624 3430 quae
2655 3359 2846 3429 possis
2875 3357 3078 3412 audire
3107 3371 3212 3428 pro
3243 3355 3434 3410 nobis.
3471 3355 3593 3422 Per,
3627 3361 3737 3411 etc.

2233 3448 2473 3512 Exaudi,
2507 3433 2770 3513 Domine,
2803 3462 3170 3518 quaasumus,
3202 3459 3402 3516 preces
3457 3449 3711 3511 nostras,
3750 3450 3824 3502 ut

2161 3536 2415 3608 populus
2471 3539 2632 3604 tuus,
2698 3536 2809 3589 sub
2883 3534 3065 3589 tantis
3121 3531 3464 3604 patrociniis
3520 3533 3822 3590 constitu-

2160 3631 2280 3696 tus,
2314 3630 2371 3680 et
2399 3641 2433 3679 a
2463 3625 2584 3680 suis
2635 3623 3056 3680 offensionibus
3099 3622 3396 3688 liberetur,
3427 3626 3484 3677 et
3512 3623 3583 3676 ab
3615 3624 3818 3679 omni-

2163 3715 2275 3770 bus
2305 3719 2642 3786 protegatur
2667 3712 2947 3768 adversis.
2976 3712 3104 3779 Per,
3136 3716 3243 3766 etc.

2231 3803 2295 3855 ν
2331 3806 2465 3859 Item
2492 3803 2629 3858 alia.
2661 3834 2729 3843 --
2761 3802 2824 3873 (f)
2855 3804 3105 3872 Accepta
3134 3801 3211 3855 sit
3241 3801 3298 3854 in
3331 3805 3644 3871 conspectu
3685 3805 3820 3873 tuo,

2161 3892 2425 3958 Domine,
2459 3897 2661 3948 nostra
2691 3891 2940 3957 devotio,
2980 3895 3048 3945 ut
3074 3905 3278 3944 eorum
3319 3890 3488 3944 nobis
3534 3892 3637 3945 fiat
3666 3907 3821 3962 sup-

2163 3979 2476 4052 plicatione
2507 3979 2803 4047 salutaris,
2837 3995 2940 4050 pro
2973 3994 3224 4050 quorum
3267 3977 3680 4034 solemnitatur
3711 3980 3824 4036 de-

2171 4069 2374 4124 fertur.
2409 4074 2536 4136 Per,
2568 4073 2677 4124 etc.

2232 4158 2378 4214 Vere
2408 4159 2677 4230 dignum.
2729 4155 3099 4214 Sacrificium
3145 4154 3360 4228 quippe
3409 4172 3594 4211 suum
3643 4156 3828 4213 hodie

2163 4248 2493 4318 frequentat
2523 4247 2797 4315 Ecclesia,
2833 4251 2891 4301 et
2940 4246 3313 4300 festivitatem
3346 4245 3570 4300 dudum
3605 4261 3828 4302 mune-

2162 4338 2246 4393 ris
2293 4337 2582 4393 immolati
2634 4353 2832 4391 annua
2877 4334 3192 4388 festivitate
3243 4333 3630 4401 concelebrat,
3679 4350 3826 4405 quo,

2165 4443 2267 4499 pro
2298 4428 2426 4497 ejus
2457 4426 2822 4481 confessione
2851 4421 2940 4477 vel
2986 4422 3246 4490 nomine,
3274 4421 3374 4492 qui
3405 4438 3532 4478 eam
3577 4425 3825 4494 sangui-

2081 4529 2133 4598 D
2167 4532 2236 4572 ne
2278 4532 2384 4571 suo
2414 4513 2682 4580 redemit,
2714 4513 3004 4584 impenso,
3037 4512 3390 4582 obsequium
3431 4512 3650 4584 proprii
3682 4528 3824 4567 cru-

2163 4605 2280 4662 oris
2311 4603 2598 4659 exhibuit.
2638 4603 2766 4669 Per,
2799 4606 2908 4657 etc.

2235 4695 2337 4749 96
2362 4693 2451 4750 VI.
2475 4694 2607 4748 Item
2634 4692 2768 4747 alia.
2790 4721 2860 4730 —
2879 4690 2954 4761 (g)
2980 4689 3328 4746 Sanctorum
3352 4692 3588 4745 tuorum
3620 4689 3825 4762 nobis,

2163 4881 2426 4956 gorianis
2454 4878 2687 4956 legitur.
2721 4875 2856 4933 Sola
2894 4875 3087 4948 prima
3112 4875 3290 4931 Missa
3337 4874 3636 4948 propriam
3687 4892 3825 4931 ora-

2163 4952 2380 5012 tionem
2415 4952 2609 5007 habet.

2235 5025 2313 5098 (d)
2343 5026 2433 5080 Sic
2465 5023 2632 5078 codd.
2666 5021 2992 5098 Gregor._et
3022 5019 3255 5098 Missale
3313 5021 3478 5098 Rom.
3513 5017 3572 5072 in
3625 5017 3827 5074 Natali

2166 5092 2506 5172 eorumdem
2541 5092 2872 5172 martyrum
2899 5092 2991 5172 die
3022 5093 3371 5172 30_Augusti
3388 5133 3401 5149 .
3725 5160 3736 5172 ,

2239 5171 2310 5295 (e2
2342 5173 2540 5224 Exstat
2571 5168 2628 5222 in
2654 5163 2875 5221 Missali
2900 5164 3065 5218 Rom.
3095 5163 3250 5220 inter
3273 5179 3618 5221 communes
3638 5163 3826 5217 unius

2239 5261 2269 5295 n
2302 5242 2518 5295 essoris
2551 5256 2664 5293 non
2697 5234 3010 5295 pontiﬁcis.

2166 5234 2518 5298 confessoris
2551 5256 2664 5293 non
2697 5234 3010 5307 pontificis.

2237 5316 2307 5384 (Ῑ)
2325 5311 2616 5384 Orationis
2643 5305 2825 5384 hujus
2850 5307 3122 5384 frequens
3153 5307 3491 5384 estususjn
3517 5322 3660 5384 mss.
3683 5305 3828 5384 _Gre-

2165 5378 2596 5455 goinMuratorii
2626 5379 2771 5455 died
2801 5379 3266 5455 augustiNatali
3286 5380 3378 5434 SS.
3403 5378 3628 5455 Cyriaci
3646 5380 3705 5455 et
3722 5390 3819 5429 so-

2165 5447 2410 5521 ciorum,
2443 5455 2513 5508 28
2545 5451 2763 5523 Aprilis
2803 5451 2860 5506 S.
2897 5447 3126 5514 Vitalis,
3157 5457 3264 5506 etc.
3300 5455 3362 5505 In
3398 5447 3616 5523 Missali
3646 5447 3822 5502 Rom.

2165 5533 2254 5583 est
2285 5527 2434 5582 inter
2463 5522 2805 5595 communes
2837 5523 2908 5577 de
2939 5528 3191 5595 martyre
3221 5540 3335 5578 non
3371 5522 3664 5595 pontifice.

2236 5599 2312 5670 (g)
2343 5600 2444 5654 Est
2475 5599 2535 5653 in
2567 5597 2734 5670 coddf
2769 5594 2938 5670 Greg.
2971 5599 3030 5670 et
3056 5587 3114 5649 in
3147 5587 3568 5670 Missali'Rom.
3592 5587 3820 5670 die_SS.

2165 5661 2388 5730 edam
2402 5668 2759 5736 etDamiani,
2778 5683 2844 5725 ac
2856 5661 2917 5724 in
2930 5667 3133 5729 eodem
3148 5667 3372 5726 Missali
3387 5671 3623 5741 aptatur
3635 5661 3820 5721 etiam
