4120 6236
266 379 371 438 109

1038 376 1269 437 LIBER
1312 377 2029 439 SACRAMENTOBUM
2074 377 2471 439 ECCLESI/E
2516 380 2890 440 ROMAN/E.

3550 381 3671 441 U0

260 509 645 582 temptis,non
669 509 857 565 solum
890 508 1127 582 percelli
1159 510 1554 566 mediocribus
1585 509 1901 578 alimentis,
1934 512 1988 578 Α
2022 510 2215 582 vigilis
2236 510 2598 567 solemnibus
2618 513 2981 584 expleamus,
3004 518 3296 585 quatenus
3329 513 3669 586 apostolicis

266 600 354 655 sed
384 602 659 654 universa
682 616 1015 655 mereamur
1036 600 1465 656 sustentatione
1493 600 1741 672 privari;
1796 600 1911 655 nisi

266 692 407 761 quod
443 690 575 745 ideo
609 694 711 744 tua
745 706 849 744 nos
880 688 1188 746 clementia
1220 705 1334 744 non
1368 690 1603 759 deserit,
1629 694 1693 745 ut
1724 690 1910 746 simus

261 784 309 834 et
354 780 426 833 de
478 778 822 851 exiguitatis
869 778 1251 851 castigatione
1297 778 1555 848 solliciti,
1587 785 1643 835 et
1671 781 1741 835 de
1796 796 1909 834 non

262 869 544 938 abnegata
576 868 790 939 pietate
823 868 1033 922 devoti.
1068 869 1193 938 Per,
1227 872 1337 923 etc.

324 959 401 1029 (a)
436 958 679 1029 Vegetet
709 975 835 1024 nos,
867 957 1135 1027 Domine,
1168 975 1400 1028 semper
1430 964 1487 1014 et
1518 960 1752 1014 innovet
1796 962 1908 1014 tuae

263 1062 475 1101 menses
509 1062 677 1100 saera
706 1044 930 1112 libatio,
965 1060 1095 1116 quae
1143 1044 1519 1115 fragilitatem
1562 1051 1821 1101 nostram
1854 1050 1911 1100 et

258 1135 402 1189 inter
440 1134 645 1188 mundi
675 1137 1058 1205 tempestates
1090 1134 1373 1205 gubernet
1421 1139 1477 1189 et
1535 1140 1821 1206 protegat,
1854 1138 1910 1189 et

256 1224 307 1278 in
338 1229 581 1295 portum
619 1228 905 1295 perpetuas
936 1222 1146 1278 salutis
1180 1224 1440 1279 inducat.
1475 1224 1598 1293 Per,
1632 1231 1741 1279 etc.

315 1314 388 1384 (ὑ)
427 1314 711 1381 Tueatur,
731 1313 989 1383 Domine,
1016 1314 1249 1368 dextera
1274 1318 1373 1367 tua
1394 1315 1673 1385 populum
1699 1314 1907 1386 deprc-

261 1407 511 1458 cantem.
550 1402 841 1469 Puriﬁcet,
865 1406 1155 1457 sustentet
1187 1407 1243 1457 et
1273 1403 1521 1471 erudiat,
1547 1408 1611 1458 ut
1643 1403 1907 1458 consola-

254 1496 341 1547 tus
372 1491 436 1545 in
470 1491 767 1562 praesenti,
801 1491 870 1545 ad
903 1492 1056 1546 bona
1087 1492 1282 1546 futura
1315 1492 1603 1563 proﬁciat.
1642 1493 1768 1560 Per,
1792 1497 1903 1547 etc.

914 1581 975 1635 In
997 1581 1236 1651 jejunio.

316 1669 467 1724 VIII.
502 1671 636 1725 Item
669 1670 807 1725 alia.
833 1700 899 1711 —
931 1669 1315 1740 Omnipotens
1352 1671 1707 1741 sempiterna
1729 1676 1906 1738 Deus,

258 1760 346 1831 qui
371 1775 483 1813 nos
509 1758 580 1812 ad
608 1759 990 1814 observantia:
1022 1759 1201 1829 hujus
1225 1776 1418 1814 annua
1445 1759 1591 1814 festa
1614 1760 1903 1830 perducis,

255 1849 502 1904 concede
534 1847 827 1920 prapitius
859 1852 923 1902 ut
958 1848 1060 1920 piis
1102 1848 1429 1903 devotionis
1465 1849 1704 1904 effectus
1736 1850 1905 1904 subs-

259 1939 501 1995 tantiam
526 1937 699 1993 nobis
719 1941 775 1993 et
796 1937 1082 1993 mentium
1103 1941 1339 2009 praestet
1360 1941 1417 1992 et
1436 1940 1900 2009 corporum.Per,

258 2033 356 2082 etc.

318 2115 389 2186 (c)
422 2114 606 2182 Deus,
633 2114 731 2186 qui
758 2131 860 2187 pro
892 2118 1225 2171 nostrorum
1257 2115 1543 2171 fructibus
1574 2115 1905 2171 animorum

256 2204 480 2274 prodire
514 2204 659 2258 facis
681 2204 1096 2258 sufﬁcientiam
1123 2203 1587 2275 corporalem,ne
1608 2206 1905 2261 exteriori-

259 2292 360 2348 bus
394 2308 732 2348 mereamur
764 2308 934 2364 egere
965 2292 1268 2359 subsidiis,
1300 2294 1453 2347 106
1487 2299 1720 2364 praesta,
1754 2312 1906 2364 quee-

258 2397 485 2445 sumus,
522 2385 589 2435 ut
617 2380 788 2435 donis
823 2380 1198 2436 interioribus
1230 2382 1633 2437 fecundemur.
1660 2382 1905 2449 Per,etc.

324 2469 397 2537 (Δ)
424 2469 667 2524 Domine
681 2470 836 2525 Deus
856 2470 1175 2542 noster,qui
1199 2470 1255 2525 in
1280 2470 1370 2526 his
1388 2471 1584 2542 potius
1601 2473 1906 2542 creaturis,

265 2574 404 2629 quas
423 2559 499 2613 ad
525 2557 859 2630 fragilitatis
878 2564 1086 2614 nostris
1108 2560 1446 2630 praesidium
1471 2562 1909 2628 condidisti,tuo

268 2665 497 2720 quoque
543 2647 766 2702 nomini
803 2664 1040 2704 munera
1065 2649 1301 2720 jussisti
1332 2650 1582 2705 dicanda
1608 2652 1907 2721 constitui,

266 2738 475 2800 tribue,
511 2753 877 2808 quaesumus,
902 2745 961 2791 ut
992 2742 1048 2793 et
1078 2737 1207 2792 vitae
1235 2738 1405 2793 nobis
1439 2740 1913 2808 pressentisauxi-

267 2824 428 2896 lium,
454 2829 509 2881 et
537 2824 880 2880 aeternitatis
910 2825 1168 2881 efﬁciant
1192 2832 1645 2883 sacramentum.
1668 2830 1909 2900 Per,etc.

332 2914 474 2970 Vere
510 2914 776 2987 dignum.
814 2914 1068 2970 Pascunt
1097 2916 1257 2971 enim
1288 2922 1391 2972 tua
1422 2924 1626 2974 sancta
1661 2920 1912 2990 jejunis,

274 3004 333 3074 (e)
353 3010 406 3059 et
435 3004 662 3059 esuries
690 3010 917 3059 sacrata
937 3020 1043 3059 nos
1065 3005 1269 3071 reﬁcit,
1295 3007 1341 3061 si
1366 3023 1469 3077 per
1493 3008 1912 3063 continentiam

276 3094 580 3149 salutarem
614 3094 986 3150 conscientiae
1018 3100 1225 3150 nostrae
1257 3095 1454 3151 tribuli
1487 3096 1786 3168 spinaque
1815 3100 1913 3154 de-

278 3183 481 3250 ficiant,
511 3189 567 3239 et
601 3183 800 3254 fruges
830 3200 978 3254 pura
1007 3186 1303 3254 succedat,
1330 3185 1377 3239 si
1403 3184 1674 3241 vitiorum
1706 3187 1917 3242 sterili-

2024 601 2488 671 suffragantibus
2536 603 2782 669 meritis,
2817 603 3290 673 propitiationem
3332 604 3432 659 Dei
3481 602 3668 658 nostri

2024 690 2450 761 perseverantia
2480 691 2685 746 debitae
2712 691 3010 747 servitutis
3040 692 3322 748 obtineat.
3356 697 3482 761 Per,
3517 697 3626 748 etc.

2094 778 2184 833 IX.
2219 781 2355 834 Item
2386 796 2670 850 preces.—-
2700 779 3081 852 Omnipotens
3114 781 3468 853 sempiterne
3484 780 3662 846 Deus,

2021 868 2119 938 qui
2153 885 2257 923 nos
2290 873 2347 923 et
2379 869 2902 925 sustentationibus
2936 870 3149 925 annuis
3187 876 3243 926 et
3272 870 3663 926 solemnitati-

2020 958 2129 1012 bus
2163 958 2506 1023 consolaris,
2538 963 2764 1029 praesta,
2795 976 3155 1029 quaesumus,
3193 964 3255 1013 ut
3285 964 3428 1029 quot
3473 976 3543 1013 ex
3571 958 3663 1013 his

2019 1064 2121 1117 pro
2167 1054 2377 1102 nostra:
2432 1048 2887 1103 conversationis
2936 1047 3229 1118 qualitate
3274 1047 3663 1118 subtrahitur,

2020 1135 2458 1207 omnipotentis:
2494 1143 2603 1191 tuae
2636 1136 2800 1207 copia
2831 1136 3195 1208 suppleatur.
3231 1136 3357 1203 Per,
3390 1140 3500 1191 etc.

2088 1226 2368 1292 Concede,
2403 1243 2761 1296 quaesumus,
2788 1225 3052 1291 Domine,
3081 1242 3308 1279 morum
3337 1241 3443 1280 nos
3475 1242 3664 1280 corre-

2017 1315 2209 1369 ctione
2243 1316 2506 1379 relevari,
2540 1316 2678 1385 quia
2708 1331 2838 1369 cum
2869 1314 2989 1368 hinc
3020 1315 3167 1368 107
3217 1315 3371 1369 dona
3399 1313 3665 1370 contule-

2017 1403 2119 1469 ris,
2152 1409 2363 1458 cuncta
2394 1404 2559 1459 nobis
2592 1404 2759 1459 utilia
2791 1421 2906 1458 non
2939 1403 3203 1475 negabis.
3240 1403 3366 1470 Per,
3395 1408 3500 1459 etc.

2088 1491 2261 1555 Super
2290 1494 2498 1548 oblata.
2533 1494 2697 1565 ——(f)
2746 1492 2919 1558 Deus,
2971 1492 3069 1563 qui
3130 1492 3376 1547 humani
3434 1492 3666 1565 generis

2016 1585 2326 1652 utramque
2384 1581 2777 1637 substantiam
2824 1581 3200 1651 praesentium
3266 1597 3577 1637 munerum
3608 1584 3667 1635 et

2018 1671 2299 1727 alimento
2329 1676 2582 1742 vegetas,
2626 1675 2681 1727 et
2733 1686 2975 1726 renovas
3034 1674 3420 1740 sacramento,
3453 1670 3662 1739 tribue,

2018 1777 2375 1831 quaesumus,
2411 1764 2473 1815 ut
2502 1777 2702 1816 eorum
2752 1764 2808 1814 et
2837 1758 3177 1830 corporibus
3210 1759 3425 1815 nostris
3471 1759 3664 1815 subsi-

2018 1850 2181 1905 dium
2216 1866 2329 1904 non
2366 1849 2517 1904 desit
2546 1853 2603 1904 ct
2636 1848 2956 1904 mentibus.
2984 1852 3109 1921 Per,
3143 1852 3252 1903 etc.

2089 1939 2233 1994 Vere
2263 1939 2528 2009 dignum.
2562 1936 2668 2003 Qui
2700 1937 3055 2008 sempiterno
3087 1935 3331 1992 consilio
3362 1952 3479 1991 non
3511 1935 3665 1991 desi-

2018 2026 2110 2081 nis
2142 2042 2339 2097 regere
2373 2026 2522 2096 quod
2555 2026 3054 2097 creasti._Nosque
3094 2024 3428 2095 delinquere
3477 2024 3666 2079 mani-

2019 2116 2234 2170 festum
2268 2120 2375 2185 est,
2400 2132 2531 2170 cum
2555 2132 2819 2185 supernae
2843 2114 3242 2185 dispositionis
3261 2113 3548 2186 ignari,de
3571 2129 3668 2168 se-

2018 2208 2305 2259 cretorum
2338 2209 2573 2259 tuorum
2608 2203 3048 2274 dispensatione
3079 2219 3414 2267 caueamur,
3440 2218 3505 2256 ac
3528 2206 3669 2257 tunc

2019 2292 2214 2365 potius
2256 2298 2405 2348 recte
2440 2293 2657 2349 sentire
2676 2292 3111 2364 cognoscimur,
3144 2308 3279 2347 cum
3304 2308 3419 2346 non
3445 2295 3667 2358 nostra,

2018 2384 2119 2438 sed
2153 2387 2254 2436 tua
2277 2382 2637 2453 providentia
2656 2381 3315 2452 conﬁdentes,pietatem
3341 2380 3672 2450 justitiam-

2021 2488 2131 2543 que
2168 2475 2332 2525 tuam
2367 2471 2586 2541 jugiter
2632 2471 3053 2543 perpendimus
3085 2470 3439 2524 exorandam
3477 2486 3489 2524 :
3524 2469 3668 2523 certi

2020 2560 2173 2630 quod
2225 2559 2323 2630 qui
2374 2559 2629 2629 injustos
2678 2558 2983 2629 malosque
3038 2575 3150 2613 non
3203 2558 3446 2625 deseris,
3482 2556 3667 2611 multo

2021 2649 2209 2721 magis
2254 2665 2401 2720 quos
2452 2653 2585 2703 tuos
2630 2665 2759 2703 esse
2788 2648 3071 2715 tribuisti,
3105 2645 3380 2702 clementi
3414 2644 3665 2701 nullate-

2022 2755 2136 2794 nus
2164 2737 2585 2808 gubernatione
2618 2737 2909 2792 destituis.
2931 2741 3058 2806 Per,
3091 2740 3201 2791 etc.

2092 2826 2499 2879 Posteomunio.
2532 2855 2597 2865 —
2630 2825 2703 2895 (g)
2748 2824 3042 2894 Guberna,
3076 2840 3437 2895 quaesumus,
3473 2822 3669 2878 Domi-

2025 2932 2116 2980 ne,
2150 2913 2574 2985 temporalibus
2606 2913 2986 2985 adjumentis,
3034 2930 3181 2984 quos
3213 2912 3472 2983 dignaris
3503 2917 3669 2968 aiter-

2026 3002 2115 3056 nis
2147 3001 2463 3056 informare
2496 3001 2813 3073 mysteriis.
2845 3002 2971 3071 Per,
3006 3007 3116 3056 etc.

2094 3090 2269 3160 Super
2292 3090 2577 3160 populum.
2603 3121 2667 3129 —
2692 3090 2863 3161 Rege,
2890 3092 3156 3158 Domine,
3179 3089 3457 3161 p0pulum
3480 3094 3670 3156 tuum,

2026 3184 2082 3235 et
2110 3181 2308 3251 gratiis
2342 3185 2471 3245 tuas,
2526 3198 2886 3251 quaesumus,
2920 3181 2979 3234 in
3024 3197 3089 3236 eo
3136 3182 3293 3236 dona
3324 3179 3676 3251 multiplica,

279 3274 356 3326 tas
383 3272 640 3342 Optanda
670 3271 1055 3342 proveniat,et
1085 3272 1319 3327 ubertas
1342 3273 1774 3342 adsitjucunda
1796 3274 1908 3329 vir-
1943 3263 1985 3330 C
2025 3275 2089 3325 ut
2119 3275 2175 3324 et
2201 3270 2271 3323 ab
2305 3269 3093 3336 omnibusliber.oﬂ‘ensis,et
3113 3270 3537 3341 temporalibus
3559 3285 3676 3323 non

281 3366 474 3415 tutum.
510 3360 709 3429 Inepia
739 3361 955 3431 quippe
985 3359 1292 3432 culparum
1317 3367 1556 3433 praestat
1578 3363 1915 3418 redundan-

279 3446 403 3503 tiam
426 3464 862 3520 prosperorum.
898 3447 1044 3503 Iline
1074 3452 1162 3503 est
1193 3450 1346 3519 quod
1385 3449 1785 3523 restringendo
1820 3469 1915 3507 co-

279 3536 410 3606 pias,
426 3542 481 3592 et
505 3537 821 3595 mediocria
844 3553 958 3591 non
986 3538 1272 3609 negando,
1296 3538 1379 3593 sic
1402 3556 1505 3594 nos
1523 3542 1624 3594 tua
1646 3541 1911 3596 modera-

279 3624 420 3680 tione
440 3626 805 3697 disponis,ut
826 3626 895 3680 ad
925 3641 1178 3696 superna
1200 3627 1524 3695 tendentes,
1549 3634 1606 3685 et
1626 3635 1916 3701 tempora-

278 3713 422 3770 libus
442 3731 873 3786 usquequaque
896 3731 1009 3769 non
1032 3715 1373 3770 deseramur
1393 3716 1772 3783 alimentis,et
1792 3736 1919 3774 sus-

280 3803 580 3858 tentaculis
612 3804 697 3858 sic
716 3802 1163 3858 transeuntibus
1193 3805 1610 3875 gubernemur,
1633 3812 1696 3861 ut
1716 3822 1915 3862 eorum

280 3892 556 3947 tenuitate
585 3892 836 3963 correpti
871 3892 1242 3963 proficiamus
1273 3894 1525 3949 aeternis.
1562 3895 1686 3961 Per,
1720 3900 1828 3951 etc.

342 3986 653 4053 Perpetuo,
686 3980 951 4048 Domine,
984 3981 1176 4036 favore
1206 3998 1574 4053 prosequere,
1609 4002 1754 4055 quos
1786 3984 1916 4040 reﬁ-

276 4071 355 4125 cis
384 4071 583 4126 divino
616 4069 919 4141 mysterio,
943 4074 999 4124 et
1021 4086 1167 4140 quos
1190 4071 1454 4126 imbuisti
1479 4072 1809 4130 cmlestibus
1833 4075 1920 4129 in-

276 4160 512 4227 stitutis,
548 4160 906 4215 salutaribus
936 4162 1211 4216 comitare
1242 4162 1488 4217 solatiis.
1523 4164 1647 4230 Per,
1681 4173 1789 4220 etc.

341 4250 614 4305 Defensio
652 4255 773 4315 tua,
807 4249 1072 4317 Domine,
1106 4267 1469 4322 quaesumus,
1504 4253 1656 4307 adsit
1685 4253 1922 4309 humili-

279 4338 410 4408 bus,
446 4344 503 4396 et
528 4341 751 4412 jugiter
781 4344 1046 4411 protegat
1077 4340 1133 4394 in
1168 4344 1269 4395 tua
1318 4340 1716 4398 misericordia
1741 4343 1922 4400 conﬁ-

275 4429 499 4497 dentes,
538 4433 601 4483 ut
631 4428 978 4484 necessariis
1004 4429 1216 4499 quibus
1246 4428 1471 4501 indiget
1502 4431 1761 4488 humana
1790 4450 1925 4488 con-

276 4517 442 4583 ditio,
489 4521 889 4587 competenter
917 4512 1125 4588 adjuti,
1176 4518 1247 4572 ad
1279 4516 1742 4577 immortalitatis
1774 4523 1928 4577 dona

278 4606 640 4676 perveniant.
675 4605 802 4671 Per,
834 4610 947 4660 etc.

456 4696 724 4750 Invitatio
755 4694 930 4762 plebis
960 4696 1018 4749 in
1053 4695 1276 4766 jejunio
1306 4698 1509 4753 mensi:
1535 4698 1750 4755 decimi.

354 4785 468 4839 Hac
499 4784 867 4839 hebdomade
898 4783 1065 4839 nobis
1089 4786 1311 4841 mensis
1341 4787 1551 4841 decimi
1571 4792 1713 4842 sunt
1735 4804 1930 4843 recen-

2024 3358 2378 3413 destituatur
2425 3357 2679 3426 auxiliis,
2713 3362 2770 3412 et
2808 3358 3187 3429 sempiternis
3217 3359 3471 3430 gaudeat
3501 3357 3672 3413 iusti-

2023 3448 2187 3503 tutis.
2228 3452 2350 3512 Per,
2386 3450 2496 3501 etc.

2096 3537 2159 3592 X.
2195 3542 2335 3593 Item
2363 3537 2573 3593 alia.—
2595 3536 2978 3608 Omnipotens
3010 3536 3364 3608 sempiterno
3391 3533 3671 3606 Deus,qui

2027 3626 2111 3682 sic
2143 3627 2439 3682 hominem
2472 3625 2786 3681 condidisti
2822 3630 2885 3680 ut
2917 3625 3339 3697 temporalibus
3368 3623 3670 3679 beneﬁciis

2027 3721 2424 3788 competenter
2448 3715 2802 3770 instructum
2827 3716 2897 3770 ad
2923 3715 3179 3771 coelestia
3208 3716 3361 3769 dona
3390 3713 3669 3786 provehe-

2029 3822 2141 3873 res,
2175 3811 2403 3876 praesta,
2437 3821 2794 3874 quaesumus,
2826 3808 2889 3857 ut
2918 3804 3072 3859 sicut
3103 3822 3203 3875 per
3232 3803 3466 3859 illicitos
3498 3820 3674 3874 appe-

2030 3894 2169 3950 titus
2218 3896 2287 3949 de
2331 3894 2569 3948 indultis
2620 3893 3002 3949 beatitudinis
3041 3894 3272 3963 regione
3324 3893 3678 3957 decidimus,

2030 3984 2115 4039 sic
2176 4001 2275 4055 per
2332 3983 2668 4039 alimoniam
2727 3987 2822 4038 tuo
2882 3999 3124 4038 munere
3176 3983 3574 4048 distributam,
3623 3985 3681 4035 et

2032 4072 2370 4128 transitoria
2402 4076 2767 4128 sustentetur
2800 4071 3160 4139 humanitas,
3194 4076 3251 4127 et
3282 4070 3499 4127 amissa
3526 4086 3686 4124 recu-

2033 4166 2265 4233 peratur
2296 4161 2608 4215 aeternitas.
2642 4161 2766 4226 Per,
2800 4166 2909 4215 etc.

2104 4248 2249 4304 Vere
2279 4251 2540 4319 dignum.
2562 4249 2967 4305 Gloriﬁcantes
2998 4252 3053 4305 et
3084 4249 3154 4304 de
3179 4247 3483 4321 praeteritis
3513 4251 3687 4302 Crea-

2035 4343 2243 4402 torem,
2277 4343 2333 4392 ct
2364 4338 2435 4392 de
2479 4336 2737 4391 venturis
2770 4337 3059 4393 fructibus
3093 4342 3420 4403 exorantes,
3454 4340 3519 4392 ut
3549 4352 3681 4391 eum

2037 4429 2106 4482 de
2139 4425 2422 4499 perceptis
2457 4443 2570 4480 non
2604 4424 2936 4481 invenimur
2981 4427 3215 4499 ingrati,
3249 4427 3322 4482 de
3354 4424 3681 4498 percipien-

2038 4518 2128 4572 dis
2164 4534 2274 4571 non
2300 4516 2639 4587 judicemur
2670 4516 2893 4589 indigni
2921 4534 2934 4583 ;
2961 4518 3061 4573 sed
3085 4517 3343 4572 exhibita
3376 4516 3570 4588 potius
3598 4529 3689 4569 so-

1962 4622 2007 4685 D
2038 4606 2218 4662 lemni
2250 4606 2797 4676 devotionejejunii,
2817 4623 2950 4662 cum
2974 4606 3257 4662 subsidiis
3287 4603 3689 4677 eorporaiibus

2043 4697 2366 4769 profectum
2401 4696 2702 4767 capiamus
2734 4696 3086 4751 animarum.
3120 4695 3244 4763 Per,
3277 4699 3385 4750 etc.

2117 4785 2509 4856 Percepimus,
2545 4784 2805 4848 Domine,
2840 4784 3092 4854 gloriosa
3139 4780 3436 4855 mysteria,
3473 4782 3692 4855 quibus

279 4872 734 4942 sendajejunia.
768 4873 1127 4943 Quapropter
1159 4874 1333 4928 ﬁdem
1375 4880 1572 4930 vestrae
1606 4874 1936 4931 dilectionis
2042 4872 2102 4928 in
2135 4871 2305 4927 terris
2338 4870 2723 4943 positos,jam
2757 4870 3080 4925 caelestium
3107 4871 3282 4927 facias
3306 4888 3435 4928 esse
3455 4888 3693 4927 consor-

284 4960 591 5015 hortamur
605 4967 674 5015 ut
693 4960 894 5015 eadem
928 4967 1137 5031 quarta
1160 4967 1218 5016 et
1239 4968 1399 5018 sexta
1423 4964 1564 5019 feria
1594 4963 1781 5019 solitis
1804 4980 1935 5034 pro-

2046 4965 2152 5016 tes.
2173 4963 2254 5016 Tu
2282 4962 2431 5016 inter
2455 4962 2585 5025 ista,
2609 4959 2686 5031 (ἡ)
2712 4976 2814 5030 per
2834 4974 2960 5029 qua:
2983 4959 3251 5029 vivimus,
3275 4961 3541 5034 guberna
3565 4978 3696 5027 nos,

282 5050 650 5105 cessionibus
672 5050 1466 5120 exsequentes,sabbatorum
1490 5052 1583 5107 die
1606 5052 1713 5107 hoc
1742 5053 1937 5122 ipsum
2048 5050 2315 5117 Domine,
2350 5064 2709 5120 quaesumus,
2745 5054 2802 5101 ut
2836 5048 2907 5103 ad
2940 5047 3039 5104 illa
3082 5051 3389 5122 perducas.
3423 5051 3550 5118 Per,
3585 5054 3697 5103 etc.

354 5156 427 5226 (a)
455 5156 622 5230 _Hanc
674 5157 925 5230 reperies
977 5156 1034 5230 in
1086 5157 1213 5230 cod.
1265 5157 1431 5230 Greg.
1482 5159 1736 5213 Menardi
1771 5158 1872 5212 fer.
1905 5158 1941 5211 5
2048 5164 2145 5210 tur
2175 5158 2487 5210 thensauri:
2520 5171 2621 5226 pro
2645 5156 2930 5230 thescuris,
2960 5158 3202 5213 obtunsis
3220 5175 3323 5229 pro
3346 5158 3705 5230 obtusis,quo-

292 5234 421 5297 post
454 5228 819 5282 Dominicam
856 5227 1172 5281 Passionis.

293 5369 407 5423 bati
442 5378 576 5442 post
604 5370 969 5442 Dominicam
1009 5369 1321 5427 Passionis.

362 5441 614 5511 (eiNota
648 5441 993 5512 marginalia
1024 5444 1080 5497 in
1114 5447 1265 5511 cod.,
1298 5446 1431 5498 Ante
1461 5445 1628 5498 cibos.

361 5514 431 5583 (d)
467 5513 707 5584 Legitur
734 5514 792 5566 in
824 5514 992 5585 codd.
1016 5519 1185 5585 Greg.
1211 5515 1509 5570 Muratorii
1542 5531 1606 5569 ac
1637 5514 1695 5569 in
1728 5513 1946 5569 Missali

303 5580 464 5639 Rom.
501 5580 607 5639 fer.
639 5586 676 5638 5
701 5589 836 5655 post
866 5584 1095 5640 Domin.
1128 5580 1444 5644 Passionis.

357 5658 426 5725 (θ)
450 5657 641 5712 Codex
658 5656 909 5719 habet,el
928 5661 1307 5714 (δανίσηδὲωά
1330 5661 1549 5716 notavit
1566 5656 1947 5715 Blanebinius

293 5734 535 5785 esuriens
559 5730 848 5799 scriptum
874 5728 1056 5785 tuisse
1077 5747 1180 5802 pro
1204 5733 1522 5799 esuries,uti
1548 5732 1685 5789 alibi
1711 5729 1947 5803 praefer-

358 5300 433 5382 (ρ)
466 5300 1164 5382 Consonantnissgreg,
1187 5299 1483 5382 Muratorii
1515 5301 1574 5356 in
1605 5302 1782 5356 Missa
1812 5302 1942 5355 sab-

2051 5234 2195 5283 tiens
2228 5245 2330 5298 pro
2360 5230 2587 5298 quoties.
2628 5227 2770 5280 Hinc
2801 5230 3129 5283 necessario
3162 5227 3274 5284 non
3307 5234 3395 5283 est
3424 5227 3701 5281 emenda-

2052 5302 2134 5353 tiu
2166 5315 2341 5369 quam
2372 5298 2588 5369 recepit
2618 5298 2972 5356 Muratorius
2994 5305 3292 5356 esurientes
3313 5308 3529 5355 sacrata
3559 5298 3703 5351 liba-

2054 5375 2128 5427 tio
2157 5388 2253 5427 nos
2286 5372 2481 5441 reﬁcit.

2126 5445 2189 5513 if)
2223 5444 2349 5497 Haec
2382 5441 2689 5495 exhibetur
2718 5443 2779 5496 in
2814 5442 3035 5498 Missali
3066 5448 3231 5498 Rom.
3253 5444 3403 5497 inter
3433 5455 3707 5495 commu—

2055 5530 2180 5581 nes,
2216 5524 2454 5583 tempore
2482 5514 2668 5583 famis.

2128 5587 2203 5654 (g)
2240 5586 2462 5639 Ibidem
2501 5586 2557 5637 in
2590 5584 2790 5638 eodem
2829 5584 3126 5657 communi
3163 5584 3394 5657 legitur.

2130 5657 2207 5728 (ἡ)
2239 5657 2426 5712 Codex
2460 5672 2579 5727 qua:
2611 5657 2737 5709 sine
2767 5671 2882 5725 per.
2936 5655 3317 5712 Blanchinius
3347 5655 3549 5713 mallet
3579 5668 3705 5726 quo.

2059 5729 2359 5784 Muratorii
2395 5728 2862 5784 emendationem
2893 5728 3279 5797 praetulimus.
