4080 6220
407 363 520 423 Hi

1376 360 1637 421 OPERA
1686 361 1749 421 S.
1798 359 2025 419 LEONl
2074 357 2351 419 MAGNO
2396 356 2874 418 ATTRIBUTA.

3716 364 3831 424 112

472 494 712 564 Adesto,
751 494 1015 564 Domine,
1048 494 1415 567 supplicibus
1448 494 1589 566 tuis,
1615 497 1673 549 et
1698 509 1861 566 spem
1895 510 2062 550 suam
2096 495 2149 561 Α
2250 489 2517 561 Absolve,
2542 490 2807 558 Domine,
2831 507 3190 564 quaesumus,
3213 495 3451 548 tuorum
3483 492 3703 550 delicta
3733 513 3832 568 po-

407 587 467 641 in
499 588 601 641 tua
633 584 1038 653 misericordia
1082 584 1433 639 collocantes
1472 588 1635 640 tuere
1677 583 1829 637 108
1861 583 2057 655 propi-

406 675 524 730 tius
549 699 563 743 ;
596 678 659 729 ut
684 691 719 729 a
749 678 1118 746 peccatorum
1151 673 1279 729 labe
1309 672 1577 728 mundati
1604 673 1663 727 in
1688 670 1894 728 sancta
1919 688 2055 728 con-

407 762 737 820 versatione
765 766 1164 833 permaneant,
1200 766 1256 817 et
1304 767 1728 834 consequentes
1761 761 2055 818 sufficien-

408 854 554 910 tiam
602 852 1008 925 temporalem,
1052 852 1463 925 promissionis
1518 858 1628 909 tuae
1677 853 2058 924 perﬁciantur

412 942 693 999 haeredes.
728 946 855 1008 Per,
889 945 997 997 etc.

478 1033 572 1088 XI.
605 1033 737 1087 Item
764 1032 906 1087 alia.
928 1062 996 1073 --
1026 1031 1309 1099 Concede,
1335 1048 1697 1103 quaesumus,
1724 1031 2059 1101 Domine,ut

406 1122 477 1178 ad
510 1136 710 1192 preces
741 1124 876 1176 tuas
910 1122 1086 1177 corda
1116 1125 1316 1176 nostra
1347 1121 1675 1188 ﬂectamus,
1706 1126 1763 1177 et
1792 1137 1919 1177 esse
1949 1121 2057 1177 tibi

407 1210 709 1283 possibilia
734 1215 944 1266 cuncta
967 1211 1365 1281 ﬁdentes,non
1390 1213 1459 1267 de
1480 1212 1906 1267 elementorum
1932 1228 2058 1283 pro-

406 1301 605 1356 futura
637 1299 805 1355 nobis
837 1316 1143 1371 speremus
1172 1300 1404 1373 effectu,
1439 1302 1538 1357 sed
1572 1302 1641 1357 de
1697 1306 1802 1357 tua
1843 1301 2056 1357 virtute

408 1388 753 1462 suppliciter
784 1388 1192 1461 imploremus.
1236 1390 1361 1461 Per,
1391 1395 1503 1445 etc.

477 1478 775 1535 Virtutum
826 1478 1176 1547 caelestium,
1228 1485 1401 1546 Deus,
1445 1480 1543 1551 qui
1601 1480 1769 1550 plura
1814 1482 2055 1551 praestas

412 1584 589 1642 quam
620 1568 877 1640 petimus
899 1574 1001 1623 aut
1032 1585 1346 1637 meremur,
1379 1570 1591 1640 tribue,
1627 1572 2058 1641 quaesumus,ut

410 1663 513 1714 tua
543 1657 713 1713 nobis
735 1657 1139 1713 misericordia
1162 1659 1514 1727 conferatur,
1537 1659 1689 1730 quod
1718 1663 2052 1715 nostrorum

412 1764 528 1803 non
570 1746 746 1802 habet
775 1746 991 1802 ﬁducia
1022 1748 1384 1803 meritorum.
1419 1752 1546 1816 Per,
1574 1752 1683 1803 etc.

484 1836 562 1908 (a)
589 1835 760 1905 Deus,
787 1835 884 1907 qui
918 1836 1201 1908 prmvenis
1231 1841 1366 1892 vota
1415 1837 1806 1909 poscentium,
1840 1838 2051 1905 tribue,

410 1929 847 1998 quaesumus,ut
871 1929 927 1980 et
944 1925 1239 1997 corporeis
1261 1942 1374 1982 non
1406 1927 1798 1983 destituamur
1816 1925 2059 1982 alimen-

409 2015 509 2082 tis,
542 2019 600 2070 et
629 2015 699 2071 ab
730 2015 990 2070 hostium
1023 2015 1335 2073 formidine
1357 2015 1693 2072 liberemur.
1728 2016 1853 2086 Per,
1885 2019 1994 2071 etc.

482 2105 725 2161 Domine
773 2104 950 2173 Deus,
998 2105 1098 2176 qui
1148 2104 1451 2178 fragilitati
1509 2110 1719 2161 nostris
1750 2122 1875 2177 quae
1916 2121 2057 2161 con-

407 2197 643 2268 gruant,
677 2198 734 2250 et
765 2193 1045 2265 prmvides
1076 2194 1237 2250 solus
1270 2199 1327 2250 et
1353 2196 1643 2267 provides,
1670 2200 1883 2266 praesta
1908 2200 1973 2249 ut
2001 2198 2061 2250 et

409 2284 801 2357 praesentibus
823 2282 1139 2339 fulciamur
1166 2282 1421 2352 auxiliis,
1444 2288 1500 2340 et
1520 2284 1882 2339 instruamur
1904 2286 2059 2339 aeter-

409 2374 526 2430 nis.
562 2377 687 2441 Per,
724 2376 836 2429 etc.

477 2463 601 2519 Tua
631 2478 759 2530 nos,
810 2462 1074 2530 Domine,
1128 2477 1491 2533 quaesumus,
1525 2461 1738 2533 pietate
1790 2462 2055 2534 dispone,

409 2552 549 2625 quia
577 2551 756 2608 nullis
786 2552 1089 2623 egebimus
1124 2552 1504 2623 adjumentis,
1530 2552 1578 2607 si
1609 2556 1721 2607 tuae
1750 2551 2058 2624 providen-

408 2642 617 2698 dentiae
647 2640 957 2698 clementia
987 2641 1404 2714 gubernemur.
1437 2642 1563 2706 Per,
1597 2646 1706 2696 etc.

478 2731 693 2804 Dirige,
721 2730 993 2801 Domine,
1019 2746 1382 2801 quaesumus,
1405 2729 1723 2786 Ecclesiam
1746 2732 1907 2785 tuam
1933 2730 2057 2785 dis-

408 2820 753 2892 pensatione
775 2817 1016 2889 coelesti,
1041 2822 1106 2873 ut
1135 2835 1263 2889 quis
1296 2822 1428 2874 ante
1460 2818 1667 2873 mundi
1700 2818 2054 2890 principium

403 2909 463 2963 in
497 2913 597 2964 tua
636 2923 868 2979 semper
898 2912 987 2963 est
1017 2908 1330 2979 praesentia
1368 2913 1711 2979 praeparata,
1763 2923 1951 2978 usque
1983 2908 2053 2963 ad

402 2996 826 3071 plenitudinem
859 2996 1225 3068 gioriamque
1256 2997 1631 3069 promissam,
1663 3001 1718 3052 te
1749 2998 2054 3053 moderan-

400 3091 479 3155 te,
515 3086 829 3159 perveniat.
865 3090 996 3154 Per,
1027 3090 1136 3141 etc.

472 3176 680 3246 Tanto,
723 3191 1085 3247 quaesumus,
1159 3174 1421 3244 Domine,
1474 3174 1737 3247 placatus
1792 3192 2049 3248 assume,

2168 581 2464 654 pulcrum,
2526 584 2584 635 et
2634 581 2787 653 quod
2838 582 2907 653 (c)
2957 580 3282 637 mortalitas
3324 584 3622 639 contrahit
3670 588 3821 642 I09

2167 670 2499 742 fragilitate,
2536 670 2800 742 puriﬁca,
2835 675 2901 726 ut
2949 676 3161 727 cuncta
3210 671 3472 742 pericula
3514 674 3731 730 mentis
3768 682 3828 732 et

2167 760 2446 832 corporis,
2478 764 2533 815 te
2566 759 2943 832 propellente,
2969 760 3291 831 declinans,
3324 765 3428 817 tua
3468 763 3824 820 consolatio-

2166 849 2325 906 tione
2355 849 2660 920 subsistat,
2686 866 2751 906 ac
2775 854 2878 905 tua
2905 850 3096 923 gratia
3125 851 3428 922 promissa
3461 852 3820 924 redemptio-

2164 939 2257 994 nis
2291 940 2623 1011 perticiatur
2650 940 2727 1012 (d)
2761 940 3086 996 baereditas.
3122 941 3250 1009 Per,
3281 946 3395 997 etc.

2240 1028 2354 1084 XII.
2388 1031 2523 1084 Item
2543 1030 2677 1084 alia.
2702 1061 2765 1069 -—
2791 1031 3545 1103 Quaesumus,omnipotens
3568 1031 3824 1101 Deus,ut

2165 1121 2222 1173 et
2253 1123 2477 1174 mentes
2501 1123 2731 1175 nostras
2754 1119 3087 1175 cmlestibus
3111 1122 3371 1193 corrigas
3395 1121 3708 1193 institutis,
3726 1124 3826 1180 be-

2165 1208 2373 1263 neﬁcia
2402 1212 2504 1263 tua
2531 1224 2644 1263 non
2678 1209 2913 1265 desinas
2935 1214 3211 1281 praestare
3240 1212 3678 1281 correctis.Per,
3710 1219 3825 1270 etc.

2234 1299 2320 1354 Ad
2351 1297 2551 1354 hostes
2583 1302 2836 1366 nostros,
2875 1299 3135 1368 Domine,
3168 1303 3557 1373 superandos,
3593 1308 3825 1375 praesta,

2167 1392 2600 1461 quaesumus,ut
2623 1388 2905 1443 auxilium
2928 1394 3098 1445 tuum
3120 1390 3368 1461 jejuniis
3392 1392 3496 1447 tibi
3519 1392 3753 1465 placitis
3767 1399 3830 1450 et

2163 1478 2333 1533 bonis
2365 1478 2639 1548 operibus
2670 1477 3081 1550 impetremus.
3117 1484 3247 1551 Per,
3279 1485 3389 1537 etc.

2236 1566 2319 1620 Ad
2352 1564 2579 1633 altaria,
2614 1565 2879 1636 Domine,
2910 1569 3242 1623 veneranda
3280 1586 3411 1625 cum
3447 1569 3659 1627 hostiis
3692 1570 3823 1625 lau-

2165 1654 2256 1710 dis
2287 1655 2638 1710 accedimus.
2664 1654 2797 1721 Fac,
2824 1673 3187 1729 quaesumus,
3215 1662 3279 1713 ut
3310 1663 3366 1714 et
3386 1658 3822 1731 indulgentiam

2166 1748 2329 1798 tuam
2360 1742 2529 1798 nobis
2560 1743 2873 1800 concilient
2902 1749 2958 1801 et
2988 1746 3264 1802 favorem.
3302 1748 3431 1819 Per,
3463 1753 3575 1805 etc.

2238 1832 2309 1903 (ε)
2339 1832 2484 1887 Vere
2513 1832 2893 1903 dignum.Qui
2922 1851 3027 1890 nos
3048 1834 3199 1906 ideo,
3224 1836 3487 1893 collectis
3508 1843 3675 1895 terra:
3697 1840 3822 1895 fru-

2168 1919 2489 1992 ctibus,per
2514 1921 2931 1977 abstinentiam
2953 1923 3059 1978 tibi
3083 1925 3305 1995 gratias
3326 1926 3539 1982 referre
3561 1927 3826 1999 voluisti,

2169 2013 2235 2066 ut
2263 2026 2330 2065 ex
2359 2009 2547 2081 ipsius
2579 2010 2899 2066 devotionis
2932 2028 3139 2081 genere
3162 2031 3540 2072 nosceramus
3560 2032 3677 2071 non
3699 2017 3827 2074 haec

2168 2100 2241 2154 ad
2270 2099 2709 2155 exuberantiam
2739 2100 3233 2173 corporalem,sed
3265 2104 3335 2158 ad
3362 2104 3694 2177 fragilitatis
3718 2124 3825 2162 nos

2169 2188 2579 2245 sufﬁcientiam
2612 2190 3025 2262 percepisse,et
3052 2194 3206 2262 quod
3238 2210 3305 2248 ex
3336 2192 3429 2248 bis
3461 2197 3698 2266 parcius
3724 2214 3822 2253 su-

2169 2295 2485 2345 meremus,
2517 2279 2809 2351 egentium
2844 2280 3149 2351 proﬁceret
3175 2281 3549 2352 alimento,ut
3578 2290 3637 2340 et
3667 2286 3825 2342 salu-

2167 2368 2311 2424 taris
2347 2368 2651 2440 castigatio
2682 2368 3063 2426 mortalitatis
3093 2370 3471 2429 insolentiam
3505 2373 3825 2448 mitigaret,

2167 2462 2225 2513 et
2255 2457 2441 2530 pietas
2471 2458 2796 2514 imitatores
2829 2475 2935 2515 nos
2965 2463 3078 2514 tua:
3110 2461 3489 2533 benignitatis
3535 2464 3823 2534 efﬁceret;

2168 2547 2367 2619 sicque
2423 2546 2591 2603 donis
2648 2547 3071 2619 temporalibus
3102 2553 3421 2623 uteremur,
3454 2556 3520 2607 ut
3566 2552 3827 2609 discere-

2169 2652 2302 2690 mus
2332 2639 2389 2690 et
2416 2635 2577 2690 hiare
2612 2636 2935 2707 perpetuis.
2968 2636 3095 2703 Per,
3132 2641 3242 2693 etc.

2240 2726 2307 2797 (ί)
2350 2726 2578 2782 Prosint
2606 2727 2801 2793 nobis,
2838 2728 3096 2799 Domine,
3151 2746 3519 2801 quaesumus,
3574 2737 3824 2805 sumpta

2168 2815 2465 2887 mysteria,
2501 2816 2835 2887 pariterque
2867 2833 2973 2873 nos
3022 2822 3080 2873 et
3125 2835 3159 2874 a
3206 2820 3459 2891 peccatis
3492 2827 3732 2891 exuant,
3766 2827 3829 2879 et

2165 2903 2453 2976 praesidiis
2482 2909 2599 2961 tua
2631 2905 3062 2977 propitiationis
3093 2908 3383 2968 attollant.
3425 2910 3552 2980 Per,
3585 2915 3695 2967 etc.

2236 2994 2497 3064 Respice,
2525 2995 2783 3063 Domine,
2817 2994 3032 3051 famliaa
3056 3000 3167 3052 tuas
3191 3013 3412 3069 preces,
3437 3004 3493 3054 et
3521 3016 3693 3072 opem
3718 3000 3826 3056 tri-

2163 3082 2275 3138 bue
2296 3082 2637 3156 suppliciter
2658 3084 3031 3155 imploranti;
3077 3092 3139 3142 ut
3159 3088 3431 3158 congruis
3451 3088 3737 3144 subsidiis
3761 3091 3825 3145 in

2163 3173 2529 3229 confessions
2569 3173 2655 3229 tui
2683 3173 2939 3230 nominis
2973 3181 3323 3247 perseveret.
3353 3181 3481 3248 Per,
3511 3183 3621 3235 etc.

405 3268 625 3337 quanto
655 3265 974 3320 sacrandas
1003 3263 1225 3319 nomini
1262 3268 1358 3319 tuo
1389 3264 1497 3320 has
1541 3263 1873 3336 specialiter
1910 3265 2045 3321 hos-
2079 3250 2122 3318 C
2232 3262 2377 3318 XIII.
2412 3264 2545 3319 Item
2567 3264 2701 3319 alia.
2737 3295 2805 3306 —
2840 3267 3026 3320 Mores
3076 3271 3333 3337 nostros,
3366 3268 3627 3334 Domine,
3658 3286 3821 3340 quis-

406 3354 519 3411 tias
550 3354 624 3426 (b)
657 3351 942 3421 indidisti,
980 3356 1043 3407 ut
1075 3352 1360 3424 quidquid
1396 3358 1611 3409 nostris
1643 3370 1756 3409 non
1792 3353 2058 3426 expletur

408 3442 708 3500 servitutis
748 3441 959 3513 ofﬁcio,
993 3441 1368 3515 indulgentiae
1399 3447 1512 3499 tuae
1542 3443 1881 3515 dignatione
1912 3460 2056 3517 pen-

406 3538 588 3591 setur.
622 3537 750 3601 Per,
783 3535 890 3588 etc.

477 3622 623 3679 Vere
653 3622 917 3693 dignum.
945 3620 1091 3686 Quia
1114 3624 1226 3676 tuae
1258 3620 1502 3676 rationis
1535 3619 2053 3690 imaginem,mun-

402 3710 574 3768 danis
606 3709 943 3783 regionibus
965 3708 1435 3776 constitutam,et
1454 3708 1732 3765 humanis
1758 3726 1873 3765 non
1895 3709 2052 3766 desi-

404 3800 497 3855 nis
514 3800 703 3855 fovere
721 3796 1085 3863 subsidiis,et
1107 3798 1420 3853 reformare
1435 3796 2051 3870 divinis.Consequens

399 3888 557 3945 enim
588 3887 701 3943 fuit
732 3891 796 3942 ut
825 3886 1139 3943 transactis
1166 3892 1330 3942 tCI‘I‘tB
1359 3886 1670 3955 fructibus,
1703 3887 1934 3944 caeleste
1955 3906 2049 3945 se-

399 3994 534 4034 men
557 3976 888 4042 orrietur,et
908 3975 1184 4031 alimonia
1208 3975 1335 4030 vita
1369 3976 1631 4032 mortalis
1652 3977 1899 4048 expleta,
1920 3993 2046 4048 ger-

400 4084 532 4125 men
557 4065 1020 4123 immortalitatis
1040 4065 1527 4137 existeret.Atque
1544 4066 1695 4120 escis
1712 4066 2045 4122 carnalibus

396 4156 705 4228 expeditis,
732 4155 898 4211 cibus
926 4158 1265 4210 nasceretur
1295 4153 1641 4210 mirabiliter
1690 4155 2042 4225 animarum,

396 4262 464 4303 ac
499 4250 759 4315 tempore
790 4242 1090 4313 frumenti,
1111 4242 1227 4297 vini
1254 4248 1311 4299 et
1341 4243 1451 4299 olei
1479 4261 1610 4298 mox
1637 4246 2044 4316 peracto,inef-

393 4333 649 4391 fabiliter
678 4332 966 4395 ederetur,
1000 4332 1100 4403 qui
1149 4331 1287 4388 ﬁliis
1334 4332 1451 4404 Dei,
1487 4333 1557 4387 ad
1592 4333 2042 4391 similitudinem

391 4422 833 4499 proﬁcientibus
883 4420 1247 4493 angelorum,
1282 4421 1389 4477 hoc
1440 4426 1650 4494 totum,
1698 4441 1813 4480 non
1848 4424 2039 4480 solum

388 4517 459 4571 de
490 4513 632 4570 coelo
663 4512 994 4569 substantia
1023 4510 1275 4566 deferret
1304 4516 1361 4566 et
1391 4511 1649 4580 nomine,
1696 4513 1796 4568 sed
1829 4530 2038 4584 panem

394 4604 674 4677 praeberet
703 4606 1008 4658 aeternum.
1041 4604 1169 4669 Per,
1202 4604 1310 4655 etc.

460 4694 716 4749 Gratiam
749 4696 907 4746 tuam
945 4688 1134 4755 nobis,
1161 4688 1421 4756 Domine,
1448 4706 1680 4761 semper
1711 4693 2041 4749 accumulat

389 4782 566 4838 divini
602 4780 967 4854 participatio
1001 4780 1373 4844 sacramenti,
1407 4784 1465 4835 et
1505 4796 1611 4835 sua
1659 4797 1765 4836 nos
1824 4781 2036 4839 virtute

385 4871 746 4940 mundando,
769 4868 915 4924 tanti
939 4868 1223 4935 muneris,
1249 4884 1489 4939 capaces
1518 4869 1751 4926 efﬁciat.
1776 4870 1904 4939 Per,
1923 4876 2031 4929 etc.

454 4996 530 5076 (ei
564 4996 625 5076 ἐκ)
661 4992 923 5076 φανείη
956 4993 1083 5076 09d.-
1116 4994 1255 5076 4zz’e
1283 4993 1447 5076 ςίὺοθο

458 5064 534 5140 (b)
568 5067 749 5138 Magis
778 5064 1027 5136 placeret
1057 5066 1333 5119 indixisti.

446 5142 514 5213 (c)
546 5140 736 5213 Codex
767 5137 1044 5193 mendose
1074 5139 1449 5213 mortalitatis,
1482 5138 1591 5213 nisi
1618 5138 1927 5212 legendum
1953 5141 2032 5197 sit

379 5209 593 5286 plurali
629 5226 872 5267 numero
903 5209 1256 5277 contrahunt,
1292 5214 1348 5264 ct
1386 5209 1657 5267 similiter
1679 5209 1747 5267 in
1781 5229 2027 5285 sequen-

380 5288 649 5429 t11221))S‘Sic
682 5354 882 5429 codex,
916 5351 1295 5429 Muratorius,
1328 5352 1524 5429 haeres.

436 5424 513 5499 (ὲ)
540 5432 639 5484 Est
664 5426 922 5499 praefatio
967 5424 1183 5499 feriae/4
1225 5426 1451 5499 mensis
1496 5426 1728 5499 septimi
1764 5428 1820 5482 in
1855 5429 2018 5483 codd.

376 5496 494 5555 Gre
532 5496 769 5555 orianis.
815 5496 1067 5553 Leonina
1098 5496 1274 5552 dictio
1331 5497 1388 5551 in
1442 5496 1654 5555 hac'et
1685 5499 1814 5555 aliis
1849 5500 2024 5572 hujus

376 5518 528 5626 tituﬁ
565 5573 917 5626 nraefationis
942 5569 1195 5626 praeferri
1228 5569 1475 5624 videtur.

374 5569 527 5627 tituli
565 5573 917 5641 praefationis
940 5569 1195 5641 praeferri
1228 5569 1475 5624 videtur.

2167 3369 2396 3422 sumus,
2430 3358 2532 3408 tua
2561 3352 2776 3425 pietate
2804 3370 3106 3426 compone,
3140 3359 3207 3411 ut
3235 3361 3290 3412 et
3331 3355 3495 3414 nulla
3518 3358 3689 3414 nobis
3713 3360 3821 3415 do-

2166 3442 2469 3497 minentur
2498 3442 2759 3514 adversa,
2791 3447 2850 3499 et
2879 3442 3165 3500 salutaria
3195 3449 3405 3502 cuncta
3445 3463 3561 3502 non
3593 3448 3819 3505 desint.

2163 3531 2292 3599 Per,
2325 3535 2434 3587 etc.

2233 3621 2309 3691 (g)
2342 3619 2414 3675 Ut
2440 3620 2668 3677 cunctis
2698 3639 2825 3690 nos,
2874 3623 3137 3694 Domine,
3186 3623 3380 3681 foveas
3427 3625 3816 3698 adiumentis,

2162 3713 2296 3781 apta
2327 3709 2615 3782 propitius
2648 3710 3000 3782 disciplinis.
3033 3712 3159 3782 Per,
3197 3718 3308 3769 etc.

2232 3798 2592 3854 Sacriﬁcium
2644 3800 2962 3856 deferimus
3010 3802 3081 3856 de
3129 3803 3501 3875 perceptione
3548 3808 3815 3878 tuorum,

2157 3887 2421 3957 Domine,
2443 3890 2853 3960 praestitorum,
2879 3894 2945 3945 ut
2970 3890 3342 3963 percipienda
3371 3893 3635 3949 securius
3665 3895 3819 3950 ube-

2158 3975 2398 4047 riusque
2429 3994 2758 4034 sumamus.
2793 3978 2919 4048 Per,
2950 3983 3058 4035 etc.

2226 4068 2380 4122 no
2411 4067 2555 4123 Vere
2581 4069 2848 4140 dignum.
2882 4068 3188 4141 Simulque
3220 4087 3323 4142 pro
3354 4088 3597 4128 munere
3627 4088 3812 4145 gene-

2155 4156 2263 4212 rali
2284 4174 2398 4229 quo
2421 4157 2758 4225 vivimus,et
2776 4176 2878 4230 pro
2901 4158 3153 4231 singulis
3171 4160 3504 4233 quibusque
3521 4163 3812 4219 subsidiis

2152 4250 2314 4302 tuam
2348 4248 2810 4303 muniﬁcentiam
2844 4248 3195 4320 praedicare;
3223 4249 3303 4321 (h)
3346 4268 3417 4307 ne
3440 4251 3688 4307 conlatis
3710 4252 3810 4306 in-

2152 4336 2301 4407 grati
2328 4337 2648 4403 beneﬁciis,
2670 4337 3036 4392 conferendis
3061 4338 3377 4409 probemur
3403 4340 3648 4413 indigni,
3677 4358 3807 4397 me-

2151 4425 2380 4497 ritoque
2402 4427 2837 4482 transeuntium
2862 4443 3055 4481 rerum
3075 4428 3271 4497 potius
3297 4428 3808 4486 consolationibus

2150 4515 2515 4587 adjuvemur,
2549 4516 2594 4569 si
2647 4516 2799 4571 bona
2852 4533 3132 4572 mansura
3172 4534 3284 4573 non
3337 4519 3599 4589 segnius,
3635 4536 3807 4577 sacro

2068 4627 2117 4691 D
2142 4604 2366 4675 jejunio
2401 4604 2666 4676 purgatis
2689 4604 2983 4670 sensibus,
3016 4610 3382 4678 appetamus.
3420 4608 3545 4679 Per,
3578 4613 3689 4663 etc.

2218 4698 2454 4763 Praesta,
2514 4694 2776 4765 Domine,
2836 4711 3199 4767 quassumus,
3254 4702 3319 4752 ut
3372 4696 3807 4769 temporalibus

2146 4799 2261 4839 non
2306 4784 2699 4838 destituamur
2747 4784 3001 4853 auxiliis,
3044 4801 3193 4856 quos
3250 4786 3548 4843 alimoniis
3601 4788 3805 4859 pascis

2143 4871 2397 4928 aeternis.
2434 4873 2560 4942 Per,
2593 4876 2700 4929 etc.

2214 4998 2287 5069 (g)
2319 4998 2382 5052 In
2414 4999 2581 5053 codd.
2613 5002 2846 5070 Grcgor.
2890 4997 3190 5053 Muratorii
3222 5004 3413 5056 exstat
3460 5000 3614 5056 inter
3667 5018 3802 5057 ora-

2140 5068 2331 5145 tiones
2363 5068 2807 5145 vespertinas‘et
2838 5071 3161 5145 matutinas
3189 5089 3202 5139 ;
3238 5075 3392 5145 apud
3445 5072 3800 5131 Menardum

2136 5160 2270 5199 vero
2301 5143 2457 5199 inter
2488 5143 2781 5198 orationes
2813 5143 3213 5213 quotidianae.

2209 5215 2288 5286 (ἡ)
2311 5217 2516 5283 Codex,
2532 5232 2599 5271 ne
2618 5232 2727 5271 non
2750 5216 3577 5281 latis,mendose.Muratorius
3601 5231 3800 5272 emen-

2136 5286 2316 5356 davit,
2350 5293 2409 5342 ut
2438 5303 2545 5343 non
2576 5289 2739 5342 latus.
2775 5286 3102 5343 Blanchinii
3134 5289 3553 5344 correctionem
3586 5305 3797 5344 secun-

2136 5358 2231 5432 dis
2282 5359 2439 5413 curis
2489 5360 2974 5432 Sacramentario
3010 5361 3373 5432 praemissam
3436 5361 3793 5432 recepimus,

2135 5430 2356 5501 quippe'
2378 5448 2501 5499 quae
2539 5431 2842 5502 praefertur
2872 5432 2930 5487 in
2963 5430 3072 5487 hac
3104 5434 3303 5489 eadem
3348 5430 3609 5491 oratione
3638 5433 3790 5489 infe-

2135 5502 2258 5580 rius
2290 5502 2533 5580 repetita
2577 5505 2603 5570 §
2649 5504 2739 5580 279,
2796 5505 2973 5560 Missa
3021 5521 3097 5580 x1,
3149 5522 3219 5560 ex
3267 5523 3383 5580 qua
3431 5506 3604 5580 paulo
3656 5510 3793 5580 post

2133 5574 2491 5649 scripsimus
2528 5579 2753 5649 segnius
2780 5595 2880 5649 pro
2908 5578 3147 5646 :ignius,
3193 5574 3573 5635 uti—boc-loco
3606 5574 3791 5633 codex

443 5647 508 5724 (ί)
542 5643 605 5724 In
638 5641 1098 5701 Sacramentario
1130 5641 1300 5715 Greg.
1326 5642 1586 5700 Menardi
1612 5645 1713 5701 fer.
1745 5645 1780 5699 6
1802 5646 2021 5703 mensis
2130 5641 2368 5724 errones
2406 5641 2659 5724 exhibet.
2696 5650 2759 5704 In
2780 5641 3003 5706 'eadem
3035 5641 3219 5707 Missa
3274 5667 3333 5707 χι
3388 5668 3492 5724 pro
3535 5652 3794 5709 sensibus

371 5713 606 5773 decimi.

2130 5718 2383 5776 habetur
2411 5719 2713 5778 mentibus.
