4080 6220
271 309 373 367 Hi

1051 312 1278 373 LIBER
1324 313 2035 378 SACRAMENTORUM
2083 314 2482 377 ECCLESIIE
2529 314 2904 374 ROMANIE.

3565 314 3680 373 “8

329 440 496 496 Hane
528 440 716 513 igitur
749 442 1127 509 oblationem,
1182 463 1362 517 quam
1420 448 1529 503 tibi
1586 448 1762 504 offero
1810 464 1916 519 ego
1947 452 1999 516 Α
2033 464 2166 503 mus
2198 465 2395 505 amare
2426 464 2695 516 censura,
2720 452 3029 519 totumque
3088 447 3393 503 servitium
3453 447 3680 519 delega-

260 536 400 585 tuus
434 530 697 587 famulus
728 548 796 587 ac
826 535 1119 605 sacerdos,
1152 552 1256 605 pro
1292 554 1358 592 eo
1418 538 1574 607 quod
1608 554 1719 605 me,
1754 536 1915 592 nulla

258 637 508 690 prorsus
530 621 767 690 justitia
796 624 1213 695 conﬁdentem,
1244 626 1345 681 sed
1386 626 1699 682 ineffabilia
1732 626 1914 683 mise-

254 710 529 765 ricordiae
558 710 827 782 largitate
867 712 1123 768 tribuisti
1157 716 1577 771 sacerdotalem
1610 716 1808 772 subire
1829 717 1913 772 fa-

255 800 577 867 mulatum,
610 818 974 873 quaesumus,
1008 803 1273 874 placatus
1304 806 1643 878 accipias,et
1672 812 1773 863 tua
1794 808 1913 878 pie-

251 894 371 946 tate
405 891 727 946 conﬁrmes
758 892 913 962 quod
946 909 1008 948 es
1038 900 1313 964 operatus
1346 895 1405 949 in
1439 895 1630 963 nobis,
1672 896 1913 967 diesque

252 995 422 1035 meos
463 979 927 1037 clementissima
975 983 1400 1053 gubernatione
1451 984 1751 1056 disponas.
1783 985 1909 1054 Per,

251 1071 342 1123 etc
358 1110 370 1123 .

318 1159 451 1222 Qua
480 1157 778 1213 oblatione
812 1160 996 1214 totius
1050 1176 1280 1215 mecum
1319 1161 1674 1232 gratulantis
1717 1161 1911 1217 Eccle-

251 1246 371 1313 siae,
406 1251 473 1301 tu
508 1246 665 1301 Deus
696 1247 755 1301 in
789 1247 1086 1303 omnibus.

315 1335 713 1407 Omnipotens
743 1342 801 1391 et
832 1336 1167 1393 misericors
1196 1338 1369 1407 Deus,
1402 1340 1502 1410 qui
1534 1357 1640 1396 nos
1669 1342 1739 1396 ad
1760 1339 1907 1396 cele-

248 1424 530 1480 hritatem
561 1425 758 1480 venire
793 1425 972 1496 hujus
1001 1426 1114 1482 diei
1147 1427 1471 1493 contulisti,
1508 1434 1738 1499 praesta,
1762 1446 1911 1499 quae-

246 1529 483 1582 sumus,
519 1518 584 1567 ut
614 1514 697 1568 tui
732 1515 1105 1585 perceptione
1135 1517 1510 1583 sacramenti,
1541 1524 1598 1573 et
1621 1518 1907 1574 securitas

246 1601 419 1657 nobis
451 1606 659 1673 optata
691 1602 798 1672 (AI.
854 1605 1179 1674 profutura)
1212 1606 1536 1676 proveniat,
1568 1611 1624 1662 et
1677 1606 1904 1678 religio-

246 1690 336 1745 nis
369 1690 710 1762 integritas.
745 1691 869 1761 Per,
902 1696 1011 1747 etc.

2020 543 2148 592 tum
2181 538 2603 593 rationabiliter
2632 542 3037 608 exsequentes,
3071 554 3187 593 non
3221 542 3443 592 reatum
3467 537 3537 592 de
3570 554 3671 593 ne-

2022 627 2210 698 glecto
2244 627 2473 682 Domini
2507 627 2823 681 subeamus
2855 627 3300 698 augmento,sed
3334 627 3671 681 divinorum

2023 716 2195 770 nobis
2223 714 2611 787 multiplicata
2652 716 2958 786 proveniat
3009 716 3372 787 dispensatio
3423 714 3669 771 talento-

2024 820 2177 859 rum.
2210 805 2337 869 Per,
2369 810 2477 859 etc.

2092 893 2375 965 Deus,qui
2408 910 2514 949 nos
2536 894 2918 950 sacramentis
2940 894 3060 949 tuis
3083 909 3318 965 pascere
3340 910 3456 949 non
3479 893 3671 949 desiso

2022 983 2121 1050 tis,
2156 982 2368 1050 tribue,
2401 999 2759 1053 quaesumus,
2796 987 2859 1038 ut
2888 999 3091 1038 eorum
3122 982 3291 1039 nobis
3325 982 3558 1038 indulta
3578 998 3666 1038 re-

2020 1071 2191 1127 fectio
2226 1072 2402 1126 vitam
2436 1073 2697 1127 conferat
2727 1072 3168 1143 sempiternam.
3203 1071 3330 1137 Per,
3357 1075 3464 1126 etc.

2094 1161 2359 1232 Respice,
2405 1160 2674 1230 Domine,
2733 1160 3024 1232 propitius
3055 1159 3339 1215 familiam
3394 1164 3579 1228 tuam,
3613 1163 3673 1215 et

2020 1254 2361 1321 perpetuam
2394 1249 2607 1321 largire
2650 1250 3112 1305 misericordiam
3171 1248 3548 1321 supplicanti,
3606 1251 3672 1304 ut

2019 1338 2145 1392 sine
2177 1356 2295 1409 qua
2324 1338 2470 1392 nihil
2493 1344 2685 1409 potest
2710 1355 2743 1393 a
2773 1354 2835 1393 se
2865 1338 3111 1410 dignum
3142 1355 3384 1410 prorsus
3415 1338 3665 1407 efficere,

2019 1444 2120 1497 per
2148 1443 2277 1482 eam
2309 1428 2589 1482 salutaria
2620 1432 2721 1482 tua
2752 1428 2906 1482 “8
2938 1432 3223 1499 praecepta
3253 1427 3497 1499 (ALquze
3518 1443 3667 1498 prai-

2017 1515 2185 1587 cipis)
2217 1521 2509 1571 mereatur
2540 1516 2803 1586 implere.
2840 1516 2964 1582 Per,
3000 1522 3110 1570 etc.

2088 1605 2183 1661 III.
2219 1607 2353 1660 Item
2382 1607 2595 1660 alla.——
2629 1606 2803 1672 Deus,
2824 1605 2924 1677 qui
2955 1604 3275 1660 Ecclesiam
3307 1608 3468 1660 tuam
3494 1604 3551 1659 in
3575 1605 3663 1661 di-

2012 1693 2257 1749 lectione
2272 1700 2383 1749 tuaa
2397 1694 2797 1750 Divinitatiset
2819 1692 3067 1765 proximi
3084 1700 3294 1749 cuncta
3306 1709 3535 1750 servare
3550 1710 3660 1749 cce-

312 1780 422 1846 Da,
458 1796 825 1851 quasumus,
859 1781 1122 1851 Domine,
1168 1782 1404 1839 familia;
1434 1789 1549 1839 tuae
1596 1801 1729 1840 cum
1778 1786 1902 1841 suis
1932 1812 1981 1876 B
2014 1782 2184 1838 lestia
2214 1785 2493 1839 mandata
2523 1782 2882 1849 docuisti,da
2912 1784 3081 1838 nobis
3113 1782 3390 1853 spiritum
3425 1784 3586 1854 pacis
3606 1786 3664 1839 et

245 1886 453 1939 pacem
488 1869 707 1924 habere
744 1870 1092 1936 rectoribus,
1126 1876 1189 1926 ut
1221 1889 1472 1943 quorum
1505 1874 1722 1930 honore
1762 1891 1904 1930 con-

243 1959 533 2029 gaudent.
566 1964 638 2013 de
667 1975 868 2013 eorum
900 1964 1105 2014 sancta
1135 1963 1575 2017 conversatione
1612 1962 1900 2032 laetentur,

242 2052 464 2119 tuaque
478 2046 677 2118 gratia
697 2047 993 2103 tribuatur
1008 2053 1065 2103 et
1078 2050 1401 2107 moderatio
1419 2052 1899 2124 gubernantium,

244 2141 300 2191 et
326 2136 669 2191 obedientia
699 2136 1093 2192 subditorum.
1128 2138 1253 2208 Per,
1288 2144 1399 2194 etc.

312 2225 465 2281 115
502 2225 577 2278 II.
610 2225 748 2280 Item
781 2225 914 2280 alia.
949 2256 1018 2267 —-
1054 2230 1223 2294 Deus,
1257 2228 1358 2297 qui
1394 2245 1610 2301 magna
1640 2229 1902 2297 nimis,et

240 2314 313 2368 de
345 2312 543 2384 parvis
575 2313 847 2370 miranda
877 2319 1143 2386 potenter
1172 2317 1451 2387 operaria,
1487 2318 1900 2375 misericordia

236 2406 355 2457 tua:
385 2403 545 2457 dona
570 2403 632 2458 in
667 2418 758 2458 me
792 2403 1055 2474 placatus
1096 2420 1432 2476 exsequere,
1466 2412 1532 2462 ut
1586 2408 1686 2462 ubi
1740 2408 1903 2463 nulla

238 2492 617 2547 conscientias
649 2508 788 2548 mea;
819 2498 875 2547 te
906 2494 1084 2564 digna
1115 2501 1255 2549 sunt
1286 2496 1517 2569 merita,
1563 2497 1689 2553 sola
1719 2497 1899 2568 pieta-

237 2581 321 2637 tis
346 2587 464 2636 ωε
496 2596 731 2654 semper
746 2581 903 2637 clara
932 2583 1009 2638 sit
1031 2584 1240 2654 gratia.
1273 2589 1403 2651 Per,
1430 2590 1541 2643 etc.

312 2669 559 2725 Domine
593 2676 814 2735 sancte,
851 2670 1016 2725 Pater
1046 2672 1444 2744 omnipotens,
1476 2681 1688 2729 aeterne
1718 2675 1895 2741 Deus,

235 2759 333 2829 qui
367 2757 643 2830 dignaris
699 2759 919 2820 inﬁma,
965 2760 1194 2829 abjecta
1253 2778 1370 2816 non
1402 2762 1647 2834 despici,
1698 2762 1898 2819 attolle

234 2865 389 2919 quos
422 2847 700 2914 suscitas,
732 2852 789 2903 et
819 2849 1083 2918 guberna
1112 2866 1260 2920 quos
1292 2850 1493 2921 erigis.
1524 2852 1608 2907 Da
1639 2852 1785 2906 mihi
1812 2853 1897 2907 fa-

234 2937 403 2993 mulo
432 2941 539 2991 tuo
566 2936 983 2992 sufficientiam
1012 2938 1313 2993 commissi
1345 2940 1787 2997 moderaminis.
1818 2943 1898 2996 Da

231 3026 510 3081 Ecclesiae
541 3031 654 3079 tua;
688 3041 912 3096 pacem,
944 3026 1037 3081 cui
1069 3043 1161 3082 me
1194 3044 1440 3097 praeesse
1470 3029 1725 3096 voluisti,
1755 3030 1894 3085 utin

233 3131 348 3170 uno
383 3115 713 3185 eodemque
743 3114 957 3185 spiritu
988 3115 1065 3170 sit
1094 3115 1198 3170 tibi
1231 3129 1395 3187 grata
1424 3118 1654 3174 devotio
1689 3122 1745 3173 et
1768 3118 1891 3190 ple-

231 3203 318 3258 bis
354 3208 419 3257 et
448 3202 739 3274 praesulis.
769 3203 891 3268 Per,
926 3208 1035 3259 etc.

294 3292 387 3359 (α)
418 3292 576 3347 Deus
612 3292 817 3346 mundi
850 3296 1078 3348 creator
1106 3298 1162 3349 et
1191 3298 1400 3362 rector,
1432 3295 1501 3349 ad
1536 3295 1890 3351 humilitatis

231 3398 377 3437 mea
401 3397 607 3451 preces
632 3380 897 3452 placatus
915 3382 1167 3449 attende,
1188 3388 1245 3437 et
1268 3399 1360 3438 me
1384 3383 1673 3439 famulum
1700 3390 1888 3453 tuum,

232 3486 409 3541 quem
446 3469 632 3525 nullis
663 3470 1127 3541 suffragantibus
1157 3472 1406 3541 meritis,
1453 3474 1555 3529 sed
1589 3474 1889 3529 immensa

232 3557 509 3631 largitate
532 3557 879 3627 elementize,
911 3558 1185 3614 ccslestiis
1218 3562 1514 3632 mysteriis
1545 3563 1759 3617 servire
1788 3562 1890 3617 tri-

237 3647 439 3715 buisti,
474 3647 723 3719 dignum
759 3647 943 3701 sacris
976 3647 1262 3704 altaribus
1294 3651 1381 3704 fac
1430 3649 1792 3719 ministrum,
1828 3654 1893 3705 ut

234 3737 392 3807 quod
424 3753 557 3791 mea
588 3735 1003 3791 celebrandum
1034 3753 1171 3793 voce
1214 3738 1597 3809 depromitur,
1655 3742 1758 3795 tua
1788 3757 1890 3811 po-

233 3826 342 3881 tius
378 3824 848 3880 sanctiﬁcatione
881 3825 1165 3881 firmetur.
1202 3826 1327 3895 Per,
1360 3832 1469 3883 etc.

296 3915 695 3986 Omnipotens
729 3914 1089 3985 sempiterne
1120 3915 1295 3983 Deus,
1347 3915 1606 3981 hostilia,
1667 3934 1891 3988 quaesu-

239 4021 385 4070 mus,
424 4020 595 4058 arma
624 4003 948 4073 confringe,
1010 4007 1075 4058 ut
1120 4003 1561 4074 imperturbatis
1595 4006 1890 4061 mentibus

238 4110 399 4165 agere
430 4098 538 4147 tua
569 4095 778 4147 sancta
810 4091 1128 4162 possimus.
1157 4093 1285 4161 Per,
1319 4098 1427 4148 etc.
1624 4101 1630 4107 ‘

299 4181 571 4238 Concede
604 4179 1175 4251 nobis,omnipotens
1214 4180 1464 4249 Deus,ut
1492 4182 1563 4236 ab
1606 4182 1890 4253 improbis

234 4269 638 4326 voluntatibus
657 4268 1445 4340 recedentes,pra3ceptorum
1459 4274 1697 4326 tuorum
1720 4272 1889 4326 recti-

236 4361 439 4415 tudine
472 4360 995 4429 subsequamur,et
1020 4356 1121 4429 qui
1144 4358 1327 4414 deviis
1357 4359 1534 4414 etiam
1559 4359 1891 4416 desiderata

238 4448 532 4512 concedis,
567 4451 780 4518 praesta
809 4446 1049 4502 meliora
1078 4448 1371 4527 correctis.
1406 4448 1531 4513 Per,
1564 4454 1670 4503 etc.

2012 1873 2306 1943 gratias,ut
2337 1874 2609 1927 universa
2640 1871 2858 1927 familia
2890 1876 2989 1927 tua
3019 1876 3077 1926 et
3108 1877 3229 1927 toto
3250 1871 3353 1927 tibi
3385 1872 3559 1927 corde
3581 1870 3659 1927 sit

2013 1962 2241 2027 devota,
2273 1966 2330 2016 et
2362 1978 2506 2031 pura
2535 1960 2649 2015 sibi
2682 1961 2980 2016 voluntate
3010 1961 3339 2017 concordet.
3396 1961 3517 2026 Per,
3546 1965 3659 2015 etc.

2082 2050 2326 2105 Domine
2358 2055 2581 2115 sancte,
2608 2050 2774 2105 Pater
2802 2049 3197 2121 omnipotens,
3232 2053 3443 2104 aeterne
3485 2048 3661 2120 Deus,

2012 2140 2086 2194 da
2114 2138 2283 2194 nobis
2312 2140 2505 2210 gratia
2535 2144 2646 2193 tuaa
2674 2138 3034 2209 dignationis
3064 2138 3288 2209 augeri,
3321 2141 3379 2193 et
3404 2138 3479 2209 (b)
3504 2153 3661 2192 mor-

2011 2228 2254 2283 talitatis
2286 2227 2647 2283 conscientia
2699 2228 2982 2299 trepidos,
3043 2226 3278 2298 pietatis
3334 2226 3662 2282 eruditione

2010 2318 2314 2383 confirma,
2346 2322 2413 2371 ut
2452 2320 2507 2372 te
2536 2316 2734 2372 omnia
2762 2316 2823 2371 in
2869 2316 3142 2371 omnibus
3201 2321 3497 2387 operante,
3533 2332 3661 2387 pro-

2010 2406 2196 2461 fectus
2226 2406 2420 2477 gregis
2450 2406 2535 2460 tui
2569 2405 2646 2461 sit
2680 2405 2868 2460 forma
2898 2405 3173 2477 pastoris.
3209 2408 3335 2471 Per,
3368 2408 3476 2459 etc.

2082 2495 2325 2549 Domine
2358 2499 2579 2561 sancte,
2608 2498 2782 2549 Pater
2811 2494 3208 2565 omnipotens,
3231 2498 3443 2548 aaterne
3474 2493 3654 2562 Deus,

2008 2584 2205 2655 gratiae
2237 2587 2348 2638 tua;
2379 2584 2437 2638 in
2471 2583 2639 2638 nobis
2666 2584 2821 2638 dona
2851 2597 3222 2654 prosequere,
3246 2586 3303 2637 et
3330 2583 3487 2652 quod
3517 2598 3657 2652 pos-

2008 2672 2259 2728 sibilitas
2287 2688 2401 2727 non
2434 2672 2609 2727 habet
2640 2671 2981 2743 fragilitatis
3012 2672 3410 2739 humanm,tuo
3442 2670 3651 2741 spiritu

2009 2760 2322 2816 miseratus
2350 2760 2645 2833 impende,
2682 2766 2746 2815 ut
2776 2760 2958 2814 sacris
2990 2758 3277 2815 altaribus
3310 2759 3650 2825 servientes,

2006 2854 2063 2905 et
2092 2849 2227 2904 ﬁdei
2258 2850 2596 2922 integritate
2629 2848 2879 2916 fundati,
2911 2851 2968 2904 et
2999 2846 3211 2903 mentis
3244 2846 3363 2902 sint
3389 2846 3653 2902 claritate

2006 2938 2330 3009 conspicui.
2366 2939 2493 3003 Per,
2526 2943 2635 2994 etc.

2076 3028 2145 3099 (ο)
2179 3028 2354 3096 Deus,
2388 3027 2489 3099 qui
2528 3028 2758 3082 dierum
2790 3030 3126 3083 nostrorum
3158 3042 3403 3081 numero
3434 3028 3660 3097 tempo-

2005 3134 2255 3189 rumque
2273 3133 2581 3172 mensuras
2615 3116 2942 3187 maiestatis
2965 3120 3080 3171 tuae
3100 3119 3390 3187 potestate
3418 3114 3652 3186 dispen-

2004 3222 2121 3271 sas,
2156 3206 2443 3278 propitius
2472 3206 2543 3260 ad
2575 3205 2927 3260 humilitatis
2962 3208 3173 3260 nostra
3204 3204 3428 3276 respice
3468 3203 3655 3258 servi-

2002 3299 2208 3359 tutem,
2244 3298 2308 3349 ut
2362 3299 2473 3349 tuae
2527 3293 2683 3364 pacis
2740 3293 3105 3348 abundantia
3155 3297 3421 3363 tempora
3452 3295 3652 3347 nostra

2001 3382 2396 3437 cumulentur.
2426 3383 2548 3447 Per,
2580 3386 2691 3436 etc.

2071 3471 2352 3543 Deus,qui
2384 3486 2489 3525 nec
2521 3469 2789 3524 Ecclesits
2812 3473 2924 3524 tuae
2958 3486 3144 3540 usque
3166 3470 3240 3524 ad
3272 3484 3647 3523 consumma-

1996 3560 2219 3616 tionem
2241 3565 2298 3614 te
2331 3559 2528 3615 saeculi
2550 3559 3023 3623 defuturum,nec
3051 3556 3265 3612 inferni
3292 3562 3487 3628 portas
3502 3574 3648 3628 apo-

1998 3648 2217 3706 stolicae
2247 3647 2598 3704 confessioni
2633 3646 3032 3719 praevalituras
3062 3662 3192 3702 esse
3221 3644 3643 3719 promisisti,in

2000 3742 2202 3794 nostra
2231 3754 2460 3809 quoque
2490 3736 2701 3808 perﬁce
2748 3735 3037 3807 propitius
3092 3735 3431 3790 inﬁrmitate
3461 3735 3645 3790 virtu-

1999 3834 2139 3895 tem,
2172 3830 2230 3881 et
2260 3827 2465 3881 divinae
2497 3825 2937 3897 pollicitationis
2966 3825 3260 3890 effectum,
3293 3825 3434 3879 dum
3466 3823 3643 3879 etiam

1997 3915 2251 3971 infirmis
2282 3915 2399 3970 tuis
2430 3914 2624 3969 inesse
2645 3914 2926 3985 dignaris,
2955 3912 3368 3978 ostende.Quia
3388 3928 3643 3983 praesen-

1998 4004 2142 4060 tiam
2175 4010 2337 4059 tuam
2370 4004 2496 4058 sine
2526 4003 2895 4057 dubitatione
2926 4002 3236 4071 sentimus,
3271 4018 3405 4056 cum
3437 4005 3493 4054 et
3515 4000 3642 4055 sin-

1999 4093 2154 4166 gulis
2185 4093 2519 4164 quibusque
2549 4091 2914 4162 temporibus
2944 4090 3357 4145 convenienter
3386 4088 3644 4160 optanda

1998 4182 2391 4253 dispensas,et
2418 4197 2524 4235 nos
2553 4198 2583 4235 a
2615 4179 2798 4235 totius
2829 4178 3203 4234 adversitatis
3234 4178 3475 4234 incursu
3508 4193 3638 4249 per-

1998 4271 2114 4343 peti
2148 4269 2506 4342 protectione
2537 4268 2821 4324 custodis.
2853 4267 2980 4335 Per,
3014 4271 3123 4323 etc.

2070 4360 2382 4426 Memento,
2418 4358 2683 4427 Domine,
2717 4356 2871 4428 quod
2903 4373 2964 4412 es
2987 4359 3262 4428 operatus
3295 4355 3352 4409 in
3377 4354 3640 4422 nobis,et

1998 4465 2115 4504 non
2149 4447 2287 4518 quid
2320 4447 2780 4512 mereamur,sed
2810 4445 3007 4501 collati
3037 4445 3285 4516 gratiam
3318 4444 3401 4499 tui
3433 4457 3639 4497 mune-

302 4536 510 4592 Omnis
544 4553 579 4591 a
610 4535 887 4604 nobis,te,
921 4534 1563 4607 Domine,qutesumus,
1597 4537 1885 4608 expiante,
1918 4546 1964 4610 D
1996 4538 2077 4592 ris
2108 4536 2433 4604 intuere,ut
2462 4535 2615 4591 sicut
2644 4551 2737 4591 me
2767 4536 2951 4591 sacris
2981 4533 3266 4589 altaribus
3296 4536 3399 4587 tua
3428 4531 3638 4603 digna-

235 4625 493 4696 pravitas
524 4624 789 4679 humana
835 4622 1122 4693 discedat,
1179 4628 1244 4678 ut
1300 4625 1466 4696 puris
1524 4624 1799 4680 sensibus
1829 4628 1887 4681 et

235 4714 533 4769 mentibus
566 4717 669 4767 tua
699 4712 979 4782 mysteria
1011 4711 1397 4770 celebremus.
1430 4718 1559 4783 Per,
1591 4719 1702 4771 etc.

302 4802 449 4858 Vere
480 4801 1122 4873 dignum.Majestatem
1156 4806 1313 4857 tuam
1350 4804 1579 4859 cunctis
1612 4803 1883 4859 sensibus

236 4892 561 4962 deprecari,
589 4906 661 4945 ne
692 4889 944 4962 propriis
973 4890 1445 4960 jucunditatibus
1472 4892 1763 4964 occupati,
1784 4895 1886 4947 aut

238 4980 522 5037 familiam
553 4977 930 5034 dissimulare
950 4978 1349 5051 commissam,
1377 4985 1479 5036 aut
1508 4981 1768 5036 nitamur
1786 4996 1882 5035 ve—

238 5087 371 5133 xare
404 5071 768 5141 subjectam;
806 5068 907 5124 sed
935 5068 1231 5140 Evangelii
1258 5074 1459 5125 tenore
1492 5074 1879 5135 monstrante,

242 5160 539 5216 conservis
558 5158 781 5215 cibaria
801 5157 1205 5213 ministrantes
1219 5162 1479 5231 tempore
1509 5158 1880 5230 competenti,

242 5250 542 5305 Dominico
572 5248 957 5319 reperiemur,
1009 5247 1277 5318 adventu,
1334 5249 1704 5321 famulosque
1747 5253 1883 5303 tuos

244 5355 373 5394 cum
403 5338 711 5393 dilectione
729 5337 1102 5409 corripere,et
1130 5353 1261 5392 cum
1287 5339 1617 5394 necessaria
1648 5338 1884 5393 studea-

312 5482 389 5554 (a)
422 5482 523 5537 Est
550 5482 609 5537 in
636 5480 827 5537 Gelae.
876 5479 980 5535 lib.
1014 5496 1053 5547 ι,
1088 5496 1146 5554 n.
1200 5481 1320 5554 198,
1355 5482 1591 5554 incod.
1626 5482 1885 5554 Menardi

251 5552 386 5609 tom.
425 5569 507 5623 In,
534 5554 646 5610 col.
676 5553 803 5619 227,
835 5568 939 5608 nec
970 5567 1086 5607 non
1134 5552 1192 5607 in
1226 5552 1449 5609 Missali
1509 5554 1674 5609 Rom.
1735 5552 1887 5610 inter

253 5625 538 5697 oratiqnes
568 5639 913 5697 communes
943 5637 1117 5697 num_._
1138 5623 1227 5697 29,
1262 5627 1467 5697 paucis
1495 5623 1760 5680 mutatis.

315 5695 390 5771 (b)
406 5693 600 5755 Codex
615 5693 725 5756 hoc
744 5694 869 5756 loco
888 5693 1649 5757 mortalia.Eniendationem
1667 5712 1733 5756 su
1742 5709 1884 5769 ppe-

1994 4627 2073 4682 tio
2107 4625 2426 4698 pontiﬁcali
2458 4624 2675 4681 servire
2706 4625 2978 4696 praecepit
3007 4622 3220 4689 ofﬁcio,
3263 4621 3344 4676 ita
3390 4620 3637 4692 dignum

1996 4720 2232 4789 praestet
2261 4720 2318 4771 et
2344 4714 2567 4770 merito.
2593 4718 2720 4785 Per,
2754 4717 2863 4769 etc.

2070 4808 2303 4872 Praesta,
2328 4802 2943 4876 quaesumus,Domine
2968 4805 3119 4855 Deus
3151 4802 3440 4866 noster,ut
3464 4798 3637 4855 decli-

1994 4911 2198 4949 nemus
2215 4894 2416 4948 noxios
2446 4892 2823 4963 appetitus,et
2853 4896 3081 4944 reatum
3114 4888 3280 4944 nobis
3310 4888 3639 4961 ingerentia

1992 4982 2282 5038 desideria
2302 4977 2814 5053 respuamus,quia
2834 4979 3297 5035 tuncexteriores
3321 4978 3518 5035 hostes
3538 4995 3638 5034 su-

1992 5088 2192 5143 perare
2226 5072 2564 5143 poterimus,
2598 5069 2644 5124 si
2675 5072 2977 5124 vincamus
3008 5068 3293 5124 internus.
3357 5068 3483 5135 Per,
3518 5072 3630 5124 etc.

2062 5161 2145 5216 Da
2165 5158 3099 5231 nobis,quaesumus,omnipotens
3120 5163 3363 5226 Deus,ut
3387 5175 3491 5230 per
3509 5174 3638 5230 gra-

1991 5251 2135 5306 tiam
2167 5254 2327 5304 tuam
2362 5249 2776 5319 nosmetipsos,
2810 5250 2965 5304 sicut
2992 5255 3048 5305 te
3079 5250 3324 5322 dignum
3352 5252 3461 5314 est,
3477 5246 3634 5302 exhi-

1994 5341 2215 5411 bentes,
2246 5340 2364 5395 tuis
2395 5337 2667 5394 fidelibus
2698 5338 3105 5394 ministremus
3137 5342 3305 5393 recte:
3336 5351 3639 5391 conversa-

1993 5483 2201 5538 ditavit
2229 5483 2350 5539 haec
2381 5482 2584 5539 eadem
2613 5481 2800 5538 oratio
2832 5480 3078 5553 repetita
3106 5477 3350 5553 inferius
3383 5494 3547 5553 num.
3577 5479 3634 5534 5.

2064 5554 2380 5680 (ﬁgaucis
2412 5555 2656 5612 mutatis
2687 5558 2875 5611 exstat
2897 5549 3076 5625 'apud
3125 5549 3424 5607 Gelasium
3454 5549 3557 5606 lib.
3594 5567 3632 5623 ι,

1996 5641 2055 5679 n.
2200 5666 2211 5680 .
