  <div class='ocr_page' id='page_1' title='image "/cluster/home/n/w/nwhite01/storage/ocr_20150623/55/hvd.32044054758644/066.png"; bbox 0 0 4120 6236; ppageno 0'>
   <div class='ocr_carea' id='block_1_1' title="bbox 274 358 380 415">
    <p class='ocr_par' dir='ltr' id='par_1_1' title="bbox 274 358 380 415">
     <span class='ocr_line' id='line_1_1' title="bbox 274 358 380 415; baseline 0 -1"><span class='ocrx_word' id='word_1_1' title='bbox 274 358 380 415; x_wconf 74' lang='grc'>121</span> 
     </span>
    </p>
   </div>
   <div class='ocr_carea' id='block_1_2' title="bbox 1059 356 2909 418">
    <p class='ocr_par' dir='ltr' id='par_1_2' title="bbox 1059 356 2909 418">
     <span class='ocr_line' id='line_1_2' title="bbox 1059 356 2909 418; baseline 0 -1"><span class='ocrx_word' id='word_1_2' title='bbox 1059 359 1292 417; x_wconf 79' lang='lat' dir='ltr'>LIBER</span> <span class='ocrx_word' id='word_1_3' title='bbox 1342 356 2050 418; x_wconf 78' lang='lat' dir='ltr'>SACRAMEN&#39;I‘OHUM</span> <span class='ocrx_word' id='word_1_4' title='bbox 2097 358 2494 416; x_wconf 71' lang='lat' dir='ltr'>ECCLESUE</span> <span class='ocrx_word' id='word_1_5' title='bbox 2541 359 2909 417; x_wconf 53' lang='lat' dir='ltr'>ROMANI?&quot;</span> 
     </span>
    </p>
   </div>
   <div class='ocr_carea' id='block_1_3' title="bbox 3572 359 3688 415">
    <p class='ocr_par' dir='ltr' id='par_1_3' title="bbox 3572 359 3688 415">
     <span class='ocr_line' id='line_1_3' title="bbox 3572 359 3688 415; baseline 0 0"><span class='ocrx_word' id='word_1_6' title='bbox 3572 359 3688 415; x_wconf 76' lang='grc'>122</span> 
     </span>
    </p>
   </div>
   <div class='ocr_carea' id='block_1_4' title="bbox 272 486 3685 561">
    <p class='ocr_par' dir='ltr' id='par_1_4' title="bbox 272 486 3685 561">
     <span class='ocr_line' id='line_1_4' title="bbox 272 486 3685 561; baseline 0 -20"><span class='ocrx_word' id='word_1_7' title='bbox 272 486 675 559; x_wconf 81' lang='lat' dir='ltr'>gubernacula</span> <span class='ocrx_word' id='word_1_8' title='bbox 706 487 1089 560; x_wconf 88' lang='lat' dir='ltr'>disponenda,</span> <span class='ocrx_word' id='word_1_9' title='bbox 1125 488 1208 545; x_wconf 90' lang='lat' dir='ltr'>sic</span> <span class='ocrx_word' id='word_1_10' title='bbox 1254 489 1383 560; x_wconf 86' lang='lat' dir='ltr'>ejus</span> <span class='ocrx_word' id='word_1_11' title='bbox 1418 487 1708 561; x_wconf 81' lang='lat' dir='ltr'>principes</span> <span class='ocrx_word' id='word_1_12' title='bbox 1742 486 1923 542; x_wconf 90' lang='lat' dir='ltr'>subli-</span> <span class='ocrx_word' id='word_1_13' title='bbox 1958 490 2007 554; x_wconf 75' lang='grc' dir='ltr'><strong>Α</strong></span> <span class='ocrx_word' id='word_1_14' title='bbox 2041 486 2234 554; x_wconf 84' lang='lat' dir='ltr'>elatio,</span> <span class='ocrx_word' id='word_1_15' title='bbox 2270 489 2368 542; x_wconf 90' lang='lat' dir='ltr'>sed</span> <span class='ocrx_word' id='word_1_16' title='bbox 2410 488 2603 559; x_wconf 89' lang='lat' dir='ltr'>potius</span> <span class='ocrx_word' id='word_1_17' title='bbox 2638 490 2933 543; x_wconf 82' lang='lat' dir='ltr'>modestos</span> <span class='ocrx_word' id='word_1_18' title='bbox 2984 488 3197 543; x_wconf 81' lang='lat' dir='ltr'>efﬁciat</span> <span class='ocrx_word' id='word_1_19' title='bbox 3256 486 3685 543; x_wconf 79' lang='lat' dir='ltr'>administratio</span> 
     </span>
    </p>
   </div>
   <div class='ocr_carea' id='block_1_5' title="bbox 274 577 1930 651">
    <p class='ocr_par' dir='ltr' id='par_1_5' title="bbox 274 577 1930 651">
     <span class='ocr_line' id='line_1_5' title="bbox 274 577 1930 651; baseline 0.001 -20"><span class='ocrx_word' id='word_1_20' title='bbox 274 578 477 644; x_wconf 86' lang='lat' dir='ltr'>masti,</span> <span class='ocrx_word' id='word_1_21' title='bbox 516 582 579 632; x_wconf 92' lang='lat' dir='ltr'>ut</span> <span class='ocrx_word' id='word_1_22' title='bbox 626 577 903 635; x_wconf 88' lang='lat' dir='ltr'>minimos</span> <span class='ocrx_word' id='word_1_23' title='bbox 936 595 1201 651; x_wconf 89' lang='lat' dir='ltr'>quosque</span> <span class='ocrx_word' id='word_1_24' title='bbox 1234 596 1349 634; x_wconf 92' lang='lat' dir='ltr'>non</span> <span class='ocrx_word' id='word_1_25' title='bbox 1389 579 1646 643; x_wconf 81' lang='lat' dir='ltr'>deseras,</span> <span class='ocrx_word' id='word_1_26' title='bbox 1699 583 1930 649; x_wconf 78' lang='lat' dir='ltr'>praesta,</span> 
     </span>
    </p>
   </div>
   <div class='ocr_carea' id='block_1_6' title="bbox 272 667 1933 739">
    <p class='ocr_par' dir='ltr' id='par_1_6' title="bbox 272 667 1933 739">
     <span class='ocr_line' id='line_1_6' title="bbox 272 667 1933 739; baseline 0.001 -19"><span class='ocrx_word' id='word_1_27' title='bbox 272 684 638 738; x_wconf 56' lang='lat' dir='ltr'>quasumus,</span> <span class='ocrx_word' id='word_1_28' title='bbox 662 673 724 722; x_wconf 89' lang='lat' dir='ltr'>ut</span> <span class='ocrx_word' id='word_1_29' title='bbox 741 668 1069 739; x_wconf 76' lang='lat' dir='ltr'>apostolicae</span> <span class='ocrx_word' id='word_1_30' title='bbox 1095 668 1251 735; x_wconf 88' lang='lat' dir='ltr'>ﬁdei,</span> <span class='ocrx_word' id='word_1_31' title='bbox 1274 668 1667 738; x_wconf 54' lang='lat' dir='ltr'>doctrinaque</span> <span class='ocrx_word' id='word_1_32' title='bbox 1690 667 1933 737; x_wconf 87' lang='lat' dir='ltr'>vestigia</span> 
     </span>
    </p>
   </div>
   <div class='ocr_carea' id='block_1_7' title="bbox 271 756 1929 831">
    <p class='ocr_par' dir='ltr' id='par_1_7' title="bbox 271 756 1929 831">
     <span class='ocr_line' id='line_1_7' title="bbox 271 756 1929 831; baseline -0.001 -18"><span class='ocrx_word' id='word_1_33' title='bbox 271 756 359 813; x_wconf 95' lang='lat' dir='ltr'>vel</span> <span class='ocrx_word' id='word_1_34' title='bbox 392 756 571 828; x_wconf 84' lang='lat' dir='ltr'>longe</span> <span class='ocrx_word' id='word_1_35' title='bbox 601 774 943 829; x_wconf 88' lang='lat' dir='ltr'>sequamur,</span> <span class='ocrx_word' id='word_1_36' title='bbox 981 757 1293 826; x_wconf 91' lang='lat' dir='ltr'>imitando,</span> <span class='ocrx_word' id='word_1_37' title='bbox 1326 775 1473 831; x_wconf 64' lang='lat' dir='ltr'>quae,</span> <span class='ocrx_word' id='word_1_38' title='bbox 1508 757 1644 813; x_wconf 89' lang='lat' dir='ltr'>licet</span> <span class='ocrx_word' id='word_1_39' title='bbox 1672 757 1929 822; x_wconf 89' lang='lat' dir='ltr'>inﬁrmo,</span> 
     </span>
    </p>
   </div>
   <div class='ocr_carea' id='block_1_8' title="bbox 274 845 1168 917">
    <p class='ocr_par' dir='ltr' id='par_1_8' title="bbox 274 845 1168 917">
     <span class='ocr_line' id='line_1_8' title="bbox 274 845 1168 917; baseline 0.002 -18"><span class='ocrx_word' id='word_1_40' title='bbox 274 845 630 900; x_wconf 82' lang='lat' dir='ltr'>comitamur</span> <span class='ocrx_word' id='word_1_41' title='bbox 660 847 871 901; x_wconf 90' lang='lat' dir='ltr'>ofﬁcio.</span> <span class='ocrx_word' id='word_1_42' title='bbox 902 847 1030 917; x_wconf 92' lang='lat' dir='ltr'>Per,</span> <span class='ocrx_word' id='word_1_43' title='bbox 1063 855 1168 902; x_wconf 83' lang='lat' dir='ltr'>etc.</span> 
     </span>
    </p>
   </div>
   <div class='ocr_carea' id='block_1_9' title="bbox 344 934 1934 1007">
    <p class='ocr_par' dir='ltr' id='par_1_9' title="bbox 344 934 1934 1007">
     <span class='ocr_line' id='line_1_9' title="bbox 344 934 1934 1007; baseline 0 -18"><span class='ocrx_word' id='word_1_44' title='bbox 344 934 419 1005; x_wconf 86' lang='lat' dir='ltr'>(a)</span> <span class='ocrx_word' id='word_1_45' title='bbox 444 936 528 989; x_wconf 82' lang='lat' dir='ltr'>Ad</span> <span class='ocrx_word' id='word_1_46' title='bbox 553 934 825 1007; x_wconf 80' lang='lat' dir='ltr'>gloriam,</span> <span class='ocrx_word' id='word_1_47' title='bbox 853 936 1120 1007; x_wconf 82' lang='lat' dir='ltr'>Domine,</span> <span class='ocrx_word' id='word_1_48' title='bbox 1148 936 1229 991; x_wconf 91' lang='lat' dir='ltr'>tui</span> <span class='ocrx_word' id='word_1_49' title='bbox 1255 936 1756 1007; x_wconf 66' lang='lat' dir='ltr'>nominis,1annua</span> <span class='ocrx_word' id='word_1_50' title='bbox 1787 935 1934 990; x_wconf 89' lang='lat' dir='ltr'>festa</span> 
     </span>
    </p>
   </div>
   <div class='ocr_carea' id='block_1_10' title="bbox 272 1022 1932 1094">
    <p class='ocr_par' dir='ltr' id='par_1_10' title="bbox 272 1022 1932 1094">
     <span class='ocr_line' id='line_1_10' title="bbox 272 1022 1932 1094; baseline 0.001 -17"><span class='ocrx_word' id='word_1_51' title='bbox 272 1028 609 1094; x_wconf 82' lang='lat' dir='ltr'>repetentes</span> <span class='ocrx_word' id='word_1_52' title='bbox 635 1024 1017 1081; x_wconf 81' lang='lat' dir='ltr'>sacerdotalis</span> <span class='ocrx_word' id='word_1_53' title='bbox 1041 1024 1283 1091; x_wconf 81' lang='lat' dir='ltr'>exordii,</span> <span class='ocrx_word' id='word_1_54' title='bbox 1319 1024 1572 1081; x_wconf 89' lang='lat' dir='ltr'>hostiam</span> <span class='ocrx_word' id='word_1_55' title='bbox 1603 1024 1707 1078; x_wconf 89' lang='lat' dir='ltr'>tibi</span> <span class='ocrx_word' id='word_1_56' title='bbox 1739 1022 1932 1078; x_wconf 86' lang='lat' dir='ltr'>laudis</span> 
     </span>
    </p>
   </div>
   <div class='ocr_carea' id='block_1_11' title="bbox 269 1112 1932 1186">
    <p class='ocr_par' dir='ltr' id='par_1_11' title="bbox 269 1112 1932 1186">
     <span class='ocr_line' id='line_1_11' title="bbox 269 1112 1932 1186; baseline -0.001 -18"><span class='ocrx_word' id='word_1_57' title='bbox 269 1113 599 1179; x_wconf 77' lang='lat' dir='ltr'>offerimus,</span> <span class='ocrx_word' id='word_1_58' title='bbox 626 1113 975 1186; x_wconf 85' lang='lat' dir='ltr'>suppliciter</span> <span class='ocrx_word' id='word_1_59' title='bbox 997 1118 1302 1170; x_wconf 83' lang='lat' dir='ltr'>exorantes</span> <span class='ocrx_word' id='word_1_60' title='bbox 1329 1120 1389 1169; x_wconf 91' lang='lat' dir='ltr'>ut</span> <span class='ocrx_word' id='word_1_61' title='bbox 1420 1116 1589 1183; x_wconf 85' lang='lat' dir='ltr'>cujus</span> <span class='ocrx_word' id='word_1_62' title='bbox 1622 1112 1932 1168; x_wconf 88' lang='lat' dir='ltr'>ministerii</span> 
     </span>
    </p>
   </div>
   <div class='ocr_carea' id='block_1_12' title="bbox 270 1203 1932 1276">
    <p class='ocr_par' dir='ltr' id='par_1_12' title="bbox 270 1203 1932 1276">
     <span class='ocr_line' id='line_1_12' title="bbox 270 1203 1932 1276; baseline 0 -20"><span class='ocrx_word' id='word_1_63' title='bbox 270 1203 389 1257; x_wconf 85' lang='lat' dir='ltr'>vice</span> <span class='ocrx_word' id='word_1_64' title='bbox 426 1203 535 1257; x_wconf 89' lang='lat' dir='ltr'>tibi</span> <span class='ocrx_word' id='word_1_65' title='bbox 572 1206 864 1259; x_wconf 86' lang='lat' dir='ltr'>servimus</span> <span class='ocrx_word' id='word_1_66' title='bbox 896 1204 1198 1275; x_wconf 87' lang='lat' dir='ltr'>immeriti,</span> <span class='ocrx_word' id='word_1_67' title='bbox 1222 1204 1519 1276; x_wconf 69' lang='lat' dir='ltr'>suffragiis</span> <span class='ocrx_word' id='word_1_68' title='bbox 1540 1205 1667 1275; x_wconf 85' lang='lat' dir='ltr'>ejus</span> <span class='ocrx_word' id='word_1_69' title='bbox 1690 1204 1932 1258; x_wconf 86' lang='lat' dir='ltr'>reddan-</span> 
     </span>
    </p>
   </div>
   <div class='ocr_carea' id='block_1_13' title="bbox 267 1294 946 1365">
    <p class='ocr_par' dir='ltr' id='par_1_13' title="bbox 267 1294 946 1365">
     <span class='ocr_line' id='line_1_13' title="bbox 267 1294 946 1365; baseline 0.003 -18"><span class='ocrx_word' id='word_1_70' title='bbox 267 1295 363 1347; x_wconf 90' lang='lat' dir='ltr'>tur</span> <span class='ocrx_word' id='word_1_71' title='bbox 393 1294 646 1365; x_wconf 85' lang='lat' dir='ltr'>accepti.</span> <span class='ocrx_word' id='word_1_72' title='bbox 676 1298 803 1360; x_wconf 92' lang='lat' dir='ltr'>Per,</span> <span class='ocrx_word' id='word_1_73' title='bbox 838 1298 946 1349; x_wconf 88' lang='lat' dir='ltr'>etc.</span> 
     </span>
    </p>
   </div>
   <div class='ocr_carea' id='block_1_14' title="bbox 338 1382 1931 1454">
    <p class='ocr_par' dir='ltr' id='par_1_14' title="bbox 338 1382 1931 1454">
     <span class='ocr_line' id='line_1_14' title="bbox 338 1382 1931 1454; baseline 0.001 -19"><span class='ocrx_word' id='word_1_74' title='bbox 338 1382 493 1438; x_wconf 89' lang='lat' dir='ltr'>Vere</span> <span class='ocrx_word' id='word_1_75' title='bbox 519 1384 792 1454; x_wconf 90' lang='lat' dir='ltr'>dignum.</span> <span class='ocrx_word' id='word_1_76' title='bbox 817 1388 958 1438; x_wconf 90' lang='lat' dir='ltr'>Cum</span> <span class='ocrx_word' id='word_1_77' title='bbox 983 1383 1373 1439; x_wconf 80' lang='lat' dir='ltr'>exsultatione</span> <span class='ocrx_word' id='word_1_78' title='bbox 1397 1383 1677 1454; x_wconf 83' lang='lat' dir='ltr'>trepidos,</span> <span class='ocrx_word' id='word_1_79' title='bbox 1712 1386 1768 1436; x_wconf 90' lang='lat' dir='ltr'>et</span> <span class='ocrx_word' id='word_1_80' title='bbox 1798 1398 1931 1436; x_wconf 89' lang='lat' dir='ltr'>cum</span> 
     </span>
    </p>
   </div>
   <div class='ocr_carea' id='block_1_15' title="bbox 272 1470 1932 1544">
    <p class='ocr_par' dir='ltr' id='par_1_15' title="bbox 272 1470 1932 1544">
     <span class='ocr_line' id='line_1_15' title="bbox 272 1470 1932 1544; baseline -0.001 -18"><span class='ocrx_word' id='word_1_81' title='bbox 272 1488 487 1544; x_wconf 82' lang='lat' dir='ltr'>pavore</span> <span class='ocrx_word' id='word_1_82' title='bbox 510 1470 801 1527; x_wconf 68' lang='lat' dir='ltr'>laetantes.</span> <span class='ocrx_word' id='word_1_83' title='bbox 823 1474 986 1527; x_wconf 89' lang='lat' dir='ltr'>Sicut</span> <span class='ocrx_word' id='word_1_84' title='bbox 1012 1474 1168 1528; x_wconf 89' lang='lat' dir='ltr'>enim</span> <span class='ocrx_word' id='word_1_85' title='bbox 1194 1474 1264 1528; x_wconf 92' lang='lat' dir='ltr'>de</span> <span class='ocrx_word' id='word_1_86' title='bbox 1284 1478 1383 1527; x_wconf 91' lang='lat' dir='ltr'>tuo</span> <span class='ocrx_word' id='word_1_87' title='bbox 1408 1488 1650 1527; x_wconf 86' lang='lat' dir='ltr'>munere</span> <span class='ocrx_word' id='word_1_88' title='bbox 1671 1470 1932 1543; x_wconf 88' lang='lat' dir='ltr'>gratula-</span> 
     </span>
    </p>
   </div>
   <div class='ocr_carea' id='block_1_16' title="bbox 268 1561 1930 1633">
    <p class='ocr_par' dir='ltr' id='par_1_16' title="bbox 268 1561 1930 1633">
     <span class='ocr_line' id='line_1_16' title="bbox 268 1561 1930 1633; baseline -0.001 -16"><span class='ocrx_word' id='word_1_89' title='bbox 268 1578 421 1626; x_wconf 88' lang='lat' dir='ltr'>mur,</span> <span class='ocrx_word' id='word_1_90' title='bbox 447 1561 533 1615; x_wconf 91' lang='lat' dir='ltr'>ita</span> <span class='ocrx_word' id='word_1_91' title='bbox 555 1562 628 1616; x_wconf 93' lang='lat' dir='ltr'>de</span> <span class='ocrx_word' id='word_1_92' title='bbox 652 1568 851 1616; x_wconf 89' lang='lat' dir='ltr'>nostra</span> <span class='ocrx_word' id='word_1_93' title='bbox 873 1562 1187 1633; x_wconf 84' lang='lat' dir='ltr'>fragilitate</span> <span class='ocrx_word' id='word_1_94' title='bbox 1208 1564 1546 1617; x_wconf 87' lang='lat' dir='ltr'>metuimus.</span> <span class='ocrx_word' id='word_1_95' title='bbox 1566 1562 1930 1632; x_wconf 88' lang='lat' dir='ltr'>thuantum</span> 
     </span>
    </p>
   </div>
   <div class='ocr_carea' id='block_1_17' title="bbox 271 1650 1933 1715">
    <p class='ocr_par' dir='ltr' id='par_1_17' title="bbox 271 1650 1933 1715">
     <span class='ocr_line' id='line_1_17' title="bbox 271 1650 1933 1715; baseline 0 -12"><span class='ocrx_word' id='word_1_96' title='bbox 271 1652 337 1704; x_wconf 92' lang='lat' dir='ltr'>de</span> <span class='ocrx_word' id='word_1_97' title='bbox 356 1650 641 1704; x_wconf 71' lang='lat' dir='ltr'>humanas</span> <span class='ocrx_word' id='word_1_98' title='bbox 664 1650 1015 1707; x_wconf 88' lang='lat' dir='ltr'>conditionis</span> <span class='ocrx_word' id='word_1_99' title='bbox 1033 1652 1369 1707; x_wconf 85' lang='lat' dir='ltr'>excessibus</span> <span class='ocrx_word' id='word_1_100' title='bbox 1390 1652 1933 1715; x_wconf 88' lang='lat' dir='ltr'>formidamus,tan-</span> 
     </span>
    </p>
   </div>
   <div class='ocr_carea' id='block_1_18' title="bbox 270 1738 1930 1812">
    <p class='ocr_par' dir='ltr' id='par_1_18' title="bbox 270 1738 1930 1812">
     <span class='ocr_line' id='line_1_18' title="bbox 270 1738 1930 1812; baseline -0.001 -20"><span class='ocrx_word' id='word_1_101' title='bbox 270 1744 394 1793; x_wconf 88' lang='lat' dir='ltr'>tum</span> <span class='ocrx_word' id='word_1_102' title='bbox 423 1741 498 1793; x_wconf 90' lang='lat' dir='ltr'>de</span> <span class='ocrx_word' id='word_1_103' title='bbox 524 1745 625 1794; x_wconf 86' lang='lat' dir='ltr'>tua</span> <span class='ocrx_word' id='word_1_104' title='bbox 650 1740 858 1811; x_wconf 86' lang='lat' dir='ltr'>gratia,</span> <span class='ocrx_word' id='word_1_105' title='bbox 882 1756 1008 1811; x_wconf 67' lang='lat' dir='ltr'>quae</span> <span class='ocrx_word' id='word_1_106' title='bbox 1030 1740 1303 1795; x_wconf 88' lang='lat' dir='ltr'>virtutem</span> <span class='ocrx_word' id='word_1_107' title='bbox 1341 1740 1565 1812; x_wconf 88' lang='lat' dir='ltr'>perﬁcit</span> <span class='ocrx_word' id='word_1_108' title='bbox 1596 1740 1655 1793; x_wconf 89' lang='lat' dir='ltr'>in</span> <span class='ocrx_word' id='word_1_109' title='bbox 1685 1738 1930 1794; x_wconf 84' lang='lat' dir='ltr'>inﬁrmi-</span> 
     </span>
    </p>
   </div>
   <div class='ocr_carea' id='block_1_19' title="bbox 267 1828 1929 1900">
    <p class='ocr_par' dir='ltr' id='par_1_19' title="bbox 267 1828 1929 1900">
     <span class='ocr_line' id='line_1_19' title="bbox 267 1828 1929 1900; baseline 0 -19"><span class='ocrx_word' id='word_1_110' title='bbox 267 1832 404 1898; x_wconf 82' lang='lat' dir='ltr'>tate,</span> <span class='ocrx_word' id='word_1_111' title='bbox 436 1828 831 1897; x_wconf 83' lang='lat' dir='ltr'>conﬁdimus;</span> <span class='ocrx_word' id='word_1_112' title='bbox 866 1830 1216 1900; x_wconf 90' lang='lat' dir='ltr'>propensius</span> <span class='ocrx_word' id='word_1_113' title='bbox 1247 1828 1629 1900; x_wconf 88' lang='lat' dir='ltr'>implorantes</span> <span class='ocrx_word' id='word_1_114' title='bbox 1662 1833 1725 1883; x_wconf 93' lang='lat' dir='ltr'>ut</span> <span class='ocrx_word' id='word_1_115' title='bbox 1757 1844 1929 1898; x_wconf 89' lang='lat' dir='ltr'>quem</span> 
     </span>
    </p>
   </div>
   <div class='ocr_carea' id='block_1_20' title="bbox 266 1915 1931 1987">
    <p class='ocr_par' dir='ltr' id='par_1_20' title="bbox 266 1915 1931 1987">
     <span class='ocr_line' id='line_1_20' title="bbox 266 1915 1931 1987; baseline -0.001 -17"><span class='ocrx_word' id='word_1_116' title='bbox 266 1921 447 1971; x_wconf 65' lang='lat' dir='ltr'>tanta:</span> <span class='ocrx_word' id='word_1_117' title='bbox 472 1915 636 1971; x_wconf 88' lang='lat' dir='ltr'>sedis</span> <span class='ocrx_word' id='word_1_118' title='bbox 661 1916 879 1971; x_wconf 89' lang='lat' dir='ltr'>honore</span> <span class='ocrx_word' id='word_1_119' title='bbox 901 1917 1213 1987; x_wconf 91' lang='lat' dir='ltr'>decorasti,</span> <span class='ocrx_word' id='word_1_120' title='bbox 1248 1918 1513 1973; x_wconf 91' lang='lat' dir='ltr'>moribus</span> <span class='ocrx_word' id='word_1_121' title='bbox 1541 1918 1790 1972; x_wconf 85' lang='lat' dir='ltr'>existere</span> <span class='ocrx_word' id='word_1_122' title='bbox 1817 1932 1931 1970; x_wconf 83' lang='lat' dir='ltr'>non</span> 
     </span>
    </p>
   </div>
   <div class='ocr_carea' id='block_1_21' title="bbox 266 2006 1932 2078">
    <p class='ocr_par' dir='ltr' id='par_1_21' title="bbox 266 2006 1932 2078">
     <span class='ocr_line' id='line_1_21' title="bbox 266 2006 1932 2078; baseline -0.001 -17"><span class='ocrx_word' id='word_1_123' title='bbox 266 2007 516 2077; x_wconf 86' lang='lat' dir='ltr'>patiaris</span> <span class='ocrx_word' id='word_1_124' title='bbox 542 2006 877 2078; x_wconf 88' lang='lat' dir='ltr'>indignum,</span> <span class='ocrx_word' id='word_1_125' title='bbox 903 2012 958 2062; x_wconf 90' lang='lat' dir='ltr'>et</span> <span class='ocrx_word' id='word_1_126' title='bbox 980 2008 1150 2078; x_wconf 86' lang='lat' dir='ltr'>cujus</span> <span class='ocrx_word' id='word_1_127' title='bbox 1174 2008 1375 2062; x_wconf 71' lang='lat' dir='ltr'>formae</span> <span class='ocrx_word' id='word_1_128' title='bbox 1402 2023 1800 2062; x_wconf 81' lang='lat' dir='ltr'>successorem</span> <span class='ocrx_word' id='word_1_129' title='bbox 1824 2022 1932 2060; x_wconf 88' lang='lat' dir='ltr'>no-</span> 
     </span>
    </p>
   </div>
   <div class='ocr_carea' id='block_1_22' title="bbox 268 2095 1934 2167">
    <p class='ocr_par' dir='ltr' id='par_1_22' title="bbox 268 2095 1934 2167">
     <span class='ocr_line' id='line_1_22' title="bbox 268 2095 1934 2167; baseline -0.001 -18"><span class='ocrx_word' id='word_1_130' title='bbox 268 2095 427 2150; x_wconf 88' lang='lat' dir='ltr'>mine</span> <span class='ocrx_word' id='word_1_131' title='bbox 454 2095 806 2166; x_wconf 70' lang='lat' dir='ltr'>praestitisti,</span> <span class='ocrx_word' id='word_1_132' title='bbox 827 2101 1304 2167; x_wconf 88' lang='lat' dir='ltr'>quantocumque</span> <span class='ocrx_word' id='word_1_133' title='bbox 1321 2095 1497 2150; x_wconf 90' lang='lat' dir='ltr'>etiam</span> <span class='ocrx_word' id='word_1_134' title='bbox 1519 2095 1684 2151; x_wconf 72' lang='lat' dir='ltr'>bona:</span> <span class='ocrx_word' id='word_1_135' title='bbox 1700 2111 1934 2150; x_wconf 89' lang='lat' dir='ltr'>conver-</span> 
     </span>
    </p>
   </div>
   <div class='ocr_carea' id='block_1_23' title="bbox 272 2184 1929 2255">
    <p class='ocr_par' dir='ltr' id='par_1_23' title="bbox 272 2184 1929 2255">
     <span class='ocr_line' id='line_1_23' title="bbox 272 2184 1929 2255; baseline -0.002 -15"><span class='ocrx_word' id='word_1_136' title='bbox 272 2184 523 2240; x_wconf 88' lang='lat' dir='ltr'>sationis</span> <span class='ocrx_word' id='word_1_137' title='bbox 559 2186 771 2239; x_wconf 87' lang='lat' dir='ltr'>annisu</span> <span class='ocrx_word' id='word_1_138' title='bbox 807 2185 933 2239; x_wconf 87' lang='lat' dir='ltr'>ﬁeri</span> <span class='ocrx_word' id='word_1_139' title='bbox 971 2185 1195 2240; x_wconf 90' lang='lat' dir='ltr'>tribuas</span> <span class='ocrx_word' id='word_1_140' title='bbox 1228 2190 1599 2241; x_wconf 91' lang='lat' dir='ltr'>sectatorem.</span> <span class='ocrx_word' id='word_1_141' title='bbox 1644 2185 1772 2255; x_wconf 90' lang='lat' dir='ltr'>Per,</span> <span class='ocrx_word' id='word_1_142' title='bbox 1822 2188 1929 2238; x_wconf 91' lang='lat' dir='ltr'>etc.</span> 
     </span>
    </p>
   </div>
   <div class='ocr_carea' id='block_1_24' title="bbox 343 2273 1932 2345">
    <p class='ocr_par' dir='ltr' id='par_1_24' title="bbox 343 2273 1932 2345">
     <span class='ocr_line' id='line_1_24' title="bbox 343 2273 1932 2345; baseline -0.002 -16"><span class='ocrx_word' id='word_1_143' title='bbox 343 2274 591 2341; x_wconf 77' lang='lat' dir='ltr'>Praesta,</span> <span class='ocrx_word' id='word_1_144' title='bbox 627 2288 991 2345; x_wconf 75' lang='lat' dir='ltr'>quaesumus,</span> <span class='ocrx_word' id='word_1_145' title='bbox 1026 2273 1293 2341; x_wconf 89' lang='lat' dir='ltr'>Domine,</span> <span class='ocrx_word' id='word_1_146' title='bbox 1329 2290 1463 2329; x_wconf 91' lang='lat' dir='ltr'>cum</span> <span class='ocrx_word' id='word_1_147' title='bbox 1512 2291 1753 2329; x_wconf 89' lang='lat' dir='ltr'>accessu</span> <span class='ocrx_word' id='word_1_148' title='bbox 1785 2277 1932 2327; x_wconf 90' lang='lat' dir='ltr'>tem-</span> 
     </span>
    </p>
   </div>
   <div class='ocr_carea' id='block_1_25' title="bbox 275 2361 1933 2435">
    <p class='ocr_par' dir='ltr' id='par_1_25' title="bbox 275 2361 1933 2435">
     <span class='ocr_line' id='line_1_25' title="bbox 275 2361 1933 2435; baseline -0.002 -17"><span class='ocrx_word' id='word_1_149' title='bbox 275 2380 494 2435; x_wconf 89' lang='lat' dir='ltr'>porum</span> <span class='ocrx_word' id='word_1_150' title='bbox 538 2364 681 2419; x_wconf 89' lang='lat' dir='ltr'>recti</span> <span class='ocrx_word' id='word_1_151' title='bbox 716 2363 1139 2419; x_wconf 89' lang='lat' dir='ltr'>moderaminis</span> <span class='ocrx_word' id='word_1_152' title='bbox 1186 2363 1644 2429; x_wconf 89' lang='lat' dir='ltr'>incrementum,</span> <span class='ocrx_word' id='word_1_153' title='bbox 1686 2367 1749 2417; x_wconf 92' lang='lat' dir='ltr'>ut</span> <span class='ocrx_word' id='word_1_154' title='bbox 1776 2361 1933 2433; x_wconf 91' lang='lat' dir='ltr'>quod</span> 
     </span>
    </p>
   </div>
   <div class='ocr_carea' id='block_1_26' title="bbox 271 2452 1932 2524">
    <p class='ocr_par' dir='ltr' id='par_1_26' title="bbox 271 2452 1932 2524">
     <span class='ocr_line' id='line_1_26' title="bbox 271 2452 1932 2524; baseline -0.001 -17"><span class='ocrx_word' id='word_1_155' title='bbox 271 2453 566 2524; x_wconf 83' lang='lat' dir='ltr'>dignitate</span> <span class='ocrx_word' id='word_1_156' title='bbox 616 2453 1002 2524; x_wconf 68' lang='lat' dir='ltr'>praeferimus,</span> <span class='ocrx_word' id='word_1_157' title='bbox 1046 2452 1230 2523; x_wconf 89' lang='lat' dir='ltr'>justis</span> <span class='ocrx_word' id='word_1_158' title='bbox 1275 2453 1606 2509; x_wconf 86' lang='lat' dir='ltr'>actionibus</span> <span class='ocrx_word' id='word_1_159' title='bbox 1648 2468 1932 2523; x_wconf 86' lang='lat' dir='ltr'>exsequa-</span> 
     </span>
    </p>
   </div>
   <div class='ocr_carea' id='block_1_27' title="bbox 277 2543 747 2609">
    <p class='ocr_par' dir='ltr' id='par_1_27' title="bbox 277 2543 747 2609">
     <span class='ocr_line' id='line_1_27' title="bbox 277 2543 747 2609; baseline 0 -12"><span class='ocrx_word' id='word_1_160' title='bbox 277 2559 437 2598; x_wconf 91' lang='lat' dir='ltr'>mur.</span> <span class='ocrx_word' id='word_1_161' title='bbox 472 2543 602 2609; x_wconf 90' lang='lat' dir='ltr'>Per,</span> <span class='ocrx_word' id='word_1_162' title='bbox 638 2547 747 2598; x_wconf 90' lang='lat' dir='ltr'>etc.</span> 
     </span>
    </p>
   </div>
   <div class='ocr_carea' id='block_1_28' title="bbox 350 2630 1935 2703">
    <p class='ocr_par' dir='ltr' id='par_1_28' title="bbox 350 2630 1935 2703">
     <span class='ocr_line' id='line_1_28' title="bbox 350 2630 1935 2703; baseline -0.001 -16"><span class='ocrx_word' id='word_1_163' title='bbox 350 2631 705 2703; x_wconf 88' lang='lat' dir='ltr'>Multiplica,</span> <span class='ocrx_word' id='word_1_164' title='bbox 739 2630 1005 2697; x_wconf 89' lang='lat' dir='ltr'>Domine,</span> <span class='ocrx_word' id='word_1_165' title='bbox 1038 2649 1403 2703; x_wconf 64' lang='lat' dir='ltr'>quaesumus,</span> <span class='ocrx_word' id='word_1_166' title='bbox 1438 2631 1497 2687; x_wconf 91' lang='lat' dir='ltr'>in</span> <span class='ocrx_word' id='word_1_167' title='bbox 1546 2630 1804 2687; x_wconf 88' lang='lat' dir='ltr'>Ecclesia</span> <span class='ocrx_word' id='word_1_168' title='bbox 1837 2635 1935 2686; x_wconf 90' lang='lat' dir='ltr'>tua</span> 
     </span>
    </p>
   </div>
   <div class='ocr_carea' id='block_1_29' title="bbox 273 2721 1936 2794">
    <p class='ocr_par' dir='ltr' id='par_1_29' title="bbox 273 2721 1936 2794">
     <span class='ocr_line' id='line_1_29' title="bbox 273 2721 1936 2794; baseline -0.001 -17"><span class='ocrx_word' id='word_1_169' title='bbox 273 2722 562 2794; x_wconf 85' lang='lat' dir='ltr'>spiritum</span> <span class='ocrx_word' id='word_1_170' title='bbox 593 2721 793 2793; x_wconf 72' lang='lat' dir='ltr'>gratia:</span> <span class='ocrx_word' id='word_1_171' title='bbox 828 2737 1001 2792; x_wconf 86' lang='lat' dir='ltr'>quem</span> <span class='ocrx_word' id='word_1_172' title='bbox 1035 2722 1290 2791; x_wconf 86' lang='lat' dir='ltr'>dedisti;</span> <span class='ocrx_word' id='word_1_173' title='bbox 1322 2727 1387 2777; x_wconf 85' lang='lat' dir='ltr'>ut</span> <span class='ocrx_word' id='word_1_174' title='bbox 1414 2740 1514 2794; x_wconf 91' lang='lat' dir='ltr'>per</span> <span class='ocrx_word' id='word_1_175' title='bbox 1535 2722 1776 2793; x_wconf 88' lang='lat' dir='ltr'>dignum</span> <span class='ocrx_word' id='word_1_176' title='bbox 1799 2738 1936 2791; x_wconf 89' lang='lat' dir='ltr'>pon-</span> 
     </span>
    </p>
   </div>
   <div class='ocr_carea' id='block_1_30' title="bbox 272 2810 1934 2880">
    <p class='ocr_par' dir='ltr' id='par_1_30' title="bbox 272 2810 1934 2880">
     <span class='ocr_line' id='line_1_30' title="bbox 272 2810 1934 2880; baseline 0 -15"><span class='ocrx_word' id='word_1_177' title='bbox 272 2811 456 2866; x_wconf 81' lang='lat' dir='ltr'>tiﬁcis</span> <span class='ocrx_word' id='word_1_178' title='bbox 490 2811 855 2880; x_wconf 88' lang='lat' dir='ltr'>institutum,</span> <span class='ocrx_word' id='word_1_179' title='bbox 887 2816 1109 2866; x_wconf 87' lang='lat' dir='ltr'>crescat</span> <span class='ocrx_word' id='word_1_180' title='bbox 1128 2816 1364 2866; x_wconf 92' lang='lat' dir='ltr'>tuorum</span> <span class='ocrx_word' id='word_1_181' title='bbox 1387 2812 1612 2867; x_wconf 83' lang='lat' dir='ltr'>devotio</span> <span class='ocrx_word' id='word_1_182' title='bbox 1633 2816 1836 2866; x_wconf 85' lang='lat' dir='ltr'>sancta</span> <span class='ocrx_word' id='word_1_183' title='bbox 1861 2810 1934 2864; x_wconf 86' lang='lat' dir='ltr'>ﬁ-</span> 
     </span>
    </p>
   </div>
   <div class='ocr_carea' id='block_1_31' title="bbox 274 2898 839 2965">
    <p class='ocr_par' dir='ltr' id='par_1_31' title="bbox 274 2898 839 2965">
     <span class='ocr_line' id='line_1_31' title="bbox 274 2898 839 2965; baseline 0 -12"><span class='ocrx_word' id='word_1_184' title='bbox 274 2898 532 2953; x_wconf 87' lang='lat' dir='ltr'>delium.</span> <span class='ocrx_word' id='word_1_185' title='bbox 567 2899 693 2965; x_wconf 90' lang='lat' dir='ltr'>Per,</span> <span class='ocrx_word' id='word_1_186' title='bbox 728 2904 839 2954; x_wconf 90' lang='lat' dir='ltr'>etc.</span> 
     </span>
    </p>
   </div>
   <div class='ocr_carea' id='block_1_32' title="bbox 349 2987 1931 3061">
    <p class='ocr_par' dir='ltr' id='par_1_32' title="bbox 349 2987 1931 3061">
     <span class='ocr_line' id='line_1_32' title="bbox 349 2987 1931 3061; baseline 0.004 -22"><span class='ocrx_word' id='word_1_187' title='bbox 349 2987 479 3043; x_wconf 85' lang='lat' dir='ltr'>VII.</span> <span class='ocrx_word' id='word_1_188' title='bbox 515 2989 650 3043; x_wconf 75' lang='lat' dir='ltr'>Item</span> <span class='ocrx_word' id='word_1_189' title='bbox 680 2987 823 3043; x_wconf 80' lang='lat' dir='ltr'>alia.</span> <span class='ocrx_word' id='word_1_190' title='bbox 858 3019 927 3029; x_wconf 92' lang='lat'><strong><em>—</em></strong></span> <span class='ocrx_word' id='word_1_191' title='bbox 957 2988 1342 3059; x_wconf 88' lang='lat' dir='ltr'>Omnipotens</span> <span class='ocrx_word' id='word_1_192' title='bbox 1374 2989 1726 3061; x_wconf 77' lang='lat' dir='ltr'>sempiterna</span> <span class='ocrx_word' id='word_1_193' title='bbox 1756 2994 1931 3058; x_wconf 83' lang='lat' dir='ltr'>Deus,</span> 
     </span>
    </p>
   </div>
   <div class='ocr_carea' id='block_1_33' title="bbox 273 3078 1932 3150">
    <p class='ocr_par' dir='ltr' id='par_1_33' title="bbox 273 3078 1932 3150">
     <span class='ocr_line' id='line_1_33' title="bbox 273 3078 1932 3150; baseline 0.001 -17"><span class='ocrx_word' id='word_1_194' title='bbox 273 3078 449 3149; x_wconf 81' lang='lat' dir='ltr'>origo</span> <span class='ocrx_word' id='word_1_195' title='bbox 498 3082 847 3133; x_wconf 89' lang='lat' dir='ltr'>cunctarum</span> <span class='ocrx_word' id='word_1_196' title='bbox 881 3078 1272 3150; x_wconf 84' lang='lat' dir='ltr'>perfectioque</span> <span class='ocrx_word' id='word_1_197' title='bbox 1302 3079 1603 3148; x_wconf 89' lang='lat' dir='ltr'>virtutum,</span> <span class='ocrx_word' id='word_1_198' title='bbox 1638 3080 1712 3133; x_wconf 87' lang='lat' dir='ltr'>da</span> <span class='ocrx_word' id='word_1_199' title='bbox 1742 3078 1932 3149; x_wconf 88' lang='lat' dir='ltr'>nobis,</span> 
     </span>
    </p>
   </div>
   <div class='ocr_carea' id='block_1_34' title="bbox 269 3169 1935 3239">
    <p class='ocr_par' dir='ltr' id='par_1_34' title="bbox 269 3169 1935 3239">
     <span class='ocr_line' id='line_1_34' title="bbox 269 3169 1935 3239; baseline 0 -18"><span class='ocrx_word' id='word_1_200' title='bbox 269 3184 649 3237; x_wconf 67' lang='lat' dir='ltr'>quaesumus,</span> <span class='ocrx_word' id='word_1_201' title='bbox 672 3174 732 3223; x_wconf 91' lang='lat' dir='ltr'>et</span> <span class='ocrx_word' id='word_1_202' title='bbox 754 3183 1025 3223; x_wconf 83' lang='lat' dir='ltr'>exercere</span> <span class='ocrx_word' id='word_1_203' title='bbox 1047 3185 1172 3239; x_wconf 64' lang='lat' dir='ltr'>qua:</span> <span class='ocrx_word' id='word_1_204' title='bbox 1197 3173 1351 3223; x_wconf 84' lang='lat' dir='ltr'>recta</span> <span class='ocrx_word' id='word_1_205' title='bbox 1372 3174 1532 3238; x_wconf 87' lang='lat' dir='ltr'>sunt,</span> <span class='ocrx_word' id='word_1_206' title='bbox 1550 3172 1607 3223; x_wconf 90' lang='lat' dir='ltr'>et</span> <span class='ocrx_word' id='word_1_207' title='bbox 1624 3169 1777 3223; x_wconf 76' lang='lat' dir='ltr'>I20</span> <span class='ocrx_word' id='word_1_208' title='bbox 1797 3186 1935 3239; x_wconf 68' lang='lat' dir='ltr'>prae-</span> 
     </span>
    </p>
   </div>
   <div class='ocr_carea' id='block_1_35' title="bbox 268 3240 2005 3329">
    <p class='ocr_par' dir='ltr' id='par_1_35' title="bbox 268 3240 2005 3329">
     <span class='ocr_line' id='line_1_35' title="bbox 268 3240 2005 3329; baseline -0.002 -18"><span class='ocrx_word' id='word_1_209' title='bbox 268 3258 480 3312; x_wconf 83' lang='lat' dir='ltr'>dicare</span> <span class='ocrx_word' id='word_1_210' title='bbox 540 3275 668 3329; x_wconf 70' lang='lat' dir='ltr'>qua:</span> <span class='ocrx_word' id='word_1_211' title='bbox 726 3273 882 3328; x_wconf 90' lang='lat' dir='ltr'>vera,</span> <span class='ocrx_word' id='word_1_212' title='bbox 945 3261 1009 3312; x_wconf 87' lang='lat' dir='ltr'>ut</span> <span class='ocrx_word' id='word_1_213' title='bbox 1066 3257 1513 3312; x_wconf 91' lang='lat' dir='ltr'>instructionem</span> <span class='ocrx_word' id='word_1_214' title='bbox 1572 3257 1770 3329; x_wconf 69' lang='lat' dir='ltr'>gratim</span> <span class='ocrx_word' id='word_1_215' title='bbox 1819 3240 2005 3311; x_wconf 74' lang='lat' dir='ltr'>tuaac</span> 
     </span>
    </p>
   </div>
   <div class='ocr_carea' id='block_1_36' title="bbox 267 3345 1932 3418">
    <p class='ocr_par' dir='ltr' id='par_1_36' title="bbox 267 3345 1932 3418">
     <span class='ocr_line' id='line_1_36' title="bbox 267 3345 1932 3418; baseline -0.001 -17"><span class='ocrx_word' id='word_1_216' title='bbox 267 3346 654 3417; x_wconf 66' lang='lat' dir='ltr'>prwbeamus</span> <span class='ocrx_word' id='word_1_217' title='bbox 685 3351 741 3401; x_wconf 90' lang='lat' dir='ltr'>et</span> <span class='ocrx_word' id='word_1_218' title='bbox 770 3346 997 3418; x_wconf 86' lang='lat' dir='ltr'>agendo</span> <span class='ocrx_word' id='word_1_219' title='bbox 1035 3346 1154 3401; x_wconf 89' lang='lat' dir='ltr'>tuis</span> <span class='ocrx_word' id='word_1_220' title='bbox 1212 3345 1487 3401; x_wconf 90' lang='lat' dir='ltr'>ﬁdelibus</span> <span class='ocrx_word' id='word_1_221' title='bbox 1542 3350 1600 3401; x_wconf 89' lang='lat' dir='ltr'>et</span> <span class='ocrx_word' id='word_1_222' title='bbox 1648 3346 1932 3401; x_wconf 88' lang='lat' dir='ltr'>ducendo.</span> 
     </span>
    </p>
   </div>
   <div class='ocr_carea' id='block_1_37' title="bbox 266 3435 554 3503">
    <p class='ocr_par' dir='ltr' id='par_1_37' title="bbox 266 3435 554 3503">
     <span class='ocr_line' id='line_1_37' title="bbox 266 3435 554 3503; baseline 0 -14"><span class='ocrx_word' id='word_1_223' title='bbox 266 3435 409 3503; x_wconf 83' lang='lat' dir='ltr'>Per,</span> <span class='ocrx_word' id='word_1_224' title='bbox 442 3440 554 3490; x_wconf 90' lang='lat' dir='ltr'>etc.</span> 
     </span>
    </p>
   </div>
   <div class='ocr_carea' id='block_1_38' title="bbox 334 3523 1935 3595">
    <p class='ocr_par' dir='ltr' id='par_1_38' title="bbox 334 3523 1935 3595">
     <span class='ocr_line' id='line_1_38' title="bbox 334 3523 1935 3595; baseline 0.001 -17"><span class='ocrx_word' id='word_1_225' title='bbox 334 3523 621 3595; x_wconf 84' lang='lat' dir='ltr'>Suscipe,</span> <span class='ocrx_word' id='word_1_226' title='bbox 646 3525 912 3590; x_wconf 91' lang='lat' dir='ltr'>Domine,</span> <span class='ocrx_word' id='word_1_227' title='bbox 929 3541 1292 3595; x_wconf 69' lang='lat' dir='ltr'>quaesumus,</span> <span class='ocrx_word' id='word_1_228' title='bbox 1314 3523 1640 3580; x_wconf 86' lang='lat' dir='ltr'>oblationes</span> <span class='ocrx_word' id='word_1_229' title='bbox 1659 3528 1717 3579; x_wconf 91' lang='lat' dir='ltr'>et</span> <span class='ocrx_word' id='word_1_230' title='bbox 1736 3540 1935 3595; x_wconf 90' lang='lat' dir='ltr'>preces</span> 
     </span>
    </p>
   </div>
   <div class='ocr_carea' id='block_1_39' title="bbox 268 3614 1934 3687">
    <p class='ocr_par' dir='ltr' id='par_1_39' title="bbox 268 3614 1934 3687">
     <span class='ocr_line' id='line_1_39' title="bbox 268 3614 1934 3687; baseline -0.001 -17"><span class='ocrx_word' id='word_1_231' title='bbox 268 3631 426 3686; x_wconf 82' lang='lat' dir='ltr'>quas</span> <span class='ocrx_word' id='word_1_232' title='bbox 442 3619 619 3685; x_wconf 90' lang='lat' dir='ltr'>etpro</span> <span class='ocrx_word' id='word_1_233' title='bbox 639 3614 962 3669; x_wconf 87' lang='lat' dir='ltr'>reverentia</span> <span class='ocrx_word' id='word_1_234' title='bbox 975 3614 1238 3685; x_wconf 87' lang='lat' dir='ltr'>paschali</span> <span class='ocrx_word' id='word_1_235' title='bbox 1255 3614 1549 3687; x_wconf 89' lang='lat' dir='ltr'>supplices</span> <span class='ocrx_word' id='word_1_236' title='bbox 1562 3614 1934 3680; x_wconf 77' lang='lat' dir='ltr'>adhibemus,</span> 
     </span>
    </p>
   </div>
   <div class='ocr_carea' id='block_1_40' title="bbox 266 3702 1936 3776">
    <p class='ocr_par' dir='ltr' id='par_1_40' title="bbox 266 3702 1936 3776">
     <span class='ocr_line' id='line_1_40' title="bbox 266 3702 1936 3776; baseline 0.001 -18"><span class='ocrx_word' id='word_1_237' title='bbox 266 3711 319 3758; x_wconf 89' lang='lat' dir='ltr'>et</span> <span class='ocrx_word' id='word_1_238' title='bbox 350 3722 463 3776; x_wconf 88' lang='lat' dir='ltr'>pro</span> <span class='ocrx_word' id='word_1_239' title='bbox 501 3703 876 3759; x_wconf 80' lang='lat' dir='ltr'>solemnitate</span> <span class='ocrx_word' id='word_1_240' title='bbox 909 3704 983 3774; x_wconf 86' lang='lat' dir='ltr'>(b)</span> <span class='ocrx_word' id='word_1_241' title='bbox 1006 3702 1316 3758; x_wconf 85' lang='lat' dir='ltr'>recolenda</span> <span class='ocrx_word' id='word_1_242' title='bbox 1338 3704 1640 3775; x_wconf 88' lang='lat' dir='ltr'>primordii</span> <span class='ocrx_word' id='word_1_243' title='bbox 1664 3705 1936 3759; x_wconf 89' lang='lat' dir='ltr'>sacerdo-</span> 
     </span>
    </p>
   </div>
   <div class='ocr_carea' id='block_1_41' title="bbox 266 3792 1937 3859">
    <p class='ocr_par' dir='ltr' id='par_1_41' title="bbox 266 3792 1937 3859">
     <span class='ocr_line' id='line_1_41' title="bbox 266 3792 1937 3859; baseline -0.001 -10"><span class='ocrx_word' id='word_1_244' title='bbox 266 3795 405 3849; x_wconf 84' lang='lat' dir='ltr'>talis</span> <span class='ocrx_word' id='word_1_245' title='bbox 440 3792 770 3859; x_wconf 68' lang='lat' dir='ltr'>offerimus,</span> <span class='ocrx_word' id='word_1_246' title='bbox 807 3798 871 3847; x_wconf 90' lang='lat' dir='ltr'>ut</span> <span class='ocrx_word' id='word_1_247' title='bbox 899 3808 1104 3847; x_wconf 90' lang='lat' dir='ltr'>eorum</span> <span class='ocrx_word' id='word_1_248' title='bbox 1140 3792 1306 3847; x_wconf 87' lang='lat' dir='ltr'>nobis</span> <span class='ocrx_word' id='word_1_249' title='bbox 1358 3793 1777 3849; x_wconf 91' lang='lat' dir='ltr'>intercessione</span> <span class='ocrx_word' id='word_1_250' title='bbox 1819 3793 1937 3848; x_wconf 88' lang='lat' dir='ltr'>sint</span> 
     </span>
    </p>
   </div>
   <div class='ocr_carea' id='block_1_42' title="bbox 270 3878 1937 3951">
    <p class='ocr_par' dir='ltr' id='par_1_42' title="bbox 270 3878 1937 3951">
     <span class='ocr_line' id='line_1_42' title="bbox 270 3878 1937 3951; baseline 0.001 -16"><span class='ocrx_word' id='word_1_251' title='bbox 270 3896 585 3951; x_wconf 88' lang='lat' dir='ltr'>prospera,</span> <span class='ocrx_word' id='word_1_252' title='bbox 606 3879 759 3950; x_wconf 91' lang='lat' dir='ltr'>quod</span> <span class='ocrx_word' id='word_1_253' title='bbox 780 3878 951 3934; x_wconf 90' lang='lat' dir='ltr'>nobis</span> <span class='ocrx_word' id='word_1_254' title='bbox 970 3878 1152 3949; x_wconf 89' lang='lat' dir='ltr'>hujus</span> <span class='ocrx_word' id='word_1_255' title='bbox 1172 3880 1433 3935; x_wconf 86' lang='lat' dir='ltr'>muneris</span> <span class='ocrx_word' id='word_1_256' title='bbox 1449 3890 1503 3936; x_wconf 89' lang='lat' dir='ltr'>et</span> <span class='ocrx_word' id='word_1_257' title='bbox 1519 3881 1786 3938; x_wconf 88' lang='lat' dir='ltr'>doctores</span> <span class='ocrx_word' id='word_1_258' title='bbox 1804 3899 1937 3937; x_wconf 91' lang='lat' dir='ltr'>con-</span> 
     </span>
    </p>
   </div>
   <div class='ocr_carea' id='block_1_43' title="bbox 272 3968 1222 4040">
    <p class='ocr_par' dir='ltr' id='par_1_43' title="bbox 272 3968 1222 4040">
     <span class='ocr_line' id='line_1_43' title="bbox 272 3968 1222 4040; baseline 0.001 -17"><span class='ocrx_word' id='word_1_259' title='bbox 272 3968 480 4024; x_wconf 83' lang='lat' dir='ltr'>stituis</span> <span class='ocrx_word' id='word_1_260' title='bbox 510 3974 568 4023; x_wconf 90' lang='lat' dir='ltr'>et</span> <span class='ocrx_word' id='word_1_261' title='bbox 606 3971 905 4040; x_wconf 89' lang='lat' dir='ltr'>patronos.</span> <span class='ocrx_word' id='word_1_262' title='bbox 943 3969 1071 4034; x_wconf 86' lang='lat' dir='ltr'>Per,</span> <span class='ocrx_word' id='word_1_263' title='bbox 1113 3973 1222 4024; x_wconf 89' lang='lat' dir='ltr'>etc.</span> 
     </span>
    </p>
   </div>
   <div class='ocr_carea' id='block_1_44' title="bbox 337 4056 1932 4132">
    <p class='ocr_par' dir='ltr' id='par_1_44' title="bbox 337 4056 1932 4132">
     <span class='ocr_line' id='line_1_44' title="bbox 337 4056 1932 4132; baseline 0.004 -22"><span class='ocrx_word' id='word_1_264' title='bbox 337 4058 492 4113; x_wconf 86' lang='lat' dir='ltr'>Vere</span> <span class='ocrx_word' id='word_1_265' title='bbox 514 4056 785 4127; x_wconf 89' lang='lat' dir='ltr'>dignum.</span> <span class='ocrx_word' id='word_1_266' title='bbox 811 4058 1010 4128; x_wconf 83' lang='lat' dir='ltr'>Teque</span> <span class='ocrx_word' id='word_1_267' title='bbox 1030 4056 1327 4129; x_wconf 81' lang='lat' dir='ltr'>profusius</span> <span class='ocrx_word' id='word_1_268' title='bbox 1343 4058 1676 4130; x_wconf 89' lang='lat' dir='ltr'>implorare,</span> <span class='ocrx_word' id='word_1_269' title='bbox 1696 4070 1760 4115; x_wconf 88' lang='lat' dir='ltr'>ut</span> <span class='ocrx_word' id='word_1_270' title='bbox 1782 4062 1932 4132; x_wconf 90' lang='lat' dir='ltr'>quod</span> 
     </span>
    </p>
   </div>
   <div class='ocr_carea' id='block_1_45' title="bbox 271 4145 1938 4222">
    <p class='ocr_par' dir='ltr' id='par_1_45' title="bbox 271 4145 1938 4222">
     <span class='ocr_line' id='line_1_45' title="bbox 271 4145 1938 4222; baseline 0.003 -21"><span class='ocrx_word' id='word_1_271' title='bbox 271 4162 433 4202; x_wconf 89' lang='lat' dir='ltr'>nunc</span> <span class='ocrx_word' id='word_1_272' title='bbox 456 4145 541 4217; x_wconf 86' lang='lat' dir='ltr'>pii</span> <span class='ocrx_word' id='word_1_273' title='bbox 557 4146 730 4201; x_wconf 89' lang='lat' dir='ltr'>nobis</span> <span class='ocrx_word' id='word_1_274' title='bbox 745 4154 828 4201; x_wconf 86' lang='lat' dir='ltr'>est</span> <span class='ocrx_word' id='word_1_275' title='bbox 850 4146 1065 4215; x_wconf 86' lang='lat' dir='ltr'>oneris,</span> <span class='ocrx_word' id='word_1_276' title='bbox 1089 4147 1354 4217; x_wconf 89' lang='lat' dir='ltr'>perpetui</span> <span class='ocrx_word' id='word_1_277' title='bbox 1372 4147 1446 4202; x_wconf 87' lang='lat' dir='ltr'>sit</span> <span class='ocrx_word' id='word_1_278' title='bbox 1463 4148 1720 4204; x_wconf 90' lang='lat' dir='ltr'>honeris.</span> <span class='ocrx_word' id='word_1_279' title='bbox 1739 4149 1938 4222; x_wconf 88' lang='lat' dir='ltr'>Neque</span> 
     </span>
    </p>
   </div>
   <div class='ocr_carea' id='block_1_46' title="bbox 272 4233 1937 4310">
    <p class='ocr_par' dir='ltr' id='par_1_46' title="bbox 272 4233 1937 4310">
     <span class='ocr_line' id='line_1_46' title="bbox 272 4233 1937 4310; baseline 0.002 -19"><span class='ocrx_word' id='word_1_280' title='bbox 272 4253 380 4292; x_wconf 84' lang='lat' dir='ltr'>nos</span> <span class='ocrx_word' id='word_1_281' title='bbox 403 4235 608 4307; x_wconf 89' lang='lat' dir='ltr'>magis</span> <span class='ocrx_word' id='word_1_282' title='bbox 626 4233 874 4290; x_wconf 87' lang='lat' dir='ltr'>oblectet</span> <span class='ocrx_word' id='word_1_283' title='bbox 889 4236 1536 4310; x_wconf 53' lang='lat' dir='ltr'>prmrogativaifastigii,</span> <span class='ocrx_word' id='word_1_284' title='bbox 1569 4243 1937 4310; x_wconf 33' lang='lat' dir='ltr'>quamgcom-</span> 
     </span>
    </p>
   </div>
   <div class='ocr_carea' id='block_1_47' title="bbox 272 4322 1933 4397">
    <p class='ocr_par' dir='ltr' id='par_1_47' title="bbox 272 4322 1933 4397">
     <span class='ocr_line' id='line_1_47' title="bbox 272 4322 1933 4397; baseline 0.002 -16"><span class='ocrx_word' id='word_1_285' title='bbox 272 4332 485 4397; x_wconf 88' lang='lat' dir='ltr'>petens</span> <span class='ocrx_word' id='word_1_286' title='bbox 508 4324 662 4380; x_wconf 87' lang='lat' dir='ltr'>actio</span> <span class='ocrx_word' id='word_1_287' title='bbox 686 4322 1014 4397; x_wconf 83' lang='lat' dir='ltr'>dignitatis,</span> <span class='ocrx_word' id='word_1_288' title='bbox 1039 4325 1105 4397; x_wconf 80' lang='grc' dir='ltr'>(ε)</span> <span class='ocrx_word' id='word_1_289' title='bbox 1134 4330 1307 4397; x_wconf 90' lang='lat' dir='ltr'>atque</span> <span class='ocrx_word' id='word_1_290' title='bbox 1338 4328 1663 4384; x_wconf 89' lang='lat' dir='ltr'>secundum</span> <span class='ocrx_word' id='word_1_291' title='bbox 1696 4328 1933 4385; x_wconf 75' lang='lat' dir='ltr'>beatum</span> 
     </span>
    </p>
   </div>
   <div class='ocr_carea' id='block_1_48' title="bbox 270 4412 1937 4489">
    <p class='ocr_par' dir='ltr' id='par_1_48' title="bbox 270 4412 1937 4489">
     <span class='ocr_line' id='line_1_48' title="bbox 270 4412 1937 4489; baseline 0.003 -20"><span class='ocrx_word' id='word_1_292' title='bbox 270 4413 615 4487; x_wconf 81' lang='lat' dir='ltr'>apostolum</span> <span class='ocrx_word' id='word_1_293' title='bbox 645 4412 896 4468; x_wconf 89' lang='lat' dir='ltr'>Paulum</span> <span class='ocrx_word' id='word_1_294' title='bbox 920 4414 1225 4469; x_wconf 91' lang='lat' dir='ltr'>docentem</span> <span class='ocrx_word' id='word_1_295' title='bbox 1249 4418 1662 4488; x_wconf 79' lang='lat' dir='ltr'>:Episcopatum</span> <span class='ocrx_word' id='word_1_296' title='bbox 1683 4421 1779 4489; x_wconf 78' lang='lat' dir='ltr'>qui</span> <span class='ocrx_word' id='word_1_297' title='bbox 1799 4420 1937 4475; x_wconf 73' lang='lat' dir='ltr'>desi-</span> 
     </span>
    </p>
   </div>
   <div class='ocr_carea' id='block_1_49' title="bbox 270 4501 1933 4572">
    <p class='ocr_par' dir='ltr' id='par_1_49' title="bbox 270 4501 1933 4572">
     <span class='ocr_line' id='line_1_49' title="bbox 270 4501 1933 4572; baseline 0.002 -16"><span class='ocrx_word' id='word_1_298' title='bbox 270 4502 447 4565; x_wconf 79' lang='lat' dir='ltr'>derat,</span> <span class='ocrx_word' id='word_1_299' title='bbox 482 4501 688 4555; x_wconf 86' lang='lat' dir='ltr'>bonum</span> <span class='ocrx_word' id='word_1_300' title='bbox 710 4516 844 4570; x_wconf 82' lang='lat' dir='ltr'>opus</span> <span class='ocrx_word' id='word_1_301' title='bbox 876 4502 1228 4572; x_wconf 77' lang='lat' dir='ltr'>concupiscit,</span> <span class='ocrx_word' id='word_1_302' title='bbox 1261 4502 1411 4557; x_wconf 88' lang='lat' dir='ltr'>sacri</span> <span class='ocrx_word' id='word_1_303' title='bbox 1438 4505 1694 4560; x_wconf 89' lang='lat' dir='ltr'>nominis</span> <span class='ocrx_word' id='word_1_304' title='bbox 1722 4504 1933 4561; x_wconf 89' lang='lat' dir='ltr'>verita-</span> 
     </span>
    </p>
   </div>
   <div class='ocr_carea' id='block_1_50' title="bbox 1961 1872 2009 1938">
    <p class='ocr_par' dir='ltr' id='par_1_50' title="bbox 1961 1872 2009 1938">
     <span class='ocr_line' id='line_1_50' title="bbox 1961 1872 2009 1938; baseline 0 0"><span class='ocrx_word' id='word_1_305' title='bbox 1961 1872 2009 1938; x_wconf 90' lang='lat' dir='ltr'><strong>B</strong></span> 
     </span>
    </p>
   </div>
   <div class='ocr_carea' id='block_1_51' title="bbox 2042 576 2969 648">
    <p class='ocr_par' dir='ltr' id='par_1_51' title="bbox 2042 576 2969 648">
     <span class='ocr_line' id='line_1_51' title="bbox 2042 576 2969 648; baseline 0.002 -19"><span class='ocrx_word' id='word_1_306' title='bbox 2042 576 2305 648; x_wconf 89' lang='lat' dir='ltr'>legitima</span> <span class='ocrx_word' id='word_1_307' title='bbox 2334 576 2657 633; x_wconf 87' lang='lat' dir='ltr'>charitatis.</span> <span class='ocrx_word' id='word_1_308' title='bbox 2698 582 2826 647; x_wconf 89' lang='lat' dir='ltr'>Per,</span> <span class='ocrx_word' id='word_1_309' title='bbox 2859 582 2969 633; x_wconf 89' lang='lat' dir='ltr'>etc.</span> 
     </span>
    </p>
   </div>
   <div class='ocr_carea' id='block_1_52' title="bbox 2112 665 3686 738">
    <p class='ocr_par' dir='ltr' id='par_1_52' title="bbox 2112 665 3686 738">
     <span class='ocr_line' id='line_1_52' title="bbox 2112 665 3686 738; baseline 0 -17"><span class='ocrx_word' id='word_1_310' title='bbox 2112 667 2288 731; x_wconf 91' lang='lat' dir='ltr'>Deus,</span> <span class='ocrx_word' id='word_1_311' title='bbox 2319 666 2418 736; x_wconf 91' lang='lat' dir='ltr'>qui</span> <span class='ocrx_word' id='word_1_312' title='bbox 2450 669 2602 722; x_wconf 88' lang='lat' dir='ltr'>bona</span> <span class='ocrx_word' id='word_1_313' title='bbox 2632 673 2842 721; x_wconf 91' lang='lat' dir='ltr'>cuncta</span> <span class='ocrx_word' id='word_1_314' title='bbox 2897 672 2953 722; x_wconf 89' lang='lat' dir='ltr'>et</span> <span class='ocrx_word' id='word_1_315' title='bbox 3014 666 3252 722; x_wconf 88' lang='lat' dir='ltr'>inchoas</span> <span class='ocrx_word' id='word_1_316' title='bbox 3307 665 3595 738; x_wconf 89' lang='lat' dir='ltr'>benignus</span> <span class='ocrx_word' id='word_1_317' title='bbox 3629 670 3686 721; x_wconf 87' lang='lat' dir='ltr'>et</span> 
     </span>
    </p>
   </div>
   <div class='ocr_carea' id='block_1_53' title="bbox 2042 754 3682 827">
    <p class='ocr_par' dir='ltr' id='par_1_53' title="bbox 2042 754 3682 827">
     <span class='ocr_line' id='line_1_53' title="bbox 2042 754 3682 827; baseline 0.001 -18"><span class='ocrx_word' id='word_1_318' title='bbox 2042 755 2299 827; x_wconf 89' lang='lat' dir='ltr'>perﬁcis,</span> <span class='ocrx_word' id='word_1_319' title='bbox 2331 756 2404 809; x_wconf 91' lang='lat' dir='ltr'>da</span> <span class='ocrx_word' id='word_1_320' title='bbox 2431 757 2617 823; x_wconf 90' lang='lat' dir='ltr'>nobis,</span> <span class='ocrx_word' id='word_1_321' title='bbox 2654 758 2807 811; x_wconf 89' lang='lat' dir='ltr'>sicut</span> <span class='ocrx_word' id='word_1_322' title='bbox 2836 758 2905 810; x_wconf 90' lang='lat' dir='ltr'>de</span> <span class='ocrx_word' id='word_1_323' title='bbox 2937 756 3120 811; x_wconf 87' lang='lat' dir='ltr'>initiis</span> <span class='ocrx_word' id='word_1_324' title='bbox 3161 761 3273 810; x_wconf 69' lang='lat' dir='ltr'>tuas</span> <span class='ocrx_word' id='word_1_325' title='bbox 3332 755 3529 827; x_wconf 69' lang='lat' dir='ltr'>gratiae</span> <span class='ocrx_word' id='word_1_326' title='bbox 3561 754 3682 826; x_wconf 91' lang='lat' dir='ltr'>glo-</span> 
     </span>
    </p>
   </div>
   <div class='ocr_carea' id='block_1_54' title="bbox 2042 843 3485 917">
    <p class='ocr_par' dir='ltr' id='par_1_54' title="bbox 2042 843 3485 917">
     <span class='ocr_line' id='line_1_54' title="bbox 2042 843 3485 917; baseline 0.001 -19"><span class='ocrx_word' id='word_1_327' title='bbox 2042 843 2285 913; x_wconf 89' lang='lat' dir='ltr'>riamur,</span> <span class='ocrx_word' id='word_1_328' title='bbox 2320 845 2397 899; x_wconf 92' lang='lat' dir='ltr'>ita</span> <span class='ocrx_word' id='word_1_329' title='bbox 2428 846 2496 899; x_wconf 93' lang='lat' dir='ltr'>de</span> <span class='ocrx_word' id='word_1_330' title='bbox 2528 846 2876 916; x_wconf 84' lang='lat' dir='ltr'>perfectione</span> <span class='ocrx_word' id='word_1_331' title='bbox 2906 847 3180 917; x_wconf 89' lang='lat' dir='ltr'>gaudere.</span> <span class='ocrx_word' id='word_1_332' title='bbox 3216 846 3341 913; x_wconf 92' lang='lat' dir='ltr'>Per,</span> <span class='ocrx_word' id='word_1_333' title='bbox 3375 850 3485 899; x_wconf 91' lang='lat' dir='ltr'>etc.</span> 
     </span>
    </p>
   </div>
   <div class='ocr_carea' id='block_1_55' title="bbox 2114 934 3683 1006">
    <p class='ocr_par' dir='ltr' id='par_1_55' title="bbox 2114 934 3683 1006">
     <span class='ocr_line' id='line_1_55' title="bbox 2114 934 3683 1006; baseline 0 -17"><span class='ocrx_word' id='word_1_334' title='bbox 2114 935 2187 1005; x_wconf 86' lang='lat' dir='ltr'>(d)</span> <span class='ocrx_word' id='word_1_335' title='bbox 2210 935 2564 1006; x_wconf 83' lang='lat' dir='ltr'>Repleantur</span> <span class='ocrx_word' id='word_1_336' title='bbox 2581 934 3509 1004; x_wconf 88' lang='lat' dir='ltr'>consolationibustuis,Domine,</span> <span class='ocrx_word' id='word_1_337' title='bbox 3528 951 3683 1005; x_wconf 66' lang='lat' dir='ltr'>quae-</span> 
     </span>
    </p>
   </div>
   <div class='ocr_carea' id='block_1_56' title="bbox 2042 1024 3685 1096">
    <p class='ocr_par' dir='ltr' id='par_1_56' title="bbox 2042 1024 3685 1096">
     <span class='ocr_line' id='line_1_56' title="bbox 2042 1024 3685 1096; baseline -0.001 -17"><span class='ocrx_word' id='word_1_338' title='bbox 2042 1042 2270 1094; x_wconf 86' lang='lat' dir='ltr'>sumus,</span> <span class='ocrx_word' id='word_1_339' title='bbox 2297 1030 2532 1079; x_wconf 90' lang='lat' dir='ltr'>tuorum</span> <span class='ocrx_word' id='word_1_340' title='bbox 2555 1025 2731 1080; x_wconf 91' lang='lat' dir='ltr'>corda</span> <span class='ocrx_word' id='word_1_341' title='bbox 2746 1024 3027 1093; x_wconf 86' lang='lat' dir='ltr'>ﬁdelium,</span> <span class='ocrx_word' id='word_1_342' title='bbox 3054 1026 3385 1096; x_wconf 87' lang='lat' dir='ltr'>pariterque</span> <span class='ocrx_word' id='word_1_343' title='bbox 3404 1029 3461 1079; x_wconf 89' lang='lat' dir='ltr'>et</span> <span class='ocrx_word' id='word_1_344' title='bbox 3482 1025 3553 1079; x_wconf 92' lang='lat' dir='ltr'>de</span> <span class='ocrx_word' id='word_1_345' title='bbox 3576 1025 3685 1078; x_wconf 87' lang='lat' dir='ltr'>Ec-</span> 
     </span>
    </p>
   </div>
   <div class='ocr_carea' id='block_1_57' title="bbox 2032 1110 3686 1187">
    <p class='ocr_par' dir='ltr' id='par_1_57' title="bbox 2032 1110 3686 1187">
     <span class='ocr_line' id='line_1_57' title="bbox 2032 1110 3686 1187; baseline -0.001 -16"><span class='ocrx_word' id='word_1_346' title='bbox 2032 1110 2231 1172; x_wconf 18' lang='lat' dir='ltr'>‘clesiae</span> <span class='ocrx_word' id='word_1_347' title='bbox 2262 1115 2600 1187; x_wconf 67' lang='lat' dir='ltr'>prmsulum,</span> <span class='ocrx_word' id='word_1_348' title='bbox 2636 1120 2691 1171; x_wconf 90' lang='lat' dir='ltr'>et</span> <span class='ocrx_word' id='word_1_349' title='bbox 2721 1117 2791 1169; x_wconf 86' lang='lat' dir='ltr'>de</span> <span class='ocrx_word' id='word_1_350' title='bbox 2832 1133 2937 1171; x_wconf 90' lang='lat' dir='ltr'>suo</span> <span class='ocrx_word' id='word_1_351' title='bbox 2971 1117 3224 1171; x_wconf 82' lang='lat' dir='ltr'>referant</span> <span class='ocrx_word' id='word_1_352' title='bbox 3254 1116 3464 1187; x_wconf 88' lang='lat' dir='ltr'>gaudia</span> <span class='ocrx_word' id='word_1_353' title='bbox 3498 1117 3686 1170; x_wconf 89' lang='lat' dir='ltr'>votiva</span> 
     </span>
    </p>
   </div>
   <div class='ocr_carea' id='block_1_58' title="bbox 2042 1204 3682 1279">
    <p class='ocr_par' dir='ltr' id='par_1_58' title="bbox 2042 1204 3682 1279">
     <span class='ocr_line' id='line_1_58' title="bbox 2042 1204 3682 1279; baseline 0 -20"><span class='ocrx_word' id='word_1_354' title='bbox 2042 1207 2327 1279; x_wconf 88' lang='lat' dir='ltr'>profectu,</span> <span class='ocrx_word' id='word_1_355' title='bbox 2360 1223 2424 1261; x_wconf 92' lang='lat' dir='ltr'>ac</span> <span class='ocrx_word' id='word_1_356' title='bbox 2452 1206 2872 1277; x_wconf 89' lang='lat' dir='ltr'>temporalibus</span> <span class='ocrx_word' id='word_1_357' title='bbox 2904 1206 3130 1260; x_wconf 79' lang='lat' dir='ltr'>sulatiis</span> <span class='ocrx_word' id='word_1_358' title='bbox 3162 1204 3407 1271; x_wconf 86' lang='lat' dir='ltr'>incitati,</span> <span class='ocrx_word' id='word_1_359' title='bbox 3446 1222 3682 1277; x_wconf 89' lang='lat' dir='ltr'>promp-</span> 
     </span>
    </p>
   </div>
   <div class='ocr_carea' id='block_1_59' title="bbox 2041 1296 3108 1366">
    <p class='ocr_par' dir='ltr' id='par_1_59' title="bbox 2041 1296 3108 1366">
     <span class='ocr_line' id='line_1_59' title="bbox 2041 1296 3108 1366; baseline 0 -16"><span class='ocrx_word' id='word_1_360' title='bbox 2041 1297 2160 1350; x_wconf 89' lang='lat' dir='ltr'>tius</span> <span class='ocrx_word' id='word_1_361' title='bbox 2192 1302 2408 1351; x_wconf 70' lang='lat' dir='ltr'>asterna</span> <span class='ocrx_word' id='word_1_362' title='bbox 2440 1296 2795 1351; x_wconf 87' lang='lat' dir='ltr'>desiderent.</span> <span class='ocrx_word' id='word_1_363' title='bbox 2838 1300 2966 1366; x_wconf 91' lang='lat' dir='ltr'>Per,</span> <span class='ocrx_word' id='word_1_364' title='bbox 3001 1300 3108 1350; x_wconf 90' lang='lat' dir='ltr'>etc.</span> 
     </span>
    </p>
   </div>
   <div class='ocr_carea' id='block_1_60' title="bbox 2112 1384 3683 1458">
    <p class='ocr_par' dir='ltr' id='par_1_60' title="bbox 2112 1384 3683 1458">
     <span class='ocr_line' id='line_1_60' title="bbox 2112 1384 3683 1458; baseline 0.001 -20"><span class='ocrx_word' id='word_1_365' title='bbox 2112 1386 2261 1439; x_wconf 88' lang='lat' dir='ltr'>VIII.</span> <span class='ocrx_word' id='word_1_366' title='bbox 2298 1387 2426 1441; x_wconf 80' lang='lat' dir='ltr'>Item</span> <span class='ocrx_word' id='word_1_367' title='bbox 2457 1388 2597 1442; x_wconf 80' lang='lat' dir='ltr'>alia.</span> <span class='ocrx_word' id='word_1_368' title='bbox 2631 1419 2699 1428; x_wconf 86' lang='lat'><strong><em>——</em></strong></span> <span class='ocrx_word' id='word_1_369' title='bbox 2731 1386 2904 1452; x_wconf 91' lang='lat' dir='ltr'>Deus,</span> <span class='ocrx_word' id='word_1_370' title='bbox 2943 1387 3041 1458; x_wconf 92' lang='lat' dir='ltr'>qui</span> <span class='ocrx_word' id='word_1_371' title='bbox 3066 1385 3199 1439; x_wconf 89' lang='lat' dir='ltr'>licet</span> <span class='ocrx_word' id='word_1_372' title='bbox 3223 1384 3563 1439; x_wconf 83' lang='lat' dir='ltr'>universum</span> <span class='ocrx_word' id='word_1_373' title='bbox 3587 1400 3683 1455; x_wconf 90' lang='lat' dir='ltr'>ge-</span> 
     </span>
    </p>
   </div>
   <div class='ocr_carea' id='block_1_61' title="bbox 2042 1475 3686 1548">
    <p class='ocr_par' dir='ltr' id='par_1_61' title="bbox 2042 1475 3686 1548">
     <span class='ocr_line' id='line_1_61' title="bbox 2042 1475 3686 1548; baseline -0.001 -18"><span class='ocrx_word' id='word_1_374' title='bbox 2042 1493 2154 1531; x_wconf 91' lang='lat' dir='ltr'>nus</span> <span class='ocrx_word' id='word_1_375' title='bbox 2186 1476 2512 1531; x_wconf 88' lang='lat' dir='ltr'>humanum</span> <span class='ocrx_word' id='word_1_376' title='bbox 2546 1476 2764 1531; x_wconf 70' lang='lat' dir='ltr'>caelesti</span> <span class='ocrx_word' id='word_1_377' title='bbox 2824 1476 2948 1548; x_wconf 84' lang='lat' dir='ltr'>lege</span> <span class='ocrx_word' id='word_1_378' title='bbox 3008 1476 3305 1545; x_wconf 86' lang='lat' dir='ltr'>disponas,</span> <span class='ocrx_word' id='word_1_379' title='bbox 3366 1475 3686 1529; x_wconf 75' lang='lat' dir='ltr'>Ecclesium</span> 
     </span>
    </p>
   </div>
   <div class='ocr_carea' id='block_1_62' title="bbox 2041 1564 3688 1639">
    <p class='ocr_par' dir='ltr' id='par_1_62' title="bbox 2041 1564 3688 1639">
     <span class='ocr_line' id='line_1_62' title="bbox 2041 1564 3688 1639; baseline -0.002 -19"><span class='ocrx_word' id='word_1_380' title='bbox 2041 1570 2235 1621; x_wconf 85' lang='lat' dir='ltr'>tamen</span> <span class='ocrx_word' id='word_1_381' title='bbox 2272 1572 2434 1621; x_wconf 89' lang='lat' dir='ltr'>tuam</span> <span class='ocrx_word' id='word_1_382' title='bbox 2476 1566 2712 1639; x_wconf 84' lang='lat' dir='ltr'>speciali</span> <span class='ocrx_word' id='word_1_383' title='bbox 2766 1565 3205 1637; x_wconf 85' lang='lat' dir='ltr'>dispensatione</span> <span class='ocrx_word' id='word_1_384' title='bbox 3255 1564 3597 1633; x_wconf 90' lang='lat' dir='ltr'>moderaris,</span> <span class='ocrx_word' id='word_1_385' title='bbox 3631 1567 3688 1617; x_wconf 90' lang='lat' dir='ltr'>et</span> 
     </span>
    </p>
   </div>
   <div class='ocr_carea' id='block_1_63' title="bbox 2041 1654 3683 1730">
    <p class='ocr_par' dir='ltr' id='par_1_63' title="bbox 2041 1654 3683 1730">
     <span class='ocr_line' id='line_1_63' title="bbox 2041 1654 3683 1730; baseline -0.002 -18"><span class='ocrx_word' id='word_1_386' title='bbox 2041 1658 2282 1730; x_wconf 88' lang='lat' dir='ltr'>dignum</span> <span class='ocrx_word' id='word_1_387' title='bbox 2315 1658 2418 1713; x_wconf 91' lang='lat' dir='ltr'>tibi</span> <span class='ocrx_word' id='word_1_388' title='bbox 2443 1674 2548 1712; x_wconf 92' lang='lat' dir='ltr'>nos</span> <span class='ocrx_word' id='word_1_389' title='bbox 2570 1657 2838 1711; x_wconf 84' lang='lat' dir='ltr'>exhibere</span> <span class='ocrx_word' id='word_1_390' title='bbox 2863 1655 3257 1712; x_wconf 88' lang='lat' dir='ltr'>ministerium</span> <span class='ocrx_word' id='word_1_391' title='bbox 3283 1654 3531 1709; x_wconf 87' lang='lat' dir='ltr'>concede</span> <span class='ocrx_word' id='word_1_392' title='bbox 3552 1670 3683 1724; x_wconf 92' lang='lat' dir='ltr'>pro-</span> 
     </span>
    </p>
   </div>
   <div class='ocr_carea' id='block_1_64' title="bbox 2043 1744 3687 1821">
    <p class='ocr_par' dir='ltr' id='par_1_64' title="bbox 2043 1744 3687 1821">
     <span class='ocr_line' id='line_1_64' title="bbox 2043 1744 3687 1821; baseline -0.003 -19"><span class='ocrx_word' id='word_1_393' title='bbox 2043 1749 2247 1821; x_wconf 89' lang='lat' dir='ltr'>pitius,</span> <span class='ocrx_word' id='word_1_394' title='bbox 2279 1754 2335 1804; x_wconf 89' lang='lat' dir='ltr'>et</span> <span class='ocrx_word' id='word_1_395' title='bbox 2364 1749 2573 1821; x_wconf 87' lang='lat' dir='ltr'>dignos</span> <span class='ocrx_word' id='word_1_396' title='bbox 2605 1766 2707 1821; x_wconf 92' lang='lat' dir='ltr'>per</span> <span class='ocrx_word' id='word_1_397' title='bbox 2747 1754 2909 1803; x_wconf 89' lang='lat' dir='ltr'>tuam</span> <span class='ocrx_word' id='word_1_398' title='bbox 2960 1747 3209 1820; x_wconf 86' lang='lat' dir='ltr'>gratiam</span> <span class='ocrx_word' id='word_1_399' title='bbox 3260 1746 3565 1801; x_wconf 88' lang='lat' dir='ltr'>ministros</span> <span class='ocrx_word' id='word_1_400' title='bbox 3597 1744 3687 1799; x_wconf 83' lang='lat' dir='ltr'>of-</span> 
     </span>
    </p>
   </div>
   <div class='ocr_carea' id='block_1_65' title="bbox 2042 1840 2513 1905">
    <p class='ocr_par' dir='ltr' id='par_1_65' title="bbox 2042 1840 2513 1905">
     <span class='ocr_line' id='line_1_65' title="bbox 2042 1840 2513 1905; baseline 0 -12"><span class='ocrx_word' id='word_1_401' title='bbox 2042 1840 2209 1894; x_wconf 86' lang='lat' dir='ltr'>ferre.</span> <span class='ocrx_word' id='word_1_402' title='bbox 2246 1844 2370 1905; x_wconf 86' lang='lat' dir='ltr'>Per,</span> <span class='ocrx_word' id='word_1_403' title='bbox 2404 1844 2513 1893; x_wconf 91' lang='lat' dir='ltr'>etc.</span> 
     </span>
    </p>
   </div>
   <div class='ocr_carea' id='block_1_66' title="bbox 2115 1926 3685 1999">
    <p class='ocr_par' dir='ltr' id='par_1_66' title="bbox 2115 1926 3685 1999">
     <span class='ocr_line' id='line_1_66' title="bbox 2115 1926 3685 1999; baseline -0.002 -16"><span class='ocrx_word' id='word_1_404' title='bbox 2115 1930 2348 1995; x_wconf 62' lang='lat' dir='ltr'>Praesta,</span> <span class='ocrx_word' id='word_1_405' title='bbox 2377 1944 2739 1999; x_wconf 75' lang='lat' dir='ltr'>quaesumus,</span> <span class='ocrx_word' id='word_1_406' title='bbox 2773 1927 3144 1999; x_wconf 89' lang='lat' dir='ltr'>omnipotens</span> <span class='ocrx_word' id='word_1_407' title='bbox 3194 1926 3365 1993; x_wconf 89' lang='lat' dir='ltr'>Deus,</span> <span class='ocrx_word' id='word_1_408' title='bbox 3421 1931 3483 1980; x_wconf 92' lang='lat' dir='ltr'>ut</span> <span class='ocrx_word' id='word_1_409' title='bbox 3532 1926 3685 1996; x_wconf 92' lang='lat' dir='ltr'>quod</span> 
     </span>
    </p>
   </div>
   <div class='ocr_carea' id='block_1_67' title="bbox 2043 2015 3689 2089">
    <p class='ocr_par' dir='ltr' id='par_1_67' title="bbox 2043 2015 3689 2089">
     <span class='ocr_line' id='line_1_67' title="bbox 2043 2015 3689 2089; baseline -0.002 -17"><span class='ocrx_word' id='word_1_410' title='bbox 2043 2018 2233 2089; x_wconf 88' lang='lat' dir='ltr'>fragili</span> <span class='ocrx_word' id='word_1_411' title='bbox 2266 2016 2611 2089; x_wconf 89' lang='lat' dir='ltr'>supplemus</span> <span class='ocrx_word' id='word_1_412' title='bbox 2644 2017 2853 2085; x_wconf 82' lang='lat' dir='ltr'>officio,</span> <span class='ocrx_word' id='word_1_413' title='bbox 2892 2022 2989 2072; x_wconf 91' lang='lat' dir='ltr'>tuo</span> <span class='ocrx_word' id='word_1_414' title='bbox 3023 2016 3219 2088; x_wconf 91' lang='lat' dir='ltr'>potius</span> <span class='ocrx_word' id='word_1_415' title='bbox 3252 2016 3586 2088; x_wconf 77' lang='lat' dir='ltr'>perficiatur</span> <span class='ocrx_word' id='word_1_416' title='bbox 3614 2015 3689 2071; x_wconf 87' lang='lat' dir='ltr'>ef-</span> 
     </span>
    </p>
   </div>
   <div class='ocr_carea' id='block_1_68' title="bbox 2042 2108 2521 2173">
    <p class='ocr_par' dir='ltr' id='par_1_68' title="bbox 2042 2108 2521 2173">
     <span class='ocr_line' id='line_1_68' title="bbox 2042 2108 2521 2173; baseline -0.006 -10"><span class='ocrx_word' id='word_1_417' title='bbox 2042 2108 2214 2163; x_wconf 87' lang='lat' dir='ltr'>fectu.</span> <span class='ocrx_word' id='word_1_418' title='bbox 2252 2108 2377 2173; x_wconf 91' lang='lat' dir='ltr'>Per,</span> <span class='ocrx_word' id='word_1_419' title='bbox 2412 2112 2521 2162; x_wconf 86' lang='lat' dir='ltr'>etc.</span> 
     </span>
    </p>
   </div>
   <div class='ocr_carea' id='block_1_69' title="bbox 2115 2192 3688 2266">
    <p class='ocr_par' dir='ltr' id='par_1_69' title="bbox 2115 2192 3688 2266">
     <span class='ocr_line' id='line_1_69' title="bbox 2115 2192 3688 2266; baseline -0.003 -14"><span class='ocrx_word' id='word_1_420' title='bbox 2115 2197 2393 2252; x_wconf 89' lang='lat' dir='ltr'>Omnium</span> <span class='ocrx_word' id='word_1_421' title='bbox 2430 2200 2719 2263; x_wconf 88' lang='lat' dir='ltr'>nostrum,</span> <span class='ocrx_word' id='word_1_422' title='bbox 2750 2196 3016 2259; x_wconf 89' lang='lat' dir='ltr'>Domine,</span> <span class='ocrx_word' id='word_1_423' title='bbox 3049 2211 3414 2266; x_wconf 72' lang='lat' dir='ltr'>quaesumus,</span> <span class='ocrx_word' id='word_1_424' title='bbox 3464 2192 3688 2249; x_wconf 87' lang='lat' dir='ltr'>hostias</span> 
     </span>
    </p>
   </div>
   <div class='ocr_carea' id='block_1_70' title="bbox 2046 2276 3688 2358">
    <p class='ocr_par' dir='ltr' id='par_1_70' title="bbox 2046 2276 3688 2358">
     <span class='ocr_line' id='line_1_70' title="bbox 2046 2276 3688 2358; baseline -0.001 -19"><span class='ocrx_word' id='word_1_425' title='bbox 2046 2286 2333 2358; x_wconf 91' lang='lat' dir='ltr'>propitius</span> <span class='ocrx_word' id='word_1_426' title='bbox 2365 2286 2611 2352; x_wconf 89' lang='lat' dir='ltr'>intuere,</span> <span class='ocrx_word' id='word_1_427' title='bbox 2649 2290 2710 2339; x_wconf 92' lang='lat' dir='ltr'>ut</span> <span class='ocrx_word' id='word_1_428' title='bbox 2739 2290 2795 2340; x_wconf 93' lang='lat' dir='ltr'>et</span> <span class='ocrx_word' id='word_1_429' title='bbox 2827 2286 2979 2355; x_wconf 83' lang='lat' dir='ltr'>quod</span> <span class='ocrx_word' id='word_1_430' title='bbox 3013 2290 3207 2340; x_wconf 87' lang='lat' dir='ltr'>actum</span> <span class='ocrx_word' id='word_1_431' title='bbox 3234 2288 3321 2340; x_wconf 89' lang='lat' dir='ltr'>est</span> <span class='ocrx_word' id='word_1_432' title='bbox 3371 2300 3474 2356; x_wconf 93' lang='lat' dir='ltr'>per</span> <span class='ocrx_word' id='word_1_433' title='bbox 3520 2276 3688 2339; x_wconf 83' lang='lat' dir='ltr'>obse-</span> 
     </span>
    </p>
   </div>
   <div class='ocr_carea' id='block_1_71' title="bbox 2045 2372 3689 2446">
    <p class='ocr_par' dir='ltr' id='par_1_71' title="bbox 2045 2372 3689 2446">
     <span class='ocr_line' id='line_1_71' title="bbox 2045 2372 3689 2446; baseline -0.001 -18"><span class='ocrx_word' id='word_1_434' title='bbox 2045 2375 2251 2445; x_wconf 91' lang='lat' dir='ltr'>quium</span> <span class='ocrx_word' id='word_1_435' title='bbox 2284 2374 2652 2445; x_wconf 86' lang='lat' dir='ltr'>deputatum,</span> <span class='ocrx_word' id='word_1_436' title='bbox 2680 2379 2735 2427; x_wconf 90' lang='lat' dir='ltr'>et</span> <span class='ocrx_word' id='word_1_437' title='bbox 2758 2373 3019 2429; x_wconf 91' lang='lat' dir='ltr'>ﬁdelium</span> <span class='ocrx_word' id='word_1_438' title='bbox 3042 2380 3174 2429; x_wconf 89' lang='lat' dir='ltr'>vota</span> <span class='ocrx_word' id='word_1_439' title='bbox 3194 2372 3566 2446; x_wconf 87' lang='lat' dir='ltr'>populorum,</span> <span class='ocrx_word' id='word_1_440' title='bbox 3587 2377 3689 2427; x_wconf 88' lang='lat' dir='ltr'>tua</span> 
     </span>
    </p>
   </div>
   <div class='ocr_carea' id='block_1_72' title="bbox 2044 2462 3222 2536">
    <p class='ocr_par' dir='ltr' id='par_1_72' title="bbox 2044 2462 3222 2536">
     <span class='ocr_line' id='line_1_72' title="bbox 2044 2462 3222 2536; baseline -0.002 -17"><span class='ocrx_word' id='word_1_441' title='bbox 2044 2463 2237 2536; x_wconf 91' lang='lat' dir='ltr'>potius</span> <span class='ocrx_word' id='word_1_442' title='bbox 2270 2462 2607 2533; x_wconf 90' lang='lat' dir='ltr'>dignatione</span> <span class='ocrx_word' id='word_1_443' title='bbox 2639 2462 2922 2519; x_wconf 86' lang='lat' dir='ltr'>ﬁrmetur.</span> <span class='ocrx_word' id='word_1_444' title='bbox 2952 2468 3080 2530; x_wconf 91' lang='lat' dir='ltr'>Per,</span> <span class='ocrx_word' id='word_1_445' title='bbox 3115 2468 3222 2518; x_wconf 86' lang='lat' dir='ltr'>etc.</span> 
     </span>
    </p>
   </div>
   <div class='ocr_carea' id='block_1_73' title="bbox 2114 2551 3688 2624">
    <p class='ocr_par' dir='ltr' id='par_1_73' title="bbox 2114 2551 3688 2624">
     <span class='ocr_line' id='line_1_73' title="bbox 2114 2551 3688 2624; baseline 0 -19"><span class='ocrx_word' id='word_1_446' title='bbox 2114 2552 2260 2607; x_wconf 89' lang='lat' dir='ltr'>Vere</span> <span class='ocrx_word' id='word_1_447' title='bbox 2282 2551 2548 2623; x_wconf 89' lang='lat' dir='ltr'>dignum.</span> <span class='ocrx_word' id='word_1_448' title='bbox 2569 2551 2924 2624; x_wconf 88' lang='lat' dir='ltr'>Suppliciter</span> <span class='ocrx_word' id='word_1_449' title='bbox 2943 2552 3325 2624; x_wconf 88' lang='lat' dir='ltr'>implorantes</span> <span class='ocrx_word' id='word_1_450' title='bbox 3346 2555 3408 2606; x_wconf 90' lang='lat' dir='ltr'>ut</span> <span class='ocrx_word' id='word_1_451' title='bbox 3426 2555 3688 2606; x_wconf 89' lang='lat' dir='ltr'>nostram</span> 
     </span>
    </p>
   </div>
   <div class='ocr_carea' id='block_1_74' title="bbox 2044 2638 3684 2713">
    <p class='ocr_par' dir='ltr' id='par_1_74' title="bbox 2044 2638 3684 2713">
     <span class='ocr_line' id='line_1_74' title="bbox 2044 2638 3684 2713; baseline -0.002 -16"><span class='ocrx_word' id='word_1_452' title='bbox 2044 2640 2260 2713; x_wconf 86' lang='lat' dir='ltr'>pariter</span> <span class='ocrx_word' id='word_1_453' title='bbox 2288 2645 2345 2695; x_wconf 91' lang='lat' dir='ltr'>et</span> <span class='ocrx_word' id='word_1_454' title='bbox 2373 2656 2576 2695; x_wconf 88' lang='lat' dir='ltr'>eorum</span> <span class='ocrx_word' id='word_1_455' title='bbox 2609 2657 2755 2711; x_wconf 85' lang='lat' dir='ltr'>quos</span> <span class='ocrx_word' id='word_1_456' title='bbox 2787 2659 2888 2712; x_wconf 89' lang='lat' dir='ltr'>per</span> <span class='ocrx_word' id='word_1_457' title='bbox 2918 2641 3003 2695; x_wconf 89' lang='lat' dir='ltr'>tui</span> <span class='ocrx_word' id='word_1_458' title='bbox 3048 2640 3306 2694; x_wconf 89' lang='lat' dir='ltr'>muneris</span> <span class='ocrx_word' id='word_1_459' title='bbox 3354 2638 3684 2711; x_wconf 86' lang='lat' dir='ltr'>largitatem</span> 
     </span>
    </p>
   </div>
   <div class='ocr_carea' id='block_1_75' title="bbox 2044 2728 3683 2800">
    <p class='ocr_par' dir='ltr' id='par_1_75' title="bbox 2044 2728 3683 2800">
     <span class='ocr_line' id='line_1_75' title="bbox 2044 2728 3683 2800; baseline -0.004 -13"><span class='ocrx_word' id='word_1_460' title='bbox 2044 2748 2219 2787; x_wconf 79' lang='lat' dir='ltr'>sacrze</span> <span class='ocrx_word' id='word_1_461' title='bbox 2252 2729 2485 2785; x_wconf 71' lang='lat' dir='ltr'>familias</span> <span class='ocrx_word' id='word_1_462' title='bbox 2514 2731 2904 2799; x_wconf 84' lang='lat' dir='ltr'>subrogamus</span> <span class='ocrx_word' id='word_1_463' title='bbox 2928 2729 3236 2800; x_wconf 89' lang='lat' dir='ltr'>antistites,</span> <span class='ocrx_word' id='word_1_464' title='bbox 3263 2729 3408 2784; x_wconf 91' lang='lat' dir='ltr'>bene</span> <span class='ocrx_word' id='word_1_465' title='bbox 3432 2728 3536 2783; x_wconf 89' lang='lat' dir='ltr'>tibi</span> <span class='ocrx_word' id='word_1_466' title='bbox 3559 2734 3683 2799; x_wconf 91' lang='lat' dir='ltr'>pta-</span> 
     </span>
    </p>
   </div>
   <div class='ocr_carea' id='block_1_76' title="bbox 2043 2818 3219 2893">
    <p class='ocr_par' dir='ltr' id='par_1_76' title="bbox 2043 2818 3219 2893">
     <span class='ocr_line' id='line_1_76' title="bbox 2043 2818 3219 2893; baseline -0.003 -16"><span class='ocrx_word' id='word_1_467' title='bbox 2043 2824 2219 2877; x_wconf 81' lang='lat' dir='ltr'>citam</span> <span class='ocrx_word' id='word_1_468' title='bbox 2251 2819 2520 2893; x_wconf 89' lang='lat' dir='ltr'>perﬁcias</span> <span class='ocrx_word' id='word_1_469' title='bbox 2550 2818 2911 2875; x_wconf 90' lang='lat' dir='ltr'>servitutem.</span> <span class='ocrx_word' id='word_1_470' title='bbox 2954 2820 3079 2887; x_wconf 91' lang='lat' dir='ltr'>Per,</span> <span class='ocrx_word' id='word_1_471' title='bbox 3112 2822 3219 2874; x_wconf 91' lang='lat' dir='ltr'>etc.</span> 
     </span>
    </p>
   </div>
   <div class='ocr_carea' id='block_1_77' title="bbox 2390 2961 3336 3034">
    <p class='ocr_par' dir='ltr' id='par_1_77' title="bbox 2390 2961 3336 3034">
     <span class='ocr_line' id='line_1_77' title="bbox 2390 2961 3336 3034; baseline -0.003 -17"><span class='ocrx_word' id='word_1_472' title='bbox 2390 2964 2537 3019; x_wconf 72' lang='grc' dir='ltr'>ιοιι</span> <span class='ocrx_word' id='word_1_473' title='bbox 2576 2964 2681 3018; x_wconf 91' lang='lat' dir='ltr'>Pro</span> <span class='ocrx_word' id='word_1_474' title='bbox 2709 2963 2953 3034; x_wconf 80' lang='lat' dir='ltr'>episcopo</span> <span class='ocrx_word' id='word_1_475' title='bbox 2982 2961 3336 3033; x_wconf 76' lang='lat' dir='ltr'>offerendum.</span> 
     </span>
    </p>
   </div>
   <div class='ocr_carea' id='block_1_78' title="bbox 2118 3083 3687 3158">
    <p class='ocr_par' dir='ltr' id='par_1_78' title="bbox 2118 3083 3687 3158">
     <span class='ocr_line' id='line_1_78' title="bbox 2118 3083 3687 3158; baseline -0.003 -15"><span class='ocrx_word' id='word_1_476' title='bbox 2118 3089 2273 3143; x_wconf 81' lang='lat' dir='ltr'>Hanc</span> <span class='ocrx_word' id='word_1_477' title='bbox 2290 3087 2471 3158; x_wconf 86' lang='lat' dir='ltr'>igitur</span> <span class='ocrx_word' id='word_1_478' title='bbox 2487 3084 2868 3151; x_wconf 83' lang='lat' dir='ltr'>oblationem,</span> <span class='ocrx_word' id='word_1_479' title='bbox 2890 3102 3063 3157; x_wconf 87' lang='lat' dir='ltr'>quam</span> <span class='ocrx_word' id='word_1_480' title='bbox 3087 3084 3190 3139; x_wconf 92' lang='lat' dir='ltr'>tibi</span> <span class='ocrx_word' id='word_1_481' title='bbox 3210 3083 3687 3155; x_wconf 71' lang='lat' dir='ltr'>offerimus(illius</span> 
     </span>
    </p>
   </div>
   <div class='ocr_carea' id='block_1_79' title="bbox 2044 3174 3689 3245">
    <p class='ocr_par' dir='ltr' id='par_1_79' title="bbox 2044 3174 3689 3245">
     <span class='ocr_line' id='line_1_79' title="bbox 2044 3174 3689 3245; baseline -0.004 -11"><span class='ocrx_word' id='word_1_482' title='bbox 2044 3182 2102 3234; x_wconf 90' lang='lat' dir='ltr'>et</span> <span class='ocrx_word' id='word_1_483' title='bbox 2134 3176 2309 3245; x_wconf 82' lang='lat' dir='ltr'>illius)</span> <span class='ocrx_word' id='word_1_484' title='bbox 2343 3175 2698 3230; x_wconf 89' lang='lat' dir='ltr'>famulorum</span> <span class='ocrx_word' id='word_1_485' title='bbox 2733 3182 2989 3243; x_wconf 89' lang='lat' dir='ltr'>tuorum,</span> <span class='ocrx_word' id='word_1_486' title='bbox 3023 3174 3238 3245; x_wconf 87' lang='lat' dir='ltr'>quibus</span> <span class='ocrx_word' id='word_1_487' title='bbox 3271 3190 3573 3229; x_wconf 91' lang='lat' dir='ltr'>summum</span> <span class='ocrx_word' id='word_1_488' title='bbox 3599 3190 3689 3227; x_wconf 87' lang='lat' dir='ltr'>sa-</span> 
     </span>
    </p>
   </div>
   <div class='ocr_carea' id='block_1_80' title="bbox 2045 3261 3688 3335">
    <p class='ocr_par' dir='ltr' id='par_1_80' title="bbox 2045 3261 3688 3335">
     <span class='ocr_line' id='line_1_80' title="bbox 2045 3261 3688 3335; baseline -0.004 -14"><span class='ocrx_word' id='word_1_489' title='bbox 2045 3265 2368 3321; x_wconf 89' lang='lat' dir='ltr'>cerdotium</span> <span class='ocrx_word' id='word_1_490' title='bbox 2402 3264 2725 3333; x_wconf 84' lang='lat' dir='ltr'>contulisti,</span> <span class='ocrx_word' id='word_1_491' title='bbox 2750 3280 3108 3335; x_wconf 56' lang='lat' dir='ltr'>quaesumus,</span> <span class='ocrx_word' id='word_1_492' title='bbox 3137 3263 3427 3333; x_wconf 89' lang='lat' dir='ltr'>benignus</span> <span class='ocrx_word' id='word_1_493' title='bbox 3450 3261 3688 3331; x_wconf 83' lang='lat' dir='ltr'>efﬁcias,</span> 
     </span>
    </p>
   </div>
   <div class='ocr_carea' id='block_1_81' title="bbox 2045 3352 3351 3424">
    <p class='ocr_par' dir='ltr' id='par_1_81' title="bbox 2045 3352 3351 3424">
     <span class='ocr_line' id='line_1_81' title="bbox 2045 3352 3351 3424; baseline -0.002 -14"><span class='ocrx_word' id='word_1_494' title='bbox 2045 3360 2099 3410; x_wconf 88' lang='lat' dir='ltr'>et.</span> <span class='ocrx_word' id='word_1_495' title='bbox 2131 3360 2230 3409; x_wconf 90' lang='lat' dir='ltr'>tua</span> <span class='ocrx_word' id='word_1_496' title='bbox 2258 3354 2315 3407; x_wconf 91' lang='lat' dir='ltr'>in</span> <span class='ocrx_word' id='word_1_497' title='bbox 2348 3352 2431 3407; x_wconf 89' lang='lat' dir='ltr'>eis</span> <span class='ocrx_word' id='word_1_498' title='bbox 2463 3354 2616 3407; x_wconf 89' lang='lat' dir='ltr'>dona</span> <span class='ocrx_word' id='word_1_499' title='bbox 2647 3352 3044 3424; x_wconf 86' lang='lat' dir='ltr'>prosequaris.</span> <span class='ocrx_word' id='word_1_500' title='bbox 3081 3353 3206 3422; x_wconf 89' lang='lat' dir='ltr'>Per,</span> <span class='ocrx_word' id='word_1_501' title='bbox 3240 3357 3351 3407; x_wconf 90' lang='lat' dir='ltr'>etc.</span> 
     </span>
    </p>
   </div>
   <div class='ocr_carea' id='block_1_82' title="bbox 2116 3440 3694 3513">
    <p class='ocr_par' dir='ltr' id='par_1_82' title="bbox 2116 3440 3694 3513">
     <span class='ocr_line' id='line_1_82' title="bbox 2116 3440 3694 3513; baseline -0.003 -15"><span class='ocrx_word' id='word_1_502' title='bbox 2116 3443 2433 3499; x_wconf 80' lang='lat' dir='ltr'>Ecclesium</span> <span class='ocrx_word' id='word_1_503' title='bbox 2465 3446 2651 3508; x_wconf 87' lang='lat' dir='ltr'>tuam,</span> <span class='ocrx_word' id='word_1_504' title='bbox 2686 3442 2950 3507; x_wconf 91' lang='lat' dir='ltr'>Domine,</span> <span class='ocrx_word' id='word_1_505' title='bbox 2986 3442 3279 3513; x_wconf 89' lang='lat' dir='ltr'>benignus</span> <span class='ocrx_word' id='word_1_506' title='bbox 3302 3440 3592 3505; x_wconf 89' lang='lat' dir='ltr'>illumina,</span> <span class='ocrx_word' id='word_1_507' title='bbox 3628 3443 3694 3494; x_wconf 88' lang='lat' dir='ltr'>ut</span> 
     </span>
    </p>
   </div>
   <div class='ocr_carea' id='block_1_83' title="bbox 2046 3519 3690 3595">
    <p class='ocr_par' dir='ltr' id='par_1_83' title="bbox 2046 3519 3690 3595">
     <span class='ocr_line' id='line_1_83' title="bbox 2046 3519 3690 3595; baseline -0.004 -16"><span class='ocrx_word' id='word_1_508' title='bbox 2046 3528 2101 3579; x_wconf 91' lang='lat' dir='ltr'>et</span> <span class='ocrx_word' id='word_1_509' title='bbox 2131 3524 2324 3595; x_wconf 77' lang='lat' dir='ltr'>gregis</span> <span class='ocrx_word' id='word_1_510' title='bbox 2356 3522 2439 3577; x_wconf 92' lang='lat' dir='ltr'>tui</span> <span class='ocrx_word' id='word_1_511' title='bbox 2472 3522 2737 3592; x_wconf 89' lang='lat' dir='ltr'>proﬁciat</span> <span class='ocrx_word' id='word_1_512' title='bbox 2784 3522 3003 3592; x_wconf 90' lang='lat' dir='ltr'>ubique</span> <span class='ocrx_word' id='word_1_513' title='bbox 3049 3538 3380 3588; x_wconf 87' lang='lat' dir='ltr'>successus,</span> <span class='ocrx_word' id='word_1_514' title='bbox 3434 3525 3490 3575; x_wconf 90' lang='lat' dir='ltr'>et</span> <span class='ocrx_word' id='word_1_515' title='bbox 3538 3519 3690 3592; x_wconf 88' lang='lat' dir='ltr'>grati</span> 
     </span>
    </p>
   </div>
   <div class='ocr_carea' id='block_1_84' title="bbox 2046 3611 3687 3682">
    <p class='ocr_par' dir='ltr' id='par_1_84' title="bbox 2046 3611 3687 3682">
     <span class='ocr_line' id='line_1_84' title="bbox 2046 3611 3687 3682; baseline -0.003 -15"><span class='ocrx_word' id='word_1_516' title='bbox 2046 3614 2192 3668; x_wconf 89' lang='lat' dir='ltr'>ﬁant</span> <span class='ocrx_word' id='word_1_517' title='bbox 2224 3612 2448 3668; x_wconf 90' lang='lat' dir='ltr'>nomini</span> <span class='ocrx_word' id='word_1_518' title='bbox 2478 3616 2597 3678; x_wconf 92' lang='lat' dir='ltr'>tuo,</span> <span class='ocrx_word' id='word_1_519' title='bbox 2631 3616 2685 3665; x_wconf 92' lang='lat' dir='ltr'>te</span> <span class='ocrx_word' id='word_1_520' title='bbox 2716 3611 3099 3682; x_wconf 91' lang='lat' dir='ltr'>gubernante,</span> <span class='ocrx_word' id='word_1_521' title='bbox 3122 3616 3402 3682; x_wconf 87' lang='lat' dir='ltr'>pastores.</span> <span class='ocrx_word' id='word_1_522' title='bbox 3428 3614 3553 3674; x_wconf 90' lang='lat' dir='ltr'>Per,</span> <span class='ocrx_word' id='word_1_523' title='bbox 3578 3612 3687 3663; x_wconf 90' lang='lat' dir='ltr'>etc.</span> 
     </span>
    </p>
   </div>
   <div class='ocr_carea' id='block_1_85' title="bbox 2119 3697 3695 3773">
    <p class='ocr_par' dir='ltr' id='par_1_85' title="bbox 2119 3697 3695 3773">
     <span class='ocr_line' id='line_1_85' title="bbox 2119 3697 3695 3773; baseline -0.004 -15"><span class='ocrx_word' id='word_1_524' title='bbox 2119 3703 2221 3769; x_wconf 91' lang='lat' dir='ltr'>Da,</span> <span class='ocrx_word' id='word_1_525' title='bbox 2250 3717 2609 3773; x_wconf 68' lang='lat' dir='ltr'>quwsumus,</span> <span class='ocrx_word' id='word_1_526' title='bbox 2639 3700 2906 3767; x_wconf 89' lang='lat' dir='ltr'>Domine,</span> <span class='ocrx_word' id='word_1_527' title='bbox 2940 3706 3003 3755; x_wconf 91' lang='lat' dir='ltr'>ut</span> <span class='ocrx_word' id='word_1_528' title='bbox 3033 3705 3089 3755; x_wconf 92' lang='lat' dir='ltr'>et</span> <span class='ocrx_word' id='word_1_529' title='bbox 3121 3700 3320 3755; x_wconf 89' lang='lat' dir='ltr'>ﬁdeles</span> <span class='ocrx_word' id='word_1_530' title='bbox 3342 3699 3423 3752; x_wconf 90' lang='lat' dir='ltr'>tui</span> <span class='ocrx_word' id='word_1_531' title='bbox 3446 3697 3695 3769; x_wconf 87' lang='lat' dir='ltr'>diligant</span> 
     </span>
    </p>
   </div>
   <div class='ocr_carea' id='block_1_86' title="bbox 2046 3789 3693 3863">
    <p class='ocr_par' dir='ltr' id='par_1_86' title="bbox 2046 3789 3693 3863">
     <span class='ocr_line' id='line_1_86' title="bbox 2046 3789 3693 3863; baseline -0.003 -18"><span class='ocrx_word' id='word_1_532' title='bbox 2046 3790 2324 3863; x_wconf 75' lang='lat' dir='ltr'>przesules</span> <span class='ocrx_word' id='word_1_533' title='bbox 2356 3807 2517 3857; x_wconf 91' lang='lat' dir='ltr'>suos,</span> <span class='ocrx_word' id='word_1_534' title='bbox 2540 3794 2596 3845; x_wconf 90' lang='lat' dir='ltr'>et</span> <span class='ocrx_word' id='word_1_535' title='bbox 2628 3790 2700 3845; x_wconf 88' lang='lat' dir='ltr'>ab</span> <span class='ocrx_word' id='word_1_536' title='bbox 2728 3789 2811 3845; x_wconf 91' lang='lat' dir='ltr'>eis</span> <span class='ocrx_word' id='word_1_537' title='bbox 2844 3795 3048 3845; x_wconf 90' lang='lat' dir='ltr'>mutuo</span> <span class='ocrx_word' id='word_1_538' title='bbox 3074 3790 3597 3860; x_wconf 85' lang='lat' dir='ltr'>diligantur,atque</span> <span class='ocrx_word' id='word_1_539' title='bbox 3631 3791 3693 3840; x_wconf 91' lang='lat' dir='ltr'>ut</span> 
     </span>
    </p>
   </div>
   <div class='ocr_carea' id='block_1_87' title="bbox 2045 3874 3694 3954">
    <p class='ocr_par' dir='ltr' id='par_1_87' title="bbox 2045 3874 3694 3954">
     <span class='ocr_line' id='line_1_87' title="bbox 2045 3874 3694 3954; baseline -0.004 -18"><span class='ocrx_word' id='word_1_540' title='bbox 2045 3890 2326 3954; x_wconf 88' lang='lat' dir='ltr'>perpetuo</span> <span class='ocrx_word' id='word_1_541' title='bbox 2374 3885 2765 3952; x_wconf 83' lang='lat' dir='ltr'>perseverent,</span> <span class='ocrx_word' id='word_1_542' title='bbox 2812 3884 3040 3950; x_wconf 60' lang='lat' dir='ltr'>prrsta,</span> <span class='ocrx_word' id='word_1_543' title='bbox 3092 3894 3454 3950; x_wconf 72' lang='lat' dir='ltr'>quaesumus,</span> <span class='ocrx_word' id='word_1_544' title='bbox 3509 3880 3573 3930; x_wconf 89' lang='lat' dir='ltr'>ut</span> <span class='ocrx_word' id='word_1_545' title='bbox 3623 3874 3694 3945; x_wconf 76' lang='grc' dir='ltr'>(θ)</span> 
     </span>
    </p>
   </div>
   <div class='ocr_carea' id='block_1_88' title="bbox 2047 3967 3561 4042">
    <p class='ocr_par' dir='ltr' id='par_1_88' title="bbox 2047 3967 3561 4042">
     <span class='ocr_line' id='line_1_88' title="bbox 2047 3967 3561 4042; baseline -0.005 -15"><span class='ocrx_word' id='word_1_546' title='bbox 2047 3972 2312 4042; x_wconf 91' lang='lat' dir='ltr'>utrisque</span> <span class='ocrx_word' id='word_1_547' title='bbox 2336 3969 2570 4040; x_wconf 86' lang='lat' dir='ltr'>justitia</span> <span class='ocrx_word' id='word_1_548' title='bbox 2602 3985 2716 4022; x_wconf 90' lang='lat' dir='ltr'>non</span> <span class='ocrx_word' id='word_1_549' title='bbox 2749 3968 2922 4037; x_wconf 89' lang='lat' dir='ltr'>desit,</span> <span class='ocrx_word' id='word_1_550' title='bbox 2954 3973 3011 4023; x_wconf 88' lang='lat' dir='ltr'>et</span> <span class='ocrx_word' id='word_1_551' title='bbox 3043 3968 3246 4040; x_wconf 87' lang='lat' dir='ltr'>pietas.</span> <span class='ocrx_word' id='word_1_552' title='bbox 3289 3967 3410 4035; x_wconf 84' lang='lat' dir='ltr'>Per,</span> <span class='ocrx_word' id='word_1_553' title='bbox 3450 3970 3561 4021; x_wconf 90' lang='lat' dir='ltr'>etc.</span> 
     </span>
    </p>
   </div>
   <div class='ocr_carea' id='block_1_89' title="bbox 2116 4054 3694 4128">
    <p class='ocr_par' dir='ltr' id='par_1_89' title="bbox 2116 4054 3694 4128">
     <span class='ocr_line' id='line_1_89' title="bbox 2116 4054 3694 4128; baseline -0.006 -12"><span class='ocrx_word' id='word_1_554' title='bbox 2116 4060 2205 4116; x_wconf 86' lang='lat' dir='ltr'>IX.</span> <span class='ocrx_word' id='word_1_555' title='bbox 2229 4063 2361 4115; x_wconf 74' lang='lat' dir='ltr'>Item</span> <span class='ocrx_word' id='word_1_556' title='bbox 2382 4059 2520 4113; x_wconf 80' lang='lat' dir='ltr'>alia.</span> <span class='ocrx_word' id='word_1_557' title='bbox 2536 4058 2691 4127; x_wconf 76' lang='lat' dir='ltr'>——(f)</span> <span class='ocrx_word' id='word_1_558' title='bbox 2708 4056 2938 4128; x_wconf 88' lang='lat' dir='ltr'>Largire</span> <span class='ocrx_word' id='word_1_559' title='bbox 2954 4056 3143 4122; x_wconf 87' lang='lat' dir='ltr'>nobis,</span> <span class='ocrx_word' id='word_1_560' title='bbox 3166 4054 3434 4119; x_wconf 81' lang='lat' dir='ltr'>Domine,</span> <span class='ocrx_word' id='word_1_561' title='bbox 3459 4069 3694 4125; x_wconf 82' lang='lat' dir='ltr'>quaesu-</span> 
     </span>
    </p>
   </div>
   <div class='ocr_carea' id='block_1_90' title="bbox 2047 4142 3694 4220">
    <p class='ocr_par' dir='ltr' id='par_1_90' title="bbox 2047 4142 3694 4220">
     <span class='ocr_line' id='line_1_90' title="bbox 2047 4142 3694 4220; baseline -0.005 -14"><span class='ocrx_word' id='word_1_562' title='bbox 2047 4168 2201 4219; x_wconf 91' lang='lat' dir='ltr'>mus,</span> <span class='ocrx_word' id='word_1_563' title='bbox 2235 4147 2508 4220; x_wconf 90' lang='lat' dir='ltr'>spiritum</span> <span class='ocrx_word' id='word_1_564' title='bbox 2531 4145 2826 4217; x_wconf 85' lang='lat' dir='ltr'>cogitandi</span> <span class='ocrx_word' id='word_1_565' title='bbox 2852 4163 2977 4209; x_wconf 77' lang='lat' dir='ltr'>quac</span> <span class='ocrx_word' id='word_1_566' title='bbox 3002 4146 3153 4201; x_wconf 90' lang='lat' dir='ltr'>bona</span> <span class='ocrx_word' id='word_1_567' title='bbox 3174 4149 3334 4209; x_wconf 93' lang='lat' dir='ltr'>sunt,</span> <span class='ocrx_word' id='word_1_568' title='bbox 3362 4142 3694 4216; x_wconf 86' lang='lat' dir='ltr'>promptius</span> 
     </span>
    </p>
   </div>
   <div class='ocr_carea' id='block_1_91' title="bbox 2044 4234 3693 4309">
    <p class='ocr_par' dir='ltr' id='par_1_91' title="bbox 2044 4234 3693 4309">
     <span class='ocr_line' id='line_1_91' title="bbox 2044 4234 3693 4309; baseline -0.005 -15"><span class='ocrx_word' id='word_1_569' title='bbox 2044 4245 2101 4294; x_wconf 90' lang='lat' dir='ltr'>et</span> <span class='ocrx_word' id='word_1_570' title='bbox 2134 4237 2365 4309; x_wconf 87' lang='lat' dir='ltr'>agendi,</span> <span class='ocrx_word' id='word_1_571' title='bbox 2400 4234 2578 4304; x_wconf 90' lang='lat' dir='ltr'>utqui</span> <span class='ocrx_word' id='word_1_572' title='bbox 2604 4234 2731 4289; x_wconf 88' lang='lat' dir='ltr'>sine</span> <span class='ocrx_word' id='word_1_573' title='bbox 2754 4240 2807 4289; x_wconf 90' lang='lat' dir='ltr'>te</span> <span class='ocrx_word' id='word_1_574' title='bbox 2829 4251 2958 4290; x_wconf 81' lang='lat' dir='ltr'>esse</span> <span class='ocrx_word' id='word_1_575' title='bbox 2981 4251 3095 4289; x_wconf 90' lang='lat' dir='ltr'>non</span> <span class='ocrx_word' id='word_1_576' title='bbox 3120 4250 3461 4306; x_wconf 89' lang='lat' dir='ltr'>possumus,</span> <span class='ocrx_word' id='word_1_577' title='bbox 3487 4248 3693 4288; x_wconf 88' lang='lat' dir='ltr'>secun-</span> 
     </span>
    </p>
   </div>
   <div class='ocr_carea' id='block_1_92' title="bbox 2045 4323 3154 4395">
    <p class='ocr_par' dir='ltr' id='par_1_92' title="bbox 2045 4323 3154 4395">
     <span class='ocr_line' id='line_1_92' title="bbox 2045 4323 3154 4395; baseline -0.004 -12"><span class='ocrx_word' id='word_1_578' title='bbox 2045 4329 2185 4383; x_wconf 91' lang='lat' dir='ltr'>dum</span> <span class='ocrx_word' id='word_1_579' title='bbox 2219 4332 2272 4382; x_wconf 90' lang='lat' dir='ltr'>te</span> <span class='ocrx_word' id='word_1_580' title='bbox 2302 4326 2493 4381; x_wconf 86' lang='lat' dir='ltr'>vivere</span> <span class='ocrx_word' id='word_1_581' title='bbox 2523 4323 2840 4380; x_wconf 88' lang='lat' dir='ltr'>valeamus.</span> <span class='ocrx_word' id='word_1_582' title='bbox 2888 4324 3010 4395; x_wconf 91' lang='lat' dir='ltr'>Per,</span> <span class='ocrx_word' id='word_1_583' title='bbox 3044 4330 3154 4379; x_wconf 91' lang='lat' dir='ltr'>etc.</span> 
     </span>
    </p>
   </div>
   <div class='ocr_carea' id='block_1_93' title="bbox 2118 4409 3689 4484">
    <p class='ocr_par' dir='ltr' id='par_1_93' title="bbox 2118 4409 3689 4484">
     <span class='ocr_line' id='line_1_93' title="bbox 2118 4409 3689 4484; baseline -0.005 -12"><span class='ocrx_word' id='word_1_584' title='bbox 2118 4419 2197 4472; x_wconf 91' lang='lat' dir='ltr'>Da</span> <span class='ocrx_word' id='word_1_585' title='bbox 2230 4416 2419 4479; x_wconf 88' lang='lat' dir='ltr'>nobis,</span> <span class='ocrx_word' id='word_1_586' title='bbox 2451 4413 2717 4484; x_wconf 88' lang='lat' dir='ltr'>Domine,</span> <span class='ocrx_word' id='word_1_587' title='bbox 2753 4430 3116 4484; x_wconf 67' lang='lat' dir='ltr'>quaesumus,</span> <span class='ocrx_word' id='word_1_588' title='bbox 3149 4418 3214 4469; x_wconf 91' lang='lat' dir='ltr'>ut</span> <span class='ocrx_word' id='word_1_589' title='bbox 3262 4414 3319 4468; x_wconf 92' lang='lat' dir='ltr'>in</span> <span class='ocrx_word' id='word_1_590' title='bbox 3369 4417 3470 4468; x_wconf 86' lang='lat' dir='ltr'>tua</span> <span class='ocrx_word' id='word_1_591' title='bbox 3501 4409 3689 4483; x_wconf 90' lang='lat' dir='ltr'>gratia</span> 
     </span>
    </p>
   </div>
   <div class='ocr_carea' id='block_1_94' title="bbox 2042 4504 3690 4573">
    <p class='ocr_par' dir='ltr' id='par_1_94' title="bbox 2042 4504 3690 4573">
     <span class='ocr_line' id='line_1_94' title="bbox 2042 4504 3690 4573; baseline -0.004 -12"><span class='ocrx_word' id='word_1_592' title='bbox 2042 4506 2324 4561; x_wconf 90' lang='lat' dir='ltr'>veraciter</span> <span class='ocrx_word' id='word_1_593' title='bbox 2354 4504 2737 4567; x_wconf 87' lang='lat' dir='ltr'>conﬁdentes,</span> <span class='ocrx_word' id='word_1_594' title='bbox 2770 4507 2825 4557; x_wconf 89' lang='lat' dir='ltr'>et</span> <span class='ocrx_word' id='word_1_595' title='bbox 2857 4520 2980 4573; x_wconf 68' lang='lat' dir='ltr'>QUtB</span> <span class='ocrx_word' id='word_1_596' title='bbox 3013 4508 3068 4557; x_wconf 91' lang='lat' dir='ltr'>te</span> <span class='ocrx_word' id='word_1_597' title='bbox 3100 4504 3274 4572; x_wconf 86' lang='lat' dir='ltr'>digna</span> <span class='ocrx_word' id='word_1_598' title='bbox 3320 4507 3459 4557; x_wconf 82' lang='lat' dir='ltr'>sunt</span> <span class='ocrx_word' id='word_1_599' title='bbox 3487 4505 3690 4572; x_wconf 89' lang='lat' dir='ltr'>postu-</span> 
     </span>
    </p>
   </div>
   <div class='ocr_carea' id='block_1_95' title="bbox 270 4588 3595 4679">
    <p class='ocr_par' dir='ltr' id='par_1_95' title="bbox 270 4588 3595 4679">
     <span class='ocr_line' id='line_1_95' title="bbox 270 4588 3595 4679; baseline -0 -36"><span class='ocrx_word' id='word_1_600' title='bbox 270 4593 388 4645; x_wconf 86' lang='lat' dir='ltr'>tem</span> <span class='ocrx_word' id='word_1_601' title='bbox 404 4595 629 4644; x_wconf 67' lang='lat' dir='ltr'>sancta:</span> <span class='ocrx_word' id='word_1_602' title='bbox 644 4588 1175 4644; x_wconf 86' lang='lat' dir='ltr'>conversationisin</span> <span class='ocrx_word' id='word_1_603' title='bbox 1190 4590 1357 4645; x_wconf 89' lang='lat' dir='ltr'>nobis</span> <span class='ocrx_word' id='word_1_604' title='bbox 1373 4594 1932 4649; x_wconf 79' lang='lat' dir='ltr'>monstreteﬁ‘ectus.</span> <span class='ocrx_word' id='word_1_605' title='bbox 1964 4614 2011 4679; x_wconf 85' lang='lat' dir='ltr'><strong>D</strong></span> <span class='ocrx_word' id='word_1_606' title='bbox 2044 4594 2255 4661; x_wconf 89' lang='lat' dir='ltr'>lemus,</span> <span class='ocrx_word' id='word_1_607' title='bbox 2299 4598 2355 4649; x_wconf 89' lang='lat' dir='ltr'>et</span> <span class='ocrx_word' id='word_1_608' title='bbox 2377 4592 2600 4665; x_wconf 88' lang='lat' dir='ltr'>jugiter</span> <span class='ocrx_word' id='word_1_609' title='bbox 2632 4590 2927 4662; x_wconf 85' lang='lat' dir='ltr'>postulata</span> <span class='ocrx_word' id='word_1_610' title='bbox 2957 4606 3284 4645; x_wconf 90' lang='lat' dir='ltr'>sumamus.</span> <span class='ocrx_word' id='word_1_611' title='bbox 3318 4594 3446 4655; x_wconf 90' lang='lat' dir='ltr'>Per,</span> <span class='ocrx_word' id='word_1_612' title='bbox 3482 4593 3595 4643; x_wconf 92' lang='lat' dir='ltr'>etc.</span> 
     </span>
    </p>
   </div>
   <div class='ocr_carea' id='block_1_96' title="bbox 268 4678 1934 4750">
    <p class='ocr_par' dir='ltr' id='par_1_96' title="bbox 268 4678 1934 4750">
     <span class='ocr_line' id='line_1_96' title="bbox 268 4678 1934 4750; baseline 0.002 -16"><span class='ocrx_word' id='word_1_613' title='bbox 268 4679 338 4734; x_wconf 80' lang='lat' dir='ltr'>Et</span> <span class='ocrx_word' id='word_1_614' title='bbox 359 4678 468 4750; x_wconf 87' lang='lat' dir='ltr'>qui</span> <span class='ocrx_word' id='word_1_615' title='bbox 500 4678 629 4733; x_wconf 89' lang='lat' dir='ltr'>loco</span> <span class='ocrx_word' id='word_1_616' title='bbox 657 4678 883 4733; x_wconf 68' lang='lat' dir='ltr'>caeteris</span> <span class='ocrx_word' id='word_1_617' title='bbox 915 4678 1319 4749; x_wconf 68' lang='lat' dir='ltr'>praesidemus,</span> <span class='ocrx_word' id='word_1_618' title='bbox 1346 4681 1572 4737; x_wconf 90' lang='lat' dir='ltr'>cunctis</span> <span class='ocrx_word' id='word_1_619' title='bbox 1600 4683 1934 4739; x_wconf 90' lang='lat' dir='ltr'>rationabili</span> 
     </span>
    </p>
   </div>
   <div class='ocr_carea' id='block_1_97' title="bbox 269 4766 1935 4844">
    <p class='ocr_par' dir='ltr' id='par_1_97' title="bbox 269 4766 1935 4844">
     <span class='ocr_line' id='line_1_97' title="bbox 269 4766 1935 4844; baseline 0.004 -22"><span class='ocrx_word' id='word_1_620' title='bbox 269 4768 613 4824; x_wconf 87' lang='lat' dir='ltr'>subdamur</span> <span class='ocrx_word' id='word_1_621' title='bbox 642 4767 877 4823; x_wconf 80' lang='lat' dir='ltr'>atl&#39;ectu.</span> <span class='ocrx_word' id='word_1_622' title='bbox 910 4766 1024 4822; x_wconf 87' lang='lat' dir='ltr'>Nec</span> <span class='ocrx_word' id='word_1_623' title='bbox 1046 4784 1149 4824; x_wconf 89' lang='lat' dir='ltr'>nos</span> <span class='ocrx_word' id='word_1_624' title='bbox 1175 4767 1414 4825; x_wconf 85' lang='lat' dir='ltr'>extollat</span> <span class='ocrx_word' id='word_1_625' title='bbox 1437 4772 1609 4828; x_wconf 84' lang='lat' dir='ltr'>noxia</span> <span class='ocrx_word' id='word_1_626' title='bbox 1629 4773 1935 4844; x_wconf 88' lang='lat' dir='ltr'>potestatis</span> 
     </span>
    </p>
   </div>
   <div class='ocr_carea' id='block_1_98' title="bbox 342 4980 1929 5060">
    <p class='ocr_par' dir='ltr' id='par_1_98' title="bbox 342 4980 1929 5060">
     <span class='ocr_line' id='line_1_98' title="bbox 342 4980 1929 5060; baseline 0.003 -21"><span class='ocrx_word' id='word_1_627' title='bbox 342 4984 427 5056; x_wconf 88' lang='lat' dir='ltr'>(a)</span> <span class='ocrx_word' id='word_1_628' title='bbox 464 4983 563 5060; x_wconf 73' lang='lat' dir='ltr'>Est</span> <span class='ocrx_word' id='word_1_629' title='bbox 593 4981 654 5037; x_wconf 89' lang='lat' dir='ltr'>in</span> <span class='ocrx_word' id='word_1_630' title='bbox 688 4980 1169 5060; x_wconf 33' lang='lat' dir='ltr'>cod_._Gelas_.‘lib.</span> <span class='ocrx_word' id='word_1_631' title='bbox 1202 4998 1243 5053; x_wconf 85' lang='grc' dir='ltr'>ι,</span> <span class='ocrx_word' id='word_1_632' title='bbox 1273 5000 1328 5039; x_wconf 93' lang='lat' dir='ltr'>n.</span> <span class='ocrx_word' id='word_1_633' title='bbox 1367 4985 1487 5054; x_wconf 89' lang='grc'>100,</span> <span class='ocrx_word' id='word_1_634' title='bbox 1515 4990 1572 5042; x_wconf 89' lang='lat' dir='ltr'>et</span> <span class='ocrx_word' id='word_1_635' title='bbox 1601 4986 1659 5041; x_wconf 90' lang='lat' dir='ltr'>in</span> <span class='ocrx_word' id='word_1_636' title='bbox 1693 4987 1929 5060; x_wconf 89' lang='lat' dir='ltr'>Gregor.</span> 
     </span>
    </p>
   </div>
   <div class='ocr_carea' id='block_1_99' title="bbox 268 5054 1114 5124">
    <p class='ocr_par' dir='ltr' id='par_1_99' title="bbox 268 5054 1114 5124">
     <span class='ocr_line' id='line_1_99' title="bbox 268 5054 1114 5124; baseline -0.004 -13"><span class='ocrx_word' id='word_1_637' title='bbox 268 5054 543 5111; x_wconf 74' lang='lat' dir='ltr'>Menardi</span> <span class='ocrx_word' id='word_1_638' title='bbox 574 5060 720 5109; x_wconf 89' lang='lat' dir='ltr'>tom.</span> <span class='ocrx_word' id='word_1_639' title='bbox 758 5055 856 5120; x_wconf 85' lang='grc' dir='ltr'>ΙΙΙ,</span> <span class='ocrx_word' id='word_1_640' title='bbox 889 5070 947 5124; x_wconf 92' lang='lat' dir='ltr'>p.</span> <span class='ocrx_word' id='word_1_641' title='bbox 988 5054 1114 5108; x_wconf 78' lang='lat'>227.</span> 
     </span>
    </p>
   </div>
   <div class='ocr_carea' id='block_1_100' title="bbox 349 5124 1935 5198">
    <p class='ocr_par' dir='ltr' id='par_1_100' title="bbox 349 5124 1935 5198">
     <span class='ocr_line' id='line_1_100' title="bbox 349 5124 1935 5198; baseline 0.001 -17"><span class='ocrx_word' id='word_1_642' title='bbox 349 5127 740 5198; x_wconf 81' lang='lat' dir='ltr'>(b)lndicatur</span> <span class='ocrx_word' id='word_1_643' title='bbox 753 5124 1503 5198; x_wconf 88' lang='lat' dir='ltr'>anniversariasolemnitas</span> <span class='ocrx_word' id='word_1_644' title='bbox 1518 5132 1573 5181; x_wconf 93' lang='lat' dir='ltr'>et</span> <span class='ocrx_word' id='word_1_645' title='bbox 1586 5144 1935 5183; x_wconf 89' lang='lat' dir='ltr'>commemo-</span> 
     </span>
    </p>
   </div>
   <div class='ocr_carea' id='block_1_101' title="bbox 271 5197 1936 5270">
    <p class='ocr_par' dir='ltr' id='par_1_101' title="bbox 271 5197 1936 5270">
     <span class='ocr_line' id='line_1_101' title="bbox 271 5197 1936 5270; baseline 0.002 -19"><span class='ocrx_word' id='word_1_646' title='bbox 271 5197 427 5254; x_wconf 81' lang='lat' dir='ltr'>ratio</span> <span class='ocrx_word' id='word_1_647' title='bbox 443 5198 557 5254; x_wconf 90' lang='lat' dir='ltr'>diei</span> <span class='ocrx_word' id='word_1_648' title='bbox 576 5197 931 5269; x_wconf 84' lang='lat' dir='ltr'>natalis,quo</span> <span class='ocrx_word' id='word_1_649' title='bbox 945 5198 1073 5270; x_wconf 80' lang='lat' dir='ltr'>quis</span> <span class='ocrx_word' id='word_1_650' title='bbox 1091 5197 1160 5251; x_wconf 89' lang='lat' dir='ltr'>ad</span> <span class='ocrx_word' id='word_1_651' title='bbox 1176 5198 1583 5267; x_wconf 86' lang='lat' dir='ltr'>pontiﬁcatum</span> <span class='ocrx_word' id='word_1_652' title='bbox 1598 5205 1936 5270; x_wconf 89' lang='lat' dir='ltr'>assumptus</span> 
     </span>
    </p>
   </div>
   <div class='ocr_carea' id='block_1_102' title="bbox 272 5269 1933 5342">
    <p class='ocr_par' dir='ltr' id='par_1_102' title="bbox 272 5269 1933 5342">
     <span class='ocr_line' id='line_1_102' title="bbox 272 5269 1933 5342; baseline 0.002 -19"><span class='ocrx_word' id='word_1_653' title='bbox 272 5271 407 5324; x_wconf 72' lang='lat' dir='ltr'>fuit.</span> <span class='ocrx_word' id='word_1_654' title='bbox 437 5270 566 5325; x_wconf 67' lang='lat' dir='ltr'>Haec</span> <span class='ocrx_word' id='word_1_655' title='bbox 590 5276 785 5323; x_wconf 87' lang='lat' dir='ltr'>autem</span> <span class='ocrx_word' id='word_1_656' title='bbox 812 5269 999 5342; x_wconf 87' lang='lat' dir='ltr'>oratio</span> <span class='ocrx_word' id='word_1_657' title='bbox 1021 5286 1088 5324; x_wconf 92' lang='lat' dir='ltr'>eo</span> <span class='ocrx_word' id='word_1_658' title='bbox 1111 5269 1204 5323; x_wconf 90' lang='lat' dir='ltr'>die</span> <span class='ocrx_word' id='word_1_659' title='bbox 1228 5270 1481 5342; x_wconf 88' lang='lat' dir='ltr'>quicum</span> <span class='ocrx_word' id='word_1_660' title='bbox 1504 5270 1761 5342; x_wconf 85' lang='lat' dir='ltr'>paschali</span> <span class='ocrx_word' id='word_1_661' title='bbox 1786 5269 1933 5327; x_wconf 82' lang='lat' dir='ltr'>tem-</span> 
     </span>
    </p>
   </div>
   <div class='ocr_carea' id='block_1_103' title="bbox 273 5341 1933 5415">
    <p class='ocr_par' dir='ltr' id='par_1_103' title="bbox 273 5341 1933 5415">
     <span class='ocr_line' id='line_1_103' title="bbox 273 5341 1933 5415; baseline 0.001 -20"><span class='ocrx_word' id='word_1_662' title='bbox 273 5358 418 5415; x_wconf 79' lang='lat' dir='ltr'>pore</span> <span class='ocrx_word' id='word_1_663' title='bbox 442 5342 739 5415; x_wconf 83' lang='lat' dir='ltr'>concurrit</span> <span class='ocrx_word' id='word_1_664' title='bbox 760 5341 1025 5415; x_wconf 80' lang='lat' dir='ltr'>adhibita</span> <span class='ocrx_word' id='word_1_665' title='bbox 1042 5341 1432 5415; x_wconf 85' lang='lat' dir='ltr'>cognoscitur.</span> <span class='ocrx_word' id='word_1_666' title='bbox 1455 5341 1554 5398; x_wconf 68' lang='lat' dir='ltr'>cui</span> <span class='ocrx_word' id='word_1_667' title='bbox 1576 5350 1767 5398; x_wconf 90' lang='lat' dir='ltr'>autem</span> <span class='ocrx_word' id='word_1_668' title='bbox 1790 5361 1933 5415; x_wconf 90' lang='lat' dir='ltr'>pon-</span> 
     </span>
    </p>
   </div>
   <div class='ocr_carea' id='block_1_104' title="bbox 273 5412 1930 5488">
    <p class='ocr_par' dir='ltr' id='par_1_104' title="bbox 273 5412 1930 5488">
     <span class='ocr_line' id='line_1_104' title="bbox 273 5412 1930 5488; baseline 0.002 -21"><span class='ocrx_word' id='word_1_669' title='bbox 273 5414 424 5488; x_wconf 76' lang='lat' dir='ltr'>tiﬁci</span> <span class='ocrx_word' id='word_1_670' title='bbox 451 5414 508 5467; x_wconf 89' lang='lat' dir='ltr'>id</span> <span class='ocrx_word' id='word_1_671' title='bbox 534 5412 858 5488; x_wconf 83' lang='lat' dir='ltr'>conveniat,</span> <span class='ocrx_word' id='word_1_672' title='bbox 882 5412 1013 5488; x_wconf 83' lang='lat' dir='ltr'>aliis</span> <span class='ocrx_word' id='word_1_673' title='bbox 1038 5414 1494 5488; x_wconf 60' lang='lat' dir='ltr'>diiudicandum</span> <span class='ocrx_word' id='word_1_674' title='bbox 1518 5412 1930 5488; x_wconf 83' lang='lat' dir='ltr'>relinquimus.</span> 
     </span>
    </p>
   </div>
   <div class='ocr_carea' id='block_1_105' title="bbox 277 5482 1933 5543">
    <p class='ocr_par' dir='ltr' id='par_1_105' title="bbox 277 5482 1933 5543">
     <span class='ocr_line' id='line_1_105' title="bbox 277 5482 1933 5543; baseline 0.002 -4"><span class='ocrx_word' id='word_1_675' title='bbox 277 5485 455 5540; x_wconf 81' lang='lat' dir='ltr'>Forte</span> <span class='ocrx_word' id='word_1_676' title='bbox 483 5502 611 5540; x_wconf 89' lang='lat' dir='ltr'>cum</span> <span class='ocrx_word' id='word_1_677' title='bbox 636 5484 1038 5539; x_wconf 84' lang='lat' dir='ltr'>anniversaria</span> <span class='ocrx_word' id='word_1_678' title='bbox 1058 5482 1185 5539; x_wconf 86' lang='lat' dir='ltr'>dies</span> <span class='ocrx_word' id='word_1_679' title='bbox 1217 5487 1428 5541; x_wconf 85' lang='lat' dir='ltr'>natalis</span> <span class='ocrx_word' id='word_1_680' title='bbox 1457 5482 1803 5543; x_wconf 48' lang='lat' dir='ltr'>Zosimi-aut</span> <span class='ocrx_word' id='word_1_681' title='bbox 1830 5494 1933 5543; x_wconf 84' lang='lat' dir='ltr'>Fe-</span> 
     </span>
    </p>
   </div>
   <div class='ocr_carea' id='block_1_106' title="bbox 277 5555 1933 5628">
    <p class='ocr_par' dir='ltr' id='par_1_106' title="bbox 277 5555 1933 5628">
     <span class='ocr_line' id='line_1_106' title="bbox 277 5555 1933 5628; baseline 0.002 -17"><span class='ocrx_word' id='word_1_682' title='bbox 277 5556 415 5612; x_wconf 88' lang='lat' dir='ltr'>licis</span> <span class='ocrx_word' id='word_1_683' title='bbox 450 5557 527 5611; x_wconf 82' lang='grc' dir='ltr'>ΙΙΙ</span> <span class='ocrx_word' id='word_1_684' title='bbox 557 5557 616 5611; x_wconf 89' lang='lat' dir='ltr'>in</span> <span class='ocrx_word' id='word_1_685' title='bbox 650 5555 1171 5628; x_wconf 85' lang='lat' dir='ltr'>Quadragesimam</span> <span class='ocrx_word' id='word_1_686' title='bbox 1204 5556 1485 5614; x_wconf 86' lang='lat' dir='ltr'>incideret</span> <span class='ocrx_word' id='word_1_687' title='bbox 1529 5576 1598 5615; x_wconf 85' lang='lat' dir='ltr'>ex</span> <span class='ocrx_word' id='word_1_688' title='bbox 1634 5566 1831 5615; x_wconf 88' lang='lat' dir='ltr'>annot.</span> <span class='ocrx_word' id='word_1_689' title='bbox 1864 5561 1933 5614; x_wconf 89' lang='grc'>74</span> 
     </span>
    </p>
   </div>
   <div class='ocr_carea' id='block_1_107' title="bbox 279 5628 1934 5714">
    <p class='ocr_par' dir='ltr' id='par_1_107' title="bbox 279 5628 1934 5714">
     <span class='ocr_line' id='line_1_107' title="bbox 279 5628 1934 5714; baseline 0.002 -31"><span class='ocrx_word' id='word_1_690' title='bbox 279 5628 582 5714; x_wconf 36' lang='lat' dir='ltr'>(CXLJIQ,</span> <span class='ocrx_word' id='word_1_691' title='bbox 617 5645 673 5682; x_wconf 92' lang='lat' dir='ltr'>n.</span> <span class='ocrx_word' id='word_1_692' title='bbox 708 5628 921 5714; x_wconf 44' lang='lat' dir='ltr'>e),.hoc_</span> <span class='ocrx_word' id='word_1_693' title='bbox 948 5634 1142 5714; x_wconf 76' lang='lat' dir='ltr'>autem</span> <span class='ocrx_word' id='word_1_694' title='bbox 1166 5634 1425 5702; x_wconf 89' lang='lat' dir='ltr'>tempore</span> <span class='ocrx_word' id='word_1_695' title='bbox 1442 5632 1704 5714; x_wconf 80' lang='lat' dir='ltr'>episcopi</span> <span class='ocrx_word' id='word_1_696' title='bbox 1730 5631 1934 5713; x_wconf 76' lang='lat' dir='ltr'>multis</span> 
     </span>
    </p>
   </div>
   <div class='ocr_carea' id='block_1_108' title="bbox 284 5697 1933 5773">
    <p class='ocr_par' dir='ltr' id='par_1_108' title="bbox 284 5697 1933 5773">
     <span class='ocr_line' id='line_1_108' title="bbox 284 5697 1933 5773; baseline 0.001 -17"><span class='ocrx_word' id='word_1_697' title='bbox 284 5697 509 5757; x_wconf 77' lang='lat' dir='ltr'>etﬁciis</span> <span class='ocrx_word' id='word_1_698' title='bbox 536 5697 820 5772; x_wconf 83' lang='lat' dir='ltr'>occupati,</span> <span class='ocrx_word' id='word_1_699' title='bbox 853 5700 926 5756; x_wconf 88' lang='lat' dir='ltr'>ad</span> <span class='ocrx_word' id='word_1_700' title='bbox 959 5700 1248 5773; x_wconf 80' lang='lat' dir='ltr'>synodum</span> <span class='ocrx_word' id='word_1_701' title='bbox 1279 5697 1409 5773; x_wconf 66' lang='lat' dir='ltr'>qua</span> <span class='ocrx_word' id='word_1_702' title='bbox 1438 5697 1500 5760; x_wconf 78' lang='lat' dir='ltr'>ixi</span> <span class='ocrx_word' id='word_1_703' title='bbox 1531 5697 1933 5761; x_wconf 84' lang='lat' dir='ltr'>anniversario</span> 
     </span>
    </p>
   </div>
   <div class='ocr_carea' id='block_1_109' title="bbox 2115 4676 3693 4751">
    <p class='ocr_par' dir='ltr' id='par_1_109' title="bbox 2115 4676 3693 4751">
     <span class='ocr_line' id='line_1_109' title="bbox 2115 4676 3693 4751; baseline -0.006 -12"><span class='ocrx_word' id='word_1_704' title='bbox 2115 4683 2323 4739; x_wconf 67' lang='lat' dir='ltr'>Dicetas</span> <span class='ocrx_word' id='word_1_705' title='bbox 2356 4682 2480 4751; x_wconf 89' lang='lat' dir='ltr'>tibi,</span> <span class='ocrx_word' id='word_1_706' title='bbox 2517 4679 2777 4747; x_wconf 89' lang='lat' dir='ltr'>Domine,</span> <span class='ocrx_word' id='word_1_707' title='bbox 2810 4696 3170 4750; x_wconf 75' lang='lat' dir='ltr'>quaesumus,</span> <span class='ocrx_word' id='word_1_708' title='bbox 3204 4677 3506 4750; x_wconf 89' lang='lat' dir='ltr'>capiamus</span> <span class='ocrx_word' id='word_1_709' title='bbox 3529 4676 3693 4732; x_wconf 89' lang='lat' dir='ltr'>obla-</span> 
     </span>
    </p>
   </div>
   <div class='ocr_carea' id='block_1_110' title="bbox 2043 4769 3694 4836">
    <p class='ocr_par' dir='ltr' id='par_1_110' title="bbox 2043 4769 3694 4836">
     <span class='ocr_line' id='line_1_110' title="bbox 2043 4769 3694 4836; baseline -0.006 -6"><span class='ocrx_word' id='word_1_710' title='bbox 2043 4773 2221 4831; x_wconf 89' lang='lat' dir='ltr'>tionis</span> <span class='ocrx_word' id='word_1_711' title='bbox 2254 4772 2546 4836; x_wconf 82' lang='lat' dir='ltr'>eﬂ&#39;ectum,</span> <span class='ocrx_word' id='word_1_712' title='bbox 2584 4774 2649 4825; x_wconf 89' lang='lat' dir='ltr'>ut</span> <span class='ocrx_word' id='word_1_713' title='bbox 2678 4786 2711 4825; x_wconf 89' lang='lat' dir='ltr'>a</span> <span class='ocrx_word' id='word_1_714' title='bbox 2741 4774 2984 4824; x_wconf 70' lang='lat' dir='ltr'>terrenae</span> <span class='ocrx_word' id='word_1_715' title='bbox 3032 4769 3340 4823; x_wconf 88' lang='lat' dir='ltr'>vetustatis</span> <span class='ocrx_word' id='word_1_716' title='bbox 3386 4783 3694 4823; x_wconf 86' lang='lat' dir='ltr'>conversa-</span> 
     </span>
    </p>
   </div>
   <div class='ocr_carea' id='block_1_111' title="bbox 2044 4980 3691 5059">
    <p class='ocr_par' dir='ltr' id='par_1_111' title="bbox 2044 4980 3691 5059">
     <span class='ocr_line' id='line_1_111' title="bbox 2044 4980 3691 5059; baseline -0.004 -17"><span class='ocrx_word' id='word_1_717' title='bbox 2044 4985 2340 5059; x_wconf 90' lang='lat' dir='ltr'>pontiﬁcis</span> <span class='ocrx_word' id='word_1_718' title='bbox 2370 4981 2571 5059; x_wconf 81' lang='lat' dir='ltr'>haberi</span> <span class='ocrx_word' id='word_1_719' title='bbox 2594 4980 2907 5059; x_wconf 41' lang='lat' dir='ltr'>solebat‘ex</span> <span class='ocrx_word' id='word_1_720' title='bbox 2927 4982 3325 5059; x_wconf 60' lang='lat' dir='ltr'>admonitione</span> <span class='ocrx_word' id='word_1_721' title='bbox 3345 4982 3401 5037; x_wconf 91' lang='lat' dir='ltr'>in</span> <span class='ocrx_word' id='word_1_722' title='bbox 3432 4981 3691 5054; x_wconf 88' lang='lat' dir='ltr'>primum</span> 
     </span>
    </p>
   </div>
   <div class='ocr_carea' id='block_1_112' title="bbox 2045 5052 3689 5133">
    <p class='ocr_par' dir='ltr' id='par_1_112' title="bbox 2045 5052 3689 5133">
     <span class='ocr_line' id='line_1_112' title="bbox 2045 5052 3689 5133; baseline -0.004 -18"><span class='ocrx_word' id='word_1_723' title='bbox 2045 5052 2377 5116; x_wconf 72' lang='lat' dir='ltr'>sermonem</span> <span class='ocrx_word' id='word_1_724' title='bbox 2410 5057 2467 5110; x_wconf 92' lang='lat' dir='ltr'>S.</span> <span class='ocrx_word' id='word_1_725' title='bbox 2500 5052 2707 5133; x_wconf 57' lang='lat' dir='ltr'>tennis</span> <span class='ocrx_word' id='word_1_726' title='bbox 2734 5068 2791 5106; x_wconf 90' lang='lat' dir='ltr'>n.</span> <span class='ocrx_word' id='word_1_727' title='bbox 2821 5052 2874 5121; x_wconf 94' lang='lat'>3,</span> <span class='ocrx_word' id='word_1_728' title='bbox 2923 5054 3166 5133; x_wconf 70' lang='lat' dir='ltr'>Bgmam</span> <span class='ocrx_word' id='word_1_729' title='bbox 3222 5052 3524 5133; x_wconf 79' lang='lat' dir='ltr'>accurrere</span> <span class='ocrx_word' id='word_1_730' title='bbox 3564 5071 3689 5133; x_wconf 32' lang='lat' dir='ltr'>“non</span> 
     </span>
    </p>
   </div>
   <div class='ocr_carea' id='block_1_113' title="bbox 2046 5124 3689 5205">
    <p class='ocr_par' dir='ltr' id='par_1_113' title="bbox 2046 5124 3689 5205">
     <span class='ocr_line' id='line_1_113' title="bbox 2046 5124 3689 5205; baseline -0.005 -18"><span class='ocrx_word' id='word_1_731' title='bbox 2046 5136 2401 5205; x_wconf 86' lang='lat' dir='ltr'>possent,_ea</span> <span class='ocrx_word' id='word_1_732' title='bbox 2432 5124 2778 5205; x_wconf 78' lang='lat' dir='ltr'>solemnitas</span> <span class='ocrx_word' id='word_1_733' title='bbox 2808 5129 2940 5195; x_wconf 88' lang='lat' dir='ltr'>post</span> <span class='ocrx_word' id='word_1_734' title='bbox 2981 5126 3203 5183; x_wconf 86' lang='lat' dir='ltr'>Pascha</span> <span class='ocrx_word' id='word_1_735' title='bbox 3242 5127 3529 5183; x_wconf 86' lang='lat' dir='ltr'>translata</span> <span class='ocrx_word' id='word_1_736' title='bbox 3560 5126 3689 5179; x_wconf 85' lang='lat' dir='ltr'>fuit.</span> 
     </span>
    </p>
   </div>
   <div class='ocr_carea' id='block_1_114' title="bbox 2116 5197 2942 5273">
    <p class='ocr_par' dir='ltr' id='par_1_114' title="bbox 2116 5197 2942 5273">
     <span class='ocr_line' id='line_1_114' title="bbox 2116 5197 2942 5273; baseline -0.007 -15"><span class='ocrx_word' id='word_1_737' title='bbox 2116 5204 2183 5273; x_wconf 79' lang='grc' dir='ltr'>(ο)</span> <span class='ocrx_word' id='word_1_738' title='bbox 2217 5201 2333 5257; x_wconf 86' lang='lat' dir='ltr'>Cod</span> <span class='ocrx_word' id='word_1_739' title='bbox 2392 5197 2942 5273; x_wconf 24' lang='lat' dir='ltr'>mendose,‘ut_qua3.</span> 
     </span>
    </p>
   </div>
   <div class='ocr_carea' id='block_1_115' title="bbox 2119 5268 3689 5345">
    <p class='ocr_par' dir='ltr' id='par_1_115' title="bbox 2119 5268 3689 5345">
     <span class='ocr_line' id='line_1_115' title="bbox 2119 5268 3689 5345; baseline -0.004 -18"><span class='ocrx_word' id='word_1_740' title='bbox 2119 5268 2193 5345; x_wconf 71' lang='lat' dir='ltr'>(cf)</span> <span class='ocrx_word' id='word_1_741' title='bbox 2225 5278 2323 5327; x_wconf 84' lang='lat' dir='ltr'>Est</span> <span class='ocrx_word' id='word_1_742' title='bbox 2354 5273 2411 5325; x_wconf 91' lang='lat' dir='ltr'>in</span> <span class='ocrx_word' id='word_1_743' title='bbox 2438 5269 2627 5345; x_wconf 77' lang='lat' dir='ltr'>Gelas.</span> <span class='ocrx_word' id='word_1_744' title='bbox 2656 5268 2756 5323; x_wconf 88' lang='lat' dir='ltr'>lib.</span> <span class='ocrx_word' id='word_1_745' title='bbox 2783 5268 2828 5333; x_wconf 91' lang='grc' dir='ltr'>Ι,</span> <span class='ocrx_word' id='word_1_746' title='bbox 2852 5271 3061 5345; x_wconf 70' lang='lat' dir='ltr'>n.1pO,</span> <span class='ocrx_word' id='word_1_747' title='bbox 3089 5278 3145 5326; x_wconf 89' lang='lat' dir='ltr'>et</span> <span class='ocrx_word' id='word_1_748' title='bbox 3169 5273 3321 5343; x_wconf 90' lang='lat' dir='ltr'>apud</span> <span class='ocrx_word' id='word_1_749' title='bbox 3343 5269 3689 5325; x_wconf 85' lang='lat' dir='ltr'>Menardum</span> 
     </span>
    </p>
   </div>
   <div class='ocr_carea' id='block_1_116' title="bbox 2046 5341 3225 5414">
    <p class='ocr_par' dir='ltr' id='par_1_116' title="bbox 2046 5341 3225 5414">
     <span class='ocr_line' id='line_1_116' title="bbox 2046 5341 3225 5414; baseline -0.003 -13"><span class='ocrx_word' id='word_1_750' title='bbox 2046 5341 2187 5401; x_wconf 84' lang='lat' dir='ltr'>tom.</span> <span class='ocrx_word' id='word_1_751' title='bbox 2226 5346 2321 5409; x_wconf 91' lang='grc' dir='ltr'>ΙΙΙ,</span> <span class='ocrx_word' id='word_1_752' title='bbox 2357 5360 2413 5414; x_wconf 93' lang='lat' dir='ltr'>p.</span> <span class='ocrx_word' id='word_1_753' title='bbox 2446 5343 2549 5395; x_wconf 75' lang='lat'>2‘28</span> <span class='ocrx_word' id='word_1_754' title='bbox 2580 5346 2834 5413; x_wconf 90' lang='lat' dir='ltr'>Operum</span> <span class='ocrx_word' id='word_1_755' title='bbox 2866 5347 2918 5395; x_wconf 82' lang='lat' dir='ltr'>S.</span> <span class='ocrx_word' id='word_1_756' title='bbox 2948 5341 3225 5414; x_wconf 58' lang='lat' dir='ltr'>Gregorii}</span> 
     </span>
    </p>
   </div>
   <div class='ocr_carea' id='block_1_117' title="bbox 2117 5416 3091 5487">
    <p class='ocr_par' dir='ltr' id='par_1_117' title="bbox 2117 5416 3091 5487">
     <span class='ocr_line' id='line_1_117' title="bbox 2117 5416 3091 5487; baseline -0.004 -15"><span class='ocrx_word' id='word_1_757' title='bbox 2117 5418 2185 5487; x_wconf 76' lang='grc' dir='ltr'>(ε)</span> <span class='ocrx_word' id='word_1_758' title='bbox 2219 5416 2383 5487; x_wconf 85' lang='lat' dir='ltr'>Cod.,</span> <span class='ocrx_word' id='word_1_759' title='bbox 2413 5418 2728 5487; x_wconf 79' lang='lat' dir='ltr'>utrumque,</span> <span class='ocrx_word' id='word_1_760' title='bbox 2763 5430 3091 5485; x_wconf 81' lang='lat' dir='ltr'>perperam.</span> 
     </span>
    </p>
   </div>
   <div class='ocr_carea' id='block_1_118' title="bbox 2119 5481 3690 5559">
    <p class='ocr_par' dir='ltr' id='par_1_118' title="bbox 2119 5481 3690 5559">
     <span class='ocr_line' id='line_1_118' title="bbox 2119 5481 3690 5559; baseline -0.006 -16"><span class='ocrx_word' id='word_1_761' title='bbox 2119 5481 2185 5559; x_wconf 70' lang='grc' dir='ltr'>(Ι)</span> <span class='ocrx_word' id='word_1_762' title='bbox 2207 5489 2265 5543; x_wconf 86' lang='lat' dir='ltr'>In</span> <span class='ocrx_word' id='word_1_763' title='bbox 2292 5486 2519 5559; x_wconf 83' lang='lat' dir='ltr'>Gelasio</span> <span class='ocrx_word' id='word_1_764' title='bbox 2542 5481 2629 5539; x_wconf 82' lang='lat' dir='ltr'>est</span> <span class='ocrx_word' id='word_1_765' title='bbox 2651 5481 2826 5559; x_wconf 77' lang='lat' dir='ltr'>Missa</span> <span class='ocrx_word' id='word_1_766' title='bbox 2849 5481 2922 5559; x_wconf 77' lang='lat' dir='ltr'>1v,</span> <span class='ocrx_word' id='word_1_767' title='bbox 2943 5502 3041 5556; x_wconf 83' lang='lat' dir='ltr'>pro</span> <span class='ocrx_word' id='word_1_768' title='bbox 3067 5486 3355 5559; x_wconf 66' lang='lat' dir='ltr'>Qom’nz‘cis</span> <span class='ocrx_word' id='word_1_769' title='bbox 3386 5484 3606 5543; x_wconf 75' lang='lat' dir='ltr'>diebus;</span> <span class='ocrx_word' id='word_1_770' title='bbox 3632 5481 3690 5559; x_wconf 73' lang='lat' dir='ltr'>in</span> 
     </span>
    </p>
   </div>
   <div class='ocr_carea' id='block_1_119' title="bbox 2047 5555 3690 5631">
    <p class='ocr_par' dir='ltr' id='par_1_119' title="bbox 2047 5555 3690 5631">
     <span class='ocr_line' id='line_1_119' title="bbox 2047 5555 3690 5631; baseline -0.004 -16"><span class='ocrx_word' id='word_1_771' title='bbox 2047 5555 3511 5631; x_wconf 13' lang='lat' dir='ltr'>codd.Greg.Muratorii_,Domiirn’icaIXpostPentec.;</span> <span class='ocrx_word' id='word_1_772' title='bbox 3533 5555 3690 5631; x_wconf 74' lang='lat' dir='ltr'>apud</span> 
     </span>
    </p>
   </div>
   <div class='ocr_carea' id='block_1_120' title="bbox 2044 5627 3689 5697">
    <p class='ocr_par' dir='ltr' id='par_1_120' title="bbox 2044 5627 3689 5697">
     <span class='ocr_line' id='line_1_120' title="bbox 2044 5627 3689 5697; baseline -0.002 -12"><span class='ocrx_word' id='word_1_773' title='bbox 2044 5627 2403 5697; x_wconf 79' lang='lat' dir='ltr'>Menardum,</span> <span class='ocrx_word' id='word_1_774' title='bbox 2430 5627 2712 5685; x_wconf 89' lang='lat' dir='ltr'>Domin.X</span> <span class='ocrx_word' id='word_1_775' title='bbox 2734 5628 2819 5687; x_wconf 89' lang='lat' dir='ltr'>:in</span> <span class='ocrx_word' id='word_1_776' title='bbox 2838 5627 3055 5685; x_wconf 89' lang='lat' dir='ltr'>Missali</span> <span class='ocrx_word' id='word_1_777' title='bbox 3074 5628 3263 5696; x_wconf 74' lang='lat' dir='ltr'>Rom;</span> <span class='ocrx_word' id='word_1_778' title='bbox 3283 5628 3515 5683; x_wconf 90' lang='lat' dir='ltr'>Domin.</span> <span class='ocrx_word' id='word_1_779' title='bbox 3543 5627 3689 5681; x_wconf 86' lang='lat' dir='ltr'>Vllt.</span> 
     </span>
    </p>
   </div>
   <div class='ocr_carea' id='block_1_121' title="bbox 2044 5700 3687 5771">
    <p class='ocr_par' dir='ltr' id='par_1_121' title="bbox 2044 5700 3687 5771">
     <span class='ocr_line' id='line_1_121' title="bbox 2044 5700 3687 5771; baseline -0.005 -10"><span class='ocrx_word' id='word_1_780' title='bbox 2044 5705 2107 5761; x_wconf 89' lang='lat' dir='ltr'>In</span> <span class='ocrx_word' id='word_1_781' title='bbox 2141 5708 2340 5763; x_wconf 87' lang='lat' dir='ltr'>nostro</span> <span class='ocrx_word' id='word_1_782' title='bbox 2370 5702 2571 5759; x_wconf 88' lang='lat' dir='ltr'>codice</span> <span class='ocrx_word' id='word_1_783' title='bbox 2598 5700 2694 5757; x_wconf 86' lang='lat' dir='ltr'>hic</span> <span class='ocrx_word' id='word_1_784' title='bbox 2742 5700 3036 5771; x_wconf 84' lang='lat' dir='ltr'>incipiunt</span> <span class='ocrx_word' id='word_1_785' title='bbox 3082 5700 3275 5758; x_wconf 64' lang='lat' dir='ltr'>Missa:</span> <span class='ocrx_word' id='word_1_786' title='bbox 3322 5713 3687 5758; x_wconf 85' lang='lat' dir='ltr'>communes.</span> 
     </span>
    </p>
   </div>
  </div>
