4080 6220
400 327 513 386 127

1357 326 1614 387 OPERA
1661 327 1722 384 S.
1767 323 1998 384 LEONI
2045 321 2324 385 MAGNO
2367 327 2838 389 ATTRIBUTA.

3695 327 3810 386 428

398 460 570 515 corde
601 457 1019 530 convertizquia
1041 475 1188 530 quos
1214 459 1477 513 defendis
1499 459 1674 514 etiam
1699 457 2042 528 delinquen-
2073 457 2127 524 Α
2231 457 2418 530 Hujus
2449 459 2640 527 nobis,
2674 457 3590 531 Domine,qusesumus,sacriﬁcii
3614 457 3809 530 placa-

399 554 510 615 tes,
533 549 743 618 majori
785 547 996 621 pietate
1036 549 1218 604 tueris
1249 549 1478 605 sincera
1500 549 1606 604 tibi
1642 553 1837 604 mente
1876 548 2047 602 devo-

400 643 514 694 tos.
547 644 675 706 Per,
703 642 811 693 etc.

472 727 612 783 XIX.
646 728 1000 783 Itemalz'a.—-
1021 728 1257 796 Praesta,
1279 745 1642 800 quaesumus,
1677 730 2048 798 omnipotens

404 817 582 884 Deus,
616 822 678 872 ut
709 817 860 872 inter
888 817 1230 873 innumeros
1271 819 1398 872 vitae
1448 817 1750 889 praesentis
1801 833 2048 882 errores,

403 910 504 962 tuo
537 923 769 978 semper
798 907 1198 963 moderamine
1228 907 1571 978 dirigamur.
1606 907 1730 978 Per,
1759 912 1869 963 etc.

473 1000 582 1051 Fac
606 1013 732 1064 nos,
768 1013 1130 1067 quaesumus,
1168 997 1428 1064 Domine,
1453 1014 1576 1069 quae
1590 1003 1729 1052 sunt
1750 1000 1905 1051 recta
1926 1011 2048 1051 sec-

402 1085 536 1152 tari,
568 1084 968 1156 integritatem
1001 1086 1368 1142 conscientiae
1427 1085 1671 1158 diligere
1725 1102 1957 1157 semper
1995 1087 2053 1140 et

403 1173 593 1229 famae.
628 1178 757 1244 Per,
784 1180 893 1230 etc.

470 1263 755 1318 Sauriﬁcii
791 1264 895 1332 tui,
929 1263 1197 1334 Domine,
1227 1263 1302 1335 (α)
1330 1263 1606 1320 salutaris
1643 1263 1942 1318 effectibus
1995 1265 2051 1316 et

404 1368 510 1408 nos
551 1353 794 1423 expiari,
830 1357 886 1420 et
915 1360 1018 1409 tua
1047 1370 1154 1409 nos
1176 1354 1532 1410 confidimus
1554 1353 1810 1409 remedia
1831 1367 2053 1424 prome-

403 1441 538 1497 reri.
575 1441 703 1508 Per,
745 1447 853 1496 etc.

475 1529 622 1586 Vere
648 1530 914 1602 dignum.
949 1531 1056 1595 Qui
1089 1549 1222 1587 cum
1254 1548 1490 1588 summa
1514 1531 1596 1587 sis
1617 1531 1803 1600 Ratio,
1827 1547 2052 1602 nosque

401 1619 720 1674 rationales
747 1620 1027 1691 effeceris,
1053 1627 1285 1677 certum-
1323 1627 1413 1678 est
1451 1626 1681 1677 tantum
1714 1639 1820 1677 nos
1865 1639 1899 1675 a
1951 1625 2052 1675 tua

406 1709 853 1781 participatione
886 1711 1498 1783 discedere,quantum
1531 1713 1602 1767 ab
1621 1711 1912 1784 aequitatis
1930 1715 2052 1765 tra-

408 1798 549 1854 mite
571 1799 894 1866 deviamus,
927 1806 984 1856 et
1014 1806 1237 1857 tantum
1267 1802 1326 1856 in
1385 1808 1488 1858 tua
1534 1800 1919 1857 similitudine
1977 1798 2051 1869 (b)

2035 1853 2046 1870 Ι

408 1904 772 1960 permanere,
805 1894 1093 1960 quantum
1128 1909 1244 1948 non
1277 1891 1612 1948 divellimur
1636 1892 1707 1947 ab
1729 1890 1935 1947 ordine
1953 1904 2054 1944 ve-

409 1977 624 2033 ritatis.
659 1978 784 2046 Per,
826 1984 935 2034 etc.

482 2069 698 2123 Sancta
715 2073 818 2122 tua
839 2069 1236 2138 nos,Domine,
1262 2073 1683 2142 quaesumus,et
1711 2067 2056 2123 vivificando

411 2163 709 2225 renovent,
735 2162 792 2212 et
817 2159 1146 2214 renovando
1175 2159 1486 2214 vivificent.
1519 2160 1646 2228 Per,
1697 2164 1807 2214 ete.

487 2247 558 2317 (ε)
587 2245 812 2302 Fideles
843 2252 1000 2318 tuos,
1034 2248 1294 2318 Domine,
1350 2247 1675 2304 benedictio
1732 2245 2061 2302 desiderata

415 2335 876 2407 confirmet,quae
907 2353 1008 2393 eos
1031 2342 1088 2392 et
1117 2355 1150 2392 a
1168 2342 1271 2393 tua
1291 2337 1588 2394 voluntate
1610 2351 1930 2408 numquam
1971 2333 2060 2388 fa-

415 2423 530 2480 ciat
552 2425 898 2496 discrepare,
921 2434 979 2482 et
999 2427 1117 2482 tuis
1133 2444 1366 2500 semper
1401 2426 1705 2498 indulgeat
1761 2425 2059 2482 beneficiis

415 2512 716 2585 gratulari.
753 2519 879 2582 Per,
915 2522 1026 2570 etc.

487 2602 596 2657 ΧΧ.
625 2604 755 2658 Item
781 2605 914 2659 alia.
940 2635 1006 2646 —
1029 2605 1108 2676 (ά)
1144 2609 1378 2676 Praesta,
1401 2606 1665 2672 Domine,
1697 2621 2059 2677 quaesumus,

417 2695 480 2746 ut
509 2691 792 2747 mentium
821 2693 1201 2764 reprobarum
1228 2711 1340 2750 non
1364 2712 1638 2751 curemus
1661 2693 2062 2766 obloquia,sed

415 2781 614 2836 eadem
652 2781 934 2849 pravitate
956 2781 1180 2838 calcata
1203 2800 1328 2854 quae
1362 2785 1559 2839 domui
1590 2789 1701 2840 tua
1732 2785 1882 2840 127
1927 2799 2062 2838 con-

413 2870 657 2925 veniunt
679 2870 1106 2926 rationabiliter
1137 2889 1545 2943 exsequamur.
1596 2874 1718 2942 Per,
1759 2877 1874 2928 etc.

489 2961 853 3026 Quaesumus,
884 2959 1168 3014 virtutum
1201 2961 1524 3016 caelestium
1557 2962 1804 3030 Deus,ut
1831 2963 2066 3032 despec-

416 3047 493 3102 tis
555 3046 910 3104 falsitatibus
968 3049 1309 3120 impiorum,
1372 3051 1741 3106 conscientias
1786 3051 2065 3122 famisque

416 3141 630 3192 nostra:
666 3138 974 3208 profutura
995 3146 1306 3194 sectemur.
1333 3139 1457 3210 Per,
1490 3145 1598 3195 etc.

484 3225 588 3294 Da,
612 3188 974 3296 qdwsumus,
1008 3227 1378 3300 omnipotens
1403 3188 1574 3300 Deus,
1610 3233 1673 3284 ut
1694 3228 1873 3301 hujus
1904 3228 2063 3285 obla-
2095 3201 2138 3269 α

411 3315 595 3370 tionis
625 3314 866 3371 effectus
889 3320 944 3370 et
965 3316 1072 3372 tibi
1096 3333 1212 3371 non
1235 3316 1449 3388 placita
1475 3320 1812 3387 refutare,et
1831 3323 2066 3390 prazstet

417 3403 586 3460 nobis
619 3421 818 3459 amare
847 3421 974 3476 quae
1007 3411 1166 3462 recta
1189 3412 1348 3462 sunt.
1381 3411 1507 3477 Per,
1543 3412 1652 3462 etc.

487 3497 633 3550 Vere
655 3492 924 3565 dignum.
959 3493 1032 3550 Ut
1063 3512 1170 3551 nos
1197 3496 1269 3551 ab
1301 3496 1582 3568 operariis
1612 3496 1943 3566 iniquitatis
1977 3497 2064 3552 di-

415 3588 664 3656 gnanter
695 3583 988 3653 expedias,
1017 3589 1074 3639 et
1103 3601 1208 3638 nec
1240 3584 1472 3655 preprio
1506 3601 1634 3640 reos
1665 3585 1788 3640 ﬁeri
1827 3585 2068 3656 patiaris

416 3688 681 3742 excessu,
719 3687 822 3725 nec
854 3671 1063 3726 alienis
1088 3672 1489 3742 impietatibus
1522 3674 1773 3744 praebere
1822 3690 2066 3729 consen-

420 3776 576 3814 sum.
603 3760 711 3813 Sed
748 3775 940 3814 mores
963 3765 1191 3815 nostres
1214 3761 1685 3817 etmoderatione
1730 3779 2067 3834 componas,

419 3853 486 3903 ut
515 3852 636 3903 tam
667 3847 727 3902 in
761 3847 930 3903 nobis
961 3865 1139 3920 quam
1170 3849 1229 3904 in
1257 3848 1388 3906 aliis
1429 3867 1556 3922 quas
1587 3857 1728 3906 sunt
1759 3853 1921 3922 justa
1943 3869 2069 3908 ser-

417 3952 645 3993 vemus.
685 3936 809 4003 Per,
843 3942 952 3992 etc.

494 4026 584 4080 Ab
605 4025 848 4082 occultis
873 4027 1092 4082 nostris
1127 4028 1349 4084 munda
1409 4044 1539 4098 nos,
1589 4028 1852 4100 Domine,
1900 4035 1958 4086 et
1999 4031 2070 4086 ab

424 4114 633 4171 alienis
666 4115 1049 4186 pravitatibus
1070 4117 1360 4189 benignus
1391 4118 1718 4188 absolve,ut
1745 4125 1848 4176 tua
1872 4125 2076 4176 sancta

431 4221 580 4276 pura
602 4209 795 4260 mente
829 4223 1157 4262 sumamus.
1181 4207 1310 4275 Per,
1343 4211 1450 4264 etc.

505 4291 806 4348 Familiam
836 4299 1024 4362 tuam,
1068 4295 1334 4363 Domine,
1403 4297 1716 4369 propitiata
1771 4301 2075 4372 majestate

432 4381 839 4452 circumspice,
874 4387 936 4437 ut
968 4399 1074 4437 nec
1105 4385 1230 4439 suis
1262 4385 1476 4441 infecta
1507 4386 1579 4441 sit
1610 4387 1789 4457 vitiis,
1822 4405 1927 4444 nec
1975 4406 2077 4444 ex-

429 4468 617 4525 ternis
642 4469 896 4542 obligata
912 4471 1188 4542 peccatis,
1217 4473 1318 4528 sed
1350 4476 1420 4529 ab
1455 4475 1922 4547 utrisquelibera
1970 4478 2077 4532 tibi

430 4575 662 4630 semper
690 4564 746 4615 et
769 4565 1019 4632 purgata
1048 4561 1354 4617 deserviat.
1389 4563 1515 4631 Per,
1539 4569 1648 4621 etc.

501 4648 638 4704 XXI.
673 4651 812 4705 Item
861 4651 1091 4705 alia.—
1140 4656 1241 4718 Da,
1292 4669 1651 4722 quaesumus,
1702 4655 2072 4726 omnipotens

429 4737 607 4803 Deus,
632 4742 695 4791 ut
723 4743 841 4794 toto
872 4739 980 4794 tibi
1009 4740 1181 4796 corde
1204 4739 1574 4809 famulemur,
1607 4742 1747 4814 quia
1777 4743 1939 4800 nulla
1977 4763 2075 4800 no-

428 4825 522 4882 bis
545 4829 877 4898 praevalebit
915 4830 1231 4900 hostilitas,
1265 4831 1314 4887 si
1339 4831 1399 4886 in
1430 4838 1505 4904 te,
1542 4834 1804 4905 Domine,
1852 4836 2075 4891 veraci-

427 4918 518 4970 ter
538 4917 925 4974 confidamus.
966 4924 1094 4990 Per,
1127 4926 1239 4977 etc.

500 5107 886 5189 (uﬂtfepdose
918 5111 1135 5189 pariter
1175 5109 1231 5164 in
1264 5111 1418 5180 cod.,
1449 5115 1721 5189 servimus
1769 5116 2070 5188 effectibus.

429 5181 728 5254 Muraterii
761 5181 1228 5236 emendationem
1262 5187 1648 5254 suscepimus.

504 5251 578 5324 (rb)
608 5251 772 5318 Cod.,
804 5269 1248 5322 permaneamus,
1284 5251 1456 5310 male:

505 5323 574 5394 (ε)
609 5324 839 5396 Legitur
867 5327 1108 5380 sabbato
1123 5329 1255 5396 post
1285 5327 1532 5396 primam
1546 5327 1908 5386 Dominicam
1931 5332 2076 5396 Qua-

435 5395 778 5466 dragesimzs
812 5398 867 5450 in
902 5395 1161 5452 Romano
1195 5396 1436 5452 Missali.

507 5467 584 5536 (ά)
617 5467 809 5522 Prima
825 5486 958 5540 pars
989 5471 1168 5542 hujus
1195 5469 1480 5524 orationis
1511 5471 1670 5526 estin
1701 5473 1931 5529 Gelasio
1971 5475 2073 5530 lib.

435 5552 521 5618 in,
555 5555 612 5592 n.
645 5542 736 5607 67,
767 5547 824 5595 et
853 5542 910 5596 in
929 5543 1054 5597 cod.
1088 5547 1325 5618 Gregor.
1375 5543 1674 5598 Muratorii
1736 5550 1792 5600 et
1836 5545 2076 5603 Pamelii

432 5612 586 5684 inter
617 5627 814 5684 preces
843 5620 1044 5670 contra
1071 5612 1473 5684 obloquentes.

507 5681 576 5751 (ο)
602 5688 741 5738 Cum
755 5683 815 5739 in
843 5701 955 5742 ms.
980 5685 1132 5744 desit
1143 5681 1730 5757 poiius,Blanchinius
1750 5687 1960 5761 primis
1976 5705 2078 5746 cu-

2156 545 2313 602 tione
2345 565 2642 620 succurre,
2677 551 2844 619 cujus
2875 549 3152 605 remediis
3184 548 3450 620 dignaris
3511 546 3813 604 absolvere

2157 644 2508 708 peccatores.
2543 645 2670 709 Per,
2698 645 2808 695 etc.

2230 726 2373 783 Vere
2401 730 2667 800 dignum.
2690 729 3003 797 Quia,dum
3027 727 3307 783 beneficia
3330 731 3429 782 tua
3461 725 3700 799 largiris
3724 726 3815 780 in-

2158 815 2376 888 dignis,
2411 836 2622 892 magna
2653 821 2868 892 pietate
2892 836 2997 874 nos
3029 818 3332 886 admones,
3365 815 3554 874 multo
3587 817 3818 888 potiora

2158 907 2311 962 dona
2340 914 2681 981 sumpturos
2702 909 2752 965 si
2783 907 3234 982 preceptionum
3267 909 3498 963 tuarum
3531 911 3590 963 et
3616 905 3816 962 erudi-

2159 997 2424 1054 tionibus
2445 999 2819 1071 proficiamus
2849 1002 2905 1054 et
2937 997 3127 1053 factis.
3154 998 3277 1062 Per,
3311 999 3423 1051 etc.

2231 1096 2595 1168 Majestatem
2621 1103 2809 1164 tuam,
2833 1093 3404 1165 Domine,supplices
3427 1093 3820 1163 deprecamur

2161 1189 2227 1239 ut
2261 1203 2366 1241 nos
2397 1192 2452 1241 et
2472 1185 2805 1242 coalestibus
2837 1185 3070 1256 expiare
3103 1183 3483 1255 mysteriis,et
3515 1178 3818 1254 perpetuis

2160 1291 2274 1329 non
2307 1276 2754 1343 desinasfovere
2786 1273 3099 1346 praesidiis.
3133 1275 3265 1338 Per,
3289 1277 3398 1326 etc.

2233 1373 2419 1428 Tuere
2450 1373 2758 1444 propitius,
2800 1370 3067 1440 Domine,
3128 1385 3490 1442 quaesumus,
3524 1364 3818 1422 familiam

2160 1468 2408 1536 tuam,et
2429 1484 2605 1538 quam
2619 1467 2874 1537 benigna
2905 1463 3243 1520 defensione
3278 1478 3393 1516 non
3424 1458 3816 1530 deseris,pro-

2161 1556 2398 1628 pensius
2416 1555 2519 1610 tibi
2534 1555 2709 1611 redde
2726 1555 3148 1625 subjectam,ut
3169 1549 3414 1622 gratiam
3435 1553 3622 1616 tuam,
3641 1563 3822 1619 quam

2160 1644 2346 1700 sumit
2373 1644 2655 1712 indebita,
2680 1643 2976 1715 copiosius
3001 1641 3210 1696 devota
3241 1639 3544 1710 percipiat.
3568 1637 3818 1702 Per,etc.

2232 1744 2397 1799 XXII.
2430 1745 2569 1799 Item
2597 1742 2742 1798 alia.
2767 1773 2835 1781 -—
2860 1742 3036 1807 Deus,
3070 1736 3480 1810 quijustitiam
3510 1733 3712 1806 diligis
3763 1739 3820 1790 et

2081 1838 2129 1903 B
2160 1832 2383 1902 injusta
2411 1833 2788 1901 condemnas,
2821 1831 2896 1885 da
2929 1827 3117 1894 nobis,
3140 1842 3504 1898 quaesumus,
3537 1827 3596 1880 et
3617 1837 3818 1878 amare

2166 1939 2292 1995 quae
2318 1926 2473 1978 recta
2500 1926 2660 1987 sunt,
2691 1925 2748 1976 et
2777 1931 3050 1992 perversa
3078 1917 3280 1971 vitare.
3312 1919 3443 1984 Per,
3487 1918 3598 1969 etc.

2235 2019 2509 2075 Veritatis
2540 2023 2746 2074 auctor
2764 2022 2821 2072 et
2851 2013 3289 2081 misericordia,
3322 2012 3496 2078 Deus,
3529 2009 3685 2066 128
3711 2000 3813 2080 qui

2168 2127 2276 2165 nos
2306 2115 2364 2165 et
2389 2107 2787 2164 sollicitudine
2818 2123 2932 2161 non
2966 2103 3166 2176 pigros
3204 2118 3354 2169 esse,
3413 2105 3470 2156 et
3516 2098 3814 2155 neminem

2167 2198 2373 2254 lzedere
2404 2197 2662 2262 voluisti,
2695 2199 2927 2268 przesta,
2962 2208 3324 2265 quasumus,
3356 2194 3419 2245 ut
3449 2188 3597 2245 nulli
3646 2185 3820 2242 noxia

2171 2289 2478 2361 cupiamus
2509 2287 2744 2354 inferre,
2774 2290 2831 2339 et
2851 2300 3055 2340 vexare
3077 2279 3446 2338 molientium
3500 2292 3814 2334 caveamus

2170 2379 2464 2434 incursus.
2501 2381 2621 2442 Per,
2657 2380 2764 2431 etc.

2241 2468 2320 2523 Ab
2352 2464 2597 2522 occultis
2621 2462 2837 2519 nostris
2869 2465 2970 2516 tua
2987 2476 3114 2527 nos,
3140 2458 3404 2525 Domine,
3437 2460 3641 2512 sancta
3662 2453 3824 2527 puri-

2171 2556 2360 2624 ficent,
2394 2562 2452 2611 et
2481 2555 2552 2610 ab
2584 2552 2838 2609 externis
2869 2549 3166 2606 erroribus
3196 2552 3476 2620 perpetua
3495 2545 3708 2602 virtute
3723 2543 3826 2598 de-

2171 2645 2433 2701 fendant.
2464 2648 2595 2710 Per,
2625 2647 2735 2698 etc.

2242 2747 2390 2798 Vere
2422 2742 2686 2813 dignum.
2712 2739 3176 2795 Misericordiam
3206 2741 3392 2806 tuam,
3425 2733 3695 2803 Domine,
3725 2730 3827 2785 de-

2173 2836 2498 2904 precantes,
2524 2835 2587 2886 ut
2618 2847 2723 2884 nos
2754 2829 2966 2884 divinis
2989 2829 3164 2883 rebus
3195 2826 3424 2881 tribuas
3455 2822 3692 2878 studere
3723 2836 3824 2874 ve-

2173 2922 2523 2986 raciter,nec
2553 2919 2662 2975 sub
2695 2918 2887 2990 specie
2918 2916 3218 2989 religionis
3248 2929 3446 2970 sacros
3475 2911 3830 2982 impugnare

2173 3009 2418 3082 patiaris
2447 3009 2708 3065 effectus.
2735 3006 3024 3071 Quoniam
3043 3005 3156 3061 sibi
3189 3003 3381 3059 modis
3412 3000 3688 3055 omnibus
3712 2996 3829 3051 ini-

2175 3100 2310 3154 mici
2340 3104 2480 3156 sunt
2501 3099 2728 3170 quitute
2759 3095 3046 3152 voluntati
3069 3095 3343 3150 nituntur
3372 3105 3500 3146 esse
3527 3084 3831 3148 contrarii,

2476 3189 2524 3259 θ)
2551 3186 2741 3260 potius
2755 3184 2965 3240 salutis
2987 3187 3300 3256 operantes
3325 3178 3832 3247 excidium,quam

2175 3278 2294 3334 tuis
2309 3276 2800 3349 dispositionibus
2825 3275 3070 3329 adversa
3087 3275 3283 3328 mente
3299 3266 3830 3330 nocituri.Per,etc.

2246 3376 2508 3431 Muneris
2543 3371 2724 3429 divini
2758 3371 3074 3444 perceptio,
3135 3382 3497 3440 quaesumus,
3558 3361 3835 3423 Domine,

2174 3480 2410 3536 semper
2438 3481 2471 3518 a
2505 3462 2672 3518 nobis
2703 3466 2760 3516 et
2787 3465 3029 3532 peccata
3060 3463 3262 3513 nostra
3286 3455 3716 3522 submoveat,et
3734 3465 3836 3505 ex-

2173 3557 2342 3609 terna
2363 3552 2638 3624 depellat.
2677 3551 2802 3619 Per,
2836 3554 2946 3604 etc.
3233 3562 3236 3564 ‘

2250 3649 2535 3720 P0pulum
2568 3645 3040 3712 tuum,Domine,
3074 3637 3694 3715 quaesumus,posside
3715 3653 3835 3692 cce-

2177 3739 2424 3796 lestibus
2443 3737 2830 3805 institutis,ut
2855 3734 3052 3790 omnia
3071 3733 3308 3788 vitando
3339 3747 3466 3802 quas
3493 3727 3648 3784 mala
3663 3733 3836 3795 sunt,

2177 3835 2235 3886 et
2264 3829 2417 3884 bona
2439 3831 2648 3882 cuncta
2677 3824 2978 3890 sectando,
3011 3840 3127 3878 non
3150 3820 3617 3894 indignationem
3640 3823 3842 3883 tuam,

2180 3919 2524 3989 sedjugiter
2554 3915 3015 3971 misericordiam
3057 3916 3469 3982 consequatur.
3527 3911 3655 3972 Per,
3718 3912 3843 3960 etc.

2252 4015 2445 4072 XXIII.
2470 4017 2603 4070 Item
2635 4014 2778 4069 alia.
2804 4045 2868 4052 —
2891 4011 3175 4076 Concede,
3225 4007 3596 4079 omnipotens
3655 4009 3843 4070 Deus,

2182 4111 2321 4163 utet
2350 4104 2702 4178 gaudiorum
2770 4099 3199 4174 plenitudinem
3259 4110 3715 4168 consequamur,
3782 4097 3848 4148 et

2185 4194 2479 4267 majestati
2510 4198 2623 4249 tuae
2654 4189 3004 4263 propensius
3036 4189 3226 4244 simus
3257 4185 3466 4242 devoti.
3493 4183 3618 4254 Per,
3649 4186 3763 4237 etc.

2256 4294 2327 4366 (Γ)
2351 4291 2684 4353 Of'ferimus,
2700 4289 2967 4354 Domine,
2991 4286 3196 4342 laudes
3229 4289 3568 4348 etmunera,
3585 4297 3688 4352 pro
3707 4295 3850 4335 con-

2187 4384 2369 4440 csssis
2400 4379 2700 4438 beneficiis
2725 4377 3066 4434 exhibentes
3094 4374 3334 4448 gratias,
3377 4377 3435 4428 et
3485 4386 3588 4444 pro
3637 4385 3851 4424 conce-

2187 4472 2396 4528 dendis
2429 4468 2772 4540 suppliciter
2802 4467 3204 4538 deprecantes.
3238 4462 3364 4530 Per,
3392 4464 3502 4516 etc.

2108 4560 2152 4625 Ι)
2253 4568 2677 4640 Veredignum.
2713 4565 2818 4632 Qui
2851 4565 2992 4620 facis
3017 4561 3311 4618 mirabilia
3341 4574 3557 4630 magna
3589 4555 3848 4624 solus,et

2184 4677 2301 4716 non
2335 4663 2563 4714 tantum
2587 4673 2690 4728 pro
2724 4654 2978 4726 peccatis
3010 4651 3229 4708 nostris
3263 4666 3378 4706 non
3410 4646 3687 4704 retribuis
3711 4662 3845 4717 qua:

2185 4763 2499 4814 meremur,
2525 4747 2626 4802 sed
2648 4743 2891 4816 insuper
2913 4742 3089 4799 etiam
3112 4736 3528 4796 consolationis
3550 4741 3662 4791 tuae
3686 4735 3848 4791 dona

2185 4841 2427 4912 praestas
2457 4834 2770 4890 immeritis
2786 4850 2798 4888 :
2812 4831 2996 4904 magis
3010 4847 3115 4886 nos
3134 4829 3205 4885 ad
3233 4827 3456 4883 cultum
3473 4824 3730 4881 nominis
3750 4825 3844 4878 tui

2185 4928 2279 5000 pio
2300 4925 2556 4998 largiens
2581 4939 2824 4980 munere
2836 4919 3343 4995 provocari,quam
3367 4915 3568 4971 debita
3588 4913 3848 4984 castiga-

2188 5116 2290 5183 ris,
2316 5120 2372 5171 et
2403 5131 2471 5170 ex
2496 5131 2562 5169 eo
2575 5109 3090 5183 Muratoriushanc
3113 5101 3846 5183 lectionem_liberius_eub-

2187 5175 2509 5244 stituerunt
2541 5203 2553 5240 :
2588 5187 2694 5254 Qui
2723 5185 2965 5254 prepriae
2986 5181 3182 5237 salutis
3211 5179 3498 5254 operantes
3526 5175 3842 5254 ementium,

2187 5261 2296 5315 tuis
2317 5250 3000 5330 άίδροςὶεἱοὴίὺιὶεαᾷυενξᾳ
3021 5261 3202 5330 mente
3229 5252 3509 5330 nauatur.
3543 5250 3616 5330 At
3645 5263 3846 5330 emen-

2187 5331 2344 5386 datio
2378 5321 2554 5401 quam
2589 5329 2743 5402 idem
2767 5323 3464 5402 Blanchiniussecundie
3491 5321 3649 5402 curis
3675 5324 3844 5402 nota-

2186 5394 2544 5473 vit,qu62que
2573 5400 2745 5473 unius
2769 5397 3026 5473 adverbii
3059 5396 3255 5468 potius
3283 5394 3584 5449 additione
3613 5395 3838 5446 textum

2191 5471 2382 5538 sanat,
2418 5471 2774 5546 probabilior
2803 5472 2931 5546 visa
2960 5474 3068 5546 est.
3288 5540 3297 5546 _
3335 5535 3408 5546 η,
3518 5534 3533 5546 ,
3606 5535 3640 5546 ,ί
3781 5531 3791 5542 .

2261 5546 2325 5616 (f)
2347 5534 2506 5599 Hanc
2536 5544 2769 5598 exibent
2788 5543 2956 5616 codd.
2989 5541 3224 5616 Gregor.
3248 5540 3306 5616 et
3335 5534 3572 5616 Missale
3602 5534 3836 5616 Romiin

2191 5607 2554 5673 orationibus
2566 5614 2981 5673 communibus
3011 5612 3090 5670 ad
3104 5607 3464 5682 repellenda:
3493 5610 3835 5679 computata
