4120 6236
289 342 398 399 133

1041 332 1276 393 LIBER
1316 330 2017 394 SACRAMENTORUM
2062 330 2465 393 ECCLESLE
2512 327 2886 389 ΗΟΜΑΝᾸΞ.

3581 334 3691 395 I34

281 468 529 545 operatio
573 471 687 523 tuae
732 464 967 521 virtutis
1018 462 1311 537 infundat,
1358 467 1423 518 ut
1482 463 1636 536 quod
1690 462 1929 535 partici-
1961 464 2019 532 Α
2117 460 2184 515 V.
2218 463 2345 516 Item
2368 461 2500 515 alia.
2536 490 2603 499 —
2632 458 3016 531 Omnipotens
3049 462 3402 533 sempiterne
3424 464 3598 531 Deus,
3630 466 3688 521 in

278 562 508 636 patione
539 556 926 629 sumpsimus,
960 553 1134 626 plena
1164 554 1563 625 redemptione
1606 553 1932 624 capiamus.

278 657 403 721 Per,
438 655 550 705 etc.

2046 550 2406 623 protectione
2465 549 2724 604 fidelium
2775 549 3123 620 populorum
3174 552 3418 623 antiqua
3469 555 3693 611 brachii

2044 640 2131 694 tui
2153 655 2391 711 operare
2422 637 2726 702 miracula,
2748 642 2809 691 ut
2838 636 3111 692 hostibus
3135 641 3351 696 nostris
3374 645 3475 697 tua
3509 644 3694 704 virtu_

348 738 635 805 Proficiat,
664 751 1027 809 quaesumus,
1048 732 1309 801 Domine,
1341 732 1530 788 fidelis
1552 732 1802 804 populus
1822 736 1934 786 tua:
2043 736 2098 787 te
2128 728 2503 800 compressis,
2542 744 2747 783 secura
2777 726 2883 782 tibi
2916 728 3129 783 serviat
3152 730 3414 786 Romana
3444 733 3690 789 devotio.

278 828 513 903 pietatis
540 826 845 895 instinctu,
880 827 935 878 et
964 822 1187 878 salubri
1212 823 1656 892 compunctione
1694 822 1936 875 devotus
2044 825 2173 885 Per,
2208 822 2315 873 etc.

279 924 577 993 gratanter
636 931 763 987 quae
804 912 1070 985 praecipis
1107 915 1481 982 exsequatur,
1525 915 1586 967 ut
1644 927 1771 981 quas
1803 926 1935 982 pro-

279 1010 462 1065 mittis
493 1004 759 1076 accipiat.
798 1007 923 1071 Per,
954 1007 1063 1056 etc.

345 1099 443 1154 Ill.
471 1099 601 1152 Item
625 1094 763 1150 alia.
800 1124 865 1133 —
890 1093 964 1163 (a)
1001 1089 1428 1161 Indulgentiam
1462 1089 1650 1155 nobis,
1671 1088 1936 1155 Domine,

276 1188 467 1245 tribue
500 1186 973 1257 peccatorum,ut
1006 1180 1277 1235 instituta
1309 1178 1604 1252 paschalia
1623 1178 1726 1234 tibi
1754 1178 1935 1251 placi-

275 1280 349 1335 tis
382 1275 660 1333 sensibus
692 1288 1019 1345 operemur.
1052 1274 1180 1339 Per,
1204 1275 1315 1325 etc.

344 1368 421 1439 (b)
456 1363 804 1420 Muneribus
833 1361 1072 1425 nostris,
1102 1359 1357 1425 Domine,
1392 1355 1779 1430 precibusque
1813 1374 1940 1412 sus-

276 1456 483 1529 ceptis,
515 1459 573 1509 et
616 1450 953 1508 coelestibus
985 1467 1090 1505 nos
1125 1450 1347 1504 munda
1380 1447 1703 1521 mysteriis,
1737 1451 1792 1501 et
1823 1447 1936 1502 cle-

281 1548 513 1601 menter
542 1540 779 1597 exaudi.
815 1544 945 1609 Per,
979 1542 1091 1593 etc.

350 1633 501 1689 Vere
532 1632 801 1703 dignum.
828 1627 1182 1700 Suppliciter
1200 1630 1504 1682 exorantes
1535 1628 1599 1681 ut
1631 1630 1688 1681 et
1714 1625 1938 1680 securi-

287 1727 471 1779 tatem
509 1720 683 1776 nobis
715 1722 1046 1789 temporum
1078 1716 1326 1781 tribuas,
1357 1724 1410 1770 et
1444 1714 1745 1787 religionis
1795 1730 1939 1785 aug-

281 1816 576 1877 mentum,
611 1825 728 1880 quo
784 1822 1060 1879 magnum
1096 1804 1327 1877 pietatis
1358 1810 1469 1858 tum
1501 1808 1935 1859 sacramentum

283 1908 338 1957 et
367 1900 592 1972 quietis
619 1897 981 1954 celebremus
996 1894 1293 1949 mentibus
1319 1898 1375 1948 et
1404 1894 1645 1950 devotis.
1676 1894 1794 1960 Per,
1827 1897 1936 1948 etc.

353 1992 417 2059 (ο)
448 1988 645 2045 Divini
692 1986 957 2041 muneris
1014 1984 1285 2055 largitate
1328 1985 1542 2047 satiati,
1574 1999 1938 2054 quaesumus,

286 2080 531 2136 Domine
569 2083 719 2132 Deus
752 2080 972 2141 noster,
1004 2078 1069 2128 ut
1110 2074 1167 2127 in
1216 2072 1396 2143 hujus
1449 2088 1680 2144 semper
1708 2070 1941 2144 partici-

288 2169 521 2242 patione
556 2165 843 2221 vivamus.
877 2164 1005 2229 Per,
1042 2167 1153 2218 etc.

364 2260 433 2329 (ά)
467 2260 782 2319 Conserva,
830 2253 1096 2321 Domine,
1132 2268 1495 2323 quaesumus,
1528 2250 1811 2305 familiam
1845 2255 1941 2306 tu-

294 2366 408 2415 am,
441 2354 497 2403 et
547 2344 1028 2400 benedictionum
1070 2346 1307 2396 tuarum
1361 2341 1647 2411 propitius
1680 2342 1943 2395 ubertate

1970 1854 2017 1918 B

2117 908 2382 977 Suscipe,
2417 906 2679 974 Domine,
2713 922 3078 976 quaasumus,
3128 906 3377 978 hostias,
3411 927 3556 981 quas
3589 912 3697 967 tibi

2046 1015 2149 1071 pro
2184 997 2369 1052 salute
2394 1002 2505 1051 tua}
2536 996 2721 1067 plebis
2744 995 3063 1062 offerimus,
3096 1001 3148 1050 et
3182 1002 3568 1056 sacramentis
3592 1020 3701 1057 cm-

2046 1088 2295 1142 lestibus
2327 1086 2667 1151 servientes,
2694 1085 2765 1139 ab
2794 1084 2954 1139 omni
2981 1085 3147 1157 culpa
3170 1086 3386 1143 liberos
3406 1105 3534 1144 esse
3565 1108 3699 1146 con-

2048 1178 2206 1232 cede.
2240 1177 2368 1243 Per,
2400 1180 2509 1229 etc.

2076 1308 2090 1322 .
2116 1265 2542 1336 Veredignum.
2576 1262 3173 1334 Quiperinelfabilem
3206 1266 3524 1335 potentiam
3556 1268 3697 1323 Ver-

2049 1354 2101 1410 bi
2140 1355 2245 1423 tui,
2282 1354 2435 1408 sicut
2465 1352 2707 1407 humani
2738 1352 2973 1424 generis
3006 1370 3067 1407 es
3099 1354 3385 1422 conditor,
3424 1356 3506 1410 ita
3535 1356 3695 1412 beni-

2048 1452 2371 1525 gnissimus
2405 1450 2764 1505 reformator.
2802 1450 2927 1518 Per,
2961 1453 3069 1505 etc.

2121 1540 2213 1595 VI.
2248 1542 2379 1596 Item
2409 1541 2550 1595 alia.
2583 1570 2649 1579 --
2687 1544 2858 1605 Deus,
2893 1538 2989 1609 qui
3037 1541 3293 1596 remedia
3334 1542 3543 1599 salutis
3585 1544 3698 1601 hu-

2050 1646 2238 1685 manu:
2273 1630 2327 1683 in
2365 1628 2667 1699 praesentis
2719 1628 2976 1700 mysterii
3012 1628 3381 1686 solemnitate
3425 1634 3698 1704 posuisti,

2050 1720 2123 1773 da
2160 1718 2327 1773 nobis
2360 1724 2424 1773 ut
2455 1717 2605 1773 sicut
2637 1717 2757 1771 ὴωο
2792 1717 3188 1789 apostolorum
3224 1724 3461 1775 tuorum
3496 1724 3703 1794 praedi-

2050 1808 2278 1863 catione
2308 1807 2708 1879 cognovimus,
2739 1807 2821 1862 ita
2843 1824 3044 1861 eorum
3069 1808 3703 1883 suﬂragiisconsequa-

2048 1914 2199 1952 mur.
2234 1900 2359 1964 Per,
2392 1901 2502 1952 etc.

2120 1990 2374 2056 Munera,
2398 2001 2759 2057 qumsumus,
2780 1986 3045 2050 Domine,
3068 1990 3177 2041 tuae
3211 1987 3397 2058 plebis
3428 1990 3706 2061 propitia-

2050 2081 2145 2131 tus
2179 2092 2437 2141 assume,
2475 2079 2675 2146 utquaa
2708 2074 2839 2129 fidei
2875 2075 3086 2143 pietate
3110 2076 3185 2146 (ἡ)
3212 2078 3577 2146 profitentur,
3613 2098 3706 2135 sa-

2052 2164 2366 2221 cramentis
2415 2163 2757 2219 caelestibus
2784 2164 3247 2235 apprehendant.
3288 2167 3408 2232 Per,
3434 2171 3542 2222 etc.

2122 2254 2268 2309 Vere
2310 2254 2577 2325 dignum.
2637 2254 2699 2307 In
2771 2254 2941 2323 cujus
2987 2254 3410 2309 resurrectione
3451 2256 3707 2311 mirabili

2056 2361 2213 2399 mors
2242 2344 2473 2402 occidit.
2498 2344 2961 2413 redemptorum,
2986 2348 3041 2397 et
3069 2348 3193 2398 orta
3215 2349 3302 2399 est
3326 2345 3446 2399 vita
3468 2348 3709 2402 creden-

296 2437 559 2509 puriﬁca,
593 2438 659 2489 ut
716 2437 774 2488 et
819 2431 1251 2487 eruditionibus
1286 2430 1405 2485 tuis
1438 2430 1860 2502 multiplicetur
1889 2436 1946 2486 et
2054 2433 2226 2489 tium.
2259 2436 2325 2487 Et
2356 2432 2485 2488 ideo
2519 2449 2651 2488 cum
2686 2432 2933 2503 angelis,
2973 2436 3081 2487 etc.

298 2526 487 2582 donis.
524 2526 649 2593 Per,
683 2528 794 2577 etc.

372 2614 461 2669 ιν.
497 2616 632 2669 Item
664 2613 801 2666 alia.
832 2640 899 2667 -.—-
928 2609 1272 2681 Propitiare,
1298 2609 1563 2673 Domine,
1586 2609 1643 2663 in
1676 2613 1731 2665 te
1762 2610 1948 2664 confi-

296 2703 570 2758 dentibus
588 2697 845 2773 populis,
871 2703 927 2754 et
949 2699 1020 2770 (ε)
1044 2699 1115 2753 ad
1134 2697 1464 2753 custodiam
1488 2698 1733 2753 Romani
1767 2700 1947 2753 nomi-

294 2793 391 2847 nis
421 2793 723 2846 dexteram
756 2794 869 2843 tua:
900 2786 1278 2859 protectionis
1310 2788 1575 2852 extende,
1608 2792 1671 2842 ut
1700 2804 1947 2860 regnum

296 2879 597 2951 majestati
628 2883 744 2933 tum
795 2878 1059 2933 deditum
1092 2881 1193 2931 tua
1236 2892 1469 2949 semper
1501 2877 1578 2932 sit
1606 2877 1818 2931 virtute
1850 2878 1950 2931 de-

297 2970 553 3025 fensum.
587 2969 717 3034 Per,
759 2972 869 3022 etc.

376 3056 881 3129 Sucipe,Domine,
902 3071 1267 3127 quiesumus,
1293 3054 1517 3111 hostias
1537 3055 1820 3111 mentium
1855 3063 1950 3111 tuo

302 3147 524 3203 nomini
562 3148 926 3213 devotarum,
959 3144 1176 3215 quibus
1207 3161 1311 3198 nos
1329 3148 1385 3198 et
1415 3161 1447 3198 a
1476 3146 1724 3200 terrenis
1757 3153 1951 3199 conla-

301 3238 416 3309 giis
446 3236 691 3307 expiari,
726 3238 782 3288 et
828 3232 1163 3288 cmlestibus
1212 3232 1508 3288 contulisti
1561 3234 1953 3306 pr0pinquare
1985 3223 2025 3289 C

301 3325 643 3381 consortiis.
677 3324 805 3391 Per,
837 3326 948 3376 etc.

375 3414 441 3484 (Γ)
490 3412 641 3467 Vere
692 3412 960 3483 dignum.
993 3411 1171 3479 Cujus
1231 3410 1509 3465 ineffabili
1541 3411 1730 3483 gratia
1803 3412 1958 3467 circa

299 3519 413 3557 nos
442 3502 551 3557 hoc
608 3500 906 3573 singulare
956 3499 1298 3571 mysterium
1331 3505 1443 3564 est,
1478 3505 1539 3554 ut
1570 3501 1792 3555 dudum
1828 3518 1956 3572 per-

305 3592 415 3647 diti
447 3596 629 3663 atque
662 3590 961 3661 prostrati,
994 3589 1062 3643 ad
1106 3605 1232 3643 eam
1259 3605 1413 3642 nunc
1463 3587 1705 3659 gloriam
1740 3588 1955 3644 redire-

301 3699 457 3750 mus,
491 3698 611 3753 qua
632 3697 735 3753 per
753 3679 954 3735 Jesum
978 3677 1270 3733 Christum
1309 3677 1513 3731 Filium
1540 3683 1729 3747 tuum,
1757 3679 1955 3733 Domi-

299 3788 444 3825 num
479 3774 776 3837 nostrum,
801 3784 987 3839 genus
1019 3766 1292 3837 electum,
1326 3766 1517 3838 regale
1544 3767 1955 3838 sacerdotium,

298 3860 557 3932 papulus
589 3856 1005 3929 acquisitionis
1038 3857 1192 3911 134
1222 3861 1278 3911 et
1320 3873 1462 3928 gens
1495 3860 1697 3911 sancta
1726 3874 1957 3913 vocare-

309 3966 462 4003 mur.
498 3948 627 4013 Per,
662 3951 772 4001 etc.

380 4040 452 4110 (g)
486 4038 607 4091 Hoc
641 4035 811 4091 nobis
842 4038 1034 4097 tuum,
1069 4050 1432 4105 quaesumus,
1470 4035 1729 4099 Domine,
1765 4052 1959 4091 sacra-

310 4132 574 4181 mentum
610 4126 689 4180 sit
730 4122 969 4179 abolitio
1003 4128 1396 4195 peccatorum,
1422 4123 1498 4178 sit
1528 4124 1807 4179 fortitudo
1840 4125 1958 4181 fra-

311 4216 552 4286 gilitatis
585 4215 881 4281 humanm,
917 4212 992 4268 sit
1012 4218 1211 4267 contra
1230 4213 1436 4267 mundi
1472 4214 1731 4285 pericula
1760 4215 1960 4270 firma-

311 4310 597 4359 mentum.
634 4302 766 4357 Haec
800 4319 906 4357 nos
936 4303 1272 4356 communio
1303 4307 1511 4373 purget
1543 4319 1575 4356 a
1606 4302 1869 4371 crimine,
1905 4308 1963 4359 et

314 4393 562 4448 cmlestis
594 4390 796 4464 gaudii
828 4390 1049 4447 tribuat
1078 4406 1206 4447 esse
1224 4395 1546 4446 consortes.
1584 4391 1709 4458 Per,
1743 4396 1851 4447 etc.

380 4602 476 4744 sa)
509 4604 649 4659 Cod.
684 4604 743 4659 in
780 4603 1081 4730 margine:
1121 4608 1301 4674 PrOpe
1330 4604 1555 4659 Pascha.

408 4676 457 4744 ὁ)
491 4676 791 4731 Muratorii
826 4692 891 4731 co
938 4677 994 4729 d.
1029 4680 1083 4729 et
1114 4675 1348 4729 Missale
1372 4676 1535 4730 Rom.

408 4676 457 4745 ὁ)
491 4676 791 4731 Muratorii
826 4675 994 4731 codd.
1029 4680 1083 4729 et
1114 4675 1348 4729 Missale
1372 4676 1535 4730 Rom.
1572 4676 1723 4732 hanc
1754 4677 1967 4731 oratio-

319 4762 444 4800 nem
480 4747 759 4801 exhibent
797 4748 855 4801 in
909 4747 1211 4802 Dominica
1257 4747 1678 4818 Sptuagesimae
1712 4754 1769 4804 et
1801 4749 1963 4805 alibi.

392 4820 461 4889 (ο)
495 4819 594 4872 Est
630 4820 681 4871 in
719 4820 931 4873 iisdem
988 4819 1157 4873 codd.
1189 4822 1247 4872 et
1292 4819 1507 4874 Missali
1542 4822 1599 4875 in
1634 4820 1807 4877 Missa
1842 4823 1968 4876 sab-

320 4888 602 4961 batipost
633 4890 997 4945 Dominicam
1032 4889 1347 4945 Passionis.

389 4960 553 5031 (d)ln
586 4978 733 5017 mss.
785 4964 952 5035 Greg.
988 4962 1282 5017 Muratorii
1316 4960 1528 5033 legitur
1566 4962 1719 5019 inter
1749 4964 1965 5019 oratio-

321 5047 421 5086 nes
452 5034 851 5103 quotidianae.

316 5460 541 5535 Italiam
576 5481 688 5519 non
725 5460 1173 5535 improbaliliter
1191 5464 1429 5534 quidam
1464 5465 1821 5523 existimant.

464 5606 723 5694 gminica
756 5615 887 5694 post
915 5606 1351 5694 As‘censionfm.

322 5602 333 5612 θ
383 5532 455 5659 (f8
482 5535 772 5619 Congruit
800 5532 931 5592 cum
965 5532 1302 5617 praefatione
1332 5535 1542 5594 Gelasii
1570 5537 1669 5594 lib.
1708 5557 1748 5608 ι,
1783 5557 1840 5593 n.
1872 5539 1967 5607 65,

320 5619 372 5657 in
464 5622 723 5659 ommica
756 5615 887 5659 nost
915 5612 1351 5659 Ascensmnem.

384 5674 402 5747 (

403 5678 453 5748 α]
466 5680 681 5738 Paucis
694 5678 862 5738 initio
878 5685 1117 5737 mutatis
1133 5680 1335 5735 eadem
1356 5681 1825 5755 repetitursupra
1842 5682 1969 5749 §‘27,

391 5104 457 5173 (ε)
493 5109 551 5157 ln
588 5106 874 5178 superiori
910 5104 1106 5168 Missa,
1138 5106 1193 5178 et
1232 5104 1289 5178 in
1320 5104 1431 5160 alia
1463 5104 1637 5175 paulo
1668 5110 1799 5177 post
1825 5106 1965 5160 sub-

343 5179 467 5227 ecta
488 5193 549 5230 n.
603 5175 678 5240 ϐξ
695 5180 978 5233 festorum
1034 5175 1395 5247 paschalium
1432 5179 1495 5231 tit
1530 5175 1767 5232 mentio.
1803 5178 1969 5234 Forte

358 5261 435 5300 ac
468 5253 527 5301 et
566 5265 817 5319 sequens
866 5247 1475 5320 intermedizeﬂltlissaz,
1519 5249 1733 5320 quibus
1769 5254 1970 5306 contra

321 5316 613 5391 Romanos
630 5316 826 5379 hostes
841 5320 1103 5375 divinum
1123 5318 1401 5373 auxilium
1423 5316 1969 5391 petiiurlucubrataa

319 5388 473 5462 fuere
512 5396 817 5449 occasione
837 5392 1045 5452 Attilzn,
1066 5407 1235 5462 quem
1255 5391 1362 5445 sub
1398 5388 1616 5448 Pascha
1647 5394 1888 5451 irruisse
1912 5396 1968 5451 in

2774 2574 3022 2630 XXXIII.

2613 2664 2788 2734 Super
2816 2664 3125 2735 defunctos.

2129 2791 2172 2846 Ι.
2206 2823 2269 2831 —
2291 2788 2673 2859 Omnipotens
2716 2788 3071 2859 sompiterne
3097 2792 3265 2843 Deus.
3288 2788 3387 2859 qui
3409 2788 3711 2845 contulisti

2060 2879 2332 2935 fidelibus
2366 2879 2482 2933 tuis
2527 2876 2785 2933 remedia
2827 2876 2953 2931 vitae
3010 2883 3141 2947 post
3173 2882 3437 2945 mortem,
3473 2885 3703 2950 praesta,

2060 2985 2422 3040 quaesumus,
2456 2966 2745 3039 propitius
2764 2982 2828 3021 ac
2852 2965 3143 3037 placatus,
3178 2970 3239 3020 ut
3270 2967 3466 3021 anima
3503 2967 3705 3023 famuli

2060 3058 2145 3113 tui
2169 3056 2373 3127 (illius)
2406 3072 2437 3110 a
2486 3055 2737 3125 peccatis
2784 3052 3058 3129 omnibus
3092 3055 3346 3125 expiata,
3381 3056 3439 3109 in
3472 3061 3586 3111 tuae
3618 3074 3711 3113 re-

2063 3144 2416 3217 demptionis
2448 3151 2601 3199 sorte
2637 3143 2983 3214 requiescat.
3018 3143 3143 3209 Per,
3178 3148 3286 3197 etc.

2136 3238 2199 3305 (1')
2238 3235 2466 3289 Hostias
2487 3233 2613 3295 tibi,
2638 3234 2902 3293 Domine,
2932 3230 3140 3285 humili
3168 3231 3596 3302 supplicatione
3624 3235 3717 3289 de-

2068 3324 2331 3389 ferimus,
2366 3327 2431 3376 ut
2455 3323 2649 3375 anima
2689 3320 2892 3374 famuli
2926 3321 3011 3373 tui
3055 3321 3279 3390 (illius),
3316 3338 3417 3391 per
3454 3323 3574 3377 haec
3608 3322 3714 3394 pias

2066 3411 2411 3484 placationis
2444 3410 2657 3478 ofﬁcia,
2696 3413 3035 3479 perpetuam
3072 3409 3539 3465 misericordiam
3573 3428 3714 3467 con-

2066 3505 2367 3571 sequatur.
2401 3498 2527 3562 Per,
2560 3502 2666 3551 etc.

2137 3589 2288 3644 135
2324 3588 2385 3659 0')
2419 3588 2576 3641 Hanc
2632 3586 2812 3658 igitur
2848 3585 3202 3642 oblationem
3263 3587 3465 3658 (illius)
3510 3588 3718 3644 famuli

2066 3680 2174 3746 tui,
2207 3695 2383 3750 quam
2426 3677 2529 3731 tibi
2565 3676 2731 3745 offert
2760 3693 2863 3746 pro
2908 3676 3107 3731 anima
3140 3675 3341 3731 famuli
3378 3677 3461 3732 tui
3494 3678 3715 3749 (illius),

2068 3783 2429 3840 quaesumus,
2460 3765 2717 3835 Domine,
2753 3766 3104 3837 propitiatus
3149 3766 3422 3838 accipias,
3457 3773 3512 3822 et
3546 3769 3718 3825 mise-

2068 3858 2360 3913 rationum
2392 3861 2626 3910 tuarum
2664 3854 2934 3926 largitate
2975 3858 3282 3922 concedas,
3319 3862 3381 3911 ut
3429 3858 3717 3929 quidquid

2067 3950 2296 4001 terrena
2328 3945 2762 3997 conversatione
2796 3944 3103 4009 contraxit,
3137 3942 3229 3997 his
3261 3943 3564 4000 sacrificiis
3594 3961 3719 4001 em-

2068 4036 2343 4099 undetur,
2368 4050 2431 4087 ac
2446 4031 2650 4086 mortis
2675 4031 2922 4085 vinculis
2946 4031 3578 4100 absolutis,transitum
3606 4050 3721 4089 me-

2068 4121 2263 4172 reatur
2292 4115 2363 4170 ad
2386 4114 2586 4167 vitam.
2616 4114 2736 4177 Per,
2790 4117 2901 4168 etc.

2140 4205 2209 4259 ll.
2236 4235 2286 4243 ——
2320 4204 2396 4273 (k)
2421 4202 2802 4270 Gmnipotens
2824 4208 2881 4254 et
2912 4200 3243 4255 misericors
3269 4202 3437 4268 Deus,
3464 4203 3521 4257 in
3547 4205 3720 4271 cujus

2069 4292 2258 4349 omnis
2276 4292 2537 4345 humans.
2553 4289 2809 4343 conditio
2836 4294 3123 4359 potestate
3146 4291 3435 4349 consistit.
3459 4292 3719 4349 animam

2068 4379 2273 4437 famuli
2304 4379 2388 4433 tui
2421 4378 2645 4450 (illius),
2682 4392 3045 4449 quaesumus,
3079 4377 3149 4433 ab
3187 4380 3462 4435 omnibus
3486 4381 3723 4437 absolve

1994 4590 2041 4655 D
2076 4624 2131 4661 n.
2160 4606 2210 4659 3.
2247 4604 2453 4658 Confer
2482 4602 2561 4657 ibi
2604 4600 2801 4657 annel.
2833 4600 2903 4655 26
2934 4600 3068 4671 (Col.
3098 4602 3217 4666 107,
3251 4621 3307 4656 η.
3339 4604 3409 4671 b).

2149 4678 2227 4747 (ἡ)
2262 4674 2508 4731 Pluralis
2538 4690 2820 4747 numerus
2841 4673 3533 4747 frequenteradhibetur,
3589 4696 3721 4735 cum

2072 4744 2221 4821 plebs
2255 4744 2887 4821 nomengmultitudinis
2909 4745 3145 4821 verbum
3185 4745 3398 4821 dirigit.
3428 4744 3569 4804 Hinc
3606 4769 3721 4807 non

2077 4815 2163 4876 est
2202 4818 2529 4895 necessaria
2553 4817 2881 4895 emendatio
2914 4815 3233 4887 singularis
3261 4815 3482 4876 numeri
3502 4826 3725 4895 proﬁte-

2079 4890 2662 4967 turct_appreheuda{.
2704 4958 2735 4967 Α
2779 4958 2792 4967 _
2918 4957 2955 4967 υ

2146 4966 2209 5036 (2')
2244 4957 2440 5018 Eistat
2473 4962 2640 5036 apud
2697 4958 2885 5036 Gelae.
2918 4957 3020 5036 lib.
3057 4975 3142 5036 ut,
3190 4978 3251 5036 n._
3278 4964 3398 5027 100,
3434 4969 3489 5019 et
3521 4965 3577 5020 in
3612 4983 3723 5023 ms.

2077 5031 2203 5091 Vat,
2246 5031 2599 5107 Gregoriaho
2640 5031 2793 5101 apud
2828 5031 3205 5086 Muratorium
3238 5033 3297 5091 in
3332 5036 3509 5092 Missa
3540 5038 3728 5108 pluri-

2079 5123 2304 5162 morum
2338 5108 2747 5161 defunctorum

2148 5172 2868 5260 (,HI’wEh‘Su’ntprletiam
2895 5172 2951 5225 in
2971 5173 3244 5260 ‘Sacram.
3269 5178 3477 5260 Gelasii
3506 5179 3601 5233 lib.
3639 5197 3724 5260 ni,

2079 5267 2136 5304 n.
2156 5246 2292 5304 '104.
2319 5246 2545 5307 Cod-icis
2566 5246 2886 5321 lectionem
2904 5246 3278 5321 retinuimus,
3306 5256 3369 5304 ut
3391 5268 3459 5305 ne
3480 5267 3626 5321 opus
3649 5246 3729 5307 sit

2078 5322 2271 5376 delere
2293 5339 2460 5377 voces
2483 5320 2688 5394 (illius)
2709 5317 3032 5394 [amul_itui,
3058 5324 3114 5394 et
3146 5322 3397 5376 scribere
3418 5317 3723 5391 offerimus.

2077 5394 2273 5449 Solum
2310 5390 2496 5449 codex‘
2520 5393 2691 5448 habet
2727 5390 3002 5464 mendose
3023 5391 3207 5464 offeret
3248 5410 3349 5463 pro
3380 5390 3550 5464 offert.

2153 5466 2225 5537 (k)
2258 5465 2555 5521 Invenitur
2584 5466 2643 5520 in
2704 5462 2829 5517 cod.
2864 5460 3207 5537 quszib.
3232 5460 3316 5530 1'11,
3348 5460 3532 5537 p.98,
3566 5470 3622 5521 et
3666 5466 3726 5522 in

2079 5531 2189 5610 me.
2211 5531 2351 5593 'Vat.
2378 5533 2907 5610 Gregoriano‘apud
2932 5531 3317 5610 Muratorium
3344 5536 3397 5590 in
3424 5531 3596 5592 Missa
3629 5540 3728 5594 de-

2079 5607 2435 5682 lunctorum,
2460 5605 2559 5683 qui
2590 5606 2981 5665 desideratam
3013 5605 3411 5675 paenitentiam
3446 5611 3730 5683 consequi

2079 5696 2194 5737 non
2219 5687 2555 5755 potuerunt.
