4080 6220
443 318 553 379 135

1399 310 1658 372 OPERA
1702 312 1770 371 S.
1815 308 2048 370 LEONI
2091 307 2362 371 MAGNO
2405 313 2882 379 ATTRIBUTA.

3721 319 3840 380 {36

427 447 777 523 peccatie,ut
797 443 1152 518 pmnitentize
1175 443 1631 514 fructum,quem
1661 441 1932 498 voluntas
1955 440 2082 512 ejus
2115 439 2171 508 Α
2200 456 2326 498 eam
2351 445 2698 504 mortalibus
2725 447 2973 505 nexibus
2993 448 3322 522 expeditam
3343 447 3444 505 lux
3473 452 3689 506 aeterna
3708 466 3848 523 pos-

428 538 667 611 optavit,
702 540 1024 608 prieventus
1040 533 1385 590 mortalitate
1413 548 1526 586 non
1547 531 1774 602 perdat.
1799 531 1926 596 Per,
1959 533 2070 584 etc.

499 625 578 696 (a)
609 623 934 678 Salisfaciat
962 622 1088 691 tibi,
1123 621 1388 686 Domine,
1425 635 1786 692 quaesumus,
1820 634 1923 690 pro
1955 616 2074 671 ani-

430 731 526 770 ma
550 713 754 769 famuli
783 713 866 767 tui
890 712 1106 783 (illius),
1127 709 1396 766 sacrificii
1418 708 1722 782 praesentis
1742 706 1980 776 oblatio,
2016 711 2073 761 et

425 807 801 876 peccatorum
833 801 1062 856 veniam
1097 817 1270 872 quam
1296 798 1564 871 quaesivit
1593 797 1883 863 inveniat;
1916 797 1992 868 (ὁ)
2015 799 2074 850 et

429 894 583 965 quod
623 892 810 948 officio
839 891 994 945 vocis
1041 889 1284 959 implere
1325 905 1439 943 non
1473 888 1682 959 potuit,
1727 886 2066 941 desiderata;

428 981 781 1054 poenitentia:
811 981 1288 1050 compensatione
1321 976 1621 1049 percipiat.
1655 977 1781 1044 Per,
1813 981 1921 1031 etc.

496 1072 654 1126 Hanc
686 1069 867 1142 igitur
909 1067 1286 1137 oblationem,
1318 1072 1426 1122 etc.
1460 1070 1543 1136 (ut
1579 1066 1794 1137 supra).

496 1161 686 1216 Ill.—
739 1159 1119 1230 Omnipotens
1179 1163 1236 1212 et
1293 1156 1624 1212 misericors
1681 1155 1856 1220 Deus,
1910 1154 2063 1226 apud

423 1265 595 1322 quem
628 1248 897 1304 voluntas
924 1247 1170 1303 habetur
1198 1246 1458 1300 humana
1488 1263 1590 1317 pro
1625 1245 1813 1311 factis,
1834 1248 2064 1316 prmsta,

419 1355 781 1409 quasumus,
825 1344 884 1393 ut
919 1337 1127 1392 animae
1160 1335 1364 1390 famuli
1399 1335 1481 1390 tui
1510 1335 1708 1406 (illius)
1740 1334 1808 1388 ad
1843 1332 2064 1404 perfec-

414 1433 540 1483 tum
565 1426 883 1483 remedium
911 1425 1388 1496 consequendum
1413 1423 1814 1496 pmnitentiam
1835 1422 2063 1477 deside-

415 1520 611 1572 ranter
631 1515 886 1572 voluisse
925 1513 1201 1569 sufﬁciat.
1236 1513 1360 1581 Per,
1393 1519 1503 1569 etc.

491 1606 706 1661 Animas
739 1603 942 1658 famuli
971 1603 1077 1671 tui,
1105 1620 1466 1674 quasumus,
1501 1603 1758 1672 Domine,
1793 1617 1897 1673 per
1942 1599 2064 1655 haec

409 1699 776 1751 sacramenta
790 1692 1208 1765 redemptionis
1225 1697 1453 1748 aeterna:
1473 1693 1876 1750 remissionen.
1912 1693 1948 1746 Ι
1963 1695 2065 1751 36

412 1785 606 1840 tribue
650 1787 1040 1854 peccatorum,
1087 1787 1152 1837 ut
1198 1782 1424 1837 devotio
1475 1781 1853 1853 poenitentia,
1889 1801 2061 1856 quem

409 1873 592 1946 gessit
617 1874 743 1944 ejus
793 1873 1054 1939 affectus,
1089 1875 1380 1944 perpetuas
1429 1871 1634 1927 salutis
1667 1879 2063 1945 consequatur

409 1963 707 2020 effectum.
748 1967 878 2033 Per,
911 1967 1020 2017 etc.

481 2053 551 2124 (ε)
584 2056 754 2121 Deus,
780 2068 813 2106 a
842 2068 956 2122 quo
978 2049 1300 2122 inspiratur
1320 2048 1598 2105 humanis
1629 2052 1905 2108 cordibus
1933 2069 2057 2108 om-

411 2158 483 2196 ne
509 2141 663 2212 quod
697 2142 910 2196 bonum
943 2144 1051 2206 est,
1085 2139 1234 2194 sicut
1278 2140 1483 2194 anima:
1519 2140 1719 2195 famuli
1755 2142 1840 2195 tui
1874 2143 2058 2213 poeni-

408 2230 647 2286 tentiam
683 2228 825 2284 velle
863 2228 1117 2296 donasti,
1149 2228 1232 2283 sic
1262 2227 1688 2300 indulgentiam
1725 2229 1915 2286 tribue
1947 2231 2058 2286 mi-

405 2325 635 2375 seratus
665 2321 946 2390 optatam.
982 2317 1106 2384 Per,
1140 2322 1249 2372 etc.

477 2408 554 2477 (d)
588 2413 758 2474 Deus,
794 2407 884 2461 cui
918 2405 1025 2461 soli
1073 2407 1349 2478 competit
1397 2407 1747 2463 medicinam
1777 2413 2053 2480 praestare

403 2502 536 2569 post
570 2501 839 2563 mortem,
873 2500 1102 2567 praesta,
1136 2513 1498 2566 quaesumus,
1528 2506 1588 2552 ut
1619 2498 1816 2552 anima
1847 2498 2051 2554 famuli

398 2587 485 2642 tui
511 2586 713 2657 (illius)
763 2585 1010 2640 terrenis
1042 2590 1215 2640 exuta
1243 2586 1551 2658 contagiis,
1603 2587 1661 2641 in
1686 2592 1786 2642 tua
1816 2589 2048 2644 redem-

398 2675 616 2746 ptionie
649 2677 812 2744 parte
845 2677 1205 2727 numeretur.
1239 2673 1359 2740 Per,
1394 2678 1502 2727 etc.

471 2763 594 2829 His,
627 2778 988 2835 quaesumus,
1013 2760 1274 2828 Domine,
1300 2760 1624 2829 sacrificiis,
1659 2763 1875 2834 quibus
1907 2781 2046 2835 pur-

395 2855 687 2926 gationem
709 2855 765 2906 et
785 2850 1114 2905 viventibus
1137 2850 1350 2904 tribuis
1377 2855 1434 2905 et
1453 2851 1764 2921 defunctis,
1785 2853 2043 2909 animam

397 2941 600 2996 famuli
635 2940 717 2993 tui
743 2939 1033 3010 benignus
1051 2937 1302 3007 absolve,
1328 2942 1393 2992 ut
1413 2941 1856 2996 resurrectionis
1887 2942 2040 2998 diem

392 3046 496 3102 spe
527 3033 693 3085 certae
721 3027 1129 3099 gratulationis
1162 3032 1474 3099 exspectet.
1507 3033 1634 3095 Per,
1669 3033 1776 3084 etc.

464 3118 534 3190 (θ)
569 3118 802 3184 Praesta,
857 3115 1116 3187 Domine,
1169 3133 1525 3187 quaesumus,
1575 3117 1785 3173 animas
1835 3120 2039 3176 famuli

2189 531 2392 588 sideat.
2423 539 2550 604 Per,
2583 540 2692 592 etc.

2261 622 2328 694 (Γ)
2353 622 2661 695 Fidelium,
2685 626 2861 692 Deus,
2884 626 3216 683 animarum
3249 628 3514 684 conditor
3535 632 3593 684 et
3613 629 3866 686 redem-'

2188 716 2340 782 ptor,
2388 714 2608 770 famulo
2657 720 2756 771 tuo
2800 721 3143 772 cunctorum
3203 717 3613 774 remissionem
3649 719 3845 774 tribue

2187 805 2578 872 peccatorum,
2614 809 2678 860 ut
2697 822 2876 877 quam
2899 823 3130 880 semper
3153 806 3373 878 optavit
3403 806 3846 880 indulgentiam

2187 898 2601 963 consequatur.
2635 899 2764 960 Per,
2794 900 2903 952 etc.

2260 979 2350 1035 IV.
2382 1013 2453 1024 -α
2480 983 2554 1054 (g)
2587 984 2744 1038 Beati
2791 983 3062 1056 martyris
3102 984 3185 1039 tui
3219 984 3534 1055 Laurentii,
3571 986 3841 1055 Domine,

2185 1086 2545 1141 quaesumus,
2583 1073 3001 1129 intercessione
3045 1091 3150 1130 nos
3191 1080 3451 1146 protege,
3484 1079 3541 1130 et
3571 1075 3837 1132 animam

2183 1158 2385 1213 famuli
2418 1162 2502 1215 tui
2531 1161 2708 1234 (illus)
2731 1163 2988 1235 episcopi
3023 1167 3363 1219 sanctorum
3390 1168 3623 1220 tuorum
3648 1165 3844 1238 junge

2184 1249 2516 1305 consortiis.
2549 1255 2677 1322 Per,
2710 1256 2819 1306 etc.

2253 1339 2402 1395 135
2438 1339 2515 1410 (ἡ)
2547 1339 2884 1396 Oblationes
2911 1345 3164 1412 nostras,
3198 1341 3466 1409 Domine,
3490 1359 3842 1414 quaesumus

2183 1427 2532 1498 propitiatus
2592 1429 2851 1499 intende,
2889 1446 3037 1500 quas
3085 1435 3144 1485 et
3198 1431 3266 1486 ad
3308 1431 3585 1488 honorem
3645 1433 3839 1489 sancti

2181 1517 2450 1587 martyris
2481 1518 2565 1571 tui
2602 1518 2897 1574 Laurentii
2941 1518 3166 1574 nomini
3196 1523 3308 1574 tute
3342 1521 3670 1591 majestatis
3694 1523 3839 1578 offe-

2179 1601 2386 1667 rimus,
2409 1606 2466 1658 et
2486 1620 2589 1675 pro
2612 1605 2811 1676 requie
2834 1604 3039 1659 famuli
3062 1606 3140 1660 tui
3171 1606 3382 1680 (illius)
3402 1608 3664 1681 episcopi
3692 1626 3839 1682 sup-

2178 1687 2407 1760 pliciter
2437 1690 2836 1747 immolamue.
2871 1691 2998 1762 Per,
3031 1696 3141 1749 etc.

2249 1777 2393 1834 Vere
2425 1779 2688 1851 dignum.
2713 1782 2819 1844 Qui
2845 1797 2950 1836 nos
2974 1785 3309 1837 sanctorum
3334 1787 3567 1840 tuorum
3591 1788 3650 1840 et
3669 1801 3835 1840 com-

2169 1868 2588 1925 memoratione
2609 1870 2851 1936 refoves,
2875 1873 2933 1926 et
2949 1871 3211 1926 oratione
3244 1872 3528 1928 defendis.
3565 1873 3695 1944 Per,
3719 1879 3832 1930 etc.

2241 1956 2402 2013 Hanc
2433 1957 2632 2030 igitur,
2667 1964 2799 2028 etc.,
2826 1959 2961 2015 etin
2996 1977 3308 2016 numerum
3333 1961 3437 2016 tibi
3461 1961 3825 2034 placentium

2168 2049 2391 2102 censeri
2424 2048 2603 2105 facias
2636 2051 3026 2106 sacerdotum.
3061 2051 3188 2120 Per,
3221 2056 3332 2106 etc.

2242 2135 2301 2190 V.
2334 2168 2404 2178 —
2437 2139 2495 2208 (ί)
2530 2139 2758 2210 Adjuva
2787 2155 2915 2205 nos,
2949 2139 3192 2195 Domine
3227 2145 3378 2195 Deus
3415 2145 3635 2208 noster,
3667 2142 3825 2198 beati

2165 2222 2461 2280 Laurentii
2487 2230 2761 2298 martyris
2777 2226 2858 2281 tui
2881 2226 3152 2298 precibus
3183 2232 3476 2298 exoratus,
3494 2232 3551 2282 et
3565 2227 3827 2284 animam

2164 2311 2367 2367 famuli
2391 2315 2475 2368 tui
2500 2316 2697 2385 (illius)
2722 2316 3004 2387 episcopi,
3031 2315 3087 2371 in
3109 2316 3490 2374 beatitudinis
3514 2311 3852 2390 sempiteri

2165 2418 2251 2456 nas
2283 2401 2412 2459 luce
2443 2405 2753 2461 constitue.
2785 2409 2916 2476 Per,
2948 2409 3056 2462 etc.

2232 2495 2544 2565 Memento,
2603 2495 2869 2566 Domine,
2915 2511 3282 2567 quaesumus,
3341 2493 3550 2550 animas
3607 2496 3818 2553 famuli

2165 2581 2248 2636 tui
2274 2583 2468 2653 (illius)
2493 2584 2773 2658 episcOpi,
2798 2589 2852 2640 et
2895 2600 3071 2656 quem
3091 2584 3148 2639 in
3173 2601 3411 2656 corpore
3432 2585 3828 2642 constitutum

2157 2678 2312 2734 sedis
2343 2681 2673 2751 apostolicae
2687 2683 3088 2754 gubernacula
3108 2687 3305 2739 tenere
3324 2681 3585 2753 voluisti,
3610 2683 3671 2738 in
3694 2683 3821 2740 ele-

2157 2771 2385 2823 ctorum
2421 2787 2657 2826 numero
2687 2772 2979 2827 constitue
3007 2773 3400 2828 sacerdotum.
3436 2776 3564 2842 Per,
3597 2777 3708 2828 etc.

2226 2857 2287 2926 (j)
2317 2857 2583 2930 Suscipe,
2607 2861 2874 2929 Domine,
2920 2877 3283 2932 quaesumus,
3307 2861 3534 2917 hostias
3555 2878 3659 2933 pro
3691 2862 3821 2918 ani-

2161 2960 2255 2999 ma
2279 2946 2483 3002 famuli
2511 2949 2594 3004 tui
2623 2951 2816 3021 (illius)
2844 2949 3120 3022 episcopi,
3143 2955 3208 3004 ut
3238 2949 3332 3006 cui
3355 2950 3820 3022 pontificaledo-

2152 3034 2304 3089 nasti
2337 3037 2636 3105 meritum,
2667 3039 2848 3094 donee
2878 3041 2936 3094 et
2969 3038 3296 3110 praemium.
3322 3043 3450 3108 Per,
3485 3044 3595 3096 etc.

2220 3127 2382 3180 Hanc
2412 3125 2611 3198 igitur,
2646 3131 2792 3198 etc.,
2826 3131 2891 3183 ut
2921 3127 3021 3200 qui
3054 3128 3208 3183 beati
3253 3127 3402 3184 Petri
3435 3127 3685 3201 apostoli
3717 3144 3819 3184 se-

394 3211 481 3264 tui
513 3205 969 3263 misericordiam
995 3205 1411 3278 sempiternam
1431 3207 1946 3282 (Al.immensam).
1983 3215 2048 3266 ut
2076 3193 2120 3260 C
2161 3215 2292 3271 dem
2313 3193 2527 3274 νίοαῖ-ῑσ
2557 3193 2636 3274 es"
2666 3193 2905 3275 εθοιλιυε
2936 3193 3167 3290 'omcio,
3201 3223 3314 3276 tua,
3347 3193 3583 3292 quoéue
3613 3219 3820 3292 gratia,

461 3369 539 3441 (a)
577 3368 674 3423 Est
695 3367 849 3439 apud
871 3365 1062 3441 Gelae.
1083 3371 1142 3422 et
1170 3366 1227 3421 in
1249 3367 1378 3422 Vat.
1412 3383 1547 3438 ms.,
1582 3368 1652 3424 de
1681 3369 1896 3440 quibus
1933 3387 2040 3425 an-

394 3437 695 3498 notatione
730 3437 1038 3512 superiori.

464 3515 541 3586 (b)
576 3514 636 3567 In
671 3509 1122 3586 cod._'et_exi_nde
1145 3509 1406 3586 inieditis
1427 3528 1730 3586 perperam
1766 3512 2046 3567 inseritur

391 3582 532 3653 Per,
550 3591 605 3640 et
626 3602 660 3638 a
688 3583 876 3655 capite
896 3582 1136 3637 inchoat
1161 3598 1172 3636 :
1203 3585 1275 3634 Et
1300 3583 1436 3654 quod
1456 3582 1662 3655 ofﬁcio,
1684 3601 1818 3638 cum
1846 3591 2042 3640 tamen

393 3654 870 3730 prmsens‘oratio
901 3655 1226 3730 continuet,
1261 3660 1324 3707 ut
1354 3671 1422 3707 ex
1453 3654 1761 3730 Gelaeiano
1791 3661 1846 3709 et
1881 3658 2045 3730 Vati-

395 3724 540 3783 cano
574 3726 873 3781 codicibus
904 3725 1106 3796 liquet.
1142 3724 1244 3777 Hic
1267 3730 1478 3798 autem
1515 3726 1569 3779 in
1611 3743 1795 3798 marg.
1827 3728 2044 3783 codicis

392 3799 656 3854 additur:
692 3799 845 3850 Hane
875 3797 1070 3864 igitur,
1105 3811 1229 3864 quae
1262 3796 1517 3850 innuunt
1546 3796 1808 3853 eamde‘m
1839 3801 2047 3855 oratio-

393 3887 526 3925 nem
555 3869 610 3942 in
635 3867 997 3942 antecedenti
1019 3867 1194 3942 Missa
1214 3867 1564 3942 descriptam
1591 3869 1684 3942 hic
1704 3887 1935 3942 quoque
1956 3889 2042 3927 re-

397 3940 984 4014 petendam,uti_eane
1004 3939 1206 4014 eadem
1226 3942 1508 4014 repetitur
1526 3941 1582 3994 in
1602 3939 1855 3996 laudatis
1874 3944 2041 3998 codd.

462 4015 542 4084 (ο)
569 4011 892 4085 Legituriu
915 4011 1042 4066 cod.
1069 4009 1258 4085 Gelae.
1292 4009 1391 4085 lib.
1425 4029 1509 4085 iu,
1542 4029 1597 4066 n.
1625 4014 1717 4080 98,
1748 4020 1804 4069 et
1833 4014 1892 4068 in
1913 4016 2041 4071 Vat.

392 4083 627 4156 Gregor.
654 4083 814 4156 apud
842 4083 1220 4156 Muratorium
1255 4101 1312 4138 n.
1338 4083 1459 4156 107.

463 4155 733 4231 (ἀλέη)υᾷ
795 4155 985 4231 Gelae.
1021 4173 1078 4210 n.
1115 4156 1234 4223 100,
1269 4160 1325 4211 et
1382 4155 1439 4210 in
1472 4155 1690 4211 Missali
1724 4157 1914 4226 Rom.,
1942 4174 2043 4231 pro

390 4229 644 4300 pluribus
695 4229 791 4298 αἰεί
790 4233 913 4281 unci
923 4230 988 4282 is.

462 4300 532 4379 (Ae)
555 4301 729 4379 apud
749 4297 940 4379 Gelae.
977 4297 1212 4379 ibidem.

464 4373 532 4442 (f)
563 4371 824 4426 Concinit
856 4386 987 4425 cum
1017 4370 1278 4423 oratione
1309 4385 1482 4436 quam
1518 4386 1620 4440 pro
1652 4370 1928 4494 (pluribus
1951 4373 2044 4428 de-

394 4443 899 4498 functisexhibent
923 4441 1054 4496 cod.
1091 4439 1301 4494 Gelasii
1325 4442 1426 4495 lib.
1460 4459 1546 4508 ιιι,
1572 4459 1628 4494 n.
1656 4481 1668 4495 .
1689 4445 1742 4508 5,
1769 4461 1878 4499 me.
1913 4445 2040 4501 Vat.

389 4517 628 4588 Gregor.
667 4515 818 4587 apud
841 4513 1220 4568 Murotorium
1261 4527 1316 4566 n.
1345 4513 1460 4578 110,
1482 4519 1539 4568 ct
1567 4513 1801 4570 Missale
1832 4517 2042 4571 Roma-

391 4605 551 4644 num.

461 4662 538 4731 (g)
565 4661 622 4713 ln
658 4656 967 4731 Gelasiano
991 4656 1247 4731 Sacram.
1270 4653 1388 4708 haec
1409 4653 1590 4731 oratio
1614 4659 1669 4709 et
1692 4657 1878 4731 prima
1908 4661 2048 4716 Mis..

392 4726 805 4802 ere'lsequentie
839 4729 1111 4798 leguntur
1135 4726 1234 4782 lib.
1271 4744 1354 4796 ιιι,
1391 4727 1589 4802 n._95;
1624 4729 1721 4781 sed
1760 4730 2051 4802 Laurentii

391 4799 603 4857 nomen
638 4802 948 4868 omittitur,
973 4817 1075 4870 pro
1110 4815 1224 4868 quo
1255 4799 1506 4853 formula
1537 4801 1868 4856 communis
1892 4805 2051 4866 illius

388 4874 715 4928 substitute
735 4877 842 4937 est,
867 4889 980 4943 qua
1004 4870 1371 4943 signiﬁcatur
1389 4886 1502 4924 uno
1526 4871 1847 4943 eodemque
1866 4877 2052 4939 Missa:

388 4946 580 5000 cilicio
599 4950 653 4999 et
674 4940 1261 5007 Natale'sanctorum,
1290 4940 1374 4995 vel
1405 4940 1868 5015 sanctialicujue
1902 4954 2046 5010 cele-

388 5019 592 5099 brasee
611 5089 625 5099 ‘
642 5022 912 5099 veteres,‘
937 5019 992 5096 et
1043 5015 1383 5099 suffragium
1409 5013 1748 5099 praestitisse
1771 5013 2049 5099 episcopo

390 5091 486 5161 qui
523 5089 724 5161 eodem
743 5087 842 5161 die
865 5085 1124 5161 obiisset.
1145 5089 1221 5161 Ex
1241 5085 1436 5161 nostro
1483 5090 1679 5161 autem
1705 5085 2048 5153 Sacrameh-

388 5157 536 5216 tario
560 5158 857 5230 colligitur
873 5158 1099 5230 obitum
1119 5157 1368 5228 alicujus
1385 5159 1626 5213 Romani
1651 5163 1943 5229 pontificis
1960 5171 2047 5225 in-

387 5235 604 5290 cidisse
634 5229 879 5285 in’diem
909 5229 1148 5291 festum,
1181 5229 1264 5282 vel
1321 5230 1471 5284 infra
1506 5236 1768 5286 octavam
1803 5236 1861 5292 S.
1898 5239 2049 5296 Lau-

387 5307 590 5380 rentii.
611 5304 667 5359 ld
693 5301 838 5358 nulli
864 5300 958 5356 alii
987 5301 1248 5380 Romano
1273 5301 1574 5380 antistitis
1600 5304 1813 5380 sreculo
1839 5319 2047 5380 quarto

390 5381 456 5433 ad
495 5379 767 5448 quintum
803 5373 1112 5428 convenire
1147 5378 1354 5448 potest,
1389 5373 1499 5448 nisi
1529 5372 1702 5448 Xysto
1739 5372 2048 5442 Ill.'Hunc

389 5445 551 5514 saec,
577 5450 675 5520 qui
701 5449 873 5518 juxta
896 5461 1107 5520 corpus
1129 5448 1183 5498 S.
1215 5445 1497 5520 Laurentii
1527 5446 1796 5514 sepultus
1821 5453 1876 5507 in
1904 5460 2048 5512 Pon-

388 5515 884 5583 tificali’traditur,
918 5519 1069 5592 infra
1088 5522 1360 5592 octavam
1395 5515 1571 5592 hujus
1596 5525 1872 5592 martyris
1905 5544 1934 5582 e
1965 5531 2046 5585 vi-

388 5594 476 5647 vis
504 5593 823 5648 excessisse
854 5587 1858 5663 probabilissimumnobispstleo
1889 5603 2045 5658 enim

385 5666 515 5736 ejus
535 5660 1244 5721 successor—consecratus
1267 5660 1377 5716 fuit
1396 5661 1490 5716 die
1513 5660 1584 5716 29
1605 5661 1761 5735 Sept.
1781 5671 1922 5729 anni
1945 5676 2048 5731 440

2075 4561 2124 4626 D

2153 3380 2436 3451 utannot.
2464 3379 2489 3432 1
2515 3379 2651 3449 (Col.
2678 3377 2876 3442 193,93.
2903 3378 2978 3451 (a)
2999 3377 3060 3451 in
3085 3378 3604 3435 dissertationemi
3634 3381 3824 3445 Quee-

2154 3448 2313 3514 nelli,
2347 3450 2418 3504 ad
2443 3448 2713 3504 eumdem
2734 3448 3088 3505 aunum'MO
3107 3452 3507 3506 ostendemus.
3543 3453 3820 3522 Defuncto

2155 3525 2335 3594 autem
2358 3522 2517 3592 Xysto
2533 3523 2608 3577 III
2624 3523 2871 3594 episcopo
2923 3524 3307 3594 quadraginta
3329 3529 3384 3577 et
3419 3525 3666 3594 amplius
3721 3525 3826 3580 die

2159 3593 2254 3646 bus
2277 3593 2520 3648 lto-mana
2543 3595 2799 3666 Ecclesia
2841 3594 2964 3648 sine
2993 3593 3242 3666 antistite
3277 3596 3387 3666 fuit
3407 3593 3659 3650 mirabili
3679 3602 3822 3655 Pace

2154 3669 2318 3738 atque
2334 3665 2612 3738 patientia
2642 3665 2944 3738 adventum
2971 3665 3199 3721 diaconi
3226 3665 3419 3721 Leonis
3456 3672 3811 3738 exspectans,

2155 3735 2350 3806 inquit
2382 3737 2625 3807 Prosper
2655 3737 2711 3790 in
2734 3737 3014 3792 Chronico
3046 3738 3116 3792 ad
3146 3755 3238 3792 an.
3275 3738 3395 3792 440.
3424 3735 3815 3807 Duo'hicob;

2157 3805 2478 3862 servanda:
2521 3805 2799 3879 primum,
2841 3825 2955 3862 non
2989 3809 3101 3864 dici
3133 3809 3500 3880 quadraginta
3529 3809 3642 3864 dies
3676 3805 3809 3864 ἵει]-

2156 3885 2302 3934 tum‘
2338 3881 2441 3952 sed,
2464 3883 2842 3950 quadraginta
2865 3890 2919 3935 et
2939 3882 3202 3950 amplius,
3227 3898 3353 3952 quas
3379 3883 3551 3936 verba
3575 3887 3696 3936 tres
3717 3881 3816 3937 vel

2157 3957 2368 4022 quator
2398 3951 2628 4007 circiter
2659 3953 2784 4007 dies
2820 3969 3022 4024 supra
3052 3951 3446 4024 quadraginta
3476 3953 3823 4024 significare

2158 4029 2441 4095 possunt;
2470 4024 2603 4078 dein
2638 4024 2742 4078 bos
2773 4023 2898 4079 dies
2930 4023 3308 4080 intermedioe
3344 4023 3557 4079 referri
3589 4041 3703 4080 non
3735 4025 3818 4080 ad

2157 4095 2580 4151 ordinationem
2607 4096 2839 4162 Leonis,
2872 4096 2971 4150 sed
2996 4097 3064 4151 ad
3099 4099 3227 4165 ejus
3259 4097 3576 4151 adventum
3610 4097 3667 4150 in
3706 4095 3827 4151 Ur-

2155 4168 2301 4240 bem.
2330 4168 2472 4240 Esto
2495 4171 2689 4223 autem
2723 4169 2773 4222 ie
2796 4169 3103 4223 ordinatus
3123 4168 3298 4222 fuerit
3318 4168 3412 4222 die
3443 4168 3513 4222 29
3543 4168 3820 4240 Septem-

2157 4239 2277 4294 bris
2309 4239 2403 4296 die
2437 4240 2755 4308 [)ominico,
2785 4245 2850 4294 ut
2881 4256 3009 4294 mos
3044 4245 3188 4295 erat.
3216 4239 3460 4295 Romam
3486 4239 3681 4296 tamen
3717 4256 3820 4294 re-

2154 4311 2299 4367 verti
2335 4314 2521 4382 potuit
2545 4312 2669 4367 dies
2692 4311 2917 4382 aliquot
2939 4315 3093 4379 ante,
3131 4312 3210 4366 ita
3241 4317 3306 4366 ut
3329 4311 3632 4367 Dominica
3651 4311 3818 4367 ordi-

2155 4384 2411 4438 nationis
2438 4401 2616 4440 causa
2655 4385 3043 4455 exspectanda
3074 4383 3268 4439 fuerit.
3295 4384 3397 4439 His
3429 4388 3623 4455 autem
3657 4400 3815 4455 prae-

2157 4456 2377 4515 missis.
2411 4455 2458 4509 si
2508 4456 2580 4510 ab
2615 4454 2866 4510 adventu
2918 4456 3128 4510 Leonis
3181 4456 3387 4510 diebus
3421 4454 3644 4525 aliquot
3663 4454 3818 4510 ante

2155 4527 2517 4581 Dominicam
2542 4543 2668 4598 qum
2687 4531 2811 4580 tum
2833 4526 3042 4581 incidit
3062 4527 3119 4582 in
3155 4527 3306 4582 diem
3327 4529 3397 4580 29
3421 4527 3819 4598 Septembris,

2156 4601 2436 4654 ascendas
2468 4615 2569 4670 per
2591 4599 2714 4670 dies
2746 4599 3112 4668 quadraginta
3131 4603 3181 4654 et
3213 4600 3475 4670 amplius,
3503 4599 3818 4654 commode

2165 4669 2563 4743 perveniee’ad
2596 4669 2852 4743 aliquam
2901 4671 3052 4743 diem
3089 4671 3239 4724 infra
3267 4669 3531 4726 octavam
3564 4674 3621 4725 S.
3651 4671 3819 4743 Lau-

2163 4741 2358 4808 rentii,
2392 4759 2504 4811 qua
2526 4743 2768 4811 Xystum
2805 4742 2876 4797 IIl
2899 4741 3117 4797 obiiese
3144 4758 3480 4811 cognosces.
3515 4743 3585 4797 Et
3614 4742 3660 4795 si
3687 4743 3823 4812 qui-

2162 4815 2294 4896 {lem
2317 4813 2540 4896 .Xystue
2573 4814 2882 4896 ordinat-us
2916 4814 3149 4896 fuitOdie
3170 4815 3239 4896 2/1
3269 4813 3413 4896 Julii
3446 4830 3518 4896 an
3551 4814 3674 4896 (βξ,
3716 4814 3819 4896 die

2161 4884 2486 4948 Dominico,
2520 4886 2880 4957 computatis
2907 4885 3078 4941 annis
3108 4891 3234 4941 octo
3264 4890 3322 4940 et
3354 4886 3560 4941 diebus
3592 4886 3659 4939 19
3683 4884 3819 4957 ejus

2161 4956 2777 5042 ponti‘licatuitribuis
2803 4975 2833 5011 ε
2869 4956 3464 5042 Ρτοερθνρκὶηνρηὶθε
3515 4974 3648 5042 εαξη
3668 4956 3815 5042 'obi-

2158 5029 2276 5085 isse
2306 5030 2398 5084 die
2432 5031 2498 5083 10
2532 5029 2802 5098 Augusti,
2828 5029 3260 5084 secundainfra
3282 5039 3542 5085 octavam
3576 5032 3632 5085 S.
3668 5029 3816 5084 Lau-

2161 5101 2352 5158 rentii.
2390 5104 2558 5156 Forte
2587 5101 2794 5172 aliquae
2826 5118 2892 5156 ex
2933 5100 3026 5156 his
3056 5102 3421 5158 orationibus
3453 5118 3580 5173 quae
3611 5101 3669 5173 in
3713 5117 3820 5173 an-

2161 5175 2480 5230 niversario
2513 5175 2720 5229 mortis
2769 5173 2897 5242 ejus
2928 5174 3062 5228 usui
3125 5174 3306 5241 fuere,
3338 5172 3588 5230 Leonem
3620 5172 3818 5244 ipsius

2159 5263 2554 5302 successorem
2599 5245 2818 5300 habent
2847 5249 3169 5301 auctorem.

2230 5317 2435 5394 (li)_E_et
2463 5317 2754 5394 in__(_}elas.
2788 5315 3014 5394 lib“._m,
3049 5335 3109 5372 n.
3141 5316 3232 5372 97.

2233 5388 2287 5457 (ἱ)
2324 5389 2481 5443 Idem
2518 5388 2735 5444 ibidem
2767 5405 2823 5443 n.
2857 5388 2946 5442 95.

2228 5462 2292 5531 (j)
2324 5460 2625 5532 Invenitur
2655 5460 2806 5532 apud
2842 5459 3114 5516 eumdem
3149 5458 3340 5516 Gelae.
3374 5458 3591 5532 ibidem
3625 5475 3685 5513 n.
3716 5458 3816 5524 93,

2157 5537 2212 5588 et
2238 5530 2298 5587 in
2335 5549 2446 5586 ms.
2497 5530 2734 5603 Gregor.
2769 5531 3052 5597 Menardi,
3091 5549 3158 5586 ac
3189 5533 3248 5587 in
3295 5531 3516 5588 Miseali
3549 5530 3815 5587 Romano

2158 5604 2215 5659 in
2250 5604 2428 5661 Missa
2457 5619 2560 5675 pro
2592 5607 2867 5662 defuncto
2899 5603 3223 5661 sacerdote.
